3978 6390
499 395 593 453 351

497 521 526 559 a
562 507 672 562 Deo
697 505 868 571 bona,
895 522 1014 578 qua:
1040 506 1130 563 dat
1154 518 1208 565 ct
1241 507 1527 580 iumentis,
1561 512 1682 580 quia
1730 512 1963 568 nondum
2001 512 2066 568 ad

496 598 616 654 illos
634 609 850 654 venerat
877 599 1042 656 Filius
1063 600 1318 668 hominis,
1347 611 1406 656 ut
1426 612 1604 657 essent
1627 601 1745 658 Filii
1769 604 2077 660 hominum:

497 700 673 744 tamen
707 691 816 757 jam
855 690 1122 747 habebant
1159 694 1329 749 nubes
1358 695 1730 751 annuntiantes
1754 694 1946 752 Filium
1975 696 2079 752 ho-

496 782 675 834 minis.
731 780 1001 837 Venerunt
1037 782 1104 837 ad
1152 783 1271 838 illus
1298 784 1599 855 Prophette,
1630 789 2082 846 annuntiaverunt

497 872 766 926 Christum
791 891 804 925 :
829 883 883 927 et
923 882 1075 928 erant
1110 874 1178 928 ibi
1219 875 1432 944 quidam
1459 877 1546 947 qui
1588 878 1982 948 intelligebaut,
2024 889 2080 935 et

500 977 648 1030 spem
673 961 899 1018 futuram
924 963 1216 1032 habebant,
1240 975 1296 1020 ut
1314 968 1615 1036 acciperent
1635 970 2074 1038 misericordiam,

498 1069 618 1122 qua:
647 1054 699 1108 in
732 1055 867 1111 ctelo
891 1064 992 1110 est.
1023 1057 1189 1112 Erant
1213 1058 1283 1112 ibi
1310 1063 1399 1129 qui
1429 1061 1638 1116 nonnisi
1665 1063 1893 1118 carnalia
1925 1062 2076 1118 desi-

496 1144 747 1200 derarent
769 1154 822 1201 et
854 1155 1116 1203 terrenam
1134 1165 1196 1203 ac
1224 1152 1568 1220 temporalem
1591 1151 1922 1208 felicitatem.
1943 1153 2076 1223 Ipsis

496 1234 812 1292 labebantur
857 1239 1020 1308 pedes
1067 1240 1133 1295 ad
1179 1239 1420 1296 facienda
1464 1243 1546 1297 vel
1589 1243 1857 1297 adoranda
1908 1244 2069 1299 idola.

495 1327 720 1397 Quando
761 1332 901 1386 enim
943 1332 1061 1387 illos
1087 1333 1436 1398 admonebat,
1464 1343 1519 1389 et
1558 1335 1858 1405 flagellabat
1894 1336 1947 1390 in
1991 1335 2076 1392 his

492 1422 740 1477 omnibus
776 1423 968 1493 quibus
996 1423 1428 1489 delectabantur,
1457 1433 1513 1479 et
1547 1424 1822 1480 auferebat
1852 1441 1946 1492 ea,
1977 1441 2074 1496 pa-

493 1513 758 1569 tiebantur
799 1514 990 1569 famem
1021 1556 1038 1581 ,
1085 1513 1223 1570 bella
1245 1558 1262 1582 ,
1309 1517 1641 1585 pestilentias
1664 1558 1679 1581 ,
1714 1517 1933 1574 morbos
1961 1559 1976 1582 ,
2019 1526 2076 1573 et

490 1604 936 1663 convertebantur
961 1605 1028 1660 ad
1071 1605 1232 1662 idola.
1255 1607 1401 1662 Talia
1430 1608 1567 1663 bona
1604 1623 1725 1676 qua:
1756 1624 1852 1678 pro
1881 1623 2073 1678 magno

489 1713 521 1752 a
552 1698 662 1752 Deo
690 1697 994 1752 desiderare
1030 1697 1329 1765 debebant,
1359 1698 1428 1751 ab
1465 1699 1621 1753 idolis
1659 1697 2068 1766 desiderabant,

489 1799 543 1842 et
589 1788 926 1844 dimittebant
970 1791 1156 1844 Deum.
1186 1787 1543 1845 Attendebant
1576 1789 1721 1847 enim
1759 1787 1870 1860 ipsa
1910 1790 2068 1856 bona,

489 1897 606 1950 qua:
635 1881 962 1950 quaerebant,
986 1881 1257 1937 abundare
1288 1883 1464 1952 impiis
1491 1891 1544 1936 et
1571 1881 1866 1949 sceleratis,
1893 1892 1946 1939 et
1978 1897 2073 1955 pu-

490 1973 673 2027 tabant
693 1987 757 2028 se
782 1971 974 2028 frustra
999 1974 1162 2029 Deum
1185 1975 1382 2039 celere,
1419 1977 1542 2043 quia
1558 1990 1662 2030 non
1684 1975 1844 2031 dabat
1863 1991 2070 2033 merce-

487 2065 608 2121 dem
636 2074 917 2122 tcrrenam.
950 2062 994 2122 0
1019 2065 1179 2121 homo
1203 2068 1217 2122 ε
1250 2067 1524 2137 operarius
1552 2082 1610 2122 es
1636 2067 1759 2132 Dei;
1789 2075 1970 2139 postea
1989 2077 2070 2124 est

488 2165 698 2228 tempus
722 2157 1019 2212 mercedem
1048 2158 1343 2230 accipiendi
1372 2174 1385 2210 :
1409 2157 1534 2228 quid
1552 2158 1661 2227 jam
1690 2158 1892 2229 ﬂagitas
1922 2175 2068 2214 mer-

484 2249 672 2306 cedem
697 2261 979 2322 antequam
1026 2251 1306 2321 npereris?
1339 2250 1395 2306 Si
1435 2252 1640 2307 venerit
1687 2252 1962 2322 cperarius
1999 2253 2064 2307 ad

483 2342 700 2397 domum
741 2351 904 2407 tuam,
933 2341 1188 2412 numquid
1231 2343 1383 2398 dabis
1426 2342 1727 2399 mercedem
1775 2351 1917 2408 ante,
1964 2343 2066 2399 nisi

485 2433 766 2500 perfecerit
792 2450 953 2504 opera
978 2449 1073 2488 sua
1099 2434 1123 2488 Τ
1150 2434 1281 2489 Nam
1306 2449 1616 2503 perversum
1647 2450 1768 2489 eum
1794 2435 2066 2490 existima-

480 2525 584 2590 bis,
603 2526 646 2579 si
667 2526 860 2580 dixerit
875 2544 896 2583 ,ε
919 2526 1069 2580 Prius
1092 2527 1344 2593 accipiam
1368 2526 1689 2589 mercedem,
1713 2534 1766 2580 et
1792 2535 1914 2579 tunc
1935 2541 2066 2593 ope-

479 2617 656 2672 rabor.
682 2618 946 2672 irasceris.
969 2617 1143 2684 Quare
1163 2629 1342 2674 autem
1374 2619 1619 2673 irasceris
1639 2618 1664 2669 ‘t
1688 2618 1820 2685 Quia
1842 2632 1946 2671 non
1970 2617 2065 2670 ha-

480 2708 592 2763 buit
621 2709 778 2764 fidem
813 2709 1012 2765 homini
1043 2710 1304 2765 mendaci.
1338 2709 1617 2778 Quomodo
1639 2711 1779 2766 Deus
1809 2725 1913 2765 non
1956 2710 2062 2766 ira-

477 2811 676 2866 sector,
708 2818 827 2856 cum
858 2811 912 2857 tu
934 2803 1088 2858 fidem
1117 2820 1222 2858 non
1250 2804 1450 2858 habeas
1485 2803 1584 2873 ipsi
1613 2803 1857 2859 veritati?
1904 2802 2058 2871 Quod

476 2893 568 2948 tibi
597 2893 858 2963 promisit,
885 2894 1109 2950 daturus
1127 2904 1246 2948 est:
1277 2911 1382 2948 non
1410 2894 1557 2959 fallit,
1605 2895 1726 2964 quia
1761 2894 1957 2949 veritas
1977 2901 2060 2949 est

471 2985 564 3054 qui
612 2987 870 3054 promisit.
923 2987 1026 3042 Sed
1074 2988 1230 3040 times
1260 3002 1327 3041 ne
1371 2986 1506 3041 forte
1545 3001 1650 3040 non
1696 2986 1888 3040 habeat
1913 2985 2056 3055 quod

470 3076 601 3130 det?
627 3077 976 3146 Omnipotens
1001 3087 1102 3132 est.
1124 3076 1240 3132 Noli
1269 3078 1477 3140 timere,
1504 3093 1572 3131 ne
1599 3092 1703 3131 non
1731 3077 1900 3148 sitqui
1923 3077 2012 3132 det
2036 3094 2051 3142 ;

434 3159 437 3162 ’
471 3166 784 3222 immortalis
812 3178 914 3224 est.
942 3169 1056 3222 Non
1081 3170 1380 3255 timeas,.ne
1400 3169 1718 3223 succedatur
1741 3169 1787 3224 ei
1813 3184 1828 3233 ;
1863 3185 2057 3240 perpe-

468 3278 589 3322 tuus
609 3275 694 3324 est
721 3287 734 3323 :
758 3282 980 3324 securus
997 3277 1135 3324 esto.
1159 3268 1213 3324 Si
1242 3267 1321 3323 vis
1342 3270 1394 3320 in
1423 3276 1473 3321 te
1496 3281 1819 3335 praesumere
1837 3274 1942 3320 tota
1965 3267 2052 3322 die

465 3361 765 3430 operarium
794 3371 963 3425 tuum,
994 3361 1155 3416 crede
1187 3368 1242 3414 et
1271 3367 1324 3413 tu
1350 3360 1458 3413 Deo
1489 3367 1594 3413 tota
1628 3359 1733 3412 vita
1771 3367 1857 3411 tua
1885 3374 1900 3424 ;
1927 3359 2048 3427 quia

463 3453 568 3506 vita
594 3463 681 3507 tua
723 3461 1048 3508 momentum
1079 3451 1334 3521 temporis
1355 3459 1437 3505 est
1463 3450 1527 3503 ad
1567 3450 1752 3504 Deum.
1806 3449 1869 3502 Et
1915 3449 2043 3512 eris,

461 3544 626 3613 quid?
656 3543 781 3598 Filii
804 3553 971 3599 autem
995 3544 1251 3598 hominum
1281 3543 1298 3575 ¹
1325 3543 1418 3596 sub
1448 3543 1663 3612 tegmine
1687 3541 1886 3595 alarum
1925 3551 2040 3594 tua-

459 3651 574 3688 rum
592 3633 881 3706 sperabunt.

544 3726 632 3781 Η.
675 3724 850 3800 [uers.
891 3724 943 3779 9.
980 3723 1004 3799 ]
1041 3721 1432 3778 lnebriabuntur
1477 3722 1540 3776 ab
1580 3721 1802 3776 ubertate
1863 3720 2043 3775 domus

457 3829 579 3873 tute.
610 3819 800 3874 Nescio
831 3817 957 3890 qttid
983 3815 1136 3872 nobis
1164 3831 1412 3886 magnum
1443 3815 1721 3883 promittit.
1747 3814 1870 3869 Vult
1909 3813 2040 3869 illud

456 3911 656 3973 dicere,
691 3921 746 3965 et
773 3927 877 3964 non
907 3909 1033 3964 dicit
1067 3927 1081 3963 :
1115 3925 1220 3962 non
1263 3917 1454 3977 potest.
1487 3922 1553 3960 an
1583 3921 1679 3960 nos
1708 3908 1728 3938 ³
1757 3921 1860 3960 non
1890 3906 2038 3974 capi-

454 4001 606 4056 mus?
633 3999 816 4054 Audeo
840 3998 1038 4060 dicere,
1070 3998 1260 4052 fratres
1290 3998 1410 4057 mei,
1446 3997 1606 4052 etiam
1626 3995 1694 4050 de
1718 3996 1918 4051 sanctis
1940 3997 2038 4050 lin-

451 4093 569 4162 guis
589 4102 640 4146 et
661 4091 929 4154 cordibus,
961 4105 1059 4161 per
1085 4105 1216 4160 quas
1247 4089 1398 4144 nobis
1427 4088 1620 4142 veritas
1659 4087 1894 4141 nuntiata
1931 4099 2032 4154 est,

452 4200 552 4240 nec
581 4183 680 4238 dici
712 4191 884 4253 potest
910 4183 1050 4254 quod
1077 4181 1482 4248 annuntiabaut,
1525 4196 1622 4235 nec
1651 4181 1892 4250 cogitari.
1930 4180 2034 4235 Res

447 4276 590 4329 enim
619 4289 802 4344 magna
830 4282 913 4329 est
940 4281 993 4328 et
1016 4271 1296 4327 ineffabilis
1315 4289 1329 4325 ε
1348 4281 1400 4325 et
1420 4270 1516 4339 ipsi
1534 4285 1597 4325 ex
1629 4280 1774 4339 parte
1795 4270 1846 4324 in
1869 4271 2036 4340 amig-

447 4374 588 4420 mate
631 4365 896 4430 viderunt,
938 4363 1071 4418 sicut
1095 4361 1580 4431 dicitApostolus:
1624 4359 1862 4415 Videmus
1899 4378 2034 4414 nunc

445 4475 510 4516 ea:
540 4467 681 4527 parte
703 4458 755 4510 in
778 4456 1062 4527 wnigmate,
1081 4464 1202 4509 tunc
1226 4464 1389 4507 autem
1407 4452 1537 4522 [acie
1549 4453 1616 4504 ad
1642 4452 1821 4519 {aciem
1838 4451 1856 4521 (
1874 4450 1890 4504 l
1909 4449 2028 4506 Cor.

444 4568 559 4618 xui,
594 4549 700 4622 ιε).
732 4550 870 4604 Ecce
894 4549 947 4603 in
983 4549 1264 4618 aenigmate
1301 4546 1540 4600 videntes
1579 4543 1656 4598 sic
1697 4543 2025 4598 eructabant.

442 4643 637 4709 Quales
655 4645 874 4708 erimus,
890 4658 1010 4700 cum
1025 4639 1310 4696 viderimus
1326 4637 1459 4692 facie
1484 4637 1548 4691 ad
1564 4637 1746 4693 faciem
1765 4636 1905 4706 quod
1928 4637 2026 4706 ipsi

442 4737 809 4806 parturieb‘ant
840 4734 1022 4800 corde,
1052 4743 1106 4788 et
1133 4733 1309 4802 lingua
1338 4746 1524 4801 parere
1556 4745 1661 4785 non
1692 4739 1936 4800 poterant
1963 4738 2030 4784 ut

439 4836 693 4896 caperent
741 4825 1031 4880 homines?
1088 4823 1220 4891 Quae
1258 4822 1399 4876 enim
1443 4820 1731 4876 necessitas
1769 4819 1938 4874 fuerat
1971 4831 2029 4876 ut

439 4918 684 4973 diceret:
730 4915 1120 4971 Inebriabuntur
1148 4913 1210 4967 ab
1235 4911 1459 4967 ubertate
1483 4911 1663 4965 domus
1712 4919 1810 4964 tute
1828 4911 1854 4965 ?
1871 4910 2030 4978 Qua:-

438 5012 564 5065 sivit
587 5010 806 5066 verbum
831 5007 969 5063 unde
989 5008 1295 5078 loqueretur
1317 5006 1384 5061 de
1405 5005 1565 5060 rebus
1594 5004 1856 5068 humanis,
1883 5003 2025 5073 quod

437 5105 641 5158 diceret
661 5112 741 5157 :et
755 5102 876 5172 quia
892 5099 1020 5153 vidit
1047 5098 1288 5153 homines
1305 5098 1684 5168 ingurgitantes
1699 5111 1758 5151 se
1775 5096 1825 5150 in
1848 5095 2024 5151 ebrie-

439 5202 568 5256 tate,
591 5191 836 5261 accipere
859 5199 1035 5245 autem
1075 5190 1253 5242 vinum
1283 5187 1652 5252 immoderate,
1697 5195 1752 5240 et
1789 5193 2022 5241 mentem

439 5287 701 5358 perdere;
738 5285 870 5339 vidit
894 5283 1018 5353 quid
1045 5283 1266 5344 diceret,
1299 5281 1417 5349 quia
1448 5295 1567 5332 cum
1610 5289 1824 5348 accepta
1867 5277 2025 5335 fuerit

438 5382 525 5434 illa
569 5377 852 5435 ineffabilis
889 5376 1103 5436 lsetitia,
1161 5373 1297 5443 perit
1340 5372 1734 5441 quodammodo
1793 5370 2023 5425 humana

439 5489 608 5537 meus,
641 5480 696 5527 ct
737 5470 797 5525 ﬁt
827 5469 1027 5527 divina,
1050 5479 1103 5523 et
1141 5466 1432 5521 inebriatur
1447 5465 1516 5518 ab
1552 5465 1791 5519 ubertate
1830 5465 2022 5519 domus

437 5565 554 5619 Dei.
589 5562 744 5619 Unde
770 5572 823 5617 et
859 5561 912 5616 in
961 5561 1064 5614 alio
1095 5558 1296 5629 psalmo
1339 5556 1532 5612 dicitur
1563 5575 1577 5612 :
1609 5556 1755 5611 Catia:
1774 5566 1888 5610 tuus
1913 5558 2021 5610 iae-

501 5679 514 5704 ¹
547 5681 654 5733 imo
677 5681 801 5724 Mss:
829 5671 902 5722 ad
928 5679 1079 5721 Deum
1100 5669 1161 5720 sit
1181 5682 1291 5732 spes
1309 5675 1406 5728 tua,
1433 5673 1479 5719 et
1499 5666 1598 5719 eris
1635 5665 1765 5733 ﬁlius
1793 5665 2016 5720 hominis.

443 5731 554 5787 Filii
577 5739 736 5784 autem
757 5733 1018 5794 hominum,
1044 5742 1140 5782 etc.

500 5800 520 5829 ³
552 5796 698 5858 t-‘ud.
721 5807 817 5858 Non
841 5802 989 5858 potest
1005 5792 1074 5845 ad
1098 5793 1151 5858 id
1180 5793 1393 5858 mutnus,
1416 5804 1512 5858 non
1550 5792 1781 5856 capimus.
1825 5793 2020 5842 Concin-

440 5859 552 5912 οἰοι-
563 5867 636 5913 (at
649 5857 760 5912 Mss.
782 5855 948 5918 lcetio,
976 5869 1118 5917 quam
1142 5856 1216 5907 bis
1238 5855 1549 5906 restittiiuius.

1721 399 1774 456 S.
1819 397 2181 455 AUGUSTINI
2222 399 2526 457 EPISCUPI

3661 429 3770 485 359

2185 514 2356 609 brium
2391 535 2543 609 quam
2583 525 2853 592 ρνωειαηιε
2883 537 2956 583 est
2995 529 3017 601 (
3034 528 3177 588 Psal.
3213 548 3341 602 xxii,
3373 535 3485 608 ΒΗ
3525 540 3637 597 lloc
3653 542 3762 609 jam

2182 607 2347 664 calice
2385 607 2628 668 inebriati
2653 626 2806 671 erant
2833 619 3110 692 Martyres,
3127 626 3338 694 quando
3364 607 3433 684 ad
3460 607 3763 700 passionem

2181 707 2530 766 euntes,suos
2546 721 2653 760 non
2665 711 3040 778 agnoscebant.
3063 713 3198 784 Quid
3223 725 3329 773 tam
3351 721 3578 790 ebrium,
3601 742 3760 792 quam

2183 806 2289 884 no
2308 808 2596 884 agnoscere
2626 814 2844 856 uxorem
2861 799 3095 872 ﬂentem,
3133 822 3236 864 non
3260 809 3416 878 filios,
3435 829 3539 870 non
3571 833 3766 884 paren-

2181 881 2296 936 tes?
2333 882 2453 940 Non
2482 890 2857 958 agnoscebant,
2881 907 2985 948 non
3023 909 3118 951 eos
3159 907 3284 955 ante
3309 902 3492 958 oculos
3509 881 3630 961 esse
3666 921 3759 961 ar-

2182 971 2529 1031 bitrabantur.
2581 977 2756 1036 Nolite
2799 980 3016 1049 mirari;
3063 985 3194 1042 ebrii
3226 1001 3397 1046 erant.
3427 992 3581 1050 Unde
3622 996 3762 1052 ebrii

2179 1059 2369 1112 erant?
2382 1056 2568 1115 Videte
2583 1079 2597 1116 :
2610 1075 2926 1135 acceperunt
2943 1069 3161 1127 calicem
3194 1073 3331 1131 unde
3349 1076 3760 1138 inebriarentur.

2180 1144 2334 1204 Unde
2361 1157 2415 1204 et
2447 1148 2534 1208 ille
2551 1153 2748 1224 gratias
2777 1156 2884 1212 Deo
2909 1157 3035 1229 agit,
3076 1161 3257 1219 dicens
3285 1181 3300 1219 :
3331 1165 3465 1233 Quid
3489 1173 3764 1228 retribuam

2178 1239 2399 1296 Domino
2443 1260 2535 1311 pro
2589 1246 2820 1303 omnibus
2871 1264 2984 1318 qua!
3034 1252 3260 1308 retribuit
3303 1259 3425 1312 milii
3458 1262 3499 1316 ,⁷-
3537 1259 3760 1324 Calicem

2176 1331 2413 1388 salutaris
2431 1337 2708 1407 accipiam,
2756 1349 2804 1394 et
2836 1358 3014 1397 nomen
3049 1343 3251 1401 Domini
3296 1348 3532 1405 invocabo
3571 1351 3758 1425 (Psul.

2177 1438 2304 1491 cxv,
2332 1425 2418 1488 l2,
2457 1427 2579 1500 i3).
2622 1429 2792 1502 Ergo,
2841 1432 3066 1504 fratres,
3109 1437 3279 1496 simus
3321 1439 3411 1498 filii
3456 1443 3758 1516 hominum,

2177 1524 2231 1569 et
2267 1529 2542 1585 speremus
2595 1520 2698 1576 sub
2732 1525 2962 1594 tegmine
3000 1525 3202 1584 alarum
3242 1530 3376 1601 ejus,
3415 1543 3464 1589 ct
3522 1536 3758 1596 inebrieo

2176 1618 2296 1658 mur
2318 1605 2386 1662 ab
2423 1607 2662 1666 ubertate
2707 1610 2897 1670 domus
2937 1615 3070 1687 ejus.
3128 1618 3404 1687 Quomodo
3445 1626 3592 1696 potui
3643 1629 3759 1688 dixi

2175 1706 2230 1792 et
2271 1699 2540 1770 quomodo
2596 1717 2810 1775 possum
2861 1708 3018 1765 video
3048 1753 3066 1775 ,
3121 1721 3177 1768 et
3229 1717 3497 1786 quomodo
3551 1721 3756 1792 video,

2175 1786 2353 1845 dicere
2395 1805 2501 1846 non
2565 1808 2800 1863 possum.
2848 1795 3236 1856 lnebriabuntur
3273 1803 3336 1860 ab
3386 1805 3609 1866 ubertate
3661 1786 3757 1867 do;

2172 1893 2286 1967 mus
2321 1890 2425 1936 tua
2465 1898 2484 1937 :
2520 1892 2568 1947 et
2609 1893 2877 1942 torrentem
2928 1889 2944 1921 ί
2973 1891 3244 1963 uoluptatis
3282 1905 3383 1951 tute
3421 1901 3614 1967 potabis
3643 1919 3750 1958 eos.

2174 1966 2408 2062 Terrena
2458 1972 2652 2030 dicitur
2684 1992 2819 2048 aqua
2863 1980 3080 2038 veniens
3120 1997 3240 2039 cum
3272 1966 3487 2058 impetu.
3521 1991 3755 2062 impetus

2173 2059 2276 2114 erit
2335 2061 2710 2120 misericordite
2761 2066 2892 2134 Dei,
2943 2067 3009 2124 ad
3057 2069 3350 2142 irrigandos
3378 2085 3432 2132 et
3480 2059 3752 2138 inebrian-

2170 2149 2268 2207 dus
2308 2153 2396 2224 qui
2437 2153 2596 2210 modo
2640 2168 2842 2226 ponunt
2914 2174 3063 2231 spem
3125 2162 3226 2220 sub
3281 2167 3592 2226 umbraculo
3635 2175 3753 2230 ala-

2169 2261 2288 2300 rum
2313 2244 2448 2315 eius.
2481 2247 2734 2318 Voluptas
2761 2249 2846 2307 illa
2892 2267 3011 2323 qua:
3054 2257 3172 2311 est?
3208 2257 3368 2324 Quasi
3409 2271 3615 2319 torrens
3662 2267 3751 2322 in-

2168 2338 2383 2393 ebrians
2415 2339 2674 2396 sitientes-
2705 2343 2858 2399 Modo
2888 2361 3021 2418 ergo
3045 2349 3135 2419 qui
3165 2350 3296 2420 sitit,
3343 2369 3492 2423 spem
3544 2370 3744 2426 ponat:

2168 2431 2254 2500 qui
2277 2431 2407 2499 sitit,
2426 2433 2618 2488 habent
2659 2451 2828 2505 spem.
2864 2437 3154 2498 inebriatus
3175 2442 3386 2500 habebit
3411 2464 3558 2504 rem:
3586 2461 3749 2508 stite-

2166 2538 2322 2592 quam
2367 2523 2560 2580 habeat
2615 2543 2749 2590 rem,
2779 2527 2924 2584 sitiat
2968 2531 3020 2586 in
3051 2548 3165 2602 spe.
3195 2535 3342 2591 Beati
3379 2539 3467 2608 qui
3505 2543 3750 2600 esuriant

2165 2624 2219 2671 et
2278 2617 2464 2672 sitiunt
2523 2617 2812 2687 justitiam,
2885 2624 3138 2693 quoniam
3222 2626 3320 2698 ipsi
3369 2632 3748 2694 saturabuutur

2165 2705 2185 2777 (
2212 2705 2397 2761 Matth.
2425 2723 2478 2774 v,
2503 2710 2535 2763 6
3445 2784 3448 2787 τ

2235 2799 2322 2854 15.
2365 2796 2533 2872 [vers.
2555 2803 2640 2857 l0.
2671 2801 2829 2876 ]Quo
2851 2821 2979 2875 ergo
2997 2804 3148 2865 fonte
3174 2811 3499 2882 irrigaberis,
3523 2828 3577 2872 et
3594 2821 3742 2877 unde

2160 2892 2325 2946 currit
2352 2900 2527 2948 tantus
2551 2894 2571 2926 ²
2601 2906 2807 2952 torrens
2835 2899 3116 2968 voluptatis
3143 2903 3303 2972 ejus?
3333 2904 3582 2971 Quoniam
3604 2914 3747 2979 apud

2161 2991 2224 3047 te,
2258 2985 2446 3053 inquit,
2477 2989 2588 3056 fons
2613 2988 2745 3041 vitae.
2776 2989 2904 3057 Quis
2947 3000 3031 3046 est
3063 2990 3183 3050 fons
3219 2995 3362 3061 vitae,
3421 2999 3520 3054 nisi
3559 3001 3746 3058 Chris-

2159 3076 2286 3129 tus?
2317 3077 2470 3131 Venit
2494 3077 2560 3132 ad
2593 3087 2642 3133 te
2665 3078 2716 3132 in
2738 3095 2918 3146 carne,
2952 3090 3008 3138 ut
3034 3081 3285 3141 irroraret
3315 3087 3495 3146 fauces
3522 3095 3644 3148 tuas
3670 3097 3745 3150 si-

2157 3169 2349 3225 tientes
2378 3188 2392 3224 :
2421 3169 2631 3225 satiabit
2654 3181 2976 3241 sperantem,
3023 3174 3109 3242 qui
3134 3177 3377 3234 irroravit
3398 3181 3417 3212 ³
3444 3181 3739 3243 sitientem.

2158 3254 2408 3320 Quoniam
2432 3255 2571 3324 apud
2593 3266 2640 3310 te
2661 3257 2776 3327 fons
2803 3259 2916 3313 vitae
2969 3259 2992 3291 ⁸
3014 3300 3032 3326 ,
3056 3260 3108 3315 in
3128 3261 3314 3320 lumine
3347 3275 3432 3320 tuo
3467 3269 3742 3328 videbimus

2153 3345 2339 3400 lumen.
2365 3345 2460 3403 llic
2484 3347 2626 3402 aliud
2651 3357 2733 3403 est
2776 3348 2909 3415 fons,
2940 3349 3084 3406 aliud
3114 3354 3289 3410 lumen
3324 3375 3338 3411 :
3371 3358 3438 3412 ibi
3485 3375 3589 3415 non
3640 3365 3735 3419 ita.

2151 3435 2301 3503 Quod
2327 3438 2470 3492 enim
2499 3449 2581 3493 est
2606 3436 2745 3506 fons,
2780 3440 2880 3496 hoc
2901 3449 2987 3496 est
3025 3451 3080 3498 ct
3122 3444 3298 3500 lumen
3330 3465 3345 3501 :
3372 3457 3427 3503 et
3472 3452 3739 3524 quidquid

2149 3528 2251 3593 vis,
2274 3528 2396 3582 illud
2427 3543 2604 3592 vocas,
2636 3532 2756 3597 quia
2786 3547 2890 3585 non
2937 3541 3018 3588 est
3055 3536 3195 3604 quod
3224 3553 3419 3605 vocas;
3457 3543 3577 3612 quia
3623 3563 3739 3603 non

2150 3627 2297 3685 potes
2329 3634 2616 3688 congruum
2643 3637 2834 3676 nomen
2862 3623 3118 3686 invenire,
3142 3642 3246 3682 non
3275 3641 3513 3686 remanet
3542 3635 3594 3689 in
3620 3653 3731 3694 uno

2148 3710 2380 3764 nomine.
2407 3709 2460 3766 Si
2487 3711 2711 3774 diceres,
2749 3714 2869 3782 quia
2898 3715 3074 3770 lumen
3104 3727 3187 3773 est
3213 3721 3407 3787 solum,
3456 3723 3734 3785 diceretur

2146 3799 2239 3854 tibi
2262 3818 2275 3853 :
2299 3800 2425 3856 Sine
2450 3814 2608 3856 causa
2628 3818 2755 3872 ergo
2780 3803 2908 3858 mihi
2930 3804 3125 3861 dictum
3149 3818 3233 3864 est
3252 3821 3308 3864 ut
3331 3813 3561 3869 esuriam
3584 3828 3638 3872 et
3666 3820 3746 3874 si-

2144 3893 2269 3947 tiam
2300 3912 2312 3950 :
2340 3893 2456 3964 quis
2485 3896 2624 3950 enim
2651 3907 2752 3959 est,
2783 3898 2873 3968 qui
2894 3899 3177 3956 manducet
3201 3903 3424 3961 lumen?
3450 3906 3580 3964 illud
3615 3912 3734 3980 pla-

2141 3998 2210 4038 ne
2237 3994 2382 4040 recte
2404 3985 2529 4039 mihi
2548 3985 2746 4041 dictum
2775 3995 2858 4043 est
2878 4007 2893 4042 :
2917 3988 3064 4045 Beati
3091 3994 3267 4047 mundi
3287 3997 3456 4064 corde,
3481 4003 3730 4069 quoniam

2139 4074 2238 4144 ipsi
2264 4073 2426 4128 Deum
2458 4075 2689 4130 videbunt
2723 4076 2743 4148 (
2771 4076 2930 4146 Ibid,
2961 4079 3015 4147 6,
3044 4082 3114 4148 8)
3147 4085 3236 4142 :.si
3268 4084 3444 4141 lumen
3471 4099 3728 4154 est,ocn-

2140 4167 2218 4220 los
2242 4183 2391 4222 meos
2426 4183 2625 4237 parem.
2661 4169 2794 4224 Para
2831 4181 2886 4226 et
2915 4173 3093 4234 fauces
3117 4191 3131 4238 ;
3153 4176 3274 4245 quia
3303 4178 3428 4235 illud
3457 4184 3596 4252 quod
3639 4187 3726 4240 lu-

2137 4273 2258 4312 men
2280 4269 2381 4324 est,
2403 4271 2457 4314 et
2476 4259 2592 4315 fons
2609 4271 2692 4317 est
2708 4280 2720 4316 :
2737 4261 2876 4330 fons,
2895 4265 3017 4334 quia
3036 4266 3193 4321 satiat
3217 4267 3489 4334 sitientes;
3513 4273 3721 4342 lumen,

2135 4351 2257 4418 quia
2288 4351 2548 4406 illuminat
2575 4367 2767 4407 emcos.
2790 4354 2886 4410 llic
2903 4356 3186 4426 aliquando
3214 4360 3339 4414 alibi
3363 4364 3564 4431 lumen,
3591 4368 3722 4424 alibi

2135 4441 2273 4496 fons.
2307 4442 2605 4511 Aliquando
2631 4445 2769 4498 enim
2801 4457 3021 4501 currunt
3068 4447 3241 4504 fontes
3268 4463 3324 4508 et
3360 4455 3408 4508 in
3447 4459 3717 4526 tenebris;

2133 4543 2189 4588 et
2227 4534 2512 4603 aliquando
2552 4536 2603 4588 in
2637 4552 2819 4590 eremo
2880 4539 3077 4606 pateris
3105 4541 3312 4607 solent,
3357 4560 3461 4599 non
3509 4548 3723 4617 invenis

2132 4624 2332 4680 fontem
2358 4643 2372 4678 :
2409 4625 2495 4679 hic
2517 4642 2642 4695 ergo
2675 4639 2897 4696 possunt
2932 4630 3027 4683 ista
3055 4629 3161 4684 duo
3187 4648 3308 4686 esse
3335 4647 3573 4703 separata
3607 4656 3622 4692 :
3647 4639 3724 4698 ibi

2133 4734 2240 4773 non
2267 4717 2586 4788 fatigaberis,
2606 4719 2726 4788 quia
2748 4717 2866 4774 fons
2892 4731 3011 4787 est;
3045 4737 3151 4776 non
3184 4723 3564 4794 tenebraberis,
3594 4731 3720 4800 quia

2131 4811 2308 4865 lumen
2327 4820 2429 4865 est.

2203 4900 2293 4961 16.
2324 4899 2484 4972 [νει-ε.
2513 4898 2624 4971 ll.]
2664 4898 2932 4956 Pratende
2963 4902 3356 4958 misericordiam
3387 4915 3524 4960 tuam
3553 4911 3718 4965 scien-

2131 4993 2262 5048 tibus
2298 5003 2344 5048 te
2357 5035 2372 5059 ,
2391 5003 2439 5047 et
2457 4993 2706 5065 justitiam
2731 5003 2868 5046 luant
2887 4994 2964 5047 ftis
2982 4995 3070 5066 qui
3091 5005 3224 5050 recto
3241 5006 3358 5050 sunt
3373 5000 3544 5054 corde.
3561 5001 3718 5069 Quod

2128 5098 2272 5157 sirpe
2296 5084 2558 5152 diximus,
2593 5085 2715 5155 quia
2745 5084 2816 5140 illi
2846 5099 2970 5140 sunt
2990 5089 3118 5142 recti
3144 5088 3336 5151 corde,
3361 5092 3449 5160 qui
3481 5109 3720 5162 sequuti.

2130 5184 2216 5231 tur
2247 5178 2302 5230 in
2341 5176 2441 5232 hac
2462 5177 2567 5231 vita
2599 5177 2921 5232 voluntatem
2955 5180 3066 5234 Dei.
3091 5181 3348 5240 Voluntas
3380 5184 3469 5239 Dei
3502 5196 3581 5241 est
3611 5188 3720 5242 ali.

2127 5267 2344 5338 quando
2373 5277 2429 5323 ut
2453 5281 2618 5322 sanus
2642 5268 2716 5322 sis
2734 5309 2750 5335 ,
2775 5269 3060 5338 aliquando
3090 5280 3144 5324 ut
3171 5283 3397 5340 :egrotes
3421 5292 3435 5328 :
3461 5276 3503 5330 si
3546 5294 3719 5348 quau-

2127 5361 2198 5416 do
2220 5358 2653 5427 sanusles,dulcis
2677 5369 2760 5415 est
2799 5360 3046 5417 voluntas
3073 5363 3191 5429 Dei,
3228 5375 3280 5420 et
3305 5368 3515 5434 quando
3537 5385 3686 5440 aegro

2129 5463 2230 5522 tas,
2250 5467 2429 5508 amara
2449 5461 2533 5508 est
2551 5451 2792 5507 voluntas
2811 5454 2932 5519 Dei;
2954 5471 3058 5510 non
3081 5467 3225 5511 recto
3236 5458 3396 5514 corde
3411 5475 3489 5516 es.
3505 5461 3718 5530 Quare?

2192 5605 2210 5674 ξ
2243 5603 2315 5674 sic
2335 5601 2552 5674 melioris
2573 5609 2698 5674 notae
2717 5609 2823 5653 Mss.
2845 5605 2982 5667 juxta
3006 5612 3112 5655 LXX
3140 5607 3405 5674 [torrente].

2188 5667 2209 5698 ³
2241 5663 2408 5726 Plures
2427 5672 2552 5722 Mss,
2573 5670 2815 5726 tanquam.

2188 5729 2211 5794 ξ
2242 5725 2561 5794 Sieplerique
2721 5727 2928 5794 At_r:dd.,
2950 5726 3189 5794 irrigmjit.

2189 5788 2209 5819 ι
2241 5786 2353 5837 md.
2377 5801 2390 5835 :
2411 5786 2640 5860 Quoniam
2659 5788 2857 5860 apudte
2880 5786 2949 5860 est
2966 5786 3068 5852 fons
3091 5792 3216 5848 vim,
3241 5797 3287 5842 et
3311 5792 3361 5843 in
3391 5793 3588 5860 lumine,
3614 5806 3712 5858 ets.

2126 5846 2225 5903 illa:
2249 5862 2411 5911 voces,
2427 5846 2526 5912 “est,
2553 5857 2618 5910 et,
2640 5846 2813 5900 absunt
2834 5865 2860 5899 a
2886 5846 2991 5901 Mss.
3019 5862 3070 5902 ct
3092 5868 3118 5904 a
3140 5846 3302 5906 Grieco
3319 5861 3448 5908 Lxx.
