3978 6328
247 421 346 478 355

246 628 334 686 Dei
353 671 367 689 .
399 628 492 687 sed
526 630 617 687 Dei
646 631 724 687 vis
750 644 969 686 curvare
993 630 1059 685 ad
1088 641 1250 685 tuam.
1283 631 1375 686 illa
1405 643 1546 689 recta
1574 646 1688 697 est,
1724 639 1816 692 sed

243 736 296 776 tu
322 737 516 778 curvus
539 739 552 776 :
575 723 820 777 voluntas
848 732 931 776 tua
958 723 1267 794 corrigenda
1310 732 1392 779 est
1429 726 1494 779 ad
1534 726 1698 794 illam,
1720 744 1825 785 non

241 814 328 872 illa
360 814 627 869 curvanda
656 823 738 869 est
760 814 826 870 ad
856 824 908 870 te
940 832 954 869 :
980 824 1035 869 et
1061 827 1263 870 rectum
1293 816 1510 873 habebis
1535 833 1647 874 cor.
1682 820 1824 876 Bene

238 918 321 967 est
356 908 409 964 in
450 908 552 962 hoc
579 909 798 975 saeculo,
822 906 1169 963 benedicatur
1201 908 1339 963 Deus
1366 910 1453 979 qui
1483 912 1819 973 consolatur:

238 1001 507 1061 laboratur
545 999 598 1055 in
642 999 869 1065 saaculo,
897 998 1243 1055 benedicatur
1281 1000 1420 1054 Deus
1457 1002 1579 1070 quia
1624 1017 1811 1057 emen-

236 1093 325 1148 dat
350 1103 402 1147 et
432 1082 619 1164 probat
647 1109 660 1146 :
688 1100 741 1146 et
762 1092 866 1146 eris
896 1102 1041 1146 recto
1070 1090 1230 1145 corde
1260 1090 1445 1146 dicens
1466 1134 1480 1158 ,
1514 1091 1816 1147 Benedicam

238 1182 508 1240 Dominum
525 1191 580 1244 in
602 1186 737 1239 omni
759 1194 1006 1253 tempore,
1030 1200 1225 1254 semper
1246 1184 1356 1238 laus
1377 1184 1485 1255 ejus
1514 1185 1567 1239 in
1592 1203 1679 1240 ore
1712 1204 1818 1241 meo

235 1273 419 1345 (Psat.
452 1289 634 1329 χχχιιι.
665 1272 759 1346 2).

302 1363 391 1419 17.
434 1362 592 1437 [σενι.
623 1362 735 1437 12.]
767 1362 886 1417 Non
906 1365 1069 1417 veniat
1103 1365 1224 1417 mihi
1248 1382 1334 1435 pes
1361 1368 1626 1436 superbiae.
1659 1368 1816 1424 Certe

230 1456 334 1527 iam
362 1455 529 1521 dixit,
559 1456 670 1513 Sub
705 1456 1013 1512 umbraculo
1047 1456 1248 1510 alarum
1283 1466 1488 1511 tuarum
1528 1460 1815 1527 sperabunt

230 1548 321 1604 lilii
364 1548 668 1613 hominum,
701 1558 755 1604 et
796 1548 1196 1604 inebriabuntur
1235 1549 1301 1603 ab
1340 1550 1577 1604 ubertate
1622 1551 1812 1607 domus

230 1647 352 1694 tute.
384 1638 517 1695 Cum
548 1638 767 1707 cmperit
792 1638 1013 1710 quisque
1043 1637 1300 1693 isto’t‘onte
1328 1638 1541 1695 uberius
1567 1641 1805 1712 irrigari,

228 1740 415 1788 caveat
452 1745 519 1787 ne
554 1730 842 1801 superbiat.
872 1730 987 1785 Non
1024 1729 1166 1787 enim
1207 1729 1433 1785 deerat‘
1463 1732 1593 1787 Adae
1634 1736 1807 1802 primo

230 1824 429 1879 homini
461 1823 596 1880 :sed
627 1822 768 1880 venit
802 1822 875 1879 illi
908 1836 1001 1895 pes
1042 1824 1337 1893 superbiae,
1367 1832 1420 1877 et
1460 1826 1624 1881 movit
1662 1828 1806 1882 illum

226 1930 416 1972 manus
460 1916 782 1987 peccatoris,
814 1915 865 1970 id
905 1923 986 1971 est
1028 1930 1215 1969 manus
1253 1916 1449 1971 diaboli
1501 1919 1726 1990 superba
1754 1923 1804 1975 ⁸.

225 2008 501 2077 Quomodo
527 2009 613 2064 ille
643 2008 730 2079 qui
769 2022 887 2064 eum
927 2007 1171 2072 seduxit,
1211 2008 1376 2069 dixit.
1412 2008 1611 2064 Panum
1639 2012 1806 2067 sedem

224 2118 386 2156 meum
405 2101 475 2155 ad
494 2099 790 2170 Aquilonem
813 2099 833 2171 (
854 2099 983 2153 Isai.
1007 2115 1097 2154 xiv
1115 2141 1131 2167 ,
1154 2097 1261 2172 15)
1288 2119 1300 2153 :
1326 2101 1401 2155 sic
1424 2102 1495 2155 illi
1519 2104 1802 2172 persuasit,

224 2191 449 2257 Gustate.
473 2201 519 2246 et
538 2192 675 2246 eritis
694 2192 820 2246 sicut
844 2189 915 2245 dii
950 2188 1115 2265 (Gen.
1149 2205 1234 2256 Ill,
1265 2192 1298 2245 ὃ
1320 2192 1361 2261 ).
1392 2192 1650 2261 Superbia
1677 2209 1804 2265 ergo

225 2286 351 2357 lapsi
382 2300 597 2353 sumus,
624 2293 680 2341 ut
704 2284 771 2340 ad
799 2284 952 2339 istam
983 2284 1354 2338 mortalitatem
1384 2287 1800 2354 perveniremus.

223 2377 425 2449 thuia
454 2391 551 2433 nos
576 2375 820 2446 superbia
838 2375 1233 2435 vulneraverat,
1260 2375 1530 2430 humilitas
1565 2376 1689 2432 facit
1718 2393 1804 2433 sa-

221 2485 332 2529 nos.
355 2468 516 2525 Venit
544 2468 758 2524 humilis
783 2468 949 2535 Deus,
974 2476 1031 2523 ut
1055 2482 1084 2521 a
1116 2476 1262 2522 tanto
1287 2469 1551 2538 superhim
1580 2472 1802 2527 vulnere

220 2571 426 2619 curaret
465 2561 756 2616 hominem.
790 2560 977 2625 Venit,
1001 2575 1123 2631 quia
1164 2559 1395 2616 Verbum
1439 2577 1563 2617 caro
1600 2561 1798 2620 factum

220 2663 317 2719 est,
345 2663 400 2709 et
434 2652 689 2720 habitavit
716 2653 769 2707 in
813 2652 964 2707 nobis
990 2650 1178 2729 (Joan.
1211 2668 1258 2719 ι,
1292 2653 1415 2725 id).
1446 2652 1800 2725 Comprehen-

220 2760 307 2800 sus
345 2754 429 2800 est
472 2758 500 2796 a
538 2742 768 2810 Judzcis,
801 2738 1110 2798 insultatum
1157 2752 1241 2799 est
1278 2745 1349 2800 ei.
1395 2746 1633 2802 Audistis
1674 2764 1795 2805 cum

218 2837 555 2909 Evangelium
586 2838 864 2907 legeretur,
879 2836 1001 2907 quid
1030 2835 1307 2905 dixerunt,
1342 2848 1394 2893 et
1418 2841 1499 2893 cui
1523 2838 1791 2910 dixerunt,

217 2931 531 2986 Darnzonium
547 2931 695 2985 habes
709 2928 729 3003 (
744 2929 950 2998 1d.vtu,
972 2930 1038 2986 48
1052 2930 1091 2999 ):
1107 2939 1158 2985 et
1181 2930 1267 2985 ille
1283 2946 1386 2986 non
1405 2930 1561 2998 dixit,
1587 2934 1795 2989 Darmo-

216 3023 353 3075 nium
391 3020 602 3075 habetis
616 3034 731 3084 vos,
750 3021 869 3091 quia
894 3035 987 3076 vos
1006 3019 1056 3074 in
1082 3020 1312 3089 peccatis
1337 3023 1528 3075 vestris
1554 3024 1710 3088 estis,
1738 3035 1789 3080 et

210 3111 451 3167 diabolus
482 3110 715 3181 possidet
738 3110 897 3166 corda
919 3119 1111 3167 vestra.
1134 3109 1251 3167 Non
1274 3111 1376 3166 hoc
1391 3112 1552 3179 dixit,
1574 3116 1713 3184 quod
1744 3116 1788 3171 si

212 3204 448 3271 diceret,
488 3219 672 3258 verum
710 3202 951 3268 diceret;
983 3203 1075 3258 sed
1108 3219 1213 3258 non
1250 3212 1364 3259 erat
1385 3214 1592 3276 tempus
1614 3214 1669 3262 ut
1689 3208 1791 3265 hoc

208 3295 445 3362 diceret,
464 3310 533 3348 ne
559 3308 665 3349 non
682 3294 955 3349 veritatem
985 3294 1271 3364 praedicare
1291 3336 1305 3359 ,
1328 3296 1421 3351 sed
1446 3296 1787 3354 maledictum

211 3387 428 3443 reddere
449 3386 739 3442 videretur.
781 3385 991 3440 Dimisit
1023 3385 1164 3456 quod
1206 3386 1442 3455 audivit,
1486 3389 1635 3460 quasi
1679 3407 1787 3448 non

208 3479 456 3534 audisset.
490 3478 723 3533 Medicus
750 3478 893 3534 enim
932 3487 1078 3541 erat,
1106 3487 1161 3533 et
1198 3478 1565 3547 phreneticum
1596 3497 1785 3539 curare

209 3579 437 3626 venerat.
476 3570 754 3638 Quomodo
797 3569 1034 3624 medicus
1074 3584 1174 3623 θαι
1211 3580 1363 3624 curat
1388 3572 1641 3643 quidquid
1682 3589 1783 3629 aua-

207 3664 312 3720 diat
343 3679 375 3719 ιι
404 3664 755 3734 phrenetico,
784 3662 878 3719 sed
922 3663 1186 3733 quomodo
1226 3666 1561 3720 convalescat
1598 3675 1653 3721 et
1690 3665 1784 3723 ﬁat

206 3772 361 3812 sanus
387 3755 770 3827 phreneticus:
800 3768 898 3809 nec
923 3755 967 3808 si
997 3763 1051 3809 et
1078 3770 1307 3825 pugnum
1348 3755 1415 3811 ab
1444 3756 1532 3811 illo
1557 3758 1781 3828 accipiat

205 3858 380 3913 curat;
420 3848 514 3902 ille
554 3846 629 3900 illi
668 3844 794 3900 facit
831 3860 966 3899 nova
1011 3845 1259 3913 vulnera,
1302 3846 1386 3902 ille
1423 3857 1656 3903 veterem
1696 3849 1777 3905 fe-

204 3940 346 3995 brem
384 3946 583 3993 sanat:
612 3937 690 3992 sic
722 3945 777 3991 et
816 3934 1071 3990 Dominus
1108 3935 1175 3991 ad
1211 3946 1468 4008 egrotum
1504 3940 1677 4005 venit,
1709 3940 1777 3995 ad

205 4031 564 4101 phreneticum
619 4028 813 4093 venit,
864 4035 921 4081 ut
966 4026 1217 4097 quidquid
1260 4028 1773 4103 audiret,quidquid

204 4136 382 4191 passus
404 4130 553 4177 esset
574 4128 957 4183 contemneret,
982 4117 1083 4174 hoc
1111 4119 1231 4187 ipso
1252 4134 1346 4175 eos
1374 4120 1573 4177 docens
1597 4122 1775 4178 humi-

206 4214 396 4269 litatem
414 4255 431 4281 ,
460 4221 520 4266 ut
559 4210 854 4265 humilitate
883 4209 1025 4264 docti
1045 4249 1061 4273 .
1088 4220 1398 4266 sanarentur
1433 4227 1462 4265 a
1484 4213 1728 4285 superbia
1752 4232 1769 4280 ;

204 4306 264 4360 de
298 4321 400 4376 qua
443 4306 549 4359 iste
595 4301 807 4357 liberari
851 4300 1165 4371 deprecatur
1198 4301 1380 4358 dicens
1410 4320 1422 4357 :
1453 4302 1575 4358 Non
1608 4307 1773 4360 veniat

204 4399 318 4451 mihi
338 4414 424 4468 pes
438 4393 721 4465 superbire;
749 4402 795 4446 et
819 4408 996 4447 manus
1016 4392 1289 4463 peccatoris
1304 4393 1325 4425 ⁸
1345 4410 1445 4448 non
1462 4407 1652 4451 moveat
1672 4415 1766 4455 me.

203 4489 253 4545 Si
276 4490 414 4545 enim
434 4487 642 4543 venerit
666 4500 760 4555 pes
784 4484 1044 4555 superbiae
1063 4525 1079 4551 ,
1107 4494 1283 4539 movet
1310 4500 1496 4541 manus
1526 4497 1772 4557 peccato-

204 4584 290 4637 ris.
321 4582 448 4652 Qua:
475 4589 561 4637 est
586 4593 772 4633 manus
795 4578 1127 4649 peccatoris?
1170 4576 1303 4634 Male
1343 4579 1613 4636 suadentis
1646 4597 1772 4651 ope-

204 4676 349 4729 ratio.
379 4673 581 4729 Factus
622 4685 682 4725 es
721 4668 1021 4739 superbus?
1064 4668 1182 4725 Cito
1222 4676 1277 4724 te
1315 4671 1642 4740 corrumpit,
1681 4673 1773 4744 qui

206 4767 334 4823 male
372 4764 586 4822 suadet.
630 4761 854 4816 Humilis
894 4756 1099 4830 (igere‘
1127 4760 1182 4815 in
1226 4760 1441 4827 Deo,et
1472 4778 1577 4818 non
1621 4763 1775 4820 valde

205 4873 350 4915 cures
376 4856 505 4928 quid
548 4854 641 4911 tibi
668 4854 893 4908 dicatur.
928 4851 1060 4905 Hinc
1090 4858 1172 4906 est
1198 4851 1339 4921 quod
1368 4852 1492 4907 alibi
1530 4852 1724 4909 dicitur
1754 4872 1769 4909 :

212 4949 273 5003 Ab
294 4950 501 5004 occultis
520 4947 646 5001 meis
671 4945 859 4999 munda
878 4959 958 4997 me
975 4983 990 5007 ,
1014 4952 1058 4996 et
1080 4942 1142 4996 ab
1164 4945 1341 4999 alienis
1361 4960 1513 5015 parce
1531 4962 1670 5000 servo
1689 4958 1774 5001 tuo

205 5041 364 5111 (Paul.
381 5053 533 5104 xvm,
552 5038 639 5101 15,
659 5036 769 5108 ﬂ).
794 5035 929 5102 Quid
950 5043 1049 5097 est,
1069 5035 1143 5088 Ab
1157 5033 1363 5088 occultis
1383 5034 1665 5091 meisi’Non
1687 5053 1772 5092 ve-

206 5135 301 5185 niat
329 5135 451 5187 mihi
498 5147 589 5202 pes
614 5127 877 5199 superbiae.
904 5126 1039 5196 Quid
1078 5137 1188 5191 est,
1218 5125 1285 5179 Et
1312 5126 1375 5181 ab
1413 5126 1590 5181 alienis
1628 5144 1776 5197 parce

205 5240 331 5277 servo
366 5225 493 5278 tuo?
536 5221 716 5291 Neque
753 5236 932 5274 manus
957 5217 1232 5287 peccatoris
1261 5226 1451 5271 moueat
1479 5234 1575 5273 me.
1612 5218 1771 5274 Serva

206 5314 331 5384 quod
359 5319 502 5370 intus
531 5322 645 5377 est,
676 5320 730 5367 et
753 5326 858 5367 non
888 5309 1100 5365 timebis
1131 5308 1279 5363 loris.

271 5408 350 5461 18.
371 5406 523 5477 [aen
553 5402 667 5476 l5.]
689 5403 865 5471 Quare
893 5410 1070 5456 autem
1102 5401 1252 5455 valde
1281 5400 1382 5455 hoc
1412 5401 1772 5471 timesiQuasi

205 5494 476 5562 diceretur,
502 5494 587 5549 lbi
609 5494 893 5549 ceciderunt
921 5509 1089 5546 omnes
1114 5493 1199 5563 qui
1227 5501 1497 5562 operantur
1534 5493 1773 5564 iniquita-

264 5610 279 5641 ¹
313 5611 382 5659 Sic
404 5608 645 5658 tredecim
663 5612 771 5655 MSS.
792 5612 848 5654 Αι
864 5604 996 5661 Edd.,
1016 5603 1188 5654 inerat.
1502 5634 1505 5635 ν

259 5672 279 5700 ι
310 5668 495 5733 Aliquot
513 5667 872 5733 Mss.,_superbi.
896 5667 1109 5725 Quidam,
1133 5664 1402 5729 superbum.
1428 5663 1645 5714 Nonnulli
1684 5665 1774 5715 de-

207 5742 338 5789 num,
361 5729 446 5791 per
464 5729 761 5790 superbiam.

263 5796 283 5861 ξ
312 5794 474 5861 Plures
488 5802 608 5861 stas.
628 5792 764 5852 juxta
793 5796 922 5861 1.5x,
945 5796 1267 5861 peccutorrgn.

202 5854 282 5965 In:
399 5850 753 5977 maestis.
780 5853 865 5902 alii
890 5850 1025 5915 vero,
1050 5850 1243 5903 Immitis
1285 5850 1421 5917 ﬁere.
1445 5851 1578 5915 ωδ..
1613 5856 1776 5916 satage

264 5929 323 5968 na
519 5948 533 5965 .

1288 425 1682 487 ENARRATIO
1719 432 1786 490 IN
1823 431 2144 494 PSALMUM
2188 438 2420 498 XXXVI.

243 538 371 606 Quia
404 550 507 595 non
534 537 951 595 visvoluntatem
984 546 1128 593 tuam
1150 537 1380 610 dirigere
1407 541 1473 596 ad
1499 543 1823 601 voluntatem

1936 558 2074 614 tem;
2105 560 2162 604 ut
2200 555 2443 609 venirent
2490 557 2555 612 ad
2606 560 2745 616 illam
2791 567 3058 639 abyssum.
3091 573 3159 630 de
3187 592 3289 648 qua
3318 581 3517 640 dictum

1932 650 2035 747 est,
2062 640 2269 696 Judicia
2305 655 2390 700 tua
2419 650 2547 704 sicut
2582 655 2793 725 abyssus
2829 663 3023 729 multa;
3050 677 3108 722 ut
3135 640 3355 730 ad-illud
3389 694 3514 747 pro-

1933 732 2152 790 fundum
2181 741 2535 807 pervenirent,
2572 746 2658 801 ubi
2691 763 2999 819 peccatores
3026 761 3113 828 qui
3143 732 3510 836 contemnunt,

1930 827 2234 885 ceciderunt
2270 832 2639 891 ‘..Ceriderunt
2668 856 2687 894 :
2714 842 2801 897 ubi
2850 846 3021 915 primo
3047 827 3409 913 ceciderunt?
3456 827 3512 917 In

1929 917 2066 985 pede
2091 923 2370 991 superbiae.
2400 928 2591 984 Audite
2620 932 2808 1001 pedem
2834 940 3096 1007 superbia:
3126 964 3139 999 :
3172 946 3275 1013 Qui
3294 968 3407 1005 cum
3429 972 3512 1009 co-

1925 1014 2208 1079 gnovissent
2228 1014 2413 1082 Deum,
2442 1038 2541 1074 non
2570 1025 2698 1078 sicut
2719 1026 2884 1084 Deum
2906 1033 3332 1104 gloriﬁcauerunt.
3357 1047 3509 1104 Venit

1925 1102 2303 1200 ergo-illis‘pes
2319 1110 2602 1200 superbire,
2628 1116 2767 1171 unde
2789 1102 3050 1179 venerunt
3070 1129 3121 1183 in
3151 1102 3507 1200 profundmni

1925 1187 2159 1247 Tradidit
2184 1196 2299 1252 illos
2316 1199 2455 1255 Deus
2480 1202 2533 1256 in
2553 1210 2983 1279 concupiscentias
3010 1187 3175 1277 cordis
3200 1242 3393 1295 eorum,
3427 1237 3507 1302 fa-

1924 1300 2033 1337 cere
2082 1303 2195 1385 qua:
2240 1307 2339 1344 non
2386 1298 2684 1354 conveniunt
2714 1300 2887 1373 (Rom.
2917 1322 2950 1373 ι,
2984 1308 3073 1377 ΞΙ,
3105 1314 3218 1385 24).
3254 1298 3505 1380 Radicem

1922 1378 2139 1468 peccati,
2175 1388 2223 1434 et
2256 1393 2414 1450 caput
2445 1390 2647 1454 peccati
2681 1392 2851 1448 timuit
2877 1398 2965 1465 qui
2994 1400 3126 1455 dixit
3150 1378 3309 1462 ε’Νωι
3338 1378 3505 1468 veniat

1921 1466 2046 1518 milii
2092 1486 2180 1536 pes
2222 1474 2489 1541 superbiae.
2532 1481 2707 1545 Quare
2756 1484 2901 1539 illum
2943 1491 3131 1559 pedem
3172 1496 3342 1554 dixit?
3367 1466 3499 1569 Quia

1918 1560 2273 1663 superbiendo
2291 1565 2454 1620 Deum
2473 1568 2726 1640 deseruit,
2740 1575 3047 1635 etdiscessit
3065 1601 3079 1638 :
3100 1587 3287 1655 pedem
3312 1560 3496 1663 ipsius,

1918 1649 2162 1703 amictum
2204 1654 2369 1723 ipsius
2397 1656 2549 1713 dixit.
2585 1660 2705 1716 Non
2737 1667 2899 1721 ueniat
2938 1674 3064 1726 milii
3100 1649 3187 1744 pes
3214 1649 3497 1752 sape-rbin

1916 1748 1963 1792 et
1986 1756 2166 1844 manus
2190 1749 2465 1812 peccatoris
2493 1768 2592 1805 non
2622 1766 2813 1810 moveat
2840 1776 2951 1813 me:
2980 1764 3029 1817 id
3057 1778 3158 1832 est,
3192 1748 3350 1841 opera
3377 1748 3501 1845 pec;

1916 1833 2111 1886 catoris
2143 1849 2248 1889 non
2276 1852 2363 1891 me
2388 1837 2689 1898 dimoveant
2720 1861 2746 1897 a
2781 1856 2850 1914 te,
2880 1862 2935 1904 ut
2968 1854 3157 1911 imitari
3200 1833 3285 1915 illa
3314 1833 3495 1923 velim.

1914 1921 2091 1989 Quare
2116 1936 2290 1981 autem
2322 1940 2507 1985 contra
2539 1937 2838 2004 superbiam
2874 1940 2976 1997 hoc
3001 1944 3158 2010 dicit,
3189 1949 3271 2006 lbi
3299 1921 3497 2012 cecider-

1911 2026 2029 2069 runt
2053 2012 2140 2089 qui
2162 2034 2435 2091 operantur
2461 2024 2813 2097 iniquitatem?
2838 2032 2968 2101 Quia
2992 2039 3011 2068 ¹
3033 2041 3121 2108 qui
3146 2046 3303 2101 modo
3331 2049 3496 2122 iniqui

1912 2118 2056 2175 sunt,
2086 2111 2137 2165 in
2166 2114 2412 2181 superbia
2451 2119 2779 2177 ceciderunt.
2812 2122 2936 2181 Ideo
2961 2142 3082 2184 cum
3112 2145 3319 2192 cautam
3348 2111 3493 2198 iacue-

1910 2207 1993 2251 ret
2017 2199 2274 2256 Dominus
2293 2204 2608 2273 Ecclesiam,
2634 2212 2707 2264 ait
2730 2231 2743 2266 :
2768 2212 2873 2267 Illa
2904 2226 3062 2285 tuum,
3098 2222 3286 2293 inquit,
3321 2230 3493 2286 obser-

1908 2289 2040 2342 vabit
2060 2300 2232 2361 caput,
2257 2305 2303 2347 et
2330 2304 2383 2350 tu
2407 2298 2518 2366 ejus
2539 2299 2828 2355 calcaneum
2851 2304 2999 2375 (Gen.
3022 2324 3097 2375 tn,
3124 2289 3234 2383 15').
3259 2289 3493 2389 Serpens

1908 2378 2155 2435 observat
2184 2385 2395 2453 quando
2429 2388 2521 2444 tibi
2542 2393 2718 2447 veniat
2740 2410 2835 2465 pes
2860 2401 3141 2470 superbiae,
3171 2378 3381 2475 quando
3411 2412 3493 2467 la-

1905 2471 2072 2540 baris,
2104 2483 2163 2528 ut
2192 2476 2436 2546 dejiciat;
2474 2489 2526 2535 tu
2558 2494 2730 2539 autem
2758 2501 2916 2557 caput
2943 2490 3059 2562 ejus
3087 2471 3309 2554 observa
3339 2519 3353 2556 :
3383 2504 3488 2560 ini—

1908 2564 2037 2619 tium
2062 2569 2238 2623 omnis
2263 2573 2463 2638 peccati
2495 2576 2738 2645 superbia
2765 2577 2949 2650 (Eccli.
2974 2599 3030 2649 x,
3056 2586 3167 2657 15).
3191 2588 3275 2644 lbi
3298 2596 3488 2649 cecide-

1902 2667 2021 2710 runt
2056 2675 2141 2728 qui
2174 2671 2447 2729 aperantur
2472 2664 2783 2737 iniquitatem
2807 2686 2826 2724 :
2853 2674 3049 2743 expulsi
3088 2690 3227 2747 sunt,
3261 2700 3352 2737 nec
3391 2702 3485 2755 po.

1904 2757 2105 2802 luerunt
2148 2755 2489 2823 stare:prior
2537 2757 2623 2811 ille
2665 2760 2754 2829 qui
2807 2762 2858 2817 in
2900 2768 3123 2824 veritate
3165 2788 3271 2828 non
3317 2780 3486 2845 stetit,

1900 2838 2092 2936 deinde
2130 2856 2224 2911 per
2264 2860 2385 2898 eum
2431 2848 2501 2902 illi
2542 2866 2676 2919 quos
2712 2853 2912 2910 dimisit
2951 2858 3093 2915 Deus
3122 2862 3187 2918 de
3217 2838 3483 2936 paradiso:

1900 2929 2051 2988 Unde
2096 2934 2184 2989 ille
2228 2936 2442 2993 humilis
2471 2943 2559 3011 qui
2603 2960 2710 2999 non
2753 2963 2812 3002 sc
2850 2948 2984 3005 dicit
3021 2929 3235 3023 dignuni
3279 2929 3486 3021 solvere

1897 3025 2180 3093 corrigiam
2218 3028 2588 3099 calceamenti,
2622 3051 2726 3090 non
2758 3050 2839 3092 est
2869 3045 3139 3112 expulsus,
3176 3050 3269 3104 sed
3299 3063 3404 3108 Stal
3432 3068 3485 3110 et

1896 3115 2044 3170 audit
2090 3132 2235 3186 eum,
2274 3130 2328 3175 et
2355 3124 2547 3192 gaudio
2586 3128 2783 3197 gaudet
2827 3142 3041 3201 propter
3071 3153 3254 3194 vocem
3303 3147 3483 3214 sponsi

1899 3205 2078 3277 (Joan.
2101 3223 2138 3273 ι,
2161 3209 2266 3275 27;
2300 3227 2372 3277 in,
2398 3212 2514 3287 29),
2538 3226 2593 3271 et
2620 3234 2725 3272 non
2756 3233 2978 3292 propter
3004 3243 3179 3297 suam,
3212 3248 3279 3287 ne
3308 3205 3482 3294 veniat

1893 3300 1943 3355 ei
1979 3315 2071 3369 pcs
2097 3303 2385 3371 superbiae,
2411 3315 2463 3360 et
2490 3311 2802 3379 expellatur,
2835 3332 2933 3371 nec
2958 3322 3128 3389 possit
3156 3335 3319 3381 stare.

1964 3391 2051 3446 l9.
2094 3393 2233 3447 Etsi
2266 3410 2384 3450 cum
2418 3398 2595 3455 labore
2624 3404 2888 3474 aliquibus
2915 3419 3147 3466 vestrum
3183 3418 3339 3471 Iazdio
3365 3417 3482 3476 fue-

1889 3484 2077 3552 rimus,
2112 3486 2379 3544 linivimus
2412 3491 2701 3560 Psalmum,
2737 3500 2981 3556 transivit
3008 3504 3244 3575 tzedium,
3270 3519 3476 3582 etgra-

1890 3576 2194 3643 tulabimur,
2219 3581 2337 3652 quia
2362 3583 2602 3641 Psahnus
2628 3597 2769 3643 totus
2790 3594 3061 3661 expositus
3085 3606 3184 3651 est.
3212 3598 3267 3654 In
3300 3576 3475 3659 medio

1881 3665 1993 3736 jam
2023 3669 2216 3727 timens
2245 3688 2313 3728 ne
2341 3690 2618 3733 onerarem
2646 3695 2744 3735 vos
2764 3724 2777 3747 ,
2809 3682 3124 3742 dimissurus
3151 3706 3297 3746 eram
3332 3710 3346 3748 :
3377 3698 3471 3751 sed

1887 3760 2112 3829 cogitavi
2141 3764 2263 3833 quia
2297 3764 2519 3821 intentio
2552 3780 2734 3824 nostra
2766 3776 3162 3844 prmcideretur,
3188 3792 3240 3835 et
3266 3800 3369 3837 non
3397 3787 3475 3841 sic

1884 3853 2150 3909 rediretur
2175 3854 2241 3910 ad
2268 3856 2567 3927 dimidium,
2593 3865 2861 3930 quomodo
2886 3867 2930 3922 si
2960 3884 3369 3930 excurreremus
3397 3885 3475 3932 to-

1890 3952 2036 4008 tum;
2066 3954 2119 4000 et
2145 3948 2303 4002 malui
2336 3952 2487 4006 vobis
2526 3954 2703 4022 gravis
2727 3970 2864 4023 esse,
2890 3976 3047 4030 quam
3079 3980 3137 4020 re
3165 3966 3471 4038 imperfecta

1880 4034 2135 4106 reliquias
2165 4054 2399 4095 servare.
2428 4042 2660 4099 Debetur
2687 4048 2827 4103 enim
2851 4053 3001 4107 vobis
3026 4056 3186 4112 etiam
3209 4034 3472 4116 crastinus

1881 4141 2060 4181 sermo
2086 4147 2099 4183 :
2131 4140 2277 4185 orate
2308 4148 2403 4202 pro
2429 4136 2586 4191 nobis
2613 4149 2669 4193 ut
2692 4142 2967 4201 valeamus
3000 4148 3275 4221 exhibere,
3303 4163 3358 4210 et
3389 4158 3471 4209 af-

1882 4218 2016 4272 ferte
2043 4217 2225 4276 fauces
2250 4225 2548 4282 esurientes
2572 4240 2627 4284 et
2649 4234 2807 4287 corda
2830 4236 3042 4294 devota.

1926 4348 3455 4502 Μ

2380 4558 2777 4616 ΕΝΑιιιιΑΤιο
2816 4562 2917 4635 (α).

2496 4682 2666 4723 sesua
2704 4686 2718 4723 ι
2746 4669 2842 4739 (b).

2317 4778 2395 4832 De
2418 4781 2580 4850 prima
2605 4791 2748 4852 parte
2777 4780 2995 4838 Psalmi.

1953 4895 2003 4948 l.
2044 4893 2375 4948 Novissimus
2403 4894 2519 4948 dies
2541 4895 2850 4950 terribiliter
2876 4907 3127 4954 venturus
3150 4901 3363 4961 auditur
3382 4908 3460 4964 eis

1878 4986 1969 5055 qui
1999 4986 2170 5040 securi
2211 5000 2331 5040 esse
2369 4985 2503 5040 bene
2530 4984 2755 5040 vivendo
2781 4987 2988 5054 nolunt,
3014 4998 3069 5044 et
3096 4991 3235 5046 male
3274 4995 3458 5049 vivere

1879 5077 1969 5132 diu
2008 5077 2208 5130 volunt.
2243 5074 2456 5131 Utiliter
2494 5086 2673 5130 autem
2714 5077 2852 5131 Deus
2900 5079 3065 5133 latere
3103 5082 3269 5135 voluit
3309 5083 3456 5139 illum

1879 5167 2044 5229 diem.
2074 5176 2129 5221 ut
2154 5180 2366 5235 semper
2409 5166 2480 5221 sit
2525 5176 2768 5234 paratum
2805 5181 2900 5221 cor
2941 5168 3007 5222 ad
3046 5174 3458 5241 exspectandum

1879 5256 2021 5326 quod
2055 5272 2174 5311 esse
2212 5266 2490 5311 venturum
2540 5256 2661 5325 scit,
2707 5266 2761 5313 ct
2808 5259 3020 5330 quando
3065 5272 3341 5318 venturum
3381 5272 3449 5324 sit

1943 5417 1961 5485 ξ
1997 5415 2163 5485 Plures
2182 5420 2310 5485 Mss,
2332 5410 2654 5485 ubipeccator
2670 5412 2755 5479 qui
2772 5413 3043 5474 cmtamit,
3066 5414 3256 5466 cecidit.

1940 5478 2574 5548 ῗᾼβεξδινθυίανίιυδδτ.
2686 5478 2689 5479 ⁷
2791 5535 2821 5548 ..

1946 5539 2017 5602 (a)
2043 5543 2125 5588 Hic
2146 5535 2341 5587 silentio
2385 5537 2638 5602 prazterire
2661 5550 2756 5586 non
2790 5535 2908 5602 licet
2926 5539 3055 5602 quod
3080 5540 3127 5587 in
3148 5545 3192 5586 s.
3219 5540 3457 5602 Fulgentil

1878 5598 1983 5651 vita
2263 5613 2367 5671 cap.
2392 5599 2442 5655 5,
2467 5598 2654 5671 scilicet
2674 5612 2782 5671 eum
2803 5601 2908 5671 ipse
2940 5598 3102 5671 animo
3115 5598 3349 5671 ᾔτηη-ιιιιῷ
3366 5600 3455 5651 de-

1879 5664 2119 5713 crevisset
2136 5658 2418 5724 renuntiare
2440 5660 2638 5718 saeculo,
2661 5658 2916 5724 aliquando
2937 5658 3132 5724 tandem
3160 5680 3183 5707 ι
3207 5663 3337 5724 Beati
3367 5674 3458 5712 Alb-

1887 5743 1909 5770 ε
1934 5726 2113 5797 gustint
2140 5722 2431 5797 exponentis
2454 5720 3222 5797 tricesimuuisextumrsalmmn
3242 5723 3457 5797 disputa.

1886 5804 1911 5834 ι
1936 5782 2066 5836 iione
2087 5782 2407 5835 commonitus
2424 5791 2476 5833 et
2495 5792 2824 5842 comiunctus,
2851 5782 3098 5845 publicare
3131 5797 3270 5834 suum
3289 5782 3455 5838 statuit

1889 5864 1912 5893 ε
1935 5856 2113 5905 votum,
2133 5856 2319 5896 mutare
2337 5850 2557 5907 gestiens
2572 5846 2798 5895 habitum.
2827 5862 2848 5890 ι

1945 5909 2018 5974 (b)
2042 5910 2237 5959 Habitus
2256 5906 2538 5966 Carthagine
2562 5921 2669 5959 cum
2691 5908 2877 5958 duobus
2897 5908 3325 5974 subsequentibus.
