3978 6362
428 414 532 475 33

428 532 637 591 nescit:
660 527 795 596 Quia
817 540 947 582 vero
972 521 1229 579 Dominus
1257 526 1438 573 noster
1456 514 1611 571 Jcsus
1629 510 1871 568 Christus
1896 522 2009 563 ma-

426 624 597 695 gister
623 618 778 676 nobis
806 616 1004 672 missus
1042 622 1158 677 est,
1188 609 1349 665 etiam
1378 606 1567 661 Filium
1608 602 1839 658 hominis
1879 598 2013 695 dixit

431 690 641 769 nescire
666 711 815 766 illum
834 708 977 763 diem
999 703 1191 775 (ιιατο.
1214 716 1327 765 ιιιι,
1351 697 1464 771 se),
1486 696 1605 769 quia
1636 694 1690 749 in
1710 690 2015 761 magisterio

429 808 550 878 ejus
574 820 679 860 non
700 811 818 858 erat
836 810 893 856 ut
913 814 1008 869 per
1027 812 1151 853 cum
1173 794 1404 851 sciretur
1422 806 1450 844 a
1472 789 1645 845 nobis.
1670 785 1852 856 Neque
1872 782 2014 837 cnim

434 876 634 967 aliquid
663 894 766 949 scit
786 893 942 947 Pater
960 888 1102 961 quod
1122 887 1290 943 Filius
1320 883 1491 939 nescit
1520 899 1534 937 :
1561 896 1680 938 cum
1712 880 1825 950 ipsa
1844 876 2018 931 scien-

437 987 512 1043 tia
540 986 713 1042 Patris
756 983 843 1039 illa
874 982 962 1046 sit,
994 995 1112 1052 qua:
1155 976 1410 1048 sapientia
1440 975 1557 1044 ejus
1585 981 1668 1027 est
1691 990 1706 1027 :
1731 978 1814 1027 est
1840 978 2016 1022 autem

440 1076 699 1150 sapientia
727 1078 843 1145 ejus
868 1071 1033 1129 Filius
1061 1071 1195 1140 ejus,
1225 1068 1453 1124 \‘erbum
1478 1067 1612 1134 ejus.
1638 1062 1743 1119 Sed
1771 1060 1890 1131 quia
1917 1074 2017 1113 no-

440 1169 525 1224 bis
549 1168 686 1223 scire
717 1182 822 1220 non
853 1164 1121 1235 proderat,
1148 1159 1286 1232 quod
1313 1158 1526 1230 quidem
1554 1158 1641 1211 ille
1666 1163 1907 1215 noverat,
1930 1153 2019 1222 qui

440 1274 543 1313 nos
566 1258 759 1312 docere
782 1262 1024 1320 venerat,
1055 1267 1159 1307 non
1191 1262 1365 1305 tamen
1395 1250 1497 1304 hoc
1519 1246 1661 1318 quod
1687 1246 1839 1301 nobis
1863 1258 2021 1299 nosse

440 1364 546 1405 non
585 1347 866 1418 proderat;
896 1360 1001 1399 non
1045 1342 1216 1398 solum
1246 1341 1383 1395 sicut
1409 1339 1662 1408 magister
1696 1334 1891 1405 aliquid
1918 1334 2019 1389 do-

438 1441 569 1504 cuit,
592 1439 685 1496 sed
714 1440 851 1493 sicut
870 1437 1121 1507 magister
1145 1434 1344 1504 aliquid
1372 1449 1478 1488 non
1496 1432 1727 1486 ‘docuit.
1747 1430 2019 1499 Tanquam

440 1536 582 1589 enim
609 1532 861 1603 magister
879 1530 1081 1585 sciebat
1104 1538 1160 1582 et
1178 1527 1373 1581 docere
1390 1525 1532 1596 quod
1560 1524 1825 1592 proderat,
1841 1531 1896 1577 et
1916 1536 2021 1576 non

441 1624 635 1679 docere
661 1621 803 1693 quod
840 1621 1044 1676 eberat.
1072 1619 1161 1673 Sic
1189 1626 1368 1671 autem
1394 1615 1622 1687 quodam
1654 1629 1846 1684 genere
1875 1614 2025 1668 locu-

444 1715 604 1769 tionis
632 1712 839 1767 nescire
872 1709 1041 1765 Filius
1076 1709 1271 1763 dicitur
1305 1706 1446 1777 quod
1477 1722 1581 1760 non
1610 1705 1769 1760 docet
1797 1722 1810 1757 :
1842 1704 1891 1757 id
1920 1711 2021 1767 εει,

445 1808 654 1863 nescire
677 1805 872 1859 dicitur
895 1802 1035 1873 quod
1068 1804 1274 1857 nescire
1298 1814 1396 1853 nos
1426 1798 1567 1864 facit,
1592 1797 1861 1867 quomodo
1890 1810 2025 1865 quo-

446 1900 576 1954 tidie
619 1897 905 1967 loquimur,
957 1893 1117 1947 modo
1169 1891 1397 1961 quodam
1447 1890 1750 1954 locutionis,
1796 1899 1853 1943 ut
1893 1887 2025 1943 dixi.

447 1989 650 2047 Ltctum
678 1986 822 2043 enim
856 1984 1001 2040 diem
1033 1982 1279 2047 dicimus,
1308 1981 1431 2051 quia
1475 1980 1624 2034 laetos
1661 1994 1757 2034 nos
1786 1978 1944 2043 facit;
1974 1986 2030 2033 et

446 2082 654 2137 tristem
684 2078 849 2143 diem,
874 2076 996 2149 quia
1024 2074 1201 2129 tristes
1228 2087 1326 2127 nos
1351 2070 1512 2137 facit;
1536 2080 1588 2127 et
1613 2070 1777 2140 frigus
1800 2070 2026 2141 pigrum,

447 2172 570 2244 quia
607 2169 789 2242 pigros
826 2181 926 2221 nos
963 2164 1105 2220 facit.
1141 2163 1419 2232 Quomodo
1444 2170 1629 2217 contra
1659 2160 1851 2215 dicitur
1872 2176 1903 2214 a
1928 2159 2032 2215 Do-

447 2261 596 2317 mino
620 2257 808 2314 :Nunc
837 2256 1082 2327 cognovi.
1110 2255 1317 2309 Dictum
1347 2261 1430 2309 est
1462 2250 1689 2307 Abrahzc
1718 2270 1732 2306 :
1763 2250 1916 2304 Nunc
1942 2266 2030 2305 co-

449 2350 597 2425 gnovi
630 2348 766 2419 quod
793 2349 970 2402 timeas
995 2356 1049 2401 tu
1076 2345 1240 2400 Deum
1269 2344 1419 2418 (Gen.
1444 2359 1574 2407 xm,
1607 2340 1720 2413 12).
1753 2342 1865 2397 Hoc
1894 2341 2033 2396 Deus

451 2449 675 2497 noverat
701 2448 756 2494 et
784 2445 907 2493 ante
936 2436 1081 2492 illam
1111 2435 1499 2506 probationem.
1522 2432 1652 2489 Nam
1680 2432 1767 2487 illa
1794 2431 2033 2504 probatio

452 2534 575 2590 ideo
597 2531 733 2589 facta
762 2540 866 2596 est,
888 2538 947 2586 ut
973 2543 1073 2585 nos
1103 2543 1383 2583 nossemus
1407 2526 1548 2598 quod
1574 2527 1713 2582 Deus
1741 2526 1845 2596 jam
1872 2540 2034 2580 nove-

452 2636 557 2691 rat,
598 2634 654 2680 et
698 2632 916 2696 prepter
962 2638 1062 2677 nos
1102 2619 1373 2676 docendos
1415 2618 1858 2685 conscribcrctur,
1890 2616 2035 2690 quod

452 2726 578 2772 ante
615 2715 994 2770 documentum
1038 2710 1129 2766 ille
1167 2716 1431 2764 noverat:
1464 2717 1517 2765 ει
1558 2708 1784 2763 fortasse
1823 2716 1879 2762 et
1920 2709 2035 2777 ipse

454 2806 725 2864 Abraham
738 2803 975 2860 nondum
988 2814 1208 2857 noverat
1218 2815 1351 2872 quas
1362 2800 1502 2857 vires
1516 2799 1737 2855 haberet
1746 2797 1876 2854 hdes
1888 2797 2033 2870 ejus:

457 2896 824 2969 unusquisque
844 2894 986 2949 enim
1008 2907 1066 2949 se
1094 2891 1386 2947 tentatione
1407 2900 1653 2961 tanquam
1682 2889 2039 2960 interrogatus

455 2988 733 3064 agnoscit:
756 2987 895 3042 sicut
919 2985 1106 3043 Petrus
1142 2996 1274 3055 quas
1301 2983 1443 3040 vires
1489 2981 1710 3039 haberet
1746 2981 1880 3038 fides
1921 2980 2039 3053 ejus

456 3080 642 3151 utique
669 3077 964 3144 nesciebat,
986 3073 1201 3146 quando
1224 3071 1359 3128 dixit
1385 3072 1613 3129 Domino
1638 3090 1651 3127 :
1674 3070 1861 3127 Tecum
1880 3075 1903 3103 '
1925 3088 2040 3127 sunt

457 3189 615 3246 usque
638 3172 708 3227 ad
734 3179 967 3225 mortem.
993 3167 1253 3224 Dominus
1279 3174 1458 3221 autem
1499 3165 1587 3236 qui
1625 3173 1849 3221 noverat
1892 3180 2037 3231 eum,

459 3263 709 3338 praedixit
736 3262 824 3318 ubi
853 3261 1126 3328 deficeret,
1163 3258 1524 3331 praenuntians
1563 3257 1639 3315 illi
1679 3255 2041 3313 infirmitatem

457 3358 597 3427 ejus,
633 3364 881 3426 tanquam
915 3362 1053 3408 tacta
1082 3366 1215 3407 vena
1240 3349 1420 3406 cordis
1447 3349 1565 3420 ejus
1589 3349 1609 3420 (
1631 3348 1757 3403 Luc.
1788 3364 1919 3414 χιιι,
1948 3348 2037 3414 55,

459 3447 572 3517 54).
594 3445 826 3502 Proinde
843 3444 1055 3509 Petrus,
1078 3442 1167 3513 qui
1186 3450 1313 3497 ante
1332 3442 1679 3499 tentationem
1708 3441 2046 3511 prmsumpsit

459 3539 528 3594 dc
554 3552 634 3605 se,
663 3537 715 3591 in
744 3537 1038 3591 tentatione
1065 3532 1253 3589 didicit
1278 3548 1359 3589 se.
1387 3533 1476 3588 Sic
1504 3547 1631 3603 ergo
1666 3546 1775 3587 non
1812 3530 2044 3586 absurde

462 3631 723 3684 sentimus
751 3636 806 3682 et
834 3635 1037 3707 patrem
1069 3632 1310 3681 nostrum
1333 3622 1599 3679 Abraham
1626 3623 1944 3695 cognovisse
1966 3621 2044 3676 vi-

462 3736 552 3777 res
592 3720 712 3776 lldei
758 3734 887 3783 ante,
931 3718 1022 3771 ubi
1072 3716 1252 3787 jussus
1294 3715 1571 3769 immolare
1615 3714 1830 3769 unicum
1877 3713 2045 3769 lilium

466 3829 645 3877 suum,
668 3827 776 3867 non
813 3810 1076 3867 dubitavit
1103 3824 1203 3864 nec
1230 3806 1513 3880 trepidavit
1536 3808 1585 3862 ei
1619 3806 1810 3862 offerre
1834 3806 1923 3877 qui
1952 3806 2047 3863 de-

466 3906 648 3979 derat;
675 3903 795 3975 quia
817 3900 1261 3975 quemadmodum
1280 3900 1505 3955 nescivit
1524 3896 1666 3953 unde
1688 3898 1907 3954 daturus
1931 3908 2048 3955 erat

470 3995 706 4052 nondum
736 4004 942 4061 natum,
971 3995 1048 4048 sic
1074 3990 1301 4048 credidit
1328 4005 1486 4061 posse
1518 4004 1769 4060 reparare
1805 3989 2021 4050 immola

468 4101 602 4144 tum.
633 4086 779 4144 Dixit
803 4100 932 4156 ergo
958 4086 1118 4151 Deus,
1144 4083 1297 4140 Nunc
1322 4084 1547 4154 cognovi
1573 4100 1588 4136 :
1612 4082 1753 4153 quod
1796 4082 2047 4153 intelligi-

466 4197 607 4248 mus,
628 4179 781 4237 Nunc
808 4192 1133 4249 cognoscere
1170 4184 1223 4232 te
1253 4176 1351 4233 feci
1379 4193 1395 4232 :
1423 4175 1716 4232 secundum
1748 4174 2046 4230 locutiones

464 4265 600 4343 quas
636 4270 1149 4337 commendavimus,
1191 4269 1404 4340 Pigrum
1452 4267 1639 4337 frigus,
1684 4267 1826 4338 quod
1870 4268 2050 4338 pigros

469 4365 657 4434 faciat;
682 4373 742 4418 et
780 4364 958 4417 laetum
983 4360 1145 4426 diem,
1178 4359 1320 4430 quod
1350 4359 1501 4413 lautos
1530 4359 1686 4411 faciat
1709 4376 1725 4412 :
1745 4357 1825 4413 sic
1847 4373 2049 4429 cogno-

468 4471 645 4524 scens,
672 4454 814 4525 quod
839 4462 1226 4524 cognoscentes
1251 4449 1427 4505 faciat.
1455 4448 1582 4505 Inde
1611 4460 1691 4504 est
1718 4448 1849 4504 illud
1878 4466 1892 4503 :
1916 4448 2049 4514 Ten-

469 4558 541 4600 tat
576 4562 661 4600 uos
702 4543 947 4598 Dominus
974 4542 1115 4597 Deus
1141 4551 1319 4607 vester,
1349 4549 1404 4594 ut
1436 4540 1564 4594 sciat
1605 4540 1649 4594 si
1692 4538 1901 4610 diligitis
1938 4556 2051 4593 eum

468 4635 647 4709 (Deut.
669 4650 787 4703 ιιιι,
811 4633 891 4706 '5).
917 4633 1076 4688 Dabis
1108 4632 1250 4687 enim
1278 4630 1517 4702 profecto
1554 4630 1781 4685 Domino
1808 4631 1920 4686 Deo
1948 4647 2051 4686 no-

467 4738 602 4787 stro,
647 4726 756 4780 Deo
803 4738 1033 4791 summo,
1071 4724 1181 4778 Deo
1214 4738 1343 4777 vero
1382 4735 1626 4792 magnam
1674 4721 2047 4790 ignorantiam,

469 4818 610 4890 quod
641 4818 822 4888 utique
851 4816 1165 4886 sacrilegum
1190 4829 1311 4870 csse
1336 4814 1622 4885 intelliges,
1649 4815 1695 4869 si
1723 4814 1801 4870 sic
1825 4829 2052 4885 accepe-

472 4913 567 4978 ris,
594 4908 773 4964 Tentat
801 4924 888 4962 eos
915 4904 1165 4961 Dominus
1193 4916 1245 4959 ut
1269 4907 1415 4971 sciat,
1441 4916 1687 4976 tanquam
1718 4906 1831 4977 ipse
1857 4906 1925 4962 de
1951 4921 2052 4962 no.

470 5013 579 5056 stra
608 4998 901 5055 tentatione
924 4997 1188 5067 concipiat
1214 4997 1512 5063 scientiam,
1550 4997 1604 5051 in
1645 5011 1750 5067 quo
1778 5007 1895 5051 erat
1931 5006 2054 5052 ante

473 5090 790 5161 ignorantia.
823 5088 929 5144 Sed
966 5088 1092 5158 quid
1129 5099 1229 5153 est,
1260 5086 1439 5144 Tentat
1464 5102 1573 5152 vos,
1600 5096 1654 5140 ut
1677 5087 1841 5141 sciat?
1864 5087 2055 5141 Tentat

472 5200 591 5249 vos,
620 5192 677 5237 ut
705 5182 853 5237 scire
868 5196 965 5235 vos
996 5179 1172 5235 faciat.
1204 5179 1436 5247 Accipite
1461 5193 1589 5249 ergo
1615 5194 1644 5232 a
1675 5180 1943 5234 contrario
1965 5196 2055 5234 re-

473 5274 652 5345 gulam
700 5272 1098 5343 intelligentiae;
1138 5279 1195 5326 et
1231 5269 1679 5340 quemadmodum
1721 5285 1843 5323 cum
1890 5271 2055 5325 Deum

476 5365 669 5420 auditis
704 5364 905 5429 dicere,
946 5362 1188 5433 Cognovi,
1233 5360 1545 5431 intelligitis,
1588 5362 1922 5431 Cognoscere
1962 5376 2058 5417 vos

478 5456 577 5513 feci
610 5474 626 5512 :
655 5457 733 5512 sic
775 5464 831 5510 et
869 5469 989 5508 cum
1032 5454 1224 5509 auditis
1250 5454 1318 5509 de
1343 5453 1480 5508 Filio
1509 5452 1769 5519 hominis,
1803 5453 1856 5509 id
1882 5466 1967 5509 est
1992 5454 2060 5510 de

544 5622 564 5653 ι
595 5621 669 5669 ste
699 5617 770 5670 Er.
796 5625 849 5669 et
866 5616 1005 5668 multi
1043 5624 1149 5667 Mss.
1177 5622 1229 5666 At
1250 5622 1381 5675 tom,
1416 5608 1609 5679 aliquid
1624 5627 1717 5665 non
1747 5620 1911 5664 totum
1940 5623 2062 5665 Tan-

481 5690 927 5801 mr??ti§ff°70€t’ﬂl
962 5747 1161 5805 paratus
1199 5752 1306 5789 sitm
1343 5732 1490 5802 usque
1522 5738 1588 5805 ad
1615 5747 1830 5805 mortem.
1866 5745 1921 5787 At
1954 5745 2059 5787 Mss.

467 5811 698 5874 plerique
722 5802 972 5874 mnittunt,
1004 5810 1203 5863 paratus
1219 5815 1326 5852 sum
1355 5814 1371 5852 :
1398 5810 1448 5851 et
1470 5802 1665 5865 quidam
1698 5803 1914 5851 retinent
1936 5813 2057 5860 sum,

458 5872 577 5925 {nec
622 5875 785 5927 La-mt,
813 5872 1025 5928 pm'attts.

1665 396 1725 453 S.
1766 390 2139 452 AUGUSTINI
2168 393 2464 454 EPISCOPI

2118 506 2336 564 Christo
2361 509 2464 566 dici
2502 511 2645 582 quod
2684 510 2833 566 illum
2870 510 3254 578 dicmncsciat,
3296 508 3570 576 intelligite
3595 507 3701 566 diei

2120 599 2260 666 quod
2302 602 2511 658 nescire
2548 600 2726 656 faciat.
2762 601 2901 670 Quid
2926 612 3011 658 est
3038 611 3239 669 autem,
3267 601 3473 657 nescire
3506 599 3665 654 faciat

2120 688 2384 759 Occultet,
2413 700 2473 746 ut
2499 694 2768 750 nesciatur
2793 692 2936 765 quod
2962 693 3117 749 nobis
3143 691 3294 765 prodi
3324 685 3432 747 non
3461 689 3700 762 prodest.

2125 779 2235 835 [loc
2262 793 2345 837 est
2370 783 2512 853 quod
2534 784 2666 851 dixi,
2692 785 3003 856 magistrum
3022 785 3220 840 bonum
3243 798 3401 840 nosse
3419 780 3547 854 quid
3573 795 3705 852 pro-

2122 873 2234 938 dat,
2259 889 2419 932 nosse
2443 876 2567 947 quid
2595 886 2739 948 tegat
2762 895 2775 931 :
2797 877 2936 933 sicut
2952 876 3197 949 quaedam
3222 891 3345 937 cum
3373 876 3595 946 legimus
3619 872 3711 928 dis

2124 971 2358 1027 stulisse.
2381 952 2899 1044 Undc'intelligimus
2918 989 3024 1028 non
3043 972 3224 1028 omnia
3250 968 3537 1043 promenda
3556 982 3703 1031 esse.

2124 1077 2246 1133 qua:
2280 1078 2473 1134 capere
2498 1080 2604 1121 non
2632 1074 2855 1136 possunt
2888 1063 2943 1119 hi
2977 1064 3170 1134 quibus
3203 1070 3538 1133 promuntur.
3565 1057 3709 1115 Dicit

2128 1155 2267 1209 cnim
2298 1156 2425 1211 alibi
2450 1175 2463 1210 ε
2488 1155 2657 1212 Multa
2692 1156 2851 1212 habeo
2889 1156 3025 1211 vobis
3048 1156 3232 1223 dicere,
3259 1155 3346 1210 sed
3374 1172 3475 1210 non
3502 1153 3709 1226 potatis

2125 1250 2217 1304 illa
2244 1260 2444 1322 portare
2468 1251 2617 1305 modo
2645 1249 2824 1323 (Joan.
2848 1267 2959 1316 1m,
2993 1248 3106 1322 12).
3137 1248 3271 1304 Dicit
3296 1258 3351 1305 et
3374 1248 3658 1316 Apostolus
3690 1262 3708 1302 :

2129 1342 2252 1397 Non
2276 1343 2419 1413 potui
2446 1343 2584 1414 loqui
2607 1342 2743 1398 vobis
2762 1343 2907 1414 quasi
2924 1342 3291 1414 spiritualibus,
3319 1340 3405 1395 sed
3431 1343 3572 1411 quasi
3589 1354 3707 1392 cara

2127 1435 2348 1502 nalibus,
2370 1436 2513 1505 quasi
2541 1436 2765 1505 paruulis
2790 1436 2844 1490 in
2868 1435 3069 1492 Christo
3095 1436 3174 1490 lac
3203 1435 3340 1489 vobis
3369 1442 3539 1504 potum
3560 1432 3701 1497 dedi,

2128 1540 2229 1578 non
2272 1540 2437 1579 escam
2461 1541 2480 1580 :
2498 1542 2658 1595 neque
2685 1526 2819 1581 enim
2855 1526 3093 1596 poteratis
3115 1542 3134 1590 ;
3159 1525 3247 1580 sed
3275 1540 3364 1578 nec
3388 1524 3555 1577 adhuc
3589 1522 3711 1592 qui-

2131 1616 2245 1670 dem
2268 1619 2476 1689 potestis
2497 1618 2515 1686 (
2542 1617 2558 1670 l
2583 1615 2701 1671 Cor.
2723 1633 2804 1684 ιιι,
2828 1618 2882 1685 1,
2902 1616 2979 1688 2).
3004 1617 3122 1684 Quo
3146 1614 3356 1685 proiicit
3378 1614 3477 1668 iste
3496 1612 3712 1669 sermo?

2132 1707 2201 1765 Ut
2224 1710 2473 1780 quoniam
2495 1710 2640 1765 diem
2666 1710 3015 1765 novissimum
3044 1709 3243 1764 scimus
3266 1718 3569 1771 venturum,
3597 1705 3710 1760 uti-

2130 1801 2253 1857 liter
2294 1811 2472 1857 autem
2515 1802 2716 1858 scimus
2750 1809 3033 1858 venturum
3071 1808 3127 1856 et
3168 1800 3369 1855 utiliter
3407 1799 3714 1869 ignoramus

2132 1894 2347 1964 quando
2368 1903 2625 1951 venturus
2648 1896 2739 1963 sit,
2768 1903 3011 1966 paratum
3034 1907 3131 1949 cor
3153 1891 3442 1948 habeamus
3466 1890 3604 1946 bene
3626 1887 3718 1945 vi.-

2133 1986 2342 2054 vendo;
2372 1996 2427 2044 et
2455 2002 2562 2042 non
2590 1987 2763 2042 solum
2793 2002 2902 2042 non
2931 1986 3215 2042 timeamus
3241 1994 3520 2040 venturum
3562 1981 3716 2037 illum

2134 2079 2298 2146 diem,
2325 2079 2421 2136 sed
2454 2090 2511 2136 et
2532 2094 2795 2135 amemus.
2818 2079 2943 2135 Dies
2965 2078 3161 2151 quippe
3189 2077 3280 2133 ille
3314 2077 3452 2133 sicut
3488 2072 3715 2131 inﬁdeli-

2134 2170 2234 2226 bus
2262 2170 2499 2227 lahorem
2524 2178 2705 2241 auget,
2730 2172 2808 2227 sic
2832 2170 3075 2228 fidelibus
3098 2170 3233 2227 finit.
3255 2169 3392 2239 Quid
3420 2178 3598 2224 autem
3618 2167 3718 2222 bo-

2136 2278 2253 2316 rum
2283 2261 2511 2317 duorum
2538 2277 2659 2319 esse
2680 2263 2834 2329 velis,
2861 2272 3142 2334 antequam
3170 2261 3369 2326 veniat,
3393 2275 3532 2331 nunc
3550 2268 3634 2317 est
3658 2259 3714 2315 iu

2135 2362 2435 2423 potestate;
2461 2370 2583 2410 cum
2629 2354 2857 2421 venerit,
2898 2370 3005 2409 non
3049 2354 3172 2409 erit.
3220 2352 3372 2423 Elige
3417 2364 3545 2422 ergo
3588 2364 3715 2406 cum

2140 2452 2348 2515 tempus
2369 2453 2452 2499 est
2480 2462 2493 2497 :
2520 2443 2642 2513 quia
2679 2445 2821 2500 Deus
2843 2442 2984 2515 quod
3021 2441 3436 2499 misericorditer
3460 2439 3715 2507 occultat,

2138 2534 2555 2591 misericorditer
2570 2534 2766 2591 differt.

2208 2627 2265 2682 2.
2304 2624 2572 2684 Jam‘vero
2598 2628 2722 2699 quia
2750 2629 2801 2683 in
2830 2643 3164 2700 quocumque
3189 2641 3385 2699 genere
3406 2626 3549 2694 vitae,
3573 2623 3723 2699 quod

2141 2718 2302 2775 habet
2329 2720 2556 2789 aliquam
2586 2720 2998 2793 professionem,
3028 2735 3136 2775 non
3160 2732 3350 2776 omnes
3382 2717 3726 2775 inveniuntur

2151 2810 2338 2882 probi,
2366 2826 2472 2867 non
2508 2826 2699 2870 omnes
2734 2811 2979 2883 reprobi,
3011 2827 3075 2868 es
3106 2810 3207 2871 hoc
3231 2817 3477 2882 apparet,
3501 2808 3625 2882 quia
3649 2808 3727 2866 de

2142 2901 2460 2975 quibusdam
2489 2904 2762 2959 hominum
2791 2904 3073 2974 generibus
3091 2944 3108 2970 ,
3144 2918 3263 2974 quae
3296 2916 3393 2973 per
3419 2897 3726 2959 similitudi-

2142 3011 2240 3052 nes
2265 2997 2317 3051 in
2342 2995 2635 3067 Evangelio
2662 2997 2822 3052 modo
2848 2996 3116 3068 proposita
3140 2994 3459 3060 audivimus,
3490 2993 3568 3049 sic
3592 3007 3728 3049 con-

2142 3088 2375 3144 cluditur
2402 3106 2417 3144 :
2450 3087 2594 3146 Unus
2619 3100 2923 3157 assumatur,
2946 3097 2995 3143 et
3017 3104 3150 3142 unus
3173 3086 3480 3154 relinquetur
3508 3083 3726 3158 (Matth.

2146 3197 2295 3248 xxiv,
2313 3182 2425 3254 40).
2440 3182 2756 3240 Assumetur
2775 3183 2962 3250 bonus,
2982 3182 3309 3254 relinquetur
3323 3182 3514 3238 malus.
3532 3180 3729 3238 Viden-

2150 3281 2236 3328 tur
2260 3271 2367 3329 duo
2392 3276 2445 3329 in
2473 3289 2636 3345 agro;
2662 3274 2848 3331 eadem
2888 3273 3148 3344 professio
3174 3282 3278 3339 est,
3307 3273 3402 3330 sed
3437 3288 3543 3329 non
3582 3272 3729 3329 idem

2146 3381 2259 3421 cor.
2290 3366 2681 3422 Professionem
2725 3365 2907 3422 vident
2947 3366 3220 3432 homines,
3258 3380 3353 3422 cor
3392 3365 3537 3422 novit
3563 3365 3727 3422 Deus.

2146 3457 2433 3526 Quodlibet
2477 3474 2606 3530 ergo
2647 3474 2775 3529 ager
2820 3459 3102 3531 significet,
3145 3457 3290 3514 Unus
3330 3467 3631 3524 assumatur,
3677 3468 3732 3515 et

2147 3569 2279 3607 unus
2308 3553 2635 3623 relinquetur.
2664 3551 2781 3607 Non
2809 3553 2957 3623 quasi
2987 3551 3204 3609 dimidia
3244 3565 3369 3623 pars
3402 3560 3729 3617 assumetur.

2148 3652 2205 3700 et
2218 3642 2434 3699 dimidia
2459 3644 2785 3715 relinquetur
2803 3662 2816 3697 :
2834 3643 2927 3700 sed
2947 3658 3141 3715 genera
3163 3643 3434 3699 hominum
3454 3642 3560 3700 duo
3574 3642 3731 3699 dicit.

2152 3738 2220 3791 Et
2246 3736 2289 3790 si
2315 3734 2457 3790 aliud
2486 3751 2670 3790 eorum
2699 3736 2768 3789 sit
2794 3735 2844 3789 in
2870 3735 3074 3807 paucis,
3097 3733 3240 3789 aliud
3266 3735 3320 3789 in
3350 3734 3551 3804 multis,
3582 3733 3733 3793 Unus

2150 3839 2452 3896 assumatur,
2486 3838 2534 3883 et
2566 3844 2695 3883 unus
2737 3829 3078 3899 relinquetur:
3104 3828 3206 3883 hoc
3234 3838 3335 3893 est,
3361 3844 3521 3884 unum
3559 3844 3736 3902 genus

2151 3928 2474 3986 assumatur,
2497 3914 2552 3974 ei
2570 3919 2792 3974 alterum
2820 3918 3165 3989 relinquetur.
3188 3918 3277 3976 Sic
3305 3920 3358 3975 in
3384 3918 3543 3988 lecto,
3570 3922 3649 3976 sic
3676 3922 3735 3978 in

2152 4010 2479 4066 molendino.
2503 4010 2840 4082 Exspectatis
2870 4011 3095 4067 fortasse
3120 4012 3247 4082 quid
3275 4014 3375 4069 ista
3401 4014 3509 4069 sint
3533 4031 3547 4067 :
3578 4015 3736 4073 vide-

2155 4103 2222 4157 tis
2247 4111 2385 4158 tecta
2414 4118 2556 4171 esse,
2581 4113 2636 4158 et
2664 4102 3095 4159 similitudinibus
3126 4103 3441 4174 quibusdam
3472 4107 3733 4165 involuta.

2156 4194 2338 4249 Potest
2370 4194 2498 4248 mihi
2527 4193 2670 4249 aliud
2702 4194 2894 4261 videri,
2925 4194 3079 4250 alteri
3107 4196 3286 4250 aliud:
3310 4196 3403 4252 sed
3433 4212 3604 4269 neque
3630 4214 3737 4272 ego

2154 4299 2222 4340 eo
2245 4284 2383 4354 quod
2413 4285 2601 4341 dixero
2624 4285 2911 4356 prmscribo
2938 4286 3090 4342 alteri
3118 4287 3187 4343 ad
3221 4289 3495 4347 meliorem
3521 4290 3739 4350 intelle-

2153 4386 2320 4444 ctum,
2368 4393 2468 4433 nec
2515 4377 2602 4432 ille
2652 4377 2782 4432 mihi
2827 4377 2896 4433 ad
2942 4387 3226 4449 utrumque
3273 4381 3663 4453 accipiendum,
3689 4385 3737 4440 si

2154 4479 2440 4539 utrumque
2464 4485 2582 4525 cum
2613 4470 2715 4526 fide
2737 4470 3047 4528 concordat.
3070 4472 3328 4530 Videntur
3353 4475 3495 4531 enim
3522 4478 3653 4532 mihi
3682 4479 3738 4536 in

2154 4576 2285 4631 agro
2312 4561 2557 4617 laborare
2583 4561 2673 4632 qui
2704 4572 2942 4634 praesunt
2966 4564 3251 4631 Ecclesiis;
3282 4567 3422 4622 sicut
3447 4568 3740 4642 Apostolus

2156 4652 2285 4709 dicit
2310 4672 2323 4707 :
2356 4653 2448 4708 Dei
2473 4652 2806 4725 agricultura,
2828 4652 2927 4709 Dei
2954 4654 3225 4726 tediﬁeatio
3251 4659 3387 4714 estis.
3410 4659 3541 4715 Nam
3568 4671 3621 4716 et
3644 4680 3741 4719 ar-

2156 4744 2439 4799 chitectum
2467 4758 2527 4799 se
2560 4744 2704 4809 dicit,
2734 4760 2854 4800 cum
2896 4745 3060 4801 dicit:
3088 4745 3156 4802 Ut
3198 4749 3399 4818 sapiens
3436 4752 3741 4808 architectus

2158 4838 2541 4909 fundamentum
2591 4838 2739 4908 posui
2761 4852 2781 4892 :
2811 4846 2866 4892 ct
2908 4838 3214 4908 agricolam,
3262 4856 3383 4896 cum
3428 4841 3577 4910 dicit,
3624 4842 3763 4915 Ego-

2159 4933 2403 5004 plautaui,
2438 4930 2622 5001 Apollo
2660 4932 2862 5003 rigavit,
2895 4933 2985 4987 sed
3018 4931 3157 4990 Deus
3194 4936 3556 4992 incrementum
3602 4940 3743 4993 dedit

2161 5024 2203 5092 (Ι
2225 5022 2343 5079 Cor.
2366 5038 2439 5089 vr,
2456 5022 2643 5094 9,10).
2664 5023 2720 5078 In
2743 5024 3048 5080 molendino
3067 5040 3196 5096 ergo
3214 5026 3349 5083 duas
3366 5027 3501 5083 dixit
3523 5029 3739 5100 (Matth.

2163 5130 2310 5176 xxiv,
2338 5115 2452 5183 il),
2486 5129 2590 5169 non
2618 5114 2785 5181 duos;
2813 5116 2997 5184 credo,
3020 5117 3168 5187 quod-
3192 5118 3305 5173 hmo
3333 5119 3498 5190 figura
3524 5121 3589 5175 ad
3622 5125 3737 5192 plc-

2162 5205 2257 5259 hes
2277 5206 2532 5275 pertineat
2556 5222 2568 5258 :
2592 5206 2710 5276 quia
2733 5208 2999 5276 praepositi
3028 5220 3236 5278 regunt,
3262 5209 3441 5278 plebes
3463 5223 3736 5282 reguntur.

2164 5299 2232 5354 Et
2273 5297 2635 5375 molendinum
2680 5307 2807 5369 puto
2849 5299 3049 5354 dictum
3095 5300 3348 5357 mundum
3396 5304 3590 5371 istum;
3618 5310 3741 5375 quia

2165 5401 2280 5444 rota
2319 5390 2543 5460 quadam
2592 5399 2887 5461 temporum
2930 5392 3181 5459 volvitur,
3217 5402 3272 5449 et
3309 5404 3573 5451 amatores
3615 5411 3747 5454 suos

2166 5483 2411 5537 conterit.
2432 5482 2568 5538 Sunt
2590 5498 2717 5555 ergo
2740 5483 2830 5552 qui
2854 5483 2923 5539 de
2939 5485 3239 5541 actionibus
3259 5487 3438 5541 mundi
3462 5486 3569 5542 non
3595 5505 3748 5546 rece—

2167 5572 2337 5628 dunt:
2362 5573 2456 5628 sed
2479 5583 2653 5629 tamen
2675 5584 2729 5631 ει
2754 5574 2824 5630 ibi
2851 5575 2938 5630 alii
2960 5576 3095 5632 bene
3118 5585 3425 5647 operantur;
3452 5579 3539 5633 alii
3568 5579 3744 5645 male‘;

2168 5664 2259 5718 alii
2287 5665 2387 5718 sibi
2410 5666 2609 5720 amicos
2627 5665 2823 5721 faciunt
2842 5666 2909 5722 de
2928 5683 3228 5723 mammona
3252 5669 3557 5740 iniquitatis,
3580 5687 3610 5726 a
3631 5674 3750 5744 qni-

2169 5755 2270 5810 bus
2300 5755 2622 5827 recipiantur
2650 5758 2701 5811 in
2734 5757 3067 5815 tabernacula
3096 5770 3295 5815 asterna
3325 5762 3342 5830 (
3364 5760 3487 5815 Luc.
3513 5777 3621 5821 ιινι.
3649 5763 3746 5835 9),

2176 5852 2364 5923 qttiills
2396 5850 2587 5907 dicitur
2610 5868 2623 5906 :
2647 5850 2880 5919 Esuriui,
2911 5863 2958 5908 et
2981 5852 3194 5911 dedistis
3234 5855 3359 5909 mihi
3398 5854 3746 5913 manducare:
