3978 6326
155 352 261 407 357

155 468 246 523 alii
277 468 377 522 ista
406 471 695 543 negligunt,
720 477 909 546 quibus
936 478 1128 538 dicitur
1154 482 1166 511 ’
1192 481 1263 536 ibi
1291 503 1304 538 :
1328 482 1548 548 Esurivi,
1578 496 1624 538 et
1647 503 1748 539 non

154 559 366 612 dedistis
387 562 512 615 mihi
533 567 842 620 manducare
863 568 1075 638 (Matth.
1101 587 1224 636 xxv,
1250 574 1338 638 53,
1358 574 1470 642 42).
1500 575 1747 641 Proinde,

151 649 278 715 quia
307 649 377 704 de.
405 649 489 706 his
515 655 604 723 qui
635 668 917 713 versantur
948 659 999 714 in
1030 664 1254 731 negotiis
1287 677 1341 719 et
1371 666 1619 735 operibus
1648 667 1751 720 hu—

156 739 241 806 jus
272 741 480 806 mundi,
513 745 600 798 alii
631 747 860 818 diligunt
896 751 1210 808 benefacere
1255 755 1630 825 indigentibus,
1661 758 1749 813 alii

161 831 437 900 negligant
464 851 475 886 :
507 843 757 907 tanquam
783 840 850 895 de
874 841 1078 897 duabus
1108 845 1160 899 in
1190 847 1496 904 molendino
1530 867 1633 904 una
1660 867 1750 906 as-

151 931 403 988 sumetur,
435 933 481 977 et
516 942 621 979 una
664 930 987 1000 relinquetur.
1033 932 1252 989 Lectum
1297 950 1473 992 autem
1519 941 1748 1010 positum

152 1010 390 1066 arbitror
439 1029 538 1083 pro
580 1018 801 1086 quiete:
834 1023 955 1090 quia
1003 1035 1126 1078 sunt
1170 1027 1257 1095 qui
1304 1044 1475 1098 neque
1512 1031 1748 1087 actiones

154 1100 346 1156 mundi
375 1102 481 1173 pali
513 1105 717 1172 volunt,
747 1109 884 1164 sicut
920 1122 1043 1166 sunt
1070 1115 1336 1186 conjugati
1377 1118 1619 1173 homines
1655 1121 1749 1173 ha-

157 1190 354 1244 bentes
382 1191 596 1262 domos,
627 1193 874 1260 familias,
905 1201 1078 1267 filios;
1112 1220 1283 1274 neque
1311 1208 1507 1276 aliquid
1549 1211 1601 1263 in
1645 1210 1748 1266 Ec-

153 1280 322 1335 clesia
349 1295 533 1353 agunt,
557 1286 694 1341 sicut
717 1291 985 1360 pnnpositi
1013 1293 1154 1348 velut
1180 1296 1231 1348 in
1257 1297 1575 1366 agricultura
1602 1299 1750 1354 labo-

153 1382 375 1440 rantes;
403 1376 497 1431 sed
526 1379 670 1434 velut
700 1381 768 1435 ad
794 1381 906 1438 hzec
936 1386 1147 1453 inﬁrmi,
1180 1390 1438 1446 secedunt
1464 1393 1528 1446 ad
1558 1393 1744 1461 otium,

153 1472 210 1518 et
246 1467 412 1534 quieti
457 1483 578 1524 esse
623 1469 879 1542 diligunt;
912 1477 1074 1531 veluti
1117 1495 1380 1535 memores
1426 1482 1747 1541 infirmitatis

151 1569 289 1622 sum,
313 1571 420 1611 non
449 1572 508 1614 se
530 1563 927 1619 committentes
958 1570 1159 1634 magnis
1187 1573 1501 1642 actionibus,
1530 1585 1581 1629 et
1610 1592 1744 1646 quo-

151 1647 445 1702 dammodo
489 1649 542 1704 in
590 1659 758 1706 strato
809 1654 1130 1710 infirmitatis
1176 1671 1422 1730 rogantes
1465 1665 1649 1719 Deum.
1681 1667 1746 1722 Et

155 1738 271 1807 ipsa
290 1738 553 1808 professio
571 1740 729 1798 habet
751 1744 937 1809 honos,
958 1746 1115 1803 habet
1140 1750 1292 1806 fictos
1311 1771 1321 1804 :
1342 1754 1564 1822 proinde
1585 1758 1743 1810 etiam

151 1846 218 1885 cx
251 1831 338 1887 his
375 1849 508 1888 unus
543 1846 844 1902 assumetur,
873 1847 918 1890 et
943 1855 1073 1892 unus
1101 1843 1421 1909 relinquetur.
1446 1847 1527 1901 Ad
1555 1865 1744 1918 quatu—

151 1936 384 1994 cumque
430 1925 816 1994 professionem
871 1935 922 1983 te
972 1936 1322 2002 converteris,
1367 1952 1494 2006 para
1546 1949 1596 1994 te
1638 1942 1743 2010 pati

151 2013 313 2069 fictos
338 2031 354 2068 :
375 2015 609 2086 alioquin
633 2018 677 2071 si
707 2028 756 2072 te
778 2035 881 2074 non
904 2023 1194 2089 paraveris,
1219 2025 1457 2084 invenies
1476 2031 1615 2100 quod
1639 2049 1743 2088 non

153 2104 436 2172 sperabas,
455 2116 509 2160 et
527 2105 748 2162 deficics
772 2119 862 2162 aut
882 2112 1296 2180 perturbabcris.
1316 2117 1394 2172 Ad
1416 2121 1590 2175 omnia
1616 2138 1743 2194 ergo

153 2204 206 2249 te
234 2204 477 2265 paratum
511 2196 636 2252 facit
663 2199 750 2268 qui
783 2199 875 2256 tibi
909 2201 1159 2273 loquitur,
1191 2220 1310 2261 cum
1345 2218 1554 2278 tempus
1584 2223 1744 2270 estet

153 2283 232 2340 illi
262 2284 536 2355 loquendi,
562 2289 797 2344 nondum
810 2291 1105 2359 judicandi,
1129 2304 1181 2349 et
1208 2297 1297 2351 tibi
1320 2298 1590 2368 audiendi,
1612 2319 1740 2359 non-

149 2374 280 2430 dum
320 2375 518 2432 frustra
560 2379 873 2448 paenitendi.
913 2382 1009 2438 Est
1046 2386 1186 2439 enim
1232 2387 1390 2444 modo
1429 2392 1738 2462 poenitentia

151 2481 260 2520 non
306 2467 500 2522 frustra
533 2488 548 2524 :
578 2472 682 2526 erit
729 2481 856 2529 tunc
897 2474 1115 2532 frustra.
1141 2479 1254 2534 Non
1290 2483 1430 2538 enim
1473 2494 1597 2542 tunc
1633 2504 1738 2544 non

150 2559 431 2627 paenitebit
459 2561 704 2617 homines
730 2565 869 2620 male
896 2567 1128 2623 vixisse:
1153 2572 1246 2625 sed
1275 2574 1420 2630 nullo
1449 2579 1608 2632 modo
1634 2579 1740 2635 illis

143 2648 347 2718 justitia
385 2650 478 2706 Dei
509 2664 730 2709 revocat
758 2658 897 2727 quod
940 2673 1033 2713 sua
1075 2661 1329 2732 injustitia
1372 2669 1734 2735 perdiderunt.

146 2743 356 2800 Justum
383 2746 524 2801 enim
555 2757 639 2803 est
666 2750 804 2821 apud
834 2752 1020 2817 Deum,
1052 2766 1108 2808 ut
1136 2758 1295 2813 modo
1334 2760 1599 2830 impertiat
1636 2769 1737 2821 mi~

146 2841 512 2912 sericordiam,
555 2854 681 2902 tunc
721 2861 970 2905 exerceat
1004 2851 1283 2922 judicium.
1316 2855 1439 2914 ideo
1465 2876 1604 2916 nunc
1630 2878 1736 2919 non

148 2942 377 2990 tacetur.
413 2936 496 2991 An
547 2941 784 2995 tacetur?
821 2943 1023 3014 Arguat
1065 2947 1310 3018 quisque,
1344 2964 1657 3016 nmrmuret.
1691 2958 1733 3011 si

145 3038 253 3078 non
299 3039 398 3095 per
441 3035 608 3083 totum
652 3030 838 3087 orbem
885 3031 999 3090 hate
1038 3035 1311 3107 Scriptura
1361 3045 1616 3099 recitatur
1654 3057 1735 3100 at-

142 3129 248 3184 que
291 3125 568 3186 cantatur;
602 3119 646 3176 si
680 3132 856 3179 cessat
892 3127 1051 3181 etiam
1093 3129 1294 3186 venalis
1336 3131 1458 3188 ferri
1498 3150 1595 3206 per
1638 3153 1734 3207 puo

141 3205 361 3262 blicum.

211 3302 266 3358 3.
315 3299 465 3374 [υιτε.
501 3304 651 3380 Ι,2.]
679 3306 786 3364 Sed
809 3325 991 3366 revera
1024 3312 1126 3368 hoc
1155 3323 1207 3370 te
1238 3316 1514 3385 perturbat
1552 3318 1730 3375 homi-

139 3407 262 3448 nem
295 3395 678 3466 christianum,
708 3400 828 3470 quia
867 3402 1015 3459 vidcs
1054 3406 1194 3462 male
1244 3407 1483 3464 viventes
1511 3410 1688 3467 felices
1711 3456 1724 3479 ,

141 3499 318 3538 rerum
347 3487 566 3542 istarum
592 3490 746 3561 copia
773 3491 1162 3562 circumfluere,
1188 3511 1347 3553 sanos
1371 3514 1509 3567 esse,
1541 3515 1727 3572 supcr-

141 3576 221 3632 bis
245 3578 587 3649 dignitatibus
614 3585 849 3640 eminere
872 3629 887 3653 ,
921 3588 1239 3644 incolumem
1268 3589 1464 3648 habere
1486 3591 1723 3659 domum,

137 3669 328 3738 gaudia
365 3685 583 3730 suorum
603 3714 617 3738 ,
645 3674 899 3748 obsequia
928 3679 1224 3748 clientium,
1249 3683 1726 3741 excellentissimas

139 3762 443 3828 potentias,
490 3761 624 3820 nihil
669 3765 820 3822 triste
863 3768 1203 3840 interpellare
1244 3773 1407 3829 vitam
1437 3775 1671 3846 ipsorum
1707 3798 1720 3834 :

137 3866 318 3907 mores
359 3856 713 3925 nequissimos
763 3855 944 3928 vides,
992 3859 1272 3920 facultates
1330 3865 1722 3934 c0piosissimas

135 3943 423 4012 pchpicis;
455 3952 511 3999 et
533 3946 659 4001 dicit
687 3962 780 4002 eor
799 3958 943 4004 tuum
974 3951 1175 4007 nullum
1205 3969 1325 4011 esse
1358 3955 1594 4015 divinum
1635 3959 1723 4030 ju-

133 4033 354 4100 dicium,
386 4038 563 4092 omnia
602 4039 813 4095 casibus
843 4042 966 4098 ferri
997 4054 1050 4099 et
1079 4044 1311 4101 fortuitis
1337 4051 1567 4105 motibus
1593 4068 1720 4108 vcn-

134 4123 293 4180 tiiari.
335 4126 465 4182 Nam
493 4131 537 4183 si
575 4131 733 4198 Deus,
765 4132 960 4206 inquis,
999 4151 1085 4190 res
1108 4137 1365 4194 humanas
1395 4143 1716 4211 respiceret,

131 4214 351 4272 ﬂoreret
379 4219 518 4274 illius
544 4220 790 4293 iniquitas
811 4265 828 4291 ,
858 4235 912 4281 et
941 4242 1057 4282 mea
1088 4229 1388 4286 innocentia
1415 4232 1718 4293 laboraret?

131 4305 317 4363 Omnis
341 4312 560 4367 morbus
583 4315 747 4369 animi
777 4315 935 4373 habet
965 4317 1017 4374 in
1043 4319 1330 4392 Scripturis
1357 4325 1716 4383 medicamen-

132 4408 241 4453 tum
273 4416 429 4455 suum
473 4405 605 4474 :qui
635 4421 765 4476 ergo
805 4408 883 4463 sic
924 4421 1146 4486 aegrotat
1173 4455 1185 4478 ,
1247 4423 1304 4470 ut
1348 4416 1444 4470 ista
1476 4417 1617 4475 dicat
1663 4420 1714 4477 in

128 4490 290 4544 corde
319 4505 437 4558 suo,
469 4493 614 4550 bibat
645 4498 912 4566 potionem
969 4504 1154 4573 psalmi
1198 4503 1375 4574 hujus.
1413 4508 1551 4577 Quid
1591 4513 1716 4566 est?

130 4581 326 4636 lterum
355 4583 693 4653 inspiciamus
723 4590 847 4659 quid
871 4592 1127 4649 dicebas?
1159 4595 1294 4664 Quid
1335 4598 1599 4667 diecbam,
1635 4601 1715 4658 iu-

127 4675 274 4744 quis,
306 4675 407 4729 nisi
450 4677 590 4746 quod
617 4679 806 4736 vides?
835 4683 957 4739 Mali
999 4684 1212 4756 florent,
1245 4689 1370 4744 boni
1423 4691 1661 4750 laborant
1697 4714 1710 4752 :

127 4766 395 4832 quomodo
438 4768 538 4823 ista
587 4769 732 4828 videt
785 4773 1219 4848 DeuslAccipe,
1265 4780 1429 4836 bibe:
1463 4783 1573 4853 ipse
1618 4787 1710 4842 tibi

127 4855 281 4922 hanc,
313 4857 379 4911 de
405 4873 510 4928 quo
532 4860 630 4916 ista
670 4877 973 4923 murmuras
993 4909 1007 4934 ,
1039 4869 1350 4939 temperavit
1394 4875 1661 4943 potionem
1693 4895 1706 4933 :

126 4955 330 5002 tantum
373 4964 440 5003 ue
472 4965 688 5007 recuses
727 4955 1133 5012 saluberrimum
1167 4961 1449 5030 poculum;
1499 4980 1709 5022 accom-

124 5038 276 5091 moda
308 5055 405 5107 per
437 5054 618 5097 aurem
648 5057 708 5097 os
736 5045 934 5112 cordis,
959 5058 1012 5102 ct
1037 5048 1158 5104 bibe
1185 5051 1326 5121 quod
1357 5054 1506 5110 audis
1535 5075 1548 5117 ς
1584 5057 1710 5114 Noli

125 5130 354 5183 tumulari
374 5131 427 5183 in
449 5133 863 5205 malignantibus,
895 5155 1054 5207 neque
1077 5142 1330 5196 temuleris
1352 5146 1590 5214 facientes
1611 5150 1708 5203 ini-

122 5223 378 5288 quitatem.
407 5224 657 5290 Quoniam
685 5239 922 5300 tanquam
940 5233 1127 5301 [tenum
1154 5235 1251 5288 cito
1271 5248 1514 5307 arescent,
1535 5251 1580 5294 et
1601 5243 1705 5296 sie-

123 5323 175 5364 ut
204 5320 344 5367 olera
397 5317 532 5383 prati
557 5319 656 5373 cito
685 5323 884 5376 cadent.
915 5323 1067 5392 Quod
1095 5326 1188 5381 tibi
1219 5328 1434 5399 longum
1473 5334 1700 5400 videtur,

123 5394 222 5456 rito
253 5413 335 5459 est
361 5405 472 5459 Deo
501 5425 516 5460 :
546 5408 806 5480 subjunge
834 5422 885 5468 te
911 5414 1038 5476 Deo,
1066 5424 1122 5470 et
1144 5416 1232 5472 tibi
1263 5394 1371 5474 cito
1390 5422 1512 5476 erit.
1550 5425 1701 5492 Quod

121 5494 188 5547 ait
205 5500 428 5565 fanum,
463 5497 566 5554 hoc
587 5499 930 5573 intelligimus
954 5505 1092 5559 olera
1117 5511 1270 5578 prati.
1303 5510 1438 5567 Vilia
1455 5517 1696 5584 quaedam

177 5691 190 5719 ¹
229 5696 276 5760 In
301 5691 435 5760 1-}dd.,
458 5691 647 5760 dicetur
684 5695 764 5760 ibi.
811 5698 901 5747 Sed
940 5702 1102 5749 verius
1146 5708 1273 5759 Mss,
1296 5703 1477 5755 dicitur
1507 5708 1575 5758 ibi
1601 5723 1618 5759 :
1653 5711 1699 5760 id

122 5760 204 5802 est.
235 5754 283 5824 iu
305 5753 561 5816 Evatvgelio
582 5758 713 5821 quod
736 5762 950 5810 concioui
976 5753 1269 5823 przelectum'
1304 5753 1460 5823 fuisse
1484 5753 1705 5828 coming-

116 5823 306 5866 ur.an
326 5828 575 5878 superius.

1212 367 1605 424 ΕΧΑΠΠᾹΊΊΟ
1647 369 1712 426 ΙΝ
1753 371 2069 429 PSALMUM
2115 378 2353 437 XXXVI.

3342 420 3446 478 358

1863 497 2018 554 sunt,
2048 500 2101 546 ct
2124 497 2459 564 superficiem
2503 511 2657 561 terrm
2695 518 2925 572 tenentia
2959 522 2996 584 ’,
3026 524 3188 582 altam
3213 532 3445 590 radicem

1863 594 1966 634 non
2013 584 2228 640 habent.
2258 589 2488 648 Proinde
2517 613 2610 664 per
2639 599 2870 661 hiemem
2908 612 3081 670 virent
3110 636 3122 671 :
3151 633 3206 674 at
3236 625 3324 678 ubi
3365 627 3447 683 sol

1858 674 2059 728 aestatis
2086 675 2388 737 fervescere
2412 690 2656 757 cmperit,
2689 709 2950 756 arescent.
2977 705 3132 763 Modo
3160 727 3287 784 ergo
3313 725 3447 773 temo

1856 777 1959 834 pus
1985 776 2067 820 est
2097 768 2310 838 hiemis,
2350 777 2518 845 gloria
2561 790 2647 837 tua
2699 791 2933 846 nomium
2976 768 3251 867 apparet
3279 810 3374 864 sed
3401 814 3447 866 si

1857 856 1963 909 alla
1986 858 2134 914 radix
2162 872 2243 916 est
2262 864 2534 924 charitatis
2568 882 2691 944 tum,
2725 881 2862 937 sicut
2883 856 3165 946 mult-arum
3193 898 3447 956 arborum

1857 961 1952 1063 per
1981 949 2244 1022 hiemem,
2273 963 2460 1016 transit
2483 964 2670 1034 frigus,
2717 976 2894 1030 veniet
2935 993 3128 1050 iPSlllS,
3164 988 3448 1063 id‘estju‘

1897 1039 1977 1063 :..::
2027 1041 2130 1063 λιι--
2228 1057 2239 1063 -

1855 1036 1978 1093 dicii
2021 1041 2134 1098 dies
2178 1064 2193 1102 :
2228 1057 2352 1103 tunc
2380 1067 2589 1112 arescet
2629 1063 2773 1117 viror
2819 1068 2984 1138 freni,
3019 1084 3143 1131 tunc
3171 1036 3450 1151 apparebit

1856 1131 2047 1151 _--I-‘_/
2093 1150 2096 1151 ν
2193 1139 2204 1151 ¹
2280 1143 2290 1151 ⁵
2409 1145 2449 1151 ‘-

1855 1131 2106 1188 arborum
2156 1139 2342 1208 gloria.
2395 1145 2590 1204 Mortui
2641 1157 2774 1210 enim
2817 1163 2961 1230 estis,
3012 1171 3086 1223 ait
3115 1131 3446 1242 Apostolus:

1854 1225 2121 1335 quomodo
2150 1229 2399 1289 videntur
2438 1241 2659 1298 arbores
2705 1264 2800 1318 per
2828 1252 3093 1325 hiemem,
3146 1225 3294 1335 quasi
3339 1277 3446 1327 ari-

1853 1309 1955 1376 ἀπ,
1980 1317 2129 1385 quasi
2156 1333 2401 1380 martum.
2435 1328 2574 1401 Ergo
2601 1351 2720 1404 qua:
2749 1356 2894 1411 spes,
2925 1348 2968 1401 si
2993 1309 3188 1410 mortui
3220 1368 3443 1420 sumus?

1854 1403 1998 1462 intus
2019 1417 2099 1464 est
2126 1413 2277 1468 radix
2312 1433 2326 1470 :
2363 1420 2448 1474 ubi
2488 1403 2635 1480 radis
2670 1442 2872 1498 nostra,
2906 1438 2976 1492 ibi
3004 1454 3057 1496 et
3090 1447 3193 1501 vita
3225 1409 3437 1519 nostra;

1854 1495 1922 1519 ,μ
1971 1500 2081 1519 μμ
2175 1503 2185 1519 .
2273 1507 2284 1518 .

1853 1495 1922 1550 ibi
1967 1500 2106 1554 enim
2139 1503 2371 1566 charitas
2409 1526 2612 1573 nostra.
2644 1520 2704 1574 Et
2743 1526 2843 1579 vita
2877 1541 3059 1600 uestra,
3090 1537 3288 1610 inquit,
3316 1500 3437 1599 ubi:

1851 1591 2054 1644 condita
2083 1605 2160 1649 est
2187 1615 2302 1654 cum
2327 1602 2524 1660 Christo
2547 1610 2598 1663 in
2625 1611 2749 1667 Deo.
2781 1611 3004 1684 Quando
3029 1591 3226 1688 arescit
3253 1591 3440 1706 quisic

1853 1675 2008 1706 ιιι-1η..
2055 1700 2107 1706 __
2123 1685 2188 1706 .12.
2213 1703 2226 1706 _
2311 1691 2333 1706 ι-
2374 1695 2408 1706 Α
2543 1701 2554 1706 -
3075 1694 3078 1696 -

2790 1675 2824 1684 η
3030 1675 3226 1688 -.ω-ν..
3253 1675 3270 1690 ι
3295 1675 3341 1691 ι..
3362 1675 3440 1695 οη,

1851 1675 2011 1734 habet
2055 1685 2333 1745 radicem?
2369 1695 2592 1761 Quando
2638 1714 2816 1762 autem
2865 1716 2969 1768 erit
3015 1694 3108 1773 ver
3156 1675 3441 1784 nostlrum?

1851 1772 2062 1838 quando
2108 1787 2267 1835 cistas
2313 1789 2535 1842 nostra?
2562 1796 2775 1860 quando
2825 1815 2923 1858 nos
2959 1807 3322 1872 circumvestit
3359 1821 3441 1876 di-

1849 1865 2024 1978 gnitas
2071 1869 2356 1978 foliorum,
2415 1891 2470 1934 et
2527 1885 2741 1944 ubertas
2790 1893 3054 1955 fructuum
3111 1905 3440 1978 locupletat?

1849 1957 2061 2023 quando
2093 1959 2193 2062 hoc
2232 1968 2379 2020 crit?
2405 1971 2541 2027 Audi
2571 1979 2712 2047 quod
2742 1988 3021 2055 sequitur:

1847 2051 2287 2162 apparueritbpita
2314 2071 2495 2130 vestra,
2525 2075 2642 2120 tunc
2671 2081 2719 2124 et
2745 2051 2834 2128 ros
2853 2094 2967 2135 cum
2998 2083 3109 2152 ipso
3128 2096 3437 2162 apparebitis

1846 2134 1900 2188 in
1941 2138 2105 2207 gloria
2135 2142 2356 2212 (Coloss.
2406 2168 2482 2219 tu,
2515 2157 2571 2222 '5,
2601 2160 2676 2230 4).

1845 2229 2075 2284 ωηιιιιανὶ
2093 2232 2146 2286 in
2170 2239 2582 2314 malignantibus,
2615 2267 2772 2322 neque
2794 2229 3046 2320 aemule‘ris
3066 2266 3306 2336 facientes
3330 2278 3433 2332 iui-

1845 2323 2100 2389 quitatem.
2131 2327 2381 2393 Quoniam
2407 2346 2642 2408 tanquam
2663 2345 2852 2413 [wnwn
2871 2353 2968 2406 cito
2993 2372 3246 2432 arescent,
3263 2376 3308 2420 et
3331 2371 3430 2424 sic-

1844 2421 1900 2464 ut
1921 2415 2056 2470 olera
2086 2422 2220 2485 prati
2245 2424 2342 2477 ritu
2368 2431 2565 2486 cadent.

1915 2505 1968 2605 ξ.
2028 2505 2177 2608 [uera
2207 2514 2260 2577 3,
2289 2515 2370 2589 4.]
2399 2520 2534 2587 Quid
2564 2541 2689 2596 ergo
2716 2533 2814 2586 tu?
2841 2534 3007 2603 Spera
3045 2542 3097 2596 in
3128 2545 3431 2619 Dominum.

1843 2591 1919 2648 Illi
1972 2599 2113 2652 enim
2162 2617 2379 2672 sperant
2431 2626 2534 2667 non
2568 2615 2618 2669 iu
2675 2620 2955 2682 Dominum
3000 2643 3015 2682 :
3056 2647 3181 2705 Spes
3215 2604 3428 2700 illoruni

1841 2688 2104 2786 mortalis,
2127 2707 2250 2762 spes
2277 2696 2487 2756 illorum
2506 2707 2723 2774 caduca,
2753 2712 2969 2786 fragilis,
2995 2688 3242 2800 volatica,
3275 2740 3427 2790 tran—

1841 2779 2024 2896 sitoria
2046 2821 2060 2847 ,
2094 2783 2266 2896 in‘annis
2288 2793 2413 2844 erit.
2448 2795 2613 2864 Spera
2643 2799 2695 2854 in
2732 2802 3024 2870 Dominum.
3058 2815 3196 2876 Ecce
3224 2779 3383 2892 spero
3409 2871 3423 2896 ,

1841 2867 1981 2971 quid.
2019 2874 2161 2972 ago?
2307 2881 2392 2951 fac
2433 2885 2719 2946 bonitatem.
2767 2894 2885 2954 Noli
2943 2867 3423 2985 malitiam,lquaiti

1839 2958 2064 3076 respicis
2115 2963 2167 3017 in
2218 2966 2323 3022 illis
2351 2974 2488 3030 male
2529 2975 2843 3042 florentibus
2877 3007 2890 3043 :
2921 2996 3007 3064 fac
3059 2958 3349 3076 bonita’tein,
3378 3021 3423 3064 et

1838 3046 2063 3105 inhabita
2087 3063 2292 3114 terram.
2321 3060 2400 3118 Ne
2429 3064 2566 3125 forte
2593 3072 2885 3136 bonitatem
2906 3046 3055 3148 extra
3087 3046 3423 3154 inhabitit’iti:

1838 3153 1960 3196 nem
2008 3152 2163 3202 terra:
2191 3149 2374 3210 facias.
2405 3157 2567 3217 'l‘crra
2596 3167 2739 3224 enim
2774 3171 3006 3244 Domini,
3042 3182 3278 3244 Ecclesia
3306 3194 3422 3262 ejus

1838 3238 1915 3262 an!
1948 3249 1961 3262 ο
1987 3233 2150 3262 Lm-.-
2177 3241 2310 3262 ..ξ-,Α
2365 3246 2376 3258 ο
2613 3256 2646 3262 --
2722 3259 2752 3262 __

1835 3238 1917 3286 est
1947 3233 2346 3354 :‘i‘psatn'rigat,
2363 3246 2528 3320 ipsam
2551 3256 2679 3315 colit
2699 3259 2790 3315 Ille
2809 3233 3420 3354 agricolarl’awte:

1835 3337 1925 3427 xv,
1960 3326 2038 3395 l).
2071 3328 2214 3387 Multi
2261 3337 2403 3392 enim
2434 3345 2582 3412 quasi
2633 3326 2890 3410 exercent
2931 3360 3068 3417 bona
3096 3326 3288 3438 operti,
3324 3379 3417 3433 sed

1832 3417 1953 3484 quia
1983 3433 2090 3476 non
2117 3423 2412 3484 inhabitant
2444 3441 2660 3504 terram,
2696 3459 2799 3497 non
2834 3453 3097 3516 pertinent
3121 3417 3186 3514 :id
3213 3417 3418 3534 ag’rico‘:

1832 3509 1934 3534 1-...
1992 3515 2077 3534 nr.
2161 3520 2184 3534 ι·
2266 3522 2280 3534 “
2377 3527 2388 3534 ·

1830 3509 1958 3619 lam.
1989 3515 2130 3588 Ergo
2160 3520 2240 3576 fac
2265 3522 2554 3584 bonitatem
2579 3575 2592 3598 ,
2627 3552 2729 3590 non
2772 3553 2922 3597 extra
2969 3557 3184 3619 terram,
3209 3509 3301 3613 sed
3332 3563 3416 3616 in-

1831 3597 2005 3660 habita
2034 3615 2250 3665 terram.
2279 3613 2347 3668 Et
2365 3618 2492 3687 quid
2525 3620 2732 3680 habebo
2757 3629 2780 3682 ?
2809 3631 2876 3686 Et
2897 3642 3116 3703 pasceris
3143 3597 3196 3700 in
3227 3650 3417 3712 divitiis

1829 3691 1959 3761 ejus.
1993 3694 2122 3764 Quae
2152 3713 2276 3756 sunt
2304 3706 2502 3763 divitia:
2532 3713 2648 3780 ejus
2677 3727 2832 3774 terrae
2854 3725 2876 3776 ?
2897 3691 3112 3786 'Divitiae
3153 3738 3272 3806 ejus

1829 3783 2004 3841 minus
2029 3789 2145 3858 ejus
2172 3834 2186 3859 ,
2229 3795 2427 3854 divitiae
2456 3804 2572 3871 ejus
2619 3807 2756 3862 Deus
2791 3814 2925 3882 ejus.
2961 3820 3079 3890 ipse
3103 3783 3302 3889 estJillc
3327 3839 3413 3893 cui

1836 3874 1948 3893 ,κη
2127 3882 2162 3893 -

1827 3874 2056 3943 dicitur;
2117 3882 2251 3940 Pars
2294 3906 2440 3959 mea,
2492 3894 2711 3954 Domine
2737 3902 2907 3975 (Psal.
2945 3874 3119 3983 L'XXH,
3149 3922 3260 3988 26),
3295 3929 3414 4000 Ipse

1827 3976 1906 4000 net
1941 3968 2027 4000 :l'n
2057 3972 2122 4000 .I-
2153 3991 2253 4000 MM
2293 3980 2410 4000 J!_9.
2553 3987 2590 4000 -ιι
2684 3992 2695 4000 .

1825 3976 1909 4022 est
1939 3968 2027 4026 ille
2055 3972 2122 4028 de
2150 3991 2256 4046 quo
2286 3980 2482 4039 dicitur
2504 4005 2517 4039 :
2542 3987 2791 4048 Dominus
2814 4016 2933 4068 pars
2956 3968 3260 4069 ltwreditatis
3286 3968 3411 4076 "iet;

1824 4066 1873 4110 et
1922 4061 2094 4166 cqlicis
2141 4069 2240 4120 mei
2287 4071 2456 4140 (Psal.
2489 4093 2576 4143 xv,
2620 4083 2696 4148 5).
2727 4087 2946 4146 Recenti
2979 4110 3225 4159 sermone
3267 4124 3413 4166 com-

1822 4150 2193 4213 mcndavimus
2220 4158 2294 4231 (α)
2323 4162 2581 4224 Charitati
2611 4171 2840 4246 Vestrae,
2869 4191 2921 4236 et
2953 4184 3117 4243 Deum
3140 4210 3259 4251 esse
3279 4216 3409 4271 pos-

1823 4241 2113 4271 coccina...“
2157 4261 2326 4271 ..Α-..--
2505 4267 2514 4271 -

1822 4241 2114 4301 sessionem
2156 4261 2425 4321 nostram,
2466 4267 2518 4313 ct
2558 4277 2659 4319 nos
2700 4282 2820 4323 esse
2867 4281 3257 4343 possessionem
3279 4241 3405 4348 lilii.

1821 4331 1958 4433 Audi
1990 4336 2110 4446 quia
2137 4339 2340 4446 divitia:
2363 4356 2519 4404 terrm
2550 4351 2708 4426 hujus
2734 4358 2848 4428 ipse
2867 4331 2952 4420 est
2985 4384 2998 4420 :

1819 4422 2021 4537 quitur,
2057 4427 2314 4490 Delectare
2347 4436 2400 4492 in
2433 4438 2669 4502 Domina.
2719 4449 2991 4526 Tanquam
3019 4422 3315 4537 (μυθεῖαι-ῖς,
3348 4486 3404 4530 οι

1821 4528 1834 4537 .
1858 4511 2013 4537 :...._!..
2061 4517 2176 4537 n_.,
2245 4523 2260 4537 1
2377 4528 2408 4537 ..
2433 4530 2446 4537 -
2493 4531 2524 4537 --
2567 4534 2577 4537 -

1818 4511 2034 4583 dixeris,
2060 4517 2295 4579 Ostende
2317 4528 2448 4586 mihi
2472 4531 2682 4592 divitias
2712 4511 2870 4599 terra;
2914 4511 3075 4613 illius,
3109 4555 3158 4609 iu
3184 4575 3283 4628 qua
3302 4515 3401 4622 ’me

1818 4603 1968 4628 ι..ι.--
1994 4609 2006 4628 ι
2035 4610 2076 4628 -I
2100 4612 2134 4628 ·-
2311 4615 2346 4628 ἰ
2387 4620 2398 4628 ⁵
2619 4627 2626 4628 ί

1811 4603 1970 4706 jubes
1993 4609 2269 4682 habitare;
2300 4615 2582 4690 Delectare,
2615 4627 2806 4699 inquit,
2835 4634 2888 4689 in
2925 4603 3168 4715 Domino,

1817 4697 1905 4751 tibi
1931 4700 2194 4769 petitiones
2213 4708 2380 4764 cordis
2408 4714 2502 4767 tui.

1888 4790 1938 4845 5.
1967 4791 2250 4863 Signantcr
2291 4802 2473 4873 accipe
2518 4809 2781 4877 petitiones
2821 4819 2989 4875 cordis
3027 4827 3117 4879 tui.
3151 4829 3402 4894 Discernc

1815 4881 2098 4950 petitiones
2144 4887 2322 4945 cordis
2366 4895 2438 4948 tui
2480 4913 2508 4949 a
2546 4902 2888 4968 petitionibus
2925 4917 3120 4983 carnis,
3154 4921 3401 4986 discerne

1813 4985 2066 5083 qua‘ntnm
2100 4989 2278 5083 potos.
2323 4983 2431 5040 Nec
2461 4986 2658 5047 frustra
2690 4995 2888 5055 dictum
2941 5017 3023 5059 est
3071 5008 3122 5064 in
3169 4983 3397 5083 quodam

1812 5064 2018 5132 psalmo
2045 5085 2058 5119 :
2092 5066 2230 5122 Deus
2258 5076 2426 5129 cora'is
2454 5081 2570 5133 mei.
2603 5083 2676 5137 lbi
2706 5089 2846 5142 enim
2871 5098 3114 5164 sequitur
3149 5064 3202 5158 ei
3232 5109 3356 5164 dicit
3384 5135 3396 5165 :

1812 5152 1880 5205 Et
1907 5172 2027 5224 pars
2055 5175 2165 5212 utea
2196 5159 2340 5216 Dats
2367 5182 2507 5221 meus
2530 5171 2581 5223 in
2612 5178 2799 5230 sarcula
2849 5183 2869 5250 (
2885 5152 3022 5245 Prol.
3075 5207 3244 5260 Lxxu,
3277 5201 3393 5272 2(3).

1815 5244 1969 5272 \7n_l.:
2002 5252 2162 5272 .......:_
2227 5268 2323 5272 _--_
2485 5269 2493 5272 _

1815 5244 1969 5300 Verbi
1999 5252 2188 5318 gratia,
2220 5268 2392 5311 camus
2418 5269 2500 5314 est
2520 5277 2768 5334 corpore,
2793 5282 2944 5340 rogat
2965 5287 3021 5331 ut
3043 5244 3392 5348 illllntlllcllll".

1809 5333 1911 5389 ista
1939 5337 1957 5367 ⁹
1989 5350 2162 5408 roget,
2213 5346 2340 5414 quia
2387 5357 2440 5403 ct
2489 5349 2589 5406 ista
2636 5356 2775 5412 Deus
2820 5333 2980 5432 facit,
3020 5333 3396 5440 elisa-Deliis

1871 5533 1883 5561 ¹
1925 5533 2110 5595 Aliquot
2149 5544 2276 5600 Mss,

1804 5595 1916 5652 lant,
1943 5604 2037 5646 etc.

1867 5657 1886 5751 ἶ
1922 5666 2017 5751 ’ὶ¹ι¹ε¹ε’
2037 5665 2121 5751 51';
2147 5668 2446 5751 θέιίῖῗὲηδέῗὲ·
2493 5668 2613 5729 ¹⁰⁰⁰ν
2639 5670 2731 5722 ίδιίι
2768 5687 2915 5741 fore,
2943 5683 3123 5736 habent
3149 5729 3163 5751 .
3189 5703 3285 5745 ιι›ςιο
3315 5715 3391 5751 ro-

2323 5543 2542 5606 tegentia.
2588 5546 2673 5596 Alii
2719 5551 2930 5617 quidam,
2953 5565 3129 5622 tenent.
3169 5582 3282 5622 nam
3319 5578 3393 5629 al.

1800 5723 1894 5788 get.
1920 5719 2011 5788 ῥυῇ
2037 5728 2159 5778 Mss,
2185 5723 2272 5773 iste
2297 5735 2444 5788 roget.

1864 5779 2723 5878 filiifif‘ftlf.fii’ffffzﬁ'ﬁiliifﬂtt'ﬁ’
2749 5799 2868 5878 ἕως.
2893 5803 2986 5878 Ξθέί
3019 5817 3070 5860 ει
3100 5813 3208 5875 ars.
3243 5833 3392 5878 super

1798 5840 2034 5902 psalmum
2066 5845 2129 5893 5‘2
2147 5862 2374 5900 seruiune
2399 5840 2723 5919 habito'apud,
2747 5840 3084 5930 ὀέῖὺιῆἧιὲἇ,
