3978 6366
556 343 664 402 359

551 465 771 532 praesta:
807 475 820 510 :
852 455 948 513 sed
993 462 1181 528 rogant
1225 454 1338 512 haec
1370 456 1529 510 etiam
1582 454 1728 511 mali.
1776 454 1968 511 Pctitio
2023 457 2131 512 lucc

546 550 743 606 carnis.
788 547 1111 615 infirmatur,
1154 557 1307 619 rogat
1345 561 1402 600 se
1435 549 1640 602 salvum
1681 547 1834 602 fieri:
1868 546 2048 600 salvus
2077 544 2137 601 lit

545 642 861 697 moriturus.
897 640 962 696 Et
990 640 1090 696 ista
1136 641 1321 710 petitio
1347 639 1522 694 carnis
1549 649 1630 694 est
1660 655 1672 692 :
1705 647 1759 694 et
1807 639 1850 693 si
1882 654 1982 708 qua
2011 647 2138 694 sunt

545 734 690 791 talia.
723 733 914 790 Petitio
941 732 1116 788 cordis
1147 747 1268 803 qua:
1296 732 1418 787 est?
1454 730 1600 787 Sicut
1630 731 1814 800 petitio
1834 730 2010 786 carnis
2031 741 2133 797 est,

547 825 682 879 velle
707 824 806 878 sibi
830 825 1066 893 reparari
1094 823 1109 854 ¹
1141 822 1345 886 oculos,
1368 822 1551 893 utique
1579 821 1643 875 ad
1666 820 1949 875 videndam
1978 819 2136 875 istam

548 916 751 981 lucem,
781 933 902 986 qua:
950 915 1143 971 talibus
1182 914 1350 970 oculis
1379 914 1544 968 videri
1578 924 1750 983 potest
1794 930 1806 967 :
1852 913 1918 968 ita
1950 913 2134 982 petitio

548 1008 727 1062 cordis
753 1007 819 1062 ad
850 1008 1003 1062 aliam
1055 1007 1227 1063 lucem
1282 1005 1530 1076 pertinet.
1579 1005 1725 1060 Beati
1762 1004 1907 1081 enim
1945 1003 2133 1060 mundi

548 1099 744 1163 corde,
775 1100 1023 1168 quoniam
1059 1097 1156 1170 ipsi
1210 1098 1370 1152 Deum
1424 1095 1675 1152 videbunt
1706 1095 1922 1167 (Matth.
1955 1111 2012 1164 v,
2049 1093 2129 1167 8).

546 1191 814 1247 Delectare
842 1193 893 1245 in
924 1189 1168 1256 Domino,
1200 1201 1246 1244 et
1274 1189 1411 1244 dabit
1449 1189 1536 1243 tibi
1555 1189 1819 1260 petitiones
1847 1188 2014 1244 cordis
2036 1188 2129 1242 tui.

616 1283 668 1338 6.
695 1281 848 1356 [vers
887 1283 940 1343 ii,
969 1280 1048 1354 6.]
1077 1281 1215 1338 Ecce
1260 1280 1508 1335 desidero
1529 1320 1543 1338 .
1573 1294 1725 1350 rogo,
1755 1279 1880 1334 volo
1918 1296 1932 1333 :
1962 1293 2132 1351 egone

543 1370 776 1445 implebo
800 1373 822 1426 ‘.’
845 1374 980 1428 Non.
1023 1373 1154 1442 Quis
1197 1371 1363 1442 ergo?
1395 1371 1577 1426 Revela
1605 1372 1671 1424 ad
1703 1370 1974 1425 Dominum
2000 1373 2131 1424 uiam

541 1478 702 1532 tuam,
733 1476 781 1520 et
820 1483 968 1537 spera
998 1466 1049 1519 in
1085 1481 1198 1519 eum
1221 1507 1235 1532 ,
1268 1475 1313 1519 et
1341 1466 1449 1534 ipse
1471 1463 1642 1534 faciet.
1688 1461 1864 1518 Indica
1897 1461 1973 1519 illi
2006 1461 2132 1532 quid

543 1551 788 1624 patiaris,
829 1555 1004 1608 indica
1055 1555 1129 1608 illi
1182 1554 1310 1624 quid
1366 1553 1520 1610 velis.
1551 1553 1688 1622 Quid
1720 1553 1862 1608 enim
1891 1551 2132 1622 pateris?

539 1647 672 1704 Caro
700 1647 1009 1714 concupiscit
1034 1645 1270 1699 adversus
1290 1645 1545 1713 spiritum,
1586 1655 1631 1698 et
1659 1645 1869 1712 spiritus
1893 1643 2131 1699 adversus

541 1755 742 1792 carnem
766 1737 906 1810 (Gal.
935 1753 988 1801 v,
1020 1734 1130 1806 l7).
1158 1735 1295 1801 Quid
1317 1750 1445 1805 ergo
1470 1733 1595 1788 vis?
1619 1733 1814 1806 Infelix
1838 1751 1929 1806 ego
1957 1734 2126 1801 homo,

539 1833 650 1896 quis
678 1849 760 1886 me
783 1829 1012 1885 liberabit
1034 1829 1096 1883 de
1124 1845 1335 1900 corpore
1367 1829 1541 1883 mortis
1567 1829 1758 1900 hujus?
1785 1828 1849 1884 Et
1868 1829 1988 1900 quia
2017 1830 2129 1900 ipse

541 1924 721 1990 faciet,
753 1938 872 1977 cum
902 1911 1225 1977 revelaveris
1252 1921 1317 1976 ad
1346 1937 1467 1975 eum
1493 1921 1628 1974 viam
1651 1929 1791 1975 tuam
1813 1962 1830 1988 ,
1863 1921 1981 1976 vide
2002 1921 2128 1992 quid

540 2016 779 2085 sequitur
811 2035 826 2069 :
870 2014 1049 2069 Gratia
1077 2013 1174 2067 Dei
1221 2031 1311 2084 per
1349 2010 1524 2067 Iesum
1558 2013 1812 2070 Christum
1854 2014 2127 2070 Dominum

539 2119 766 2164 nostrum
797 2105 973 2180 (Rom.
1007 2122 1101 2168 vu,
1128 2105 1220 2171 24,
1260 2107 1374 2175 9.5).
1420 2107 1555 2172 Quid
1587 2121 1714 2176 ergo
1744 2105 1981 2163 facturus
2011 2118 2122 2175 est,

535 2202 658 2271 quia
686 2200 882 2255 dictum
916 2208 1000 2253 est
1033 2217 1046 2252 :
1078 2195 1262 2251 Revela
1290 2196 1357 2250 ad
1407 2196 1679 2251 Dominum
1719 2198 1850 2252 viam
1878 2210 2037 2266 tuam,
2077 2210 2126 2255 et

535 2311 684 2364 spera
731 2295 784 2344 in
812 2309 926 2345 eum
950 2333 964 2355 ,
996 2301 1042 2343 et
1084 2292 1193 2361 ipse
1227 2291 1376 2361 faciet
1405 2306 1422 2343 :
1451 2289 1577 2360 quid
1616 2288 1817 2345 faciet?
1847 2289 1916 2344 Et
1946 2291 2126 2347 educet

539 2386 667 2440 sicut
689 2386 859 2437 lumen
877 2383 1129 2453 justitiam
1163 2392 1319 2436 tuam.
1349 2381 1503 2436 Mode
1534 2382 1676 2437 enim
1703 2382 2012 2437 abscondita
2041 2392 2124 2439 est

534 2478 732 2549 iustitia
764 2486 850 2531 tua
883 2495 895 2531 :
922 2476 971 2529 in
1002 2475 1102 2529 fide
1129 2491 1214 2529 res
1260 2483 1374 2537 εει,
1422 2474 1662 2528 nondum
1695 2475 1748 2528 in
1781 2476 1979 2544 specie.
2008 2476 2122 2530 Ali-

535 2570 659 2638 quid
699 2568 873 2623 credis
918 2576 974 2620 ut
1021 2565 1219 2630 facias,
1271 2566 1506 2621 nomium
1539 2566 1688 2620 vides
1732 2565 1872 2635 quod
1919 2565 2116 2621 credis.

534 2663 666 2717 Cum
695 2671 870 2714 autem
916 2660 1144 2730 cmperis
1170 2659 1351 2715 videre
1375 2658 1515 2729 quod
1543 2657 1834 2722 credidisti,
1857 2657 2118 2713 educetur

537 2759 588 2812 in
617 2758 853 2811 Iumiuc'
876 2754 1076 2822 justitia
1096 2762 1219 2808 tua:
1245 2752 1362 2822 quia
1378 2752 1582 2822 jnstitia
1613 2761 1700 2806 tua
1731 2760 1846 2806 erat
1867 2749 2001 2807 fides
2028 2759 2118 2807 tua

533 2851 553 2918 (
587 2846 781 2900 lfabac.
812 2862 868 2907 ll,
889 2846 922 2898 ι
942 2845 980 2915 ).
1009 2842 1189 2897 Justus
1209 2843 1348 2897 enim
1370 2858 1433 2896 ex
1464 2842 1566 2896 fide
1593 2842 1719 2896 vivit
1747 2840 1965 2912 (Rom,
2002 2840 2116 2916 17).

604 2940 658 2991 7.
689 2936 753 2991 Et
782 2936 952 2990 educet
981 2935 1112 2989 velut
1139 2934 1307 2987 lumen
1314 2934 1572 3003 justitiam
1601 2942 1762 3000 tuam,
1793 2942 1840 2986 et
1859 2933 2118 3004 judicium

529 3041 668 3086 tuuin
701 3031 827 3084 sicut
858 3029 1116 3082 meridiem
1151 3042 1170 3080 :
1209 3026 1312 3081 hoc
1339 3034 1424 3080 est
1451 3025 1652 3081 clarum
1691 3025 1890 3081 lumen.
1917 3026 2115 3083 Parum

529 3132 646 3178 erat
673 3122 854 3177 dicere
877 3161 892 3184 ,
943 3128 996 3173 ut
1039 3116 1230 3172 lumen.
1261 3116 1462 3172 Lumen
1491 3117 1631 3173 enim
1655 3116 1764 3187 jam
1791 3117 2017 3173 dicimus
2060 3126 2117 3172 et

529 3231 648 3271 cum
676 3211 934 3276 albescit,
969 3196 1144 3264 lumen
1176 3208 1399 3264 dicimus
1426 3217 1625 3263 etcum
1661 3209 1743 3263 sol
1773 3209 1943 3264 oritur
1971 3227 1985 3264 :
2019 3209 2112 3264 sed

528 3321 796 3378 nunquam
846 3313 927 3359 cst
951 3303 1143 3358 clarior
1171 3301 1261 3355 lux
1287 3315 1444 3371 quam
1471 3299 1648 3355 medio
1673 3299 1778 3355 die.
1800 3299 1917 3355 Non
1937 3301 2112 3355 solum

525 3414 651 3470 ergo
679 3396 870 3452 educet
891 3394 1028 3448 sicut
1075 3395 1248 3448 lumen
1271 3390 1532 3460 justitiam
1569 3400 1743 3454 tuam,
1772 3390 1865 3444 sed
1894 3390 1995 3444 erit
2019 3393 2108 3459 ju-

524 3491 723 3546 dicium
750 3497 898 3541 tuum
934 3496 1181 3553 tanquam
1226 3482 1497 3538 meridies.
1548 3481 1704 3536 Modo
1733 3480 1873 3536 enim
1900 3481 2109 3552 judicas

522 3582 671 3653 sequi
696 3579 989 3640 Christum,
1022 3576 1125 3630 hoc
1174 3574 1536 3645 proposuisti,
1586 3573 1690 3629 hoc
1733 3573 1976 3645 elegisti,
2005 3573 2109 3628 hoc

521 3685 606 3731 est
625 3672 881 3745 judicium
924 3677 1071 3724 tuum
1098 3687 1114 3721 :
1145 3682 1301 3721 nemo
1349 3666 1440 3720 tibi
1469 3664 1701 3720 ostendit
1728 3665 1869 3735 quod
1900 3665 2111 3735 promi-

520 3768 591 3822 sit
620 3786 633 3820 :
664 3763 1043 3835 promissorem
1083 3758 1256 3812 adhuc
1286 3766 1437 3812 tenes
1459 3798 1474 3822 ,
1524 3756 1879 3811 exbibitorem
1924 3770 2107 3812 autem

522 3866 840 3927 exspectas:
874 3853 926 3907 in
966 3849 1168 3922 judicio
1202 3864 1331 3918 ergo
1377 3847 1502 3903 fidei
1549 3856 1655 3901 tua:
1699 3846 1904 3917 elegisti
1956 3846 2108 3917 sequi

521 3949 662 4022 quod
691 3962 794 4002 non
820 3943 988 4000 vides.
1023 3941 1076 3995 In
1122 3939 1436 3996 abscondito
1482 3948 1565 3993 est
1607 3935 1862 4008 judicium
1921 3947 2100 4004 tuum,

520 4042 694 4096 adhuc
722 4033 1134 4106 reprehenditur
1157 4041 1212 4087 et
1238 4030 1488 4086 irridetur
1511 4029 1582 4084 ab
1605 4028 1910 4084 infidelibus
1930 4046 1943 4083 :
1966 4028 2106 4096 Quid

519 4129 836 4189 credidisti?
864 4127 1000 4195 Quid
1027 4126 1118 4180 tibi
1141 4125 1383 4182 Christus
1408 4122 1696 4194 promisit?
1721 4122 1856 4188 Quia
1886 4122 2107 4176 immor-

519 4225 639 4280 talis
666 4221 791 4288 eris,
823 4230 877 4275 et
903 4219 1049 4272 dabit
1091 4216 1183 4270 tibi
1213 4217 1373 4270 vitam
1400 4213 1700 4270 aeternam?
1727 4214 1814 4268 ubi
1845 4223 1928 4269 est
1965 4213 2105 4270 hoc?

516 4316 729 4388 quando
746 4291 932 4368 da'bit?
961 4310 1172 4380 quando
1195 4308 1314 4363 ﬁeri
1343 4308 1561 4378 potest?
1589 4305 1808 4362 Judieas
1837 4314 2020 4361 tamen
2047 4317 2100 4362 tu

517 4408 686 4478 ntagis
705 4405 854 4475 sequi
884 4403 1152 4457 Christum
1184 4400 1581 4469 promittentem
1616 4395 1759 4467 quod
1792 4414 1900 4452 non
1926 4397 2105 4465 vides,

516 4513 672 4568 quam
725 4494 948 4562 impium
986 4488 1470 4560 reprehendentem
1523 4486 1820 4542 credidisse
1866 4496 1916 4542 te
1959 4491 2101 4557 quod

517 4589 752 4644 nondum
785 4585 949 4639 vides.
998 4583 1062 4636 Et
1101 4581 1204 4635 hoc
1230 4589 1308 4634 est
1333 4579 1590 4649 judicium
1622 4587 1773 4633 tuum
1805 4596 1819 4633 :
1861 4590 1916 4633 et
1944 4580 2099 4650 quale

514 4681 584 4734 sit
605 4677 858 4748 judicium
889 4686 1034 4730 tuum
1065 4715 1080 4738 ,
1112 4672 1289 4727 adhuc
1327 4687 1432 4726 non
1477 4679 1700 4742 apparet
1729 4688 1742 4725 :
1773 4671 1825 4725 in
1867 4672 1969 4726 isto
1994 4687 2098 4726 sae-

513 4772 633 4827 culo
662 4767 812 4838 quasi
865 4781 970 4821 nox
1012 4774 1115 4819 est.
1173 4762 1398 4831 Quando
1423 4777 1554 4832 ergo
1602 4762 1794 4817 educet
1833 4763 2095 4833 judicium

514 4871 661 4915 tutnn
693 4858 836 4926 velut
864 4855 1183 4910 meridiem?
1210 4855 1340 4909 Cttm
1369 4853 1614 4908 Christus
1643 4854 1952 4923 apparuerit
1990 4854 2096 4908 vita

512 4959 725 5014 nostra,
773 4957 899 5000 tunc
943 4954 997 4999 ct
1024 4958 1119 4998 vos
1144 4958 1265 4998 cum
1314 4944 1428 5013 ipso
1453 4944 1778 5012 apparebitis
1824 4944 1875 4997 in
1925 4946 2096 5015 gloria

511 5042 731 5113 (Coloss.
761 5056 839 5106 ιιι,
869 5039 945 5110 4).
973 5037 1108 5093 Cum
1151 5037 1356 5092 venerit
1396 5037 1582 5108 judicii
1612 5039 1729 5094 dies
1749 5079 1767 5107 ,
1810 5049 1865 5094 et
1890 5041 2099 5095 venerit

509 5134 776 5193 Christus,
810 5140 863 5186 et
890 5131 1295 5201 congregaverit
1329 5144 1516 5185 omnes
1538 5140 1724 5201 gentes
1757 5131 2092 5200 judicandas,

509 5225 633 5294 quid
658 5224 760 5278 erit
783 5221 951 5276 tunc?
979 5222 1176 5290 Impius
1201 5220 1285 5274 ubi
1313 5219 1604 5274 abscondet
1625 5220 1897 5290 perfidiam
1919 5238 2092 5291 suam,

507 5330 627 5369 cum
648 5313 828 5368 videro
849 5311 1007 5367 fidem
1032 5310 1244 5366 meam?
1273 5312 1412 5381 Ergo
1435 5311 1593 5365 modo
1611 5311 1775 5380 quid?
1801 5313 2089 5394 Angustias,

507 5406 877 5461 tribulationes
899 5413 956 5459 et
993 5401 1334 5458 tentationes.
1360 5403 1426 5457 Et
1453 5404 1640 5458 beatus
1669 5405 1758 5474 qui
1785 5406 2038 5475 perdurat
2074 5426 2090 5462 :

570 5565 586 5596 ¹
621 5567 694 5613 sic
716 5572 817 5613 Mss.
842 5570 895 5612 Αι
917 5562 1050 5618 Edd.,
1075 5560 1362 5623 praeparari.

568 5628 588 5657 ¹
620 5629 839 5688 quinque
862 5632 952 5673 uss
975 5659 990 5685 ,
1025 5623 1075 5673 in
1099 5624 1275 5674 lumen.

500 5739 554 5782 s.
574 5735 789 5795 Cypriani
815 5749 827 5784 :
854 5748 948 5799 qua
972 5737 1020 5811 in
1041 5737 1236 5811 civitate
1260 5735 1568 5811 ltosqu‘oque
1592 5749 1745 5811 super
1770 5737 2006 5811 psalmum
2027 5742 2090 5793 36

507 5807 760 5847 sermones
782 5798 1114 5858 pronuntiatos
1136 5800 1285 5849 fuisse
1311 5798 1558 5863 intelliges
1576 5798 1720 5852 variis
1737 5798 1800 5852 ex
1820 5803 1955 5854 locis.

1765 345 1821 397 S.
1865 342 1904 396 Α
1919 339 2231 398 CCUSTINI
2277 340 2571 398 EPlSCOI‘l

3735 360 3835 418 360

2246 458 2368 526 quia
2413 458 2503 526 qui
2533 462 2958 528 perseveraverit
2989 479 3156 537 usque
3201 467 3251 522 in
3294 469 3475 538 linem,
3523 470 3614 528 hic
3656 473 3832 530 salvat

2245 546 2347 602 erit
2369 545 2582 618 (Matth.
2612 564 2762 615 xxtv,
2793 553 2906 622 13).
2957 553 3232 611 Neccedat
3269 558 3712 627 insultatoribus,
3765 581 3831 622 ιιι

2244 635 2406 708 eligat
2444 637 2528 693 hic
2557 637 2748 695 ﬂorere
2770 643 2860 695 ut‘
2883 659 2948 697 ex
2978 645 3170 702 arbore
3199 649 3395 703 fanum
3425 652 3533 706 fiat.

2317 727 2371 783 8.
2400 727 2554 800 [vers.
2577 730 2722 805 7-9.]
2743 732 2878 800 Quid
2904 734 3059 804 igitur
3075 736 3284 793 debeo?
3309 739 3444 807 Quid
3463 742 3660 799 debeas
3676 744 3828 802 audis

2245 818 2488 875 Subditus
2513 832 2618 876 esto
2643 821 2881 891 Domino,
2905 835 2951 880 et
2977 828 3178 883 obsecra
3197 847 3331 884 eum.
3362 831 3474 888 Hoc
3497 834 3566 890 sit
3586 836 3690 890 vita
3715 848 3825 901 tua,

2242 907 2461 965 obedire
2493 913 2771 982 praeceptis
2797 916 2933 984 ejus.
2978 916 3091 973 Hoc
3128 927 3210 973 est
3257 922 3398 976 enim
3436 923 3703 978 subditum
3753 926 3829 981 il‘.

2243 1014 2382 1067 esse,
2419 1012 2474 1058 et
2513 1002 2816 1068 obsecrare,
2843 1005 3014 1062 donec
3039 1009 3131 1065 det
3154 1010 3294 1080 quod
3337 1013 3596 1083 promisit.
3645 1016 3833 1073 Perseo

2241 1101 2392 1148 veret
2431 1093 2626 1150 bonum
2655 1112 2810 1164 Opus,
2840 1112 3142 1167 perseveret
3161 1112 3215 1158 et
3235 1107 3424 1160 oratio.
3448 1107 3666 1176 Oportet
3686 1110 3824 1164 eniti

2240 1197 2452 1254 semper
2487 1199 2640 1240 orare
2662 1228 2676 1253 ,
2722 1197 2777 1242 ει
2819 1203 2922 1242 non
2962 1190 3189 1247 deiicere
3231 1193 3399 1263 (Luc.
3432 1211 3589 1263 mn,
3621 1199 3644 1252 1
3679 1202 3720 1268 ).
3771 1200 3824 1258 is

2242 1286 2350 1343 quo
2377 1289 2602 1344 appares
2629 1278 2908 1333 subditus?
2948 1279 3215 1338 Faciendo
3255 1286 3394 1356 quod
3422 1292 3690 1360 pra-cepit.
3722 1290 3822 1347 Se.

2240 1367 2542 1421 mercedem
2573 1368 2809 1424 nondum
2838 1372 3056 1442 accipis,
3082 1373 3216 1430 forte
3235 1377 3356 1446 quia
3382 1394 3574 1450 capere
3595 1383 3824 1437 nonduin

2238 1464 2412 1525 potes.
2440 1456 2556 1513 iam
2579 1459 2718 1514 enim
2743 1460 2831 1516 ille
2858 1471 3031 1532 potest
3052 1464 3199 1532 dare,
3228 1467 3322 1523 sed
3353 1477 3407 1524 tu
3433 1485 3535 1526 non
3565 1481 3712 1540 potes
3739 1457 3828 1528 ae-

2238 1549 2433 1619 cipere.
2465 1550 2729 1608 Exercere
2750 1554 3021 1623 operibus,
3040 1557 3222 1615 labora
3251 1559 3307 1615 in
3333 1563 3485 1618 vinea
3518 1582 3531 1618 :
3565 1564 3718 1618 finito
3741 1564 3828 1621 die

2238 1646 2359 1707 pete
2393 1642 2695 1696 mercedem
2731 1660 2744 1697 :
2774 1642 2946 1702 fidelis
2973 1653 3057 1703 est
3081 1649 3171 1718 qui
3202 1660 3254 1705 te
3280 1651 3501 1709 adduxit
3524 1657 3590 1710 ad
3618 1658 3824 1718 vineam

2239 1727 2449 1799 (Matth.
2481 1747 2573 1798 xx,
2593 1733 2667 1805 8).
2701 1733 2946 1790 Subditus
2968 1748 3074 1793 esto
3096 1737 3346 1808 Dontino,
3383 1754 3427 1798 et
3457 1746 3661 1802 obsecra
3686 1765 3822 1806 eum.

2307 1820 2360 1876 9.
2403 1821 2540 1878 Ecce
2571 1823 2739 1891 facio;
2781 1827 3024 1884 subditus
3066 1845 3186 1887 sum
3229 1833 3475 1903 Domino,
3516 1847 3572 1894 et
3597 1839 3825 1898 obsecro

2235 1928 2378 1969 eum.
2423 1915 2527 1972 Sed
2571 1917 2698 1989 quid
2744 1920 2840 1975 tibi
2883 1922 3130 1980 videtur?
3179 1925 3394 1984 Vicinus
3436 1931 3526 1987 ille
3566 1947 3819 2004 nequam,

2233 2006 2374 2060 male
2397 2022 2561 2079 agens
2585 2017 2639 2064 et
2665 2008 2864 2067 ﬂorens
2889 2022 3001 2079 est;
3041 2014 3179 2070 furta
3213 2017 3329 2087 ejus
3347 2060 3362 2086 ,
3389 2019 3648 2079 adulteria
3678 2027 3818 2096 ejus,

2232 2097 2446 2166 rapinas
2473 2099 2587 2168 ejus
2623 2117 2722 2172 ego
2747 2104 2903 2169 novi;
2942 2106 2993 2159 in
3037 2108 3284 2164 omnibus
3315 2113 3505 2183 elatus,
3530 2118 3818 2191 superbus,

2232 2206 2327 2261 per
2353 2193 2683 2263 iniquitatem
2711 2199 2971 2254 exaltatus
2991 2215 3096 2255 non
3124 2217 3208 2258 me
3223 2203 3468 2275 dignatur
3486 2223 3776 2281 agnoscere
3800 2233 3816 2268 :

2230 2283 2282 2337 in
2312 2282 2395 2339 his
2423 2285 2691 2355 quomodo
2711 2287 2953 2346 durabo?
2973 2289 3186 2348 Morbus
3211 2294 3302 2350 ille
3323 2306 3422 2363 est,
3445 2298 3566 2355 bibe
3587 2315 3774 2360 contra
3800 2323 3816 2361 :

2231 2371 2316 2428 Ne
2338 2374 2682 2432 suba'muleris
2705 2395 2822 2433 eum
2848 2381 2934 2449 qui
2972 2394 3300 2452 prosperatur
3331 2386 3384 2441 in
3413 2389 3493 2443 uia
3527 2407 3640 2446 sua.
3687 2393 3819 2450 Pro-

2228 2474 2491 2534 speratur,
2519 2468 2614 2522 sed
2643 2469 2693 2522 in
2715 2471 2796 2524 via
2818 2485 2911 2525 sua
2942 2490 2955 2526 :
2983 2472 3214 2543 laboras,
3247 2477 3342 2533 sed
3387 2479 3440 2534 in
3480 2482 3560 2536 via
3587 2483 3704 2539 Dei.
3736 2485 3818 2544 llii

2228 2560 2552 2630 prosperitas
2581 2561 2632 2614 in
2663 2565 2745 2616 via
2774 2573 2874 2628 est,
2907 2565 2958 2618 in
2987 2569 3332 2635 perventione
3359 2570 3642 2632 infelicitas
3672 2595 3686 2630 :
3717 2580 3815 2636 tibi

2226 2650 2377 2707 labor
2431 2652 2485 2707 in
2544 2655 2667 2720 via,
2725 2655 2779 2711 in
2837 2659 3184 2726 perventione
3233 2661 3499 2733 felicitas;
3561 2671 3815 2739 quoniam

2225 2741 2330 2797 iter
2359 2744 2640 2813 impiorum
2671 2747 2880 2814 peribit.
2913 2748 3070 2803 Novit
3098 2751 3357 2810 Dominus
3383 2755 3487 2812 iras
3508 2758 3813 2829 justorum,

2224 2842 2281 2887 et
2326 2832 2429 2889 iter
2476 2835 2757 2904 impiorum
2808 2840 3002 2909 peribit
3053 2838 3240 2912 (Psal.
3285 2861 3336 2911 ι,
3387 2846 3487 2918 6).
3536 2848 3644 2908 Has
3700 2852 3814 2911 vias

2223 2923 2464 2980 ambulas
2509 2941 2642 2996 quas
2691 2931 2844 2983 novit
2879 2930 3175 2999 Dominus;
3207 2943 3261 2990 et
3293 2936 3336 2991 si
3375 2937 3587 2996 laboras
3622 2941 3675 2997 in
3705 2944 3807 3011 eis,

2223 3031 2331 3071 non
2361 3027 2410 3072 te
2437 3017 2623 3073 fallunt
2643 3021 2687 3073 '.
2725 3019 2822 3075 Via
2848 3037 2975 3078 vero
2995 3023 3276 3095 impiorum
3303 3026 3525 3086 felicitas
3554 3033 3811 3090 transito-

2221 3107 2298 3161 ria
2328 3124 2342 3162 :
2376 3108 2522 3163 ﬁnita
2553 3110 2637 3164 via
2655 3151 2670 3175 ,
2698 3120 2911 3181 peracta
2937 3121 3021 3169 est
3052 3114 3294 3172 felicitas.
3321 3117 3538 3186 Quare?
3560 3121 3694 3192 Quia
3724 3127 3810 3184 via

2220 3201 2305 3256 illa
2339 3201 2442 3257 lata
2468 3212 2569 3270 est,
2602 3204 2720 3260 linis
2751 3205 2868 3276 ejus
2893 3206 2947 3261 in
2975 3207 3295 3278 profundum
3320 3211 3508 3269 inferni
3539 3217 3808 3285 perducit.

2223 3291 2315 3347 Via
2337 3309 2465 3346 vero
2483 3304 2569 3348 tua
2585 3303 2806 3365 angusta
2825 3305 2929 3364 est,
2947 3307 3000 3352 et
3017 3298 3168 3367 pauci
3188 3301 3552 3370 ingrediuntur
3569 3321 3667 3378 per
3685 3324 3807 3366 eam

2219 3382 2239 3455 (
2262 3383 2446 3439 Matth.
2473 3403 2564 3451 vn,
2590 3389 2676 3455 l5,
2706 3389 2806 3460 li)
2836 3406 2850 3443 ε
2878 3389 2972 3445 sed
2995 3391 3063 3445 ad
3084 3407 3241 3461 quam
3267 3394 3594 3453 latitudinem
3613 3415 3806 3470 perve-

2219 3478 2364 3531 niant
2376 3478 2396 3508 ³
2416 3479 2579 3534 debes
2593 3481 2846 3550 cogitare.
2864 3480 2947 3537 Ne
2955 3483 3297 3541 submuleris
3309 3503 3423 3542 eum
3436 3493 3522 3560 qui
3535 3509 3805 3562 prospera-

2217 3578 2300 3622 tur
2326 3571 2376 3624 in
2398 3571 2477 3624 cia
2498 3589 2610 3625 sua.
2640 3572 2706 3629 In
2733 3573 2934 3628 homine
2961 3577 3177 3645 faciente
3191 3579 3521 3649 iniquitatem,
3556 3588 3722 3641 desint
3741 3588 3804 3642 ob

2216 3660 2312 3727 ira,
2330 3672 2375 3715 et
2393 3661 2678 3730 derelinque
2700 3666 2922 3731 furorem
2934 3664 2976 3719 ⁸.
2999 3666 3136 3735 Quid
3157 3671 3537 3726 stomacharis?
3559 3673 3693 3739 Quid
3709 3687 3804 3745 per

2216 3752 2542 3807 iracundiam
2572 3765 2624 3808 et
2654 3754 3068 3826 indignationem
3097 3759 3253 3815 istam
3294 3776 3384 3816 aut
3426 3763 3762 3835 blasphemas
3784 3809 3804 3835 ,

2214 3854 2305 3897 aut
2327 3858 2489 3913 prope
2516 3844 2885 3915 blasphemas?
2911 3848 2978 3902 In
2997 3849 3200 3906 homine
3222 3853 3435 3923 faciente
3453 3855 3801 3929 iniquitatem,

2213 3932 2381 3989 desine
2418 3936 2481 3988 ab
2517 3935 2629 4002 ira,
2674 3945 2719 3991 et
2761 3937 3048 4010 derelinque
3092 3944 3336 4014 furorem.
3378 3945 3564 4003 Nescis
3600 3967 3710 4021 qtto
3749 3963 3804 4010 te

2214 4035 2468 4094 provocet
2499 4026 2576 4082 ira
2614 4027 2754 4083 ista?
2799 4031 3046 4088 Dicturus
3076 4048 3136 4090 es
3171 4036 3280 4092 Deo
3303 4039 3425 4108 quia
3454 4039 3665 4113 iniquus
3691 4057 3800 4112 est,

2211 4117 2339 4173 illuc
2362 4118 2552 4188 pergit.
2601 4121 2739 4176 Ecce
2767 4121 2858 4178 ille
2882 4140 3048 4196 quare
3074 4126 3200 4184 felix
3230 4138 3315 4185 est
3337 4172 3352 4197 ,
3391 4141 3447 4188 et
3489 4134 3576 4190 ille
3613 4138 3799 4196 infelix

2211 4209 2326 4263 est?
2367 4209 2503 4266 Vide
2527 4211 2652 4281 quid
2684 4213 2895 4282 pariat:
2928 4217 3098 4274 oﬁ'oca
3144 4221 3336 4276 malam
3369 4221 3797 4296 conceptionem.

2209 4298 2397 4354 Desine
2423 4300 2485 4354 ab
2511 4301 2611 4367 ira,
2638 4312 2684 4356 et
2705 4305 2992 4379 derelinth
3017 4309 3434 4381 indignationem,
3455 4325 3512 4372 ut
3527 4318 3638 4388 jam
3663 4324 3798 4377 resi-

2209 4391 2420 4460 piscens
2465 4391 2612 4448 dicas
2658 4409 2671 4446 :
2717 4393 2967 4451 Turbatus
3013 4409 3085 4452 est
3139 4418 3247 4473 pra:
3297 4404 3378 4457 ira
3428 4407 3606 4464 oculus
3647 4427 3794 4468 meus

2209 4481 2395 4555 (Psal.
2449 4499 2533 4546 vr,
2588 4485 2684 4556 8).
2739 4487 2868 4555 Quis
2915 4491 3120 4558 oculus,
3172 4493 3274 4549 nisi
3315 4495 3476 4551 fidei?
3520 4498 3798 4574 Interrogo

2206 4576 2417 4630 oculum
2449 4576 2570 4631 lldei
2599 4590 2739 4633 tum:
2767 4579 3047 4636 Credidisti
3077 4583 3130 4638 in
3154 4583 3460 4656 Christum;
3486 4605 3650 4660 quare
3674 4609 3796 4650 ere»

2205 4668 2421 4724 didisti?
2449 4669 2584 4735 Quid
2623 4671 2715 4726 tibi
2749 4673 3028 4742 promisit?
3054 4674 3109 4731 Si
3135 4676 3443 4737 felicitatem
3483 4684 3661 4739 Steculi
3693 4687 3795 4741 btt-

2201 4760 2288 4830 jus
2328 4761 2422 4815 tibi
2467 4763 2708 4830 promisit
2749 4763 3022 4830 Christus,
3056 4783 3326 4825 murmura
3352 4770 3606 4828 adversus
3635 4773 3794 4832 Chri-

2204 4859 2368 4911 stum,
2388 4866 2659 4906 murmura
2698 4853 2954 4910 adversus
2989 4856 3159 4922 illum,
3187 4859 3401 4929 quando
3426 4862 3571 4918 vides
3601 4865 3794 4923 inlide-

2205 4943 2310 4997 lem
2339 4941 2568 4998 felicem.
2600 4944 2739 5013 Quid
2769 4947 2862 5002 tibi
2887 4950 3132 5018 promisit
3168 4951 3472 5010 felicitatis?
3514 4955 3649 5022 Quid
3687 4962 3790 5015 nisr

2204 5033 2257 5089 in
2279 5035 2668 5092 resurrectione
2688 5041 3056 5094 mortuorum?
3081 5040 3214 5108 Quid
3243 5053 3420 5100 autem
3441 5046 3492 5100 in
3511 5047 3611 5103 bac
3635 5049 3745 5104 vita
3767 5051 3790 5105 2

2202 5127 2353 5194 Quod
2378 5127 2492 5197 ipse
2520 5145 2535 5180 :
2567 5129 2708 5199 quod
2739 5130 2870 5200 ipse,
2889 5131 3125 5204 inquam.
3150 5134 3234 5189 An
3253 5135 3576 5208 dedignaris,
3605 5154 3792 5208 serve,

2201 5217 2485 5290 discipule,
2511 5219 2654 5290 quod
2681 5220 2960 5290 Dominus,
2990 5224 3134 5295 quod
3160 5227 3410 5298 magister
3430 5229 3454 5261 ⁸
3467 5230 3491 5284 ?
3509 5230 3700 5290 Nonne
3718 5236 3796 5292 ab

2265 5373 2282 5441 ξ
2323 5383 2420 5441 Am.
2448 5384 2500 5426 et
2518 5382 2648 5435 Mm,
2671 5381 2718 5429 et
2748 5391 2813 5428 ea:
2834 5378 3022 5441 arbore,
3050 5391 3144 5433 etc.

2262 5436 2398 5521 'usic‘
2411 5450 2583 5521 omnes
2603 5452 2755 5521 prope
2792 5447 2900 5521 uss.
2919 5451 2990 5521 ..ξι
3011 5436 3142 5521 ᾔδειτε
3175 5455 3270 5521 nos
3291 5448 3393 5500 vias
3414 5450 3633 5514 ambula,
3668 5466 3793 5521 quas

2197 5497 2328 5571 norit
2337 5498 2583 5571 _Dominus
2601 5497 2618 5562 ξ
2639 5497 2749 5571 et'si
2770 5503 2986 5554 ambulas
3007 5505 3058 5556 in
3078 5506 3168 5568 eis,
3201 5518 3296 5560 etc.

2263 5561 2281 5592 ³
2314 5567 2440 5616 uss,
2464 5561 2721 5623 perveniat.

2261 5623 2280 5693 ξ
2313 5623 2529 5693 nonnulli
2552 5631 2655 5672 Mss.
2683 5633 2974 5693 constanter,
3001 5626 3391 5693 indignatimtem.

2259 5682 2588 5765 Lageam:
2609 5694 2714 5765 es;
2738 5682 3026 5765 sese:
3054 5682 3176 5765 ριίειε
3198 5682 3358 5765 ψη
3380 5699 3431 5765 ςη
3460 5699 3556 5747 παι
3574 5699 3782 5765 nam

2195 5743 2329 5824 teris,
2354 5743 2590 5824 quoa—nim
2614 5747 2734 5815 ipse,
2825 5761 2934 5809 qua:
3137 5743 3428 5824 dedignaris
3456 5743 3780 5822 Euclide}-

2193 5805 2322 5872 pule,
2345 5819 2488 5870 quant
2511 5805 2759 5872 Dominus,
2784 5805 2927 5876 quam
2950 5805 3224 5879 maéister.’
