3978 6320
124 383 208 439 36!

121 609 186 652 est
204 595 492 668 discipulus
503 598 986 667 supermagistrum
999 597 1184 669 (Joan.
1210 614 1328 662 xm,
1349 596 1478 668 16)?
1498 595 1590 651 Ille
1603 610 1700 666 pro

124 701 170 744 te
190 690 404 744 dolores
429 688 667 760 ﬂagella,
697 689 1015 760 Opprobria,
1046 704 1283 753 crucem,
1314 695 1544 742 mortem
1569 701 1698 756 pas-

122 798 206 838 sus
228 792 330 838 est.
383 783 447 836 Et
487 782 622 852 quid
658 783 854 838 horum
878 780 1030 850 justo
1055 780 1389 835 debebatur?
1414 779 1543 849 quid
1589 794 1696 832 non

123 875 207 930 tibi
231 874 503 944 peccatori
532 875 863 929 debebatur?
887 873 1031 943 Ergo
1055 880 1180 928 tene
1202 871 1468 926 directum
1481 870 1694 931 oculum

117 992 274 1043 tuum,
297 992 363 1031 ne
390 977 636 1032 turbetur
660 993 768 1046 prae
785 980 862 1030 ira
892 995 906 1030 :
933 973 1197 1030 Desineab
1222 975 1318 1040 ira,
1337 983 1383 1028 et
1403 972 1693 1042 derelinque

114 1069 517 1140 indignationem.
551 1067 632 1121 Ne
649 1069 994 1123 subtcmuleris
1014 1078 1068 1120 ut
1086 1068 1304 1138 maligne
1323 1065 1485 1135 facias
1503 1080 1521 1119 :
1538 1065 1689 1135 quasi

119 1158 356 1213 imitando
383 1175 510 1214 eum
539 1161 629 1229 qui
655 1159 885 1230 maligne
906 1157 1151 1212 faciendo
1177 1157 1334 1212 ﬂoret
1360 1157 1424 1211 ad
1458 1166 1686 1225 tempus.

122 1247 193 1302 Ne
213 1249 580 1316 suba'muleris,
605 1260 660 1303 ut
684 1249 908 1320 maligne
935 1251 1116 1321 facias.
1153 1249 1406 1313 Quoniam
1430 1248 1517 1318 qui
1542 1248 1691 1300 ntali-

117 1358 201 1412 gne
221 1351 390 1411 agunt,
422 1341 907 1394 exlerminubtmtttr.
929 1341 1032 1396 Sed
1064 1339 1370 1394 felicitatem
1396 1353 1583 1394 eorum
1612 1340 1689 1392 vi-

116 1434 222 1487 deo.
254 1433 421 1487 Crede
443 1433 520 1487 illi
547 1434 637 1503 qui
662 1433 790 1488 dicit
822 1451 834 1486 :
858 1432 1349 1488 Exterminabuntur
1379 1447 1398 1486 :
1424 1435 1546 1502 quia
1572 1448 1686 1486 me-

119 1527 209 1580 lius
245 1525 327 1580 ille
360 1525 508 1580 videt
535 1541 691 1594 quam
716 1535 792 1591 tu,
825 1527 974 1596 cujus
995 1526 1207 1580 oculum
1239 1525 1451 1579 turbare
1478 1526 1553 1579 ira
1582 1541 1687 1578 non

118 1630 290 1686 potest.
323 1619 578 1687 Quoniam
606 1621 692 1690 qui
729 1620 950 1691 maligne
979 1628 1138 1690 agunt
1158 1662 1172 1681 ,
1203 1617 1686 1672 exterminabuntur.

120 1710 411 1764 Sustinentes
433 1721 604 1764 autem
637 1709 931 1764 Dominum.
969 1708 1085 1764 Non
1116 1709 1258 1764 enim
1286 1709 1517 1779 aliquem
1542 1707 1692 1762 {alla-

117 1817 238 1864 cem,
269 1802 359 1856 sed
389 1803 575 1872 utique
603 1803 768 1871 ipsam
797 1803 1074 1857 veritatem
1107 1820 1120 1855 :
1154 1816 1260 1856 non
1291 1802 1435 1856 enim
1456 1800 1686 1870 aliquem

119 1893 274 1946 minus
294 1894 583 1960 valentem,
614 1893 707 1948 sed
737 1893 918 1963 utique
942 1894 1384 1962 omnipotentem.
1419 1891 1688 1948 Sustinea-

118 1995 179 2038 ιρι
195 1995 352 2037 autent
374 1983 672 2050 Dominum,
692 1985 789 2052 ipsi
813 1985 1109 2039 hereditate
1128 1986 1454 2054 possidebunt
1480 1994 1685 2039 terram.

117 2078 263 2141 Quam
289 2085 484 2131 terram
513 2119 528 2140 ,
558 2077 657 2131 nisi
681 2077 821 2132 illam
852 2076 1178 2144 Jerusalem,
1206 2076 1359 2146 cujus
1383 2091 1570 2132 amore
1593 2076 1684 2147 qui

117 2167 404 2231 exardescit,
436 2167 713 2236 perveniet
739 2167 805 2223 ad
837 2168 1066 2238 pacem?

177 2259 254 2314 i0.
288 2257 436 2332 [rem
465 2258 580 2332 10.]
604 2259 975 2330 Sedquamdin
1007 2269 1256 2331 peceator
1285 2260 1476 2314 ﬂoret?
1499 2275 1687 2329 quum-

115 2349 192 2404 diu
219 2352 524 2407 sustinebo?
562 2351 848 2408 Festinas:
880 2352 989 2407 cito
1013 2353 1118 2409 erit
1147 2353 1287 2422 quod
1323 2353 1414 2406 tibi
1453 2352 1541 2407 diu
1579 2363 1681 2406 est.

119 2441 374 2496 lnlirmitas
397 2440 522 2496 facit
552 2443 641 2496 diu
673 2442 840 2497 videri
867 2443 1009 2513 quod
1033 2444 1140 2497 cito
1164 2453 1265 2497 est.
1297 2443 1576 2510 Quomodo
1603 2444 1686 2498 in-

118 2534 372 2587 veniuntur
392 2533 666 2589 desideria
696 2533 1051 2604 argrotorum?
1088 2533 1227 2588 Nihil
1258 2533 1482 2600 tamdiu,
1520 2549 1679 2604 quam

119 2632 166 2677 ut
185 2624 312 2678 calix
338 2624 539 2680 sitienti
569 2632 915 2695 temperetur.
945 2622 1140 2695 Utique
1164 2623 1447 2680 festinatur
1472 2640 1501 2677 a
1532 2624 1678 2690 suis,

117 2729 174 2766 nc
199 2713 325 2770 forte
339 2714 643 2769 olfendatur
661 2713 922 2770 inllrmns.
955 2714 1178 2783 Quando
1206 2716 1334 2771 lict?
1359 2715 1574 2786 quando
1597 2731 1681 2771 co-

117 2805 319 2870 quetur?
345 2805 559 2874 quando
587 2804 838 2859 dabitur?
861 2803 1122 2859 Celeritas
1146 2815 1229 2861 est
1258 2806 1310 2860 in
1339 2805 1443 2859 illis
1467 2807 1556 2876 qui
1584 2807 1678 2861 tibi

116 2879 486 2961 mrvinntised
537 2897 821 2952 inﬁrmitas
861 2908 947 2950 tua
978 2897 1298 2951 .diuturnntn
1345 2908 1493 2969 putat
1535 2899 1681 2969 quod

113 2986 207 3036 cito
228 2987 412 3056 agitur.
449 2987 592 3057 Ergo
618 2986 794 3041 videte
823 2987 1088 3040 medicum
1121 2998 1362 3042 nostrum
1393 2989 1679 3043 blandien-

115 3084 206 3128 tem
233 3077 433 3132 inlirmo
447 3077 648 3133 dicenti
674 3096 686 3132 :
710 3077 973 3145 Quamdiu
994 3077 1234 3149 durabo?
1260 3079 1512 3148 quamdiu
1537 3080 1681 3135 erit?

120 3165 172 3217 lit
197 3168 349 3222 adhuc
367 3169 633 3240 pusillum,
667 3179 714 3223 et
732 3185 831 3222 non
860 3169 952 3222 erit
973 3180 1221 3238 peccator.
1257 3171 1399 3225 Inter
1427 3183 1678 3242 peccato-

117 3273 191 3312 res
222 3271 356 3334 certe
396 3261 590 3330 gemis,
633 3259 700 3314 de
740 3269 1022 3330 peccatore
1067 3263 1238 3331 gemis
1270 3279 1284 3314 :
1313 3264 1586 3332 pusillum,
1623 3276 1679 3323 et

119 3365 206 3402 non
229 3353 339 3404 erit.
371 3351 446 3406 Ne
487 3351 660 3417 forte,
691 3352 812 3422 quia
847 3351 939 3405 tibi
980 3352 1087 3405 dixi
1109 3395 1124 3415 ,
1157 3352 1472 3409 Sustinentes
1511 3369 1680 3411 autem

121 3441 380 3509 Dominum,
411 3444 511 3514 ipsi
545 3445 841 3497 hereditate
869 3443 1190 3513 possidebunt
1216 3455 1422 3510 terram,
1459 3463 1526 3500 ne
1556 3462 1678 3500 sus-

117 3535 361 3588 tinentium
409 3535 564 3589 istam
611 3535 974 3604 longissimam
1021 3545 1205 3602 putes;
1251 3537 1517 3590 modicum
1550 3520 1677 3591 sus-

117 3627 240 3690 tine,
268 3629 376 3682 sine
407 3630 512 3681 line
540 3628 772 3697 accipies
809 3626 950 3696 quod
992 3627 1242 3680 sustines.
1292 3628 1482 3682 Adhuc
1513 3631 1676 3696 pusil-

117 3716 210 3768 lum
238 3737 252 3769 .
280 3720 563 3772 mtidicum.
599 3717 793 3773 Recole
815 3732 986 3771 annuos
1012 3718 1081 3770 ab
1113 3718 1280 3772 Adam
1309 3735 1475 3789 nSqne
1500 3722 1552 3774 in
1583 3721 1679 3774 lio-

116 3808 330 3863 diernum
356 3810 518 3877 diem,
541 3825 795 3880 percurre
817 3809 1118 3879 Scripturas
1143 3829 1155 3862 :
1189 3812 1300 3866 heri
1333 3829 1466 3880 pene
1494 3814 1582 3869 ille
1607 3815 1676 3870 de

118 3901 334 3969 pradiso
372 3902 552 3971 lapsus
591 3911 692 3956 est.
730 3900 831 3955 'l'ot
873 3902 1066 3956 scenda
1109 3918 1326 3958 emensa
1368 3915 1422 3958 et
1458 3906 1674 3960 evoluta

117 3999 239 4043 sunt.
268 3989 360 4047 Ubi
387 4001 510 4046 sunt
534 3992 800 4062 prmterita
837 3992 1120 4060 tempora?
1144 3992 1231 4047 Sic
1257 4009 1418 4063 pauca
1442 4012 1560 4065 qua:
1585 4013 1674 4051 re-

117 4091 253 4148 stant,
277 4085 448 4154 utique
471 4083 793 4138 transibunt.
827 4083 882 4138 Si
914 4093 1026 4138 toto
1054 4084 1147 4139 illo
1177 4097 1415 4157 tempore
1442 4090 1670 4155 viveres,

119 4189 174 4228 ex
197 4190 292 4245 quo
315 4177 480 4231 Adam
512 4176 579 4231 de
607 4176 853 4246 paradiso
877 4177 1130 4233 dimissus
1158 4189 1241 4233 est
1264 4194 1435 4251 usque
1477 4182 1528 4235 in
1573 4185 1671 4236 ho-

117 4265 326 4321 diernum
357 4268 534 4334 diem;
565 4277 711 4323 certe
738 4268 945 4324 videres
972 4269 1134 4322 vitam
1175 4278 1318 4323 tuam
1360 4286 1465 4324 non
1509 4272 1673 4328 fuisse

117 4361 384 4418 diuturnam
402 4405 417 4429 ,
451 4380 571 4434 qua:
601 4364 676 4418 sic
703 4365 987 4418 arolassct.
1017 4363 1187 4420 Unius
1208 4376 1385 4421 autem
1413 4368 1670 4438 cujusque

120 4453 312 4508 hominis
336 4458 442 4511 vita
479 4465 678 4528 quanta
720 4456 839 4511 est?
879 4457 1034 4511 Adde
1075 4457 1435 4527 quantoslibet
1474 4475 1667 4525 annos,

117 4545 198 4599 diu:
224 4547 572 4621 longissimam
604 4557 934 4604 senectutem
955 4591 971 4614 ,
1000 4549 1126 4620 quid
1156 4550 1272 4604 est?
1310 4550 1495 4604 Nonne
1538 4566 1668 4605 aura

116 4636 182 4688 est
205 4640 480 4694 matutina?
507 4640 650 4710 Ergo
679 4641 834 4710 longe
859 4640 928 4694 sit
949 4640 1064 4694 dies
1087 4639 1295 4709 judicii,
1327 4641 1540 4710 quando
1565 4644 1668 4696 erit

117 4731 354 4787 retributio
393 4733 712 4808 injustorum
761 4742 815 4787 et
854 4733 1118 4800 justorum
1151 4751 1165 4789 :
1196 4743 1317 4788 tuus
1360 4746 1506 4790 certe
1550 4735 1667 4790 dies

117 4824 299 4881 ultimus
316 4827 468 4898 longe
489 4828 679 4882 abesse
700 4841 807 4881 non
832 4837 1025 4897 potest.
1056 4827 1137 4880 Ad
1163 4828 1303 4881 hunc
1327 4838 1380 4882 te
1403 4844 1662 4898 prmpara.

115 4911 264 4980 Qualis
286 4917 419 4970 enim
447 4917 645 4972 exieris
672 4917 741 4972 de
773 4916 872 4970 hac
907 4916 1035 4982 vita,
1064 4917 1184 4970 talis
1213 4917 1452 4972 redderis
1480 4919 1552 4973 illi
1583 4921 1662 4973 vi—

117 5010 184 5055 taz.
225 5005 338 5059 Post
359 5008 516 5060 vitam
547 5007 700 5061 istam
739 5021 953 5075 parvam
983 5006 1219 5060 nondum
1249 5007 1356 5061 eris
1389 5010 1473 5062 ubi
1503 5019 1664 5063 erunt

99 5097 270 5156 osaucti.
299 5098 484 5168 quibus
511 5099 719 5154 dicetur
747 5117 759 5151 :
806 5096 998 5163 Venite,
1037 5098 1283 5151 benedicti
1316 5097 1488 5154 Patris
1518 5102 1615 5152 mei
1641 5143 1656 5166 ,

114 5189 316 5257 percipite
335 5209 539 5263 regnum
557 5191 698 5263 quod
722 5191 858 5244 vobis
881 5201 1117 5259 paratum
1141 5201 1212 5244 est
1233 5190 1293 5243 ab
1318 5191 1460 5244 initio
1483 5193 1659 5244 ouandi

114 5278 299 5344 (Matth.
324 5301 441 5349 xxv,
470 5287 540 5340 54
561 5284 605 5358 ).
636 5283 879 5338 Nondum
918 5285 986 5338 ibi
1020 5284 1147 5347 eris,
1170 5285 1290 5353 quis
1319 5285 1523 5339 nescit?
1551 5286 1655 5340 Sed

110 5387 195 5435 lilln
225 5379 405 5441 poteris
448 5377 517 5431 ibi
561 5392 716 5441 esse,
758 5376 844 5429 ubi
877 5376 1023 5429 illum
1052 5377 1319 5445 quondam
1354 5378 1654 5432 ulcerosum

114 5477 356 5533 pauperem
380 5511 394 5529 .
443 5468 593 5523 dives
633 5470 722 5524 ille
760 5469 1023 5538 superbus
1060 5479 1114 5522 et
1157 5469 1352 5523 sterilis
1382 5470 1434 5524 in
1465 5471 1656 5524 mediis

113 5554 201 5608 tuis
224 5563 482 5615 tormentis
503 5561 633 5616 vidit
651 5577 680 5615 a
705 5563 862 5632 longe
889 5563 1314 5631 requiescentem
1341 5562 1495 5633 (Luc.
1529 5581 1618 5619 xvi
1637 5606 1652 5631 ,

113 5644 221 5716 33).
257 5651 307 5707 In
334 5655 422 5710 illa
447 5657 634 5728 requie
662 5657 863 5726 positus
881 5697 898 5722 ,
944 5666 1092 5710 certe
1124 5671 1347 5715 securus
1374 5668 1654 5727 exSpectas

114 5737 266 5803 iudicii
291 5744 443 5813 diem,
476 5747 686 5814 quando
715 5747 944 5816 recipias
969 5757 1025 5801 et
1050 5763 1267 5818 corpus,
1301 5750 1515 5818 quando
1545 5751 1648 5804 im-

117 5836 302 5887 muteris
325 5848 374 5890 at
398 5841 584 5909 augvlo
618 5835 868 5906 aequoris.
915 5841 1056 5912 Ergo
1093 5854 1348 5914 quantum
1381 5853 1465 5899 eat
1503 5843 1658 5916 quod.

244 5917 504 5984 PATROL.
545 5924 844 5986 XXXVI.

1107 406 1506 466 ENARRA’HO
1545 403 1618 462 IN
1675 399 1998 454 l'S.\LMU.\i
2039 402 2277 460 XXIVL

123 507 228 576 ipso
254 504 412 561 audis
448 519 464 558 :
495 503 623 560 Non
645 513 721 558 est
741 520 917 558 servus
937 504 1112 574 major
1133 504 1347 558 ιιοηιίιιο
1377 521 1493 568 suo,
1517 514 1568 558 et
1595 519 1703 558 non

3289 428 3399 485 562

1803 510 2132 577 festinamus,
2163 527 2215 569 et
2242 517 2472 574 dicimus
2502 539 2515 574 :
2546 521 2770 591 Quando
2793 527 2940 587 erit?
2987 531 3218 590 Tardum
3249 542 3394 595 erit?

1800 601 1910 656 lloc
1940 605 2130 660 dicturi
2165 609 2257 662 lilii
2291 613 2482 677 nostri,
2514 625 2570 670 et
2598 615 2700 673 hoc
2725 619 2923 676 dictan
2946 639 3163 695 nepotes
3185 637 3352 688 nostri
3380 657 3392 667 ·

1796 703 2000 749 etcum
2033 699 2224 769 singuli
2269 705 2469 774 quique
2509 708 2610 762 sibi
2661 715 3012 771 succedentes
3045 719 3158 776 haec
3199 726 3397 783 dicturi

1795 798 1940 853 sunt,
1969 792 2046 845 sic
2076 796 2267 848 transit
2306 799 2446 866 quod
2491 801 2668 857 adhue
2711 792 2962 873 pusillum
3013 810 3244 868 futurum
3286 827 3390 882 est,

1795 881 2244 950 quemadmodum
2277 890 2486 944 transiit
2514 900 2682 946 totum
2723 897 2866 965 quod
2904 899 3014 966 jam
3060 907 3392 970 praeteritum

1795 983 1896 1025 est.
1932 972 1990 1028 ’0
2031 976 2280 1031 infirme!
2331 979 2514 1032 Adhuc
2558 986 2838 1054 pusillum,
2885 1000 2932 1042 et
2966 1009 3067 1046 non
3094 997 3188 1048 erit
3217 1015 3394 1067 pecca-

1791 1071 1895 1116 tor.
3133 1074 3136 1075 ⁷

1869 1156 1955 1208 Η.
1995 1155 2066 1209 Et
2088 1175 2282 1226 qurere:
2310 1161 2473 1216 locum
2493 1160 2621 1235 ejus,
2644 1179 2692 1222 et
2719 1188 2816 1225 non
2838 1175 3077 1231 invenies.
3105 1180 3383 1256 Ostendit,

1795 1247 1920 1313 quid
1961 1247 2130 1313 dixit,
2165 1269 2264 1306 non
2301 1257 2436 1309 erit:
2464 1275 2566 1312 non
2595 1263 2717 1330 quia
2747 1268 2966 1323 omnino
2995 1287 3098 1327 non
3130 1279 3226 1330 erit
3248 1319 3263 1342 ,
3298 1247 3393 1336 sci

1794 1339 1914 1406 quia
1938 1340 2002 1394 ad
2032 1343 2210 1396 nullos
2237 1362 2364 1400 usus
2387 1364 2506 1404 esse
2529 1356 2742 1420 poterit.
2773 1357 2828 1410 Si
2861 1362 3002 1414 enim
3031 1339 3258 1420 omnino
3279 1388 3386 1426 nou

1794 1433 1915 1496 erit,
1962 1451 2061 1490 nec
2105 1442 2608 1514 torquebiturzjam
2659 1465 2787 1520 ergo
2832 1461 3090 1514 securitas
3133 1462 3254 1518 data
3307 1477 3391 1521 est

1796 1526 2096 1624 peccaturi,
2138 1540 2194 1581 nt
2231 1530 2416 1586 dicat:
2452 1535 2662 1592 Faciam
2699 1544 2952 1615 quidquid
2987 1551 3108 1604 volo
3137 1558 3386 1624 quamdiu

1795 1629 1950 1708 vivo,
1998 1628 2180 1687 postea
2221 1639 2325 1676 non
2365 1640 2479 1680 ero.
2522 1629 2637 1684 Non
2666 1636 2881 1706 eritan
2913 1639 3123 1708 doleat,
3156 1663 3260 1702 non
3287 1652 3392 1705 erit

1792 1707 1881 1774 qui
1915 1713 2256 1812 torqueat-nr?
2284 1715 2351 1769 Et
2378 1718 2463 1772 ubi
2492 1731 2595 1786 est,
2625 1722 2706 1777 Ite
2729 1726 2782 1779 in
2810 1728 2977 1797 ignem
3001 1707 3246 1792 veternum
3267 1784 3280 1802 ,
3304 1745 3392 1812 qui

1794 1807 2003 1902 paratus
2020 1809 2100 1902 est
2131 1802 2334 1902 diabolo
2362 1817 2410 1902 et
2438 1812 2632 1880 angelis
2667 1816 2778 1884 ejus
2820 1816 3033 1886 (Matth.
3077 1842 3182 1879 xxv
3203 1870 3220 1896 ,
3252 1802 3390 1902 diu)?

1790 1888 1895 1944 Sed
1927 1889 2063 1946 forte
2090 1894 2238 1950 missi
2276 1898 2327 1951 iu
2369 1899 2543 1969 ignem
2574 1905 2720 1960 illum
2751 1925 2856 1963 non
2886 1926 3077 1980 erunt,
3107 1929 3160 1974 et
3194 1888 3391 1981 consit-

1793 1990 2024 2035 mentur.
2068 1983 2182 2038 Non
2205 1988 2318 2059 illis
2346 1991 2620 2048 diceretur
2641 2038 2656 2061 ,
2690 1997 2772 2052 Ite
2811 2002 2863 2054 in
2903 2005 3071 2074 ignem
3100 2022 3390 2082 (sternunt;

1790 2073 2043 2178 quianon
2075 2075 2264 2132 futuris
2303 2097 2409 2135 non
2454 2097 2597 2140 esset
2638 2099 2890 2148 mtertnts.
2926 2073 3000 2151 iEt
3045 2112 3220 2159 tamen
3260 2073 3386 2178 quid

1791 2162 1898 2218 illic
1928 2168 2156 2223 futurum
2198 2172 2266 2225 sit
2308 2176 2426 2237 eis.
2462 2187 2635 2235 utrum
2677 2186 2897 2240 omnino
2924 2162 3384 2267 consumptio,‘an

1788 2255 1944 2312 dolor
1977 2271 2030 2314 et
2068 2264 2355 2326 cruciatus.
2400 2286 2503 2321 non
2548 2276 2714 2328 tacuit
2755 2277 3010 2335 Dominus
3042 2255 3229 2344 dicens
3258 2255 3388 2349 τ’

1786 2351 1878 2402 erit
1905 2355 2136 2447 ploratus
2160 2367 2207 2410 et
2232 2360 2420 2412 stridor
2439 2362 2662 2418 dentium
2689 2366 2798 2439 (Id.
2826 2387 2936 2434 rm.
2962 2376 3074 2446 12).
3105 2379 3384 2447 Quomodo

1784 2455 1914 2534 ergo
1941 2444 2224 2513 plorabunt
2251 2458 2304 2502 ct
2333 2452 2635 2510 stridebunt
2661 2459 2909 2518 dentibus
2927 2507 2943 2528 ,
2973 2444 3152 2525 sinon
3181 2444 3387 2534 erunt?

1785 2529 2067 2634 Quomodo
2096 2549 2226 2606 ergo
2253 2539 2348 2634 hic
2367 2541 2546 2596 Adhuc
2571 2549 2837 2615 pusillum,
2867 2564 2918 2607 et
2946 2574 3048 2611 non
3073 2562 3173 2616 erit

1784 2630 1882 2685 tor,
1895 2623 2008 2728 lnisi
2035 2629 2306 2727 quomodo
2337 2631 2386 2684 in
2410 2639 2654 2703 sequenti
2680 2656 2834 2696 versu
2857 2653 3124 2719 exposuit,
3149 2623 3220 2710 ΕΞ
3237 2675 3380 2728 quee-

1783 2727 1864 2819 ἷξε
1887 2714 2053 2766 locum
2075 2718 2206 2786 ejus,
2236 2729 2286 2773 et
2311 2737 2412 2776 non
2449 2724 2711 2782 invenies?
2739 2731 2877 2799 Quid
2907 2714 3007 2798 est.
3041 2714 3208 2798 locum
3232 2714 3386 2819 e'jns!

1785 2801 1950 2858 Usnm
1979 2805 2115 2874 ejus.
2146 2809 2317 2864 Habet
2347 2811 2490 2867 enim
2520 2818 2751 2887 aliquem
2781 2839 2935 2880 nsum
2965 2801 3387 2897 peccator

1785 2893 1907 3000 bet.-
1944 2896 2039 2950 Hic
2068 2899 2235 2952 utitur
2259 2900 2356 3000 illo
2385 2904 2523 2959 Deus
2547 2908 2614 2962 ad
2647 2893 2976 2978 probandum
2999 2921 3223 2990 justum.

1745 2989 1751 2994 '
1783 2984 1944 3037 modo
1974 3000 2100 3086 usus
2129 3001 2208 3086 est
2240 2990 2456 3086 diabolo
2481 2997 2546 3049 ad
2575 3000 2906 3066 probandum
2936 2984 3039 3065 Job
3059 3056 3074 3076 ,
3112 2984 3382 3086 quomodo

1785 3091 1912 3183 usus
1947 3087 2029 3183 est
2057 3079 2190 3183 Juda
2238 3083 2304 3136 ad
2348 3087 2664 3183 tradendum
2707 3094 3003 3157 Christum.
3049 3079 3145 3160 Est
3175 3127 3303 3183 ergo
3328 3117 3380 3172 in

1785 3165 1884 3269 bac
1911 3171 2014 3221 vita
2047 3172 2187 3270 quod
2217 3184 2403 3243 agatur
2426 3176 2494 3232 de
2515 3191 2817 3249 peccatore.
2849 3189 2944 3246 llic
2973 3205 3056 3249 est
3076 3214 3205 3270 ergo

1782 3258 1922 3326 ejus,
1951 3262 2220 3328 quomodo
2255 3275 2339 3319 est
2379 3267 2430 3321 in
2473 3268 2688 3328 fornace
2725 3279 2959 3336 auriﬁcis
2997 3258 3166 3342 locusv
3189 3258 3378 3361 paleae:

1782 3349 1953 3453 Ardet
1983 3351 2129 3418 palea
2148 3393 2164 3415 ,
2205 3363 2261 3407 ut
2294 3373 2482 3411 aurum
2525 3375 2780 3433 purgetur
2807 3386 2820 3422 :
2850 3373 2928 3426 sic
2957 3381 3106 3431 saevit
3146 3349 3379 3456 impius,

1785 3450 1839 3540 ut
1859 3441 2038 3541 justus
2068 3447 2344 3512 probetur.
2374 3450 2478 3545 Sed
2506 3470 2626 3508 cum
2661 3462 2931 3519 transierit
2953 3477 3163 3539 tempus
3187 3441 3382 3545 pi-oba:

1785 3540 1943 3584 tionis
1975 3545 2172 3587 nostra:
2197 3576 2211 3596 ,
2243 3540 2458 3604 quando
2481 3559 2586 3619 non
2614 3559 2774 3603 erunt
2799 3555 2886 3621 qui
2915 3540 3240 3628 probentur,
3271 3585 3377 3625 non

1782 3631 2240 3730 erantper‘quos
2283 3633 2592 3730 probentur.
2635 3637 2901 3710 Numquid
2945 3650 3066 3717 quia
3103 3653 3378 3730 diximus,

1783 3711 1898 3814 Non
1938 3724 2096 3768 erunt
2132 3718 2222 3785 qui
2264 3721 2594 3820 probentur,
2627 3745 2735 3783 non
2765 3746 2923 3789 erunt
2953 3711 3090 3808 ipsi?
3117 3745 3221 3801 Sed
3255 3711 3377 3820 qui;

1777 3813 1888 3871 jam
1917 3821 2023 3906 non
2049 3822 2182 3874 opus
2205 3813 2308 3906 erit
2330 3819 2701 3881 peccatoribus
2724 3837 2820 3892 per
2839 3843 2974 3896 quos
2990 3832 3118 3901 justi
3151 3813 3380 3906 proben-

1784 3907 1870 4001 iur
1891 3915 1904 3950 :
1933 3896 1998 3950 Et
2017 3915 2213 3968 qua’res
2233 3903 2398 3958 locum
2420 3908 2548 3978 ejus.
2569 3921 2616 3963 et
2636 3930 2737 3967 non
2757 3896 3007 3978 invenies:
3027 3896 3181 3982 Modo
3198 3896 3381 4001 qttmre

1784 3987 1959 4043 locum
1993 3996 2313 4059 peccatoris.
2344 3997 2601 4056 invenies.
2645 4005 2723 4061 De
2762 4023 3044 4079 peccatore
3077 3987 3386 4085 τριξὰ)ξῷ

1781 4083 2068 4152 ﬂagellum,
2103 4087 2252 4141 dedit
2275 4090 2322 4142 ei
2353 4101 2406 4144 et
2443 4093 2732 4166 honorem,
2775 4102 2924 4158 dedit
2962 4110 3011 4162 ei
3048 4123 3102 4166 et
3141 4083 3377 4184 potesta;

1783 4183 1909 4227 tem.
1942 4176 2245 4278 Aliquando
2273 4183 2416 4236 enim
2449 4185 2572 4240 facit
2595 4187 2725 4254 hoc;
2769 4194 2861 4248 dat
2906 4176 3173 4266 peccaturi
3220 4224 3376 4278 pote-

1778 4273 1995 4325 atatem,
2027 4267 2365 4336 ﬂagellantttr
2405 4275 2528 4327 inde
2574 4294 2660 4332 res
2706 4282 2951 4339 humanm
2977 4331 2992 4350 ,
3023 4267 3379 4355 emcndantur

1779 4355 1902 4410 inde
1920 4358 1988 4425 pii
2007 4359 2047 4410 ¹.
2080 4358 2350 4415 Peccatori
2381 4364 2452 4418 illi
2478 4365 2580 4422 hoc
2596 4371 2849 4428 reddetur
2868 4380 3008 4446 quod
3025 4382 3250 4441 debetur
3277 4409 3290 4443 :
3318 4404 3377 4448 et

1779 4457 1955 4543 tamen
1980 4450 2172 4543 ﬂuctum
2200 4463 2282 4507 est
2321 4455 2389 4508 de
2436 4458 2524 4511 illo
2562 4462 2704 4516 unde
2745 4469 2984 4532 prolieiat
3029 4476 3185 4543 pius,
3236 4483 3377 4540 unde

1775 4539 1990 4594 deﬁciat
2017 4542 2230 4611 impius.
2269 4545 2478 4612 Qutcres
2508 4552 2673 4604 locum
2699 4557 2831 4626 ejus,
2861 4569 2909 4612 et
2933 4539 3297 4626 non-incepi“.

1848 4631 1932 4685 Η..
1979 4630 2128 4704 [νει-ε.
2160 4636 2272 4707 Η.]
2305 4638 2561 4694 Mansueti
2595 4656 2762 4698 autem
2807 4648 3103 4710 karreditate
3139 4664 3373 4727 posside-

1774 4721 1896 4825 bunt
1924 4734 2130 4779 terram.
2163 4727 2326 4782 Terra
2352 4740 2435 4784 est
2467 4733 2555 4786 illa
2588 4735 2653 4788 de
2679 4753 2781 4807 qua
2811 4757 2954 4810 smpe
2978 4721 3150 4802 locuti.
3163 4769 3372 4825 sumus,

1775 4815 2074 4871 Jerusalem
2108 4833 2289 4873 sancta
2314 4864 2327 4884 ,
2361 4840 2480 4890 qu:e
2512 4825 2826 4883 liberabitur
2849 4834 2917 4887 de
2945 4815 3376 4906 peregrinatione

1774 4909 1892 5007 ista,
1923 4919 1974 5007 et
2003 4909 2053 4962 in
2085 4919 2344 4965 mternum
2378 4916 2521 4969 vivet
2563 4934 2684 4972 cum
2718 4921 2828 4975 Deo
2859 4933 2912 4978 et
2949 4928 3016 4982 de
3056 4930 3185 4985 Duo.
3230 4934 3372 5007 Ergo

1771 4998 2064 5052 haereditate
2115 5003 2443 5069 possidebunt
2501 5017 2708 5062 terram.
2779 5015 2909 5078 Quze
2957 5031 3115 5074 erunt
3161 4998 3369 5104 dsliciize

1771 5090 2048 5157 ipsorum?
2089 5090 2158 5145 Et
2188 5093 2566 5149 delectabantur
2590 5100 2644 5152 in
2674 5105 2996 5159 multitudine
3020 5113 3179 5178 pacis.
3199 5090 3372 5172 -Dele-

1768 5193 1942 5235 ctetur
1959 5183 2042 5235 hic
2060 5184 2251 5253 impius
2270 5185 2358 5240 ille
2373 5188 2422 5240 in
2446 5189 2784 5246 multitudine
2799 5197 2937 5263 auri,
2953 5199 3004 5251 in
3029 5205 3370 5264 multitudine

1767 5274 1993 5343 argenti,
2023 5275 2073 5326 in
2099 5275 2435 5331 multitudine
2470 5282 2895 5352 mancipiorum,
2929 5288 2982 5341 in
3025 5293 3366 5356 multitudine

1769 5374 2041 5433 postremo
2079 5364 2345 5432 baiarum,
2379 5385 2642 5438 rosarum,
2670 5375 3007 5446 vinulentiae,
3043 5383 3367 5442 Ιαυιίεςίπιυο

1769 5472 1887 5508 rum
1919 5466 1971 5510 et
2007 5456 2402 5514 luxuriosorum
2431 5466 2797 5523 conviviorum
2820 5470 2862 5524 ¹.
2905 5471 3030 5527 Hinc
3058 5485 3141 5529 est
3168 5491 3364 5548 poten-

1829 5584 2284 5680 ἷέζῖξςτξίξλέἕιξὶί
2303 5595 2784 5680 ιηδιεξληῖὶιέὲξιθδι
2797 5600 3012 5680 MM
3050 5611 3176 5665 εηιν
3195 5609 3372 5680 νεμεσ-

1761 5654 1845 5720 (ut:
1868 5649 2049 5720 :__c_u_jus
2072 5649 2179 5720 loco
2211 5665 2275 5702 ex
2305 5662 2411 5704 Mss.
2436 5649 2736 5720 reponimus,
2761 5649 3015 5713 reddetur.

1826 5710 2443 5795 399.2132.”
2457 5710 2794 5795 ,άίυενδαξξέη·
2819 5731 2886 5795 EX
2898 5710 2906 5712 ⁷
2920 5710 3026 5778 δίέέσ
3053 5737 3218 5780 amem
3255 5735 3370 5795 qut-

1760 5770 2143 5847 ᾀξᾳιεςᾳρζξιιη,
2187 5770 2412 5827 rosarum
2451 5792 2470 5829 :
2509 5782 2746 5847 nonnulli,
2787 5770 3040 5847 alie—arum,

1761 5830 1862 5894 alii,
1877 5830 2238 5896 admirerarum
2250 5852 2469 5891 rosarum
2489 5854 2505 5891 :
2521 5830 2690 5905 plures
2701 5830 3210 5914 dediqueﬁbiiiarnin:

2705 5957 2986 6039 (Datum)
