3978 6320
593 508 662 549 ne
691 495 773 545 cui
800 491 1023 553 imides,
1058 490 1156 544 iste
1189 488 1287 545 llos
1326 498 1409 542 est
1456 485 1545 555 qui
1590 493 1641 537 te
1686 480 1957 536 deleczat?
1996 476 2185 531 Nonne

592 588 691 638 etsi
735 597 948 650 semper
978 581 1058 635 sic
1095 592 1239 634 esset
1279 575 1608 647 plangendus
1643 572 1817 626 esset?
1859 570 1988 636 Qua:
2033 574 2185 620 erunt

593 684 769 728 autem
792 672 997 727 delicia:
1020 671 1159 725 tum?
1189 668 1253 723 Et
1275 666 1657 721 delectabantur
1682 664 1735 715 in
1760 658 2085 713 multitudine
2104 672 2189 725 pa-

591 764 685 817 cis.
729 766 933 817 Aurum
977 772 1123 813 tuum
1163 774 1297 829 pax,
1327 764 1606 825 argentum
1638 761 1785 805 ttmm
1825 764 1961 818 pax,
1993 745 2210 816 pracdia'

599 864 691 908 tua
713 868 836 922 pax,
862 852 970 905 vita
1000 859 1089 905 tua
1118 866 1239 920 pax,
1272 849 1415 903 Deus
1444 856 1565 901 tuus
1595 860 1714 913 pax.
1748 838 2010 910 Quidquid
2036 836 2190 897 desi-

590 946 775 1008 ideras,
804 960 905 1012 pax
945 943 1040 998 tibi
1079 942 1201 995 crit.
1253 940 1387 1007 Quia
1434 938 1521 991 hic
1558 951 1747 990 aurum
1777 930 1919 1002 quod
1950 937 2052 996 est,
2082 944 2189 981 non

600 1046 775 1106 potest
801 1036 895 1089 tibi
919 1049 1041 1089 esse
1065 1042 1375 1102 argentum;
1409 1027 1549 1098 quod
1577 1026 1757 1080 vinum
1786 1030 1903 1086 est,
1949 1035 2055 1073 non
2092 1032 2189 1087 po-

599 1137 706 1182 test
734 1126 827 1181 tibi
858 1140 977 1181 esse
1007 1124 1187 1193 panis;
1219 1121 1360 1194 quod
1394 1118 1597 1173 tibiqu
1617 1124 1719 1180 est,
1744 1128 1849 1167 non
1878 1117 2055 1181 potest
2072 1122 2192 1163 esse

598 1232 756 1291 potus
783 1238 799 1274 :
829 1219 967 1273 Deus
996 1226 1117 1270 tuus
1146 1225 1313 1270 totum
1361 1212 1451 1266 tibi
1492 1209 1614 1266 erit.
1660 1203 2002 1261 Manducabis
2030 1216 2153 1256 eum
2172 1242 2189 1267 ,

595 1326 665 1366 ne
691 1310 925 1372 esurias;
954 1307 1104 1361 bibes
1128 1322 1272 1369 eum,
1303 1317 1371 1358 ne
1397 1302 1575 1364 sitias;
1605 1294 1993 1352 illuminaberis
2013 1292 2082 1346 ab
2102 1305 2189 1354 eo,

594 1418 664 1457 ne
690 1403 765 1456 sis
789 1415 998 1463 caecus;
1030 1396 1266 1453 fulcicris
1295 1395 1363 1450 ab
1389 1408 1475 1459 co,
1504 1407 1571 1447 ne
1599 1389 1851 1453 deﬁcias;
1897 1384 2193 1457 possidebit

591 1505 648 1550 te
688 1504 855 1549 totum
890 1493 1154 1562 integrum
1175 1531 1190 1551 ,
1222 1497 1365 1544 totus
1406 1486 1633 1556 integer.
1666 1481 1954 1553 Angustias
1983 1493 2089 1531 non
2119 1475 2192 1533 ibi

596 1584 815 1653 patieris
840 1598 962 1637 cum
992 1597 1058 1636 eo
1082 1596 1203 1634 cum
1235 1592 1342 1648 quo
1374 1584 1542 1630 totum
1579 1572 1825 1645 possides
1855 1577 2063 1625 :tolum
2092 1566 2191 1621 ha-

597 1676 770 1742 bebis,
797 1682 966 1728 totum
996 1680 1052 1727 et
1072 1672 1161 1725 ille
1192 1668 1437 1732 habebit;
1469 1666 1593 1737 quia
1612 1672 1668 1719 tu
1702 1671 1756 1716 et
1779 1661 1870 1716 ille
1895 1674 2056 1714 unum
2085 1656 2193 1712 eri-

594 1770 688 1830 tis,
715 1765 857 1837 quod
883 1781 1043 1818 unum
1068 1770 1235 1817 totum
1257 1770 1313 1814 et
1334 1759 1423 1813 ille
1448 1756 1663 1811 habebit
1688 1752 1779 1823 qui
1805 1766 1904 1807 vos
1930 1748 2188 1819 possidet.

599 1859 692 1911 lla:
732 1865 847 1911 sunt
874 1854 1101 1923 reliquiis
1145 1850 1337 1904 homini
1373 1848 1606 1918 paci/ica.
1650 1844 1763 1900 Hoc
1807 1841 2185 1898 cantavimus:

596 1950 684 2018 qui
715 1962 902 2002 versus
920 1947 1079 2015 longe
1104 1942 1314 2012 quidem
1343 1948 1429 1995 est
1452 1940 1505 1994 in
1526 1938 1629 1999 isto
1650 1936 1857 2005 psalmo
1880 1933 1948 1987 ab
1972 1931 2057 1986 his
2082 1940 2189 1984 tra-

593 2039 755 2093 ctatis
781 2036 1040 2091 versibus.
1069 2033 1171 2087 Sed
1199 2032 1321 2101 quia
1345 2031 1517 2098 ipsum
1539 2026 1890 2087 cantavimus,
1917 2020 1984 2075 ad
2015 2020 2188 2091 ipsum

596 2130 845 2187 claudere
884 2128 1161 2184 debemus.
1189 2125 1268 2181 Tu
1298 2134 1499 2178 tantum
1528 2132 1756 2175 securus
1793 2125 1949 2181 esto;
1994 2112 2192 2169 custodi

590 2223 964 2284 innocentiam,
1020 2220 1252 2290 pretiosa
1300 2233 1389 2271 res
1438 2223 1542 2279 est.
1595 2211 1784 2267 Furari
1830 2212 1913 2265 vis
1956 2206 2186 2277 aliquid,

591 2317 777 2381 credo,
809 2323 866 2367 ut
889 2313 1134 2382 acquiras
1167 2327 1181 2362 :
1211 2308 1331 2363 vide
1356 2323 1462 2377 quo
1491 2319 1709 2360 manum
1737 2302 1933 2369 mittis,
1965 2308 2021 2355 et
2046 2296 2190 2353 unde

593 2410 757 2463 tollis.
790 2403 902 2462 Hac
928 2405 1004 2458 vis
1030 2403 1331 2473 acquirere,
1355 2400 1454 2455 hac
1493 2398 1673 2468 perdis
1707 2415 1722 2451 :
1761 2394 1995 2465 acquiris
2021 2408 2187 2463 pecu—

602 2501 765 2562 niam,
789 2495 969 2569 perdis
1002 2494 1385 2549 innocentiam.
1411 2489 1639 2559 Evigilet
1668 2488 1845 2559 potius
1872 2499 1967 2540 cor
1994 2494 2139 2538 tuum
2170 2500 2185 2536 :

595 2596 683 2664 qui
697 2594 915 2649 volebas
935 2592 1212 2660 acquirere
1232 2589 1511 2659 pecuniam
1534 2593 1587 2641 et
1609 2582 1787 2653 perdis
1807 2577 2185 2640 innocentiam,

596 2686 759 2755 perde
787 2684 959 2753 potius
985 2681 1260 2751 pecuniam
1295 2696 1308 2733 :
1340 2676 1549 2733 Custodi
1574 2672 1910 2728 innocentiam
1931 2710 1947 2736 ,
1986 2680 2032 2722 et
2077 2669 2190 2722 vide

597 2775 921 2828 directionem
944 2813 960 2836 ,
988 2772 1107 2842 quia
1135 2770 1329 2839 diriget
1360 2780 1411 2823 te
1439 2768 1600 2832 Deus,
1626 2775 1684 2820 ut
1709 2764 1885 2818 omnia
1909 2776 2186 2831 quacum-

596 2884 701 2934 que
725 2865 858 2929 vult,
882 2864 1015 2918 velis
1039 2870 1097 2935 et
1121 2870 1174 2914 tu
1207 2878 1222 2914 :
1256 2861 1369 2929 ipsa
1394 2858 1535 2914 enim
1563 2866 1646 2912 est
1680 2854 1922 2909 directio.
1967 2851 2100 2907 Nam
2141 2851 2186 2905 si

597 2970 651 3012 tu
685 2958 819 3012 nolis
844 2956 984 3026 quod
1016 2954 1159 3009 Deus
1184 2954 1315 3017 vult,
1343 2964 1536 3006 curvus
1563 2948 1694 3015 eris,
1727 2956 1785 3002 et
1826 2946 2062 3017 pravitas
2102 2954 2187 2998 tua

598 3064 702 3103 non
737 3058 788 3102 te
815 3048 1087 3116 permittet
1106 3042 1310 3116 planari
1328 3045 1344 3074 ¹
1369 3049 1539 3097 recto.
1561 3038 1767 3095 Custodi
1789 3053 1918 3108 ergo
1936 3037 2184 3091 innocen-

596 3145 740 3205 tiam,
771 3140 881 3193 vide
902 3139 1227 3193 directionem
1256 3152 1278 3191 :
1305 3145 1359 3190 et
1383 3133 1489 3188 noli
1518 3142 1707 3205 putare
1734 3131 1857 3201 quia
1899 3130 2043 3184 ﬁnita
2088 3130 2187 3184 ista

597 3234 726 3298 vita,
758 3231 934 3285 llnitns
959 3239 1041 3284 est
1072 3227 1260 3291 homo;
1288 3224 1408 3297 quia
1435 3233 1553 3278 sunt
1578 3223 1804 3292 reliquias
1828 3220 2019 3275 homini
2048 3220 2162 3289 paci
2172 3250 2188 3259 -

598 3326 713 3395 ﬁco.

1253 3400 1425 3444 SERIO
1463 3402 1497 3440 ll
1507 3425 1520 3438 .

1027 3545 1101 3598 Dc
1119 3542 1341 3597 secunda
1376 3549 1517 3611 parte
1544 3538 1761 3592 Psalmi.

673 3705 722 3759 1.
756 3703 831 3756 De
858 3701 1061 3771 psalmo
1087 3698 1189 3753 isto
1228 3696 1371 3765 loqui
1417 3693 1671 3749 Charitati
1707 3692 1909 3746 Vestra!
1933 3733 1947 3755 ,
1981 3701 2034 3747 ct
2053 3691 2189 3761 jussi

599 3811 801 3861 sumus,
832 3803 887 3848 et
914 3794 1284 3860 obtemperare
1306 3788 1607 3842 debuimus.
1643 3784 1818 3837 Voluit
1845 3785 1984 3836 enim
2011 3782 2193 3836 Domi-

599 3904 701 3944 nus
756 3895 974 3955 propter
1016 3881 1267 3936 imbrium
1315 3877 1638 3931 nimietatem
1685 3873 1960 3928 retardare
2004 3870 2190 3940 profe-

598 3982 829 4034 ctionem
860 3987 1093 4030 nostram
1118 3989 1134 4037 ;
1180 3981 1233 4025 et
1264 3972 1583 4038 imperatum
1614 3978 1697 4021 cst
1725 3967 1879 4019 nobis
1898 4005 1914 4029 ,
1946 3980 2013 4019 ne
2036 3980 2191 4018 vaca-

600 4083 679 4124 ret
710 4069 797 4124 hic
821 4083 944 4138 erga
976 4080 1071 4119 vos
1100 4066 1277 4133 lingua
1309 4071 1513 4125 nostra,
1544 4075 1665 4112 eum
1693 4057 1874 4113 cordis
1903 4057 2067 4112 nostri
2093 4070 2190 4111 ne-

600 4162 802 4231 gotium
830 4173 1043 4228 semper
1069 4156 1186 4209 sitis
1215 4156 1235 4186 ¹
1255 4194 1271 4219 ,
1310 4153 1447 4206 sicut
1473 4163 1527 4205 et
1556 4166 1655 4204 nos
1687 4149 1865 4205 vestri.
1899 4148 2191 4203 Commen-

600 4252 921 4306 davcrantus
946 4256 1122 4300 autem
1157 4244 1268 4314 jam
1296 4242 1624 4297 voluntatem
1653 4240 1744 4294 Dei
1768 4240 1818 4293 in
1841 4240 1943 4293 isto
1964 4240 2189 4308 psalmo,

601 4340 725 4409 quid
758 4355 856 4392 nos
886 4338 1010 4391 velit
1041 4336 1236 4388 docere
1261 4372 1277 4397 ,
1326 4332 1452 4401 quid
1480 4329 1771 4384 admonere
1791 4369 1806 4393 ,
1846 4337 2035 4382 contra
2064 4327 2190 4397 quid

603 4442 788 4486 cautos
817 4443 937 4483 esse
964 4469 977 4491 ,
1006 4436 1058 4480 et
1101 4424 1228 4494 quid
1273 4423 1505 4477 tolerare
1528 4464 1543 4484 ,
1572 4430 1627 4475 et
1651 4418 1775 4491 quid
1808 4434 2045 4489 sperare.
2080 4420 2193 4475 Duo

603 4523 745 4576 enim
788 4536 984 4591 genera
1015 4518 1322 4580 hominum,
1354 4516 1619 4583 justorum
1658 4520 1713 4565 et
1758 4513 2094 4581 iniquorum,
2140 4514 2191 4566 in

607 4614 707 4667 hac
736 4620 877 4665 terra
908 4620 962 4663 ct
988 4608 1038 4661 in
1070 4608 1168 4660 hac
1197 4607 1301 4658 vita
1337 4604 1625 4658 commixta
1667 4612 1810 4655 sunt.
1846 4602 2047 4656 l'labent
2079 4602 2192 4655 siu-

603 4706 723 4775 gula
754 4704 850 4756 ista
879 4716 1073 4765 genera
1103 4699 1347 4767 proprias
1386 4695 1713 4748 intentiones
1741 4693 1917 4747 cordis
1950 4694 2052 4747 sui.
2085 4692 2192 4748 Ge-

606 4811 706 4850 nus
737 4792 1003 4862 justorum
1032 4798 1259 4842 conatur
1298 4788 1349 4840 in
1380 4786 1625 4841 sublimia
1657 4800 1750 4853 per
1789 4784 2142 4839 humilitatem
2177 4802 2192 4839 :

604 4899 774 4953 genus
806 4880 1108 4947 iniquorum
1153 4876 1525 4945 prarponderat
1555 4876 1620 4927 ad
1664 4875 1918 4928 inferiora
1947 4891 2044 4944 per
2078 4877 2194 4929 ela-

606 4977 827 5038 tionem.
863 4972 977 5028 Hoc
998 4970 1140 5025 enim
1174 4986 1232 5023 se
1258 4970 1515 5037 deprimit
1540 4978 1598 5023 ιιι
1616 4978 1820 5038 surgat,
1852 4970 1979 5023 illud
2008 4986 2067 5024 se
2096 4986 2193 5024 ex-

607 5070 747 5126 tollit
772 5075 828 5121 ut
861 5064 1035 5119 cadat.
1070 5064 1147 5116 lix
1175 5078 1239 5116 eo
1267 5064 1321 5114 tit
1350 5073 1405 5114 ut
1432 5078 1595 5115 unum
1621 5078 1787 5131 genus
1816 5062 2027 5127 toleret,
2060 5065 2195 5116 alte-

604 5259 732 5295 rmn.
759 5246 891 5292 Baias
914 5240 1039 5291 forte
1063 5251 1126 5288 ex
1153 5237 1462 5300 pulcherrimi
1495 5244 1552 5301 _ct
1583 5237 1893 5301 celeberrimi
1929 5240 2197 5301 Campaniae

605 5322 647 5367 οι
669 5307 765 5367 pidi
785 5305 980 5367 nomine
1006 5297 1244 5367 venali—ant
1274 5311 1460 5367 amoma
1495 5297 1596 5367 loca
1638 5306 1689 5345 et
1730 5298 1970 5367 fructuosa
1995 5297 2190 5367 pra-dia,

606 5357 678 5418 uti
694 5370 863 5432 Cicero
877 5364 1103 5432 amittere
1128 5361 1319 5432 videtur
1359 5362 1404 5430 in
1428 5362 1653 5431 oratione
1679 5372 1770 5432 pro
1791 5357 1966 5432 tat-lio:
1996 5357 2194 5432 ittujus,

613 5451 635 5475 ιι
659 5432 742 5487 ait,
767 5430 815 5477 in
839 5419 1022 5479 hortos),
1049 5422 1264 5480 domum,
1296 5420 1445 5475 boias,
1471 5420 1584 5487 jure.
1614 5434 1703 5467 suo
1725 5419 1950 5487 libidines
1981 5419 2196 5487 omnium

612 5511 634 5537 ι
655 5480 1005 5540 commearent.
1030 5500 1054 5528 ι
1084 5488 1307 5530 Testatur
1326 5495 1447 5528 vero
1476 5482 1789 5542 Hieronymus
1821 5484 1865 5529 iu
1900 5480 1985 5530 lib.
2011 5482 2041 5530 9.
2064 5493 2192 5532 mut.

605 5553 860 5604 metutam,
882 5560 926 5595 ε,
947 5548 994 5616 9.,
1020 5543 1201 5615 palmas
1223 5555 1312 5592 seu
1336 5542 1597 5604 palmarum
1639 5544 1748 5616 tplia
1781 5544 1919 5616 lunias
1942 5543 2191 5616 appellari.

606 5623 717 5671 Qua:
739 5622 887 5671 porro
911 5604 1223 5667 subsequitur
1242 5616 1352 5661 vox,
1389 5616 1626 5671 rosarum,
1659 5604 1753 5653 huc
1781 5606 1975 5654 forsitan
2002 5604 2117 5668 irrej
2134 5609 2196 5657 sit

607 5664 693 5737 pro
713 5664 868 5737 aitera
893 5664 1156 5731 propinqua
1176 5678 1312 5736 voce,
1332 5664 1501 5722 veluti,
1526 5677 1816 5716 invasurum.
2010 5698 2012 5701 τ

672 5740 686 5768 ι
725 5727 950 5795 Plerique
975 5727 1099 5795 uss;
1124 5727 1308 5795 pacari.
1470 5794 1477 5795 ί

671 5802 690 5832 ι
724 5796 835 5845 add.
868 5786 1027 5843 'scilis.
1056 5786 1218 5839 Melius
1240 5786 1421 5853 aliquot
1444 5794 1570 5847 Mss,
1589 5786 1712 5838 sitis.

1767 365 1823 419 S.
1868 359 2231 417 AUGUSTINI
2279 349 2583 415 EPISCOPI

3789 367 3893 427 38A

2302 490 2420 529 rum
2449 476 2741 533 toleratur;
2773 478 3212 549 propositumque
3246 480 3313 534 sit
3338 480 3499 549 justis
3542 482 3899 553 ipsos‘etiam

2299 568 2509 635 iniquos
2539 568 2591 620 in
2627 570 2785 622 vitam
2812 577 3073 625 :cternam
3098 571 3314 636 lucrari,
3349 575 3684 644 propositum
3713 584 3890 631 autem

2299 655 2495 726 iniquis
2518 654 2749 713 reddere
2778 659 2918 713 mala
2946 675 3043 729 pro
3067 659 3244 733 bonis,
3271 671 3326 718 et
3354 678 3447 718 eos
3471 666 3561 734 qui
3590 666 3694 721 sibi
3723 667 3888 721 vitam

2298 760 2553 805 aeternam
2586 753 2792 819 volunt,
2820 752 2866 808 si
2901 753 3018 810 ﬁeri
3049 763 3244 824 pete-st,
3276 758 3435 811 etiam
3466 759 3571 811 vita
3610 759 3892 826 temporali

2298 841 2529 912 privare.
2554 841 2721 913 Egre
2745 844 2888 900 enim
2912 844 3035 910 fert,
3062 856 3115 900 et
3141 845 3369 916 injustus
3385 846 3611 916 justum,
3639 857 3695 903 et
3712 849 3891 918 justus

2299 932 2553 1003 injustum
2586 951 2599 987 :
2628 936 2778 990 oneri
2817 936 2919 990 sibi
2957 946 3102 991 sunt.
3146 937 3317 993 Nemo
3365 938 3575 995 dubitat
3612 941 3767 1011 quod
3807 938 3896 996 isti

2299 1023 2407 1078 duo
2431 1014 2748 1080 alterutrum
2775 1026 2875 1083 sibi
2904 1028 3057 1083 oneri
3085 1039 3230 1093 sunt,
3257 1030 3352 1085 sed
3381 1031 3610 1087 diversis
3639 1032 3893 1088 intentio-

2300 1115 2477 1172 nibus.
2504 1116 2584 1172 Ad
2617 1116 2719 1173 hoc
2753 1121 2895 1173 enim
2916 1120 3095 1189 justus
3121 1122 3318 1193 injusto
3343 1124 3495 1179 oneri
3519 1133 3623 1189 est,
3654 1126 3780 1195 quia
3812 1126 3893 1181 in-

2294 1204 2496 1289 justam
2522 1223 2643 1262 cum
2672 1223 2793 1289 esse
2834 1227 2939 1265 non
2968 1213 3104 1275 vult,
3131 1213 3226 1267 sed
3252 1231 3374 1268 eum
3409 1214 3614 1284 justum
3652 1216 3769 1272 ﬁeri
3791 1257 3806 1280 ,
3834 1229 3889 1273 et

2298 1307 2447 1367 optat
2480 1301 2639 1367 votis,
2666 1310 2718 1356 ct
2739 1313 2961 1357 conatur
2984 1304 3138 1359 factis
3166 1324 3181 1359 :
3212 1306 3441 1374 injustas
3464 1310 3753 1365 autemsic
3777 1309 3890 1365 odit

2293 1387 2519 1458 justum,
2560 1401 2617 1445 ut
2647 1392 2779 1446 nolit
2808 1409 2931 1448 cum
2961 1410 3114 1462 esse,
3146 1411 3254 1452 non
3285 1406 3342 1452 ut
3370 1397 3566 1453 bonum
3594 1399 3722 1454 velit
3744 1414 3891 1460 esse.

2298 1479 2507 1546 Quanto
2532 1483 2674 1536 enim
2705 1482 2875 1538 bonus
2902 1494 3003 1546 est,
3036 1495 3182 1540 tanto
3210 1488 3376 1558 magis
3398 1489 3550 1543 oneri
3576 1498 3662 1544 est
3690 1490 3889 1560 iniqui-

2301 1572 2392 1625 tati
2425 1573 2585 1628 illius.
2621 1574 2684 1629 Et
2716 1574 2924 1629 laborat
2951 1576 3188 1646 quidem,
3221 1578 3266 1634 si
3300 1578 3412 1634 tieri
3445 1590 3642 1649 potest,
3660 1566 3731 1634 ἰιι
3762 1596 3887 1637 eunt

2300 1664 2554 1734 injustum
2582 1665 2780 1734 faciat;
2808 1668 2854 1723 si
2878 1680 3057 1723 autem
3087 1685 3193 1724 non
3223 1681 3433 1739 potest,
3478 1671 3545 1727 de
3575 1672 3754 1728 medio
3785 1676 3889 1727 tol-

2298 1757 2413 1823 lat,
2446 1768 2502 1813 et
2525 1775 2557 1814 a
2588 1774 2687 1815 suo
2725 1759 2884 1815 L'edio
2925 1761 3278 1833 molestiaque
3303 1776 3596 1819 removeat.
3628 1764 3735 1821 Sed
3761 1775 3819 1821 et
3844 1764 3887 1820 si

2294 1863 2419 1903 eum
2449 1848 2636 1905 fecerit
2663 1851 2940 1920 injustam,
2967 1852 3318 1908 nihilominus
3341 1853 3492 1909 oneri
3520 1854 3593 1909 illi
3615 1854 3741 1911 erit.
3772 1854 3886 1910 Non

2297 1941 2442 1994 enim
2468 1939 2871 2010 justus'tantum
2895 1941 3094 2011 injuste
3119 1944 3268 1997 oneri
3291 1952 3398 2011 est,
3419 1944 3511 1999 sed
3531 1954 3587 1999 et
3609 1945 3718 2000 duo
3743 1944 3887 2016 inju-

2296 2031 2365 2086 sti
2390 2031 2475 2085 vix
2505 2046 2566 2087 se
2596 2033 2906 2101 patiuntur:
2937 2042 2992 2089 et
3027 2034 3242 2103 quando
3268 2050 3328 2090 se
3352 2036 3601 2091 videntur
3625 2036 3880 2108 diligere,

2298 2121 2683 2175 conscientiam
2713 2122 2814 2177 sibi
2840 2122 3041 2179 debent
3061 2162 3078 2187 .
3124 2139 3230 2178 non
3258 2126 3568 2181 amicitiam.
3601 2126 3753 2183 Tunc
3793 2144 3886 2184 auo

2298 2219 2405 2267 tem
2446 2228 2629 2269 secum
2670 2213 3038 2283 concordant,
3070 2215 3283 2286 quando
3330 2216 3384 2271 in
3427 2216 3719 2287 perniciem
3756 2218 3882 2289 justi

2294 2306 2649 2373 conspirant,
2688 2320 2793 2360 non
2826 2306 2949 2374 quia
2987 2321 3046 2361 se
3074 2316 3293 2372 amant,
3338 2306 3432 2361 sed
3470 2308 3589 2377 quia
3635 2324 3759 2362 cum
3796 2310 3881 2379 qui

2296 2392 2558 2449 amandus
2585 2406 2702 2449 erat
2738 2395 2896 2450 simul
2925 2396 3174 2450 oderunt.
3217 2394 3415 2451 Contra
3447 2395 3549 2450 hoc
3587 2412 3760 2467 genus
3792 2398 3887 2452 bo—

2294 2484 2498 2539 minum
2546 2485 2731 2541 indicit
2776 2485 2931 2540 nobis
2960 2487 3214 2542 Dominus
3246 2487 3387 2543 Deus
3424 2497 3604 2544 noster
3646 2489 3883 2545 toleran-

2296 2578 2422 2631 tiam
2450 2585 2503 2631 et
2542 2576 2791 2631 affectum
2839 2577 2985 2630 illum
3015 2579 3289 2632 charitatis
3312 2620 3328 2642 ,
3360 2594 3519 2648 quem
3553 2581 3802 2639 novimus
3832 2582 3879 2635 in

2295 2664 2625 2736 Evangelia,
2658 2668 3001 2737 pra-cipieutc
3046 2670 3199 2724 nobis
3251 2669 3481 2724 Domino
3525 2680 3580 2726 et
3623 2670 3879 2728 dicente:

2296 2756 2507 2828 Diligite
2534 2759 2764 2812 inimicos
2790 2770 3008 2825 vestros,
3039 2769 3083 2813 et
3117 2760 3392 2828 benefacite
3428 2762 3507 2814 Itis
3549 2762 3635 2831 qui
3670 2761 3882 2819 oderunt

2293 2866 2381 2904 vos
2410 2848 2619 2920 (Matth.
2651 2867 2684 2904 v
2706 2891 2723 2918 ,
2765 2851 2879 2920 44).
2908 2850 3059 2906 Sicut
3085 2859 3139 2904 et
3177 2852 3464 2921 Apostolus
3491 2870 3505 2906 :
3538 2851 3664 2907 Noli
3694 2854 3827 2908 vinci
3852 2872 3883 2907 α

2294 2944 2452 3009 artato,
2475 2944 2565 2999 sed
2589 2946 2730 2998 vince
2759 2944 2811 2999 in
2855 2945 2983 2999 bona
3012 2946 3206 2999 malum
3233 2944 3413 3016 (Rom.
3445 2962 3550 3011 xu,
3592 2946 3707 3019 21).
3742 2949 3881 3004 Con-

2297 3037 2453 3092 tende
2479 3052 2600 3091 cum
2632 3038 2795 3103 malo,
2826 3037 2919 3092 sed
2945 3036 3014 3093 de
3044 3036 3299 3093 bonitate.
3329 3036 3441 3106 Ipsa
3470 3049 3553 3094 est
3579 3040 3723 3094 enim
3757 3054 3881 3095 vera

2295 3128 2567 3182 contentio
2586 3167 2603 3195 ,
2638 3127 2721 3182 vel
2750 3128 2926 3197 potius
2954 3138 3227 3183 certamen
3255 3128 3497 3195 salubre,
3530 3138 3589 3185 ut
3616 3130 3686 3185 sit
3713 3131 3884 3188 bonus

2293 3227 2480 3273 contra
2509 3218 2737 3281 malum,
2765 3234 2869 3272 non
2899 3230 2954 3272 ut
2981 3219 3091 3272 sint
3117 3219 3222 3273 duo
3253 3218 3396 3273 mali.

2366 3307 2420 3361 ἓ.
2472 3306 2624 3381 [vers.
2671 3307 2774 3373 12,
2824 3307 2937 3380 15.]
2987 3308 3129 3378 Ergo
3172 3308 3239 3363 ad
3287 3309 3556 3364 Psalmum
3601 3312 3875 3381 respicite.

2297 3404 2489 3457 Prima:
2517 3415 2694 3471 partes
2711 3404 2821 3471 jam
2849 3413 3086 3458 tractatae
3116 3413 3260 3466 sunt,
3288 3412 3584 3472 sequuntur
3610 3402 3748 3459 hac.
3777 3404 3883 3458 Ob-

2295 3496 2510 3550 servabit
2537 3506 2767 3565 peccator
2782 3497 2979 3566 justum
2995 3537 3010 3560 ,
3036 3506 3084 3550 et
3111 3496 3287 3550 stridet
3325 3512 3477 3563 super
3514 3513 3627 3550 cum
3651 3496 3887 3553 dentibus

2296 3586 2446 3640 suis:
2476 3583 2729 3639 Dominus
2766 3594 2935 3639 autem
2979 3584 3204 3639 irridebit
3246 3602 3381 3639 eum.
3428 3584 3646 3651 Quem?
3688 3585 3888 3657 Utique

2298 3684 2633 3745 peccatorem
2671 3674 2987 3730 stridentem
3028 3690 3191 3746 super
3211 3674 3413 3744 justum
3454 3677 3706 3731 dentibus
3748 3679 3884 3733 suis.

2298 3764 2451 3821 Unde
2476 3775 2655 3824 autem
2692 3763 2939 3820 Dominus
2960 3766 3188 3821 irridebit
3207 3767 3362 3822 eum?
3395 3766 3648 3834 Quoniam
3674 3770 3887 3839 prospi-

2297 3859 2362 3911 cit
2388 3858 2526 3926 quod
2552 3858 2711 3911 veniet
2738 3858 2846 3912 dies
2873 3859 3004 3928 ejus.
3032 3857 3276 3913 Acerbus
3308 3859 3537 3922 videtur,
3564 3874 3684 3912 cum
3714 3860 3888 3914 mina-

2300 3957 2386 4003 tur
2407 3952 2553 4018 justo
2598 3949 2847 4004 ncsciens
2891 3949 3077 4003 horam
3122 3950 3204 4005 sui
3247 3950 3538 4004 crastinam
3573 3967 3587 4003 :
3631 3951 3887 4007 Dominus

2297 4050 2473 4094 autem
2522 4038 2705 4103 videt,
2746 4049 2799 4095 et
2843 4039 3104 4110 prospicit
3149 4039 3290 4094 diem
3328 4039 3665 4109 ejus..Quent
3698 4040 3889 4097 diem?

2298 4134 2413 4200 Quo
2454 4131 2641 4187 reddet
2668 4132 2950 4201 unicuique
2990 4132 3282 4187 secundum
3326 4148 3488 4200 opera
3533 4148 3627 4186 sua
3664 4133 3883 4205 (Matth.

2303 4239 2433 4287 xvi,
2488 4223 2600 4291 27).
2652 4221 2999 4277 Thesaurizat
3035 4224 3177 4277 enim
3219 4224 3320 4277 sibi
3361 4226 3492 4277 iram
3546 4224 3598 4277 iu
3648 4224 3739 4279 die
3793 4226 3887 4281 ira:

2299 4323 2355 4370 et
2400 4313 2745 4368 revelationis
2773 4314 2903 4382 justi
2943 4313 3129 4383 judieii
3178 4314 3272 4369 Dei
3326 4312 3504 4383 (Rom.
3541 4329 3600 4378 ιι,
3655 4314 3737 4383 5).
3782 4315 3888 4371 Sed

2303 4406 2564 4461 Dominus
2587 4405 2844 4474 prospicit
2869 4446 2883 4467 ,
2918 4414 2972 4457 tu
3012 4412 3189 4460 autem
3218 4420 3325 4458 non
3351 4405 3647 4474 prospicis;
3679 4404 3884 4460 iudiea-

2303 4498 2381 4551 vit
2423 4496 2514 4550 tibi
2543 4496 2633 4566 qui
2675 4495 2995 4565 prospicit‘.
3040 4494 3120 4548 T-u
3160 4494 3302 4550 diem
3335 4493 3515 4563 injuSti
3562 4510 3671 4564 quo
3699 4510 3889 4564 pmiias

2304 4605 2565 4659 pensuros
2595 4599 2674 4643 est
2703 4589 2986 4659 ignorabas
3017 4606 3031 4641 :
3062 4587 3156 4642 sed
3183 4588 3276 4658 qui
3305 4588 3422 4652 scit,
3457 4603 3560 4640 non
3595 4599 3645 4642 te
3667 4588 3887 4644 celavit.

2303 4681 2418 4735 Non
2449 4695 2608 4750 parva
2642 4695 2765 4749 pars
2792 4679 3033 4733 scientiae
3072 4689 3189 4742 est,
3232 4678 3418 4732 scienti
3468 4678 3742 4748 conjungi.
3797 4679 3890 4735 Ille

2304 4776 2465 4829 habet
2491 4773 2675 4827 oculos
2698 4770 3038 4841 cognitionis,
3065 4779 3119 4824 tu
3142 4769 3338 4825 habeto
3358 4768 3710 4824 credulitatis.
3733 4770 3890 4838 Quod

2303 4864 2449 4918 videt
2479 4864 2639 4927 Deus,
2672 4862 2832 4916 crede
2860 4870 2936 4915 tu.
2967 4860 3155 4914 Veniet
3180 4861 3323 4915 enim
3352 4861 3468 4915 dies
3497 4860 3702 4931 injusti,
3724 4876 3891 4931 quem

2305 4957 2561 5027 prospicit
2611 4957 2768 5010 Deus.
2816 4953 2917 5020 Qui
2963 4954 3121 5007 dies?
3161 4953 3432 5022 Cujusque
3474 4952 3742 5008 vindictae.
3787 4952 3893 5011 Ne~

2302 5063 2455 5104 nesse
2509 5056 2592 5102 est
2641 5045 2783 5100 enim
2834 5055 2895 5099 ut
2944 5044 3238 5099 vindicetur
3294 5044 3347 5099 :‘n
3396 5044 3662 5115 impium,
3713 5046 3893 5108 viridi:

2303 5151 2455 5197 cetur
2500 5141 2551 5194 in
2612 5138 2868 5207 iniustum
2902 5179 2917 5199 ,
2968 5138 3082 5191 sive
3133 5145 3409 5191 convertat
3456 5152 3515 5191 se
3543 5179 3559 5202 ,
3623 5137 3744 5192 sive
3786 5154 3893 5194 non

2303 5250 2363 5289 se
2401 5240 2694 5287 convertat.
2751 5229 2809 5284 Si
2862 5229 3004 5284 enim
3043 5244 3104 5283 se
3143 5228 3505 5290 converterit,
3561 5226 3666 5282 hoc
3716 5228 3891 5298 ipsum

2304 5328 2357 5380 in
2415 5325 2504 5379 illo
2566 5322 2910 5386 vindicatur;
2971 5320 3114 5391 quod
3164 5321 3320 5390 periit
3373 5320 3642 5391 iniquitas.
3699 5320 3894 5379 Nonne

2305 5417 2468 5470 irrisit
2499 5414 2752 5467 Dominus
2784 5411 3113 5481 prospiciens
3144 5410 3259 5465 dies
3285 5411 3589 5481 iniquorum
3616 5410 3848 5467 duorum
3872 5454 3886 5475 ,

2304 5517 2355 5561 ct
2377 5505 2527 5560 ledae
2559 5502 2832 5557 traditoris
2856 5511 2910 5556 et
2934 5500 3078 5555 Sauli
3109 5502 3467 5570 persecutoris
3489 5500 3623 5571 (Act.
3649 5518 3663 5554 ι
3692 5502 3895 5574 eux)?

2366 5667 2381 5696 ι
2420 5666 2492 5711 ste
2532 5668 2635 5711 Mss.
2674 5670 2727 5711 Αι
2750 5661 2883 5719 alii,
2910 5658 3149 5732 indicabit
3163 5659 3251 5710 tibi
3272 5672 3381 5723 qua:
3402 5659 3649 5771 progredi.
3676 5660 3896 5729 Etpsule

2366 5737 2409 5771 st
2433 5740 2444 5771 :
2472 5737 2565 5771 auo
2583 5737 2745 5771 arenas
2768 5736 2996 5771 passurus
3027 5731 3101 5771 est
3128 5726 3413 5771 sanorabas:
3436 5735 3486 5771 se
3544 5735 3628 5771 aut
3668 5731 3781 5771 seu.
3805 5732 3894 5771 non

2302 5737 2409 5840 ptest
2425 5737 2565 5835 ﬁt)
2581 5737 2745 5787 prunas
2768 5736 2996 5788 passurus
3027 5731 3101 5774 est
3128 5726 3413 5786 ignorabas;
3436 5726 3520 5773 sed
3544 5726 3629 5788 qui
3668 5726 3781 5784 scit,
3805 5732 3894 5772 non

2369 5801 2422 5838 ce
2545 5820 2556 5832 .
