3978 6326
97 304 199 367 365

102 422 268 476 Unius
306 420 446 477 diem
476 421 753 492 prospexit
781 422 846 475 ad
891 435 1096 492 pmuam
1119 459 1133 483 ,
1181 420 1398 474 alterius
1427 419 1491 470 ad
1521 419 1674 484 justi-

102 517 249 567 tiam.
276 511 338 566 lu
373 525 658 584 utrumque
699 512 1020 565 vindicatum
1047 520 1130 565 est
1158 529 1172 563 :
1204 512 1291 564 ille
1316 519 1398 564 est
1424 509 1679 576 gehennm

103 605 312 673 ignibus
341 605 649 673 deputatus,
681 604 780 657 iste
801 603 1004 676 caelesti
1032 616 1158 655 voce
1187 609 1504 670 prostratus.
1539 599 1677 665 Ergo

100 709 150 748 rt
174 708 230 749 ιιι
260 712 422 766 quem
452 697 650 766 pateris
676 696 936 766 iniquum.
965 709 1059 763 per
1080 695 1264 748 oculos
1284 693 1406 747 fidei
1436 686 1683 762 prospice

98 802 219 840 cum
254 787 360 839 Deo
392 787 506 841 dies
538 786 687 853 ejus;
718 795 912 840 etcum
933 799 1056 838 eum
1080 784 1282 837 videris
1304 785 1355 836 in
1385 795 1436 836 te
1461 783 1686 836 saevien-

103 890 231 939 tem,
264 877 354 934 dic
384 877 478 930 tibi
513 894 528 930 :
562 876 663 930 Iste
700 879 789 928 aut
817 885 1115 938 correctus,
1144 888 1354 927 mecum
1385 875 1400 905 ¹
1431 874 1567 936 erit;
1595 882 1685 924 aut

101 983 477 1036 perseverans,
510 982 718 1019 mecum
749 980 852 1019 non
881 966 1000 1019 erit.

171 1061 225 1112 5.
273 1059 428 1131 [rem
472 1060 641 1114 ili-16
666 1057 687 1131 ]
713 1059 848 1124 Quid
881 1058 1061 1112 enim?
1087 1057 1343 1124 iniustitia
1384 1055 1561 1122 iniusti
1591 1052 1683 1106 tibi

104 1162 278 1220 nocet,
305 1161 354 1204 et
388 1152 464 1205 illi
493 1169 598 1205 non
631 1151 828 1204 nocet?
880 1150 1031 1206 Unde
1083 1151 1196 1204 fieri
1251 1159 1440 1217 potest,
1473 1159 1529 1200 ut
1584 1149 1685 1200 ini-

106 1244 284 1310 quitas
307 1242 447 1311 ejus,
495 1259 616 1311 qua:
661 1259 755 1309 per
799 1241 915 1311 ejus
955 1241 1367 1311 indignationem
1411 1249 1466 1294 et
1506 1240 1685 1292 odium

107 1335 348 1400 procedit
373 1334 439 1387 ad
468 1334 768 1387 [uidendum
801 1344 872 1395 te,
903 1348 1004 1385 non
1037 1335 1186 1400 prius
1212 1335 1382 1402 ipsum
1413 1330 1585 1383 vastct
1610 1330 1688 1381 iu-

104 1439 207 1485 tns,
236 1441 396 1492 quam
422 1435 472 1479 tc
493 1435 664 1479 tentet
686 1425 846 1478 foris?
872 1424 1042 1476 Tutun
1067 1440 1260 1491 corpus
1282 1423 1474 1491 premit
1495 1421 1712 1475 adver-

101 1518 251 1577 sitas,
277 1516 419 1568 illius
439 1516 672 1569 animum
699 1514 978 1583 putrefacit
1005 1515 1271 1582 iniquitas.
1304 1513 1435 1567 Nam
1459 1522 1512 1565 et
1533 1513 1691 1581 quid-

103 1607 230 1674 quid
265 1607 317 1659 in
358 1617 408 1659 te
439 1606 674 1674 profert,
710 1606 760 1658 in
805 1606 950 1659 illum
985 1605 1141 1659 redit.
1176 1605 1304 1673 Ejus
1333 1605 1476 1658 enim
1507 1617 1689 1672 perse-

103 1694 246 1749 cutio
279 1705 333 1748 te
375 1695 500 1746 facit
539 1704 848 1763 purgatum,
882 1693 1030 1747 illuni
1073 1708 1244 1746 reum.
1279 1693 1374 1746 Cui
1405 1708 1534 1762 ergo
1573 1692 1692 1761 plus

107 1786 299 1839 nocet?
343 1786 482 1838 Ecce
523 1775 796 1838 saeviendo
839 1784 1154 1853 exspoliavit
1193 1791 1243 1837 te
1275 1800 1289 1834 :
1319 1781 1439 1852 quis
1486 1783 1693 1836 damno

105 1875 349 1942 gtaviorc
398 1875 711 1943 percutitur,
763 1875 853 1943 qui
891 1873 1084 1926 amittit
1133 1873 1434 1942 pecuniam,
1484 1888 1550 1924 an
1601 1872 1688 1940 qui

107 1968 301 2021 amittit
329 1967 486 2020 fidem
505 1967 530 2018 ?
556 1965 765 2020 Norunt
801 1965 984 2020 dolere
1008 1964 1198 2018 damna
1231 1965 1351 2029 iSta,
1377 1963 1466 2032 qui
1499 1963 1695 2016 habent

108 2059 320 2111 oculum
353 2057 684 2111 interiorem.
719 2056 894 2109 Multis
920 2057 1063 2108 enim
1109 2055 1272 2125 fulget
1301 2070 1491 2108 aurum
1513 2095 1528 2116 ,
1563 2054 1695 2107 fides

107 2167 208 2203 non
265 2149 448 2217 fulget.
496 2148 700 2202 llabent
745 2148 940 2216 quippe
980 2147 1164 2200 oculos
1208 2145 1350 2199 unde
1387 2159 1573 2197 aurum
1610 2144 1694 2196 vi-

107 2240 266 2293 deant
295 2258 309 2292 :
341 2240 481 2292 unde
507 2240 665 2292 ﬁdem
696 2238 946 2303 videant,
974 2253 1080 2290 non
1109 2237 1321 2292 habent.
1351 2235 1484 2290 Nam
1516 2236 1558 2290 si
1596 2235 1693 2288 ha-

109 2331 296 2385 berent
333 2341 389 2383 ct
428 2329 705 2391 viderent,
751 2329 930 2397 utique
975 2329 1092 2396 plus
1121 2337 1361 2380 amarent
1393 2345 1406 2377 :
1439 2336 1489 2379 et
1518 2337 1692 2382 tamen

105 2421 318 2489 quando
337 2419 418 2474 eis
444 2418 705 2489 frangitur
731 2418 883 2483 ﬁdes,
912 2419 1166 2481 clamant,
1189 2417 1441 2471 invidiam
1472 2417 1690 2479 faciunt,

106 2523 157 2564 et
185 2511 374 2565 dicunt
402 2527 416 2562 :
444 2508 488 2564 Ο
531 2510 696 2562 fides!
731 2508 816 2562 ubi
844 2517 927 2561 est
955 2507 1132 2562 fides?
1161 2509 1326 2561 Amas
1350 2521 1467 2561 eam
1496 2515 1554 2558 ut
1584 2507 1698 2559 exi-

107 2615 235 2668 gas;
274 2615 395 2654 ama
429 2610 484 2652 ut
511 2598 786 2652 exhibeas.
831 2599 970 2665 Ergo
995 2598 1119 2667 quia
1163 2613 1350 2650 omnes
1393 2597 1481 2666 qui
1518 2612 1696 2662 persc-

104 2691 551 2761 qnunturjustos,
567 2690 818 2759 graviore
839 2691 1036 2742 damno
1065 2688 1348 2749 feriuntur,
1377 2699 1430 2742 ct
1452 2688 1695 2757 graviore

105 2785 342 2852 pernicie
374 2783 745 2848 ,al‘ﬂictautur,
791 2796 912 2835 cum
959 2781 1010 2834 in
1047 2781 1127 2835 eis
1165 2790 1400 2834 vastatur
1435 2783 1546 2849 ipse
1582 2781 1698 2833 ani-

105 2892 251 2935 mus;
298 2861 573 2942 sequitur;
615 2883 668 2926 ct
707 2872 942 2926 ostendit
987 2871 1089 2925 hoc
1130 2872 1376 2924 Psaliuus
1406 2869 1696 2924 :L‘ladium

103 2970 388 3020 eduxerunt
414 2975 701 3035 peccatores
721 3003 735 3027 ,
760 2964 1080 3016 intenderunt
1099 2979 1273 3015 arcum
1295 2978 1442 3016 suum
1475 2976 1494 3014 :
1517 2973 1569 3014 ut
1609 2962 1698 3016 de-

97 3061 283 3127 ficiant
310 3059 515 3124 inopem
546 3067 592 3110 et
626 3071 926 3124 pauperem,
971 3064 1024 3106 ut
1051 3053 1299 3106 trucident
1338 3063 1497 3107 rectos
1523 3056 1693 3108 corde.

109 3148 151 3200 F
154 3164 331 3200 ramea
363 3162 536 3200 eorum
557 3146 708 3198 intret
728 3145 780 3198 in
802 3144 1148 3211 cor’ipsorum.
1193 3143 1370 3196 Facile
1399 3154 1481 3196 est
1511 3154 1565 3196 ut
1595 3143 1696 3195 fra-

105 3256 216 3292 mea
230 3239 374 3307 ejus.
399 3238 448 3292 id
469 3246 570 3302 est,
589 3235 797 3305 gladius
812 3235 929 3305 ejus
943 3235 1217 3304 perveniat
1231 3235 1296 3286 ad
1313 3250 1505 3303 corpus
1521 3244 1692 3300 tuum,

104 3332 236 3384 sicut
250 3323 504 3398 pervenit
519 3327 727 3396 gladius
748 3336 1148 3395 persecuturum
1171 3325 1236 3383 ad
1257 3340 1480 3393 corpora
1502 3337 1700 3396 marty‘

106 3435 255 3483 riun;
283 3417 383 3472 sed
413 3433 666 3486 percusso
694 3431 920 3484 corpore
938 3457 956 3482 ,
983 3417 1086 3469 eor-
1101 3417 1296 3470 mansit
1323 3416 1556 3469 illaesum
1587 3434 1600 3467 :
1631 3417 1697 3470 il-

107 3511 203 3561 lius
231 3517 415 3561 autem
440 3522 536 3561 cor
552 3507 641 3575 qui
668 3505 900 3574 gladium
930 3504 1115 3560 eduxit
1139 3505 1190 3557 in
1212 3519 1406 3572 corpus
1418 3504 1571 3574 justi,
1593 3521 1698 3558 non

107 3603 262 3667 plane
288 3599 492 3652 mansit
521 3597 762 3651 illaesum.
795 3596 905 3650 Hoc
930 3596 1165 3664 psalmus
1184 3595 1284 3648 iste
1317 3604 1556 3649 testator.
1581 3594 1701 3647 Fra-

108 3707 219 3741 niea
249 3703 444 3742 eorum
476 3703 580 3741 non
612 3687 805 3750 intret,
830 3685 999 3750 dixit,
1028 3685 1080 3738 in
1103 3699 1297 3753 corpus
1322 3699 1508 3740 eorum
1542 3704 1554 3738 :
1579 3685 1698 3750 sed,

111 3778 520 3832 l"rameaeorum
543 3778 692 3830 intret
703 3777 762 3830 in
777 3792 864 3829 cor
875 3776 1123 3844 ipsorum.
1141 3773 1196 3827 ln
1215 3790 1439 3840 corpore
1455 3774 1702 3829 occidere

107 3870 437 3933 voluerunt,
470 3868 523 3921 in
551 3868 727 3921 anima
765 3866 1081 3920 moriantur.
1117 3865 1238 3918 lllos
1281 3865 1426 3918 cnim
1469 3880 1698 3934 quorum

107 3977 334 4030 corpora
369 3957 673 4012 interficere
696 3959 1000 4019 voluerunt,
1023 3968 1244 4010 securos
1269 3955 1525 4008 Dominus
1554 3953 1698 4016 fecit,

107 4051 290 4105 dicens
315 4051 404 4105 eis
431 4067 444 4103 :
477 4049 653 4102 Nolite
676 4050 853 4102 timere
876 4064 961 4101 eos
987 4047 1074 4116 qui
1093 4062 1278 4112 corpus
1307 4047 1563 4109 occidunt,
1591 4047 1704 4098 ani-

109 4161 236 4194 mmu
268 4154 444 4195 autem
465 4158 568 4193 non
593 4149 802 4209 possunt
823 4139 1048 4193 occidere
1075 4136 1288 4210 (Matth.
1313 4154 1366 4199 ι,
1388 4137 1506 4206 9-8).
1538 4139 1705 4202 Quale

107 4247 185 4287 est
214 4245 404 4288 autem
435 4233 628 4287 smvire
651 4231 849 4300 gladio,
874 4246 972 4285 nec
1003 4245 1160 4299 posse
1184 4231 1433 4285 occidere
1462 4228 1561 4282 nisi
1588 4244 1708 4282 cor-

108 4342 203 4396 pus
237 4304 469 4390 inimiei,
501 4334 553 4378 et
584 4339 740 4391 posse
765 4321 1012 4376 occidere
1051 4323 1282 4376 animam
1326 4320 1518 4378 suam?
1547 4321 1702 4374 Desi-

114 4419 277 4484 piunt,
311 4425 504 4469 contra
532 4429 592 4467 se
621 4413 878 4478 sawiunt,
910 4413 1215 4477 insaniunt,
1246 4428 1349 4466 non
1377 4427 1436 4466 se
1477 4412 1659 4464 vident
1687 4429 1703 4466 :

115 4519 390 4577 tanquam.
418 4505 464 4560 si
510 4505 670 4559 vellet
706 4503 896 4572 aliquis
937 4518 1032 4573 per
1071 4518 1267 4573 corpus
1304 4517 1460 4556 suum
1507 4501 1704 4556 ferrum

115 4598 363 4668 trajicere
385 4637 405 4659 ,
448 4604 503 4647 ut
529 4595 906 4666 oonscinderet
933 4593 1163 4647 tunicam
1191 4593 1431 4647 alterius.
1465 4590 1708 4683 Attendis

113 4705 214 4757 quo
243 4688 545 4761 pervenisti
570 4729 586 4753 ,
614 4698 669 4741 et
707 4701 813 4741 non
844 4686 1076 4746 attendis
1105 4701 1206 4754 qua
1237 4684 1492 4753 traiecisti
1525 4702 1540 4738 :
1569 4683 1710 4749 illius

111 4779 425 4836 conscid'isti
451 4787 682 4839 vestem,
716 4787 860 4830 tuam
901 4792 1141 4831 carnem.
1183 4777 1406 4829 Constat
1431 4791 1561 4846 ergo
1588 4777 1708 4847 plus

113 4888 227 4928 esse
241 4872 390 4944 quod
419 4886 479 4926 se
497 4869 696 4924 hedunt
722 4869 909 4938 iniqui,
938 4869 1160 4938 etquod
1187 4869 1288 4922 sibi
1314 4877 1528 4933 nocent,
1548 4882 1706 4937 quam

117 4964 250 5030 quod
279 4963 386 5018 sibi
423 4962 669 5016 videntur
696 4977 891 5016 nocere
917 4961 1020 5014 illis
1047 4975 1183 5028 quos
1207 4960 1454 5014 oderunt.
1488 4959 1710 5012 Framca

120 5037 451 5129 i-rgqheorum
487 5057 640 5109 intret
676 5056 730 5110 in
768 5072 855 5109 cor
883 5057 1130 5124 ipsorum.
1178 5053 1452 5110 Sententia
1502 5056 1710 5109 Domini

124 5160 213 5213 ιονι,
243 5151 407 5203 aliter
436 5147 553 5200 ﬁeri
587 5161 690 5200 non
716 5157 910 5217 potest.
936 5145 1001 5198 Et
1029 5163 1180 5199 arcus
1201 5163 1375 5199 eorum
1399 5157 1710 5205 conteratur.

127 5241 247 5306 Quid
277 5251 366 5293 est.
391 5280 408 5299 .
457 5254 609 5291 arcus
649 5254 823 5290 eorum
864 5247 1154 5290 conteratur
1175 5237 1200 5288 2’
1227 5237 1437 5302 insidia:
1474 5237 1711 5304 ipsorum

120 5335 464 5384 tiustrcntur.
495 5324 750 5395 Superius
784 5329 926 5384 enim
957 5327 1172 5379 diXerat
1203 5345 1216 5378 :
1251 5326 1492 5377 Gladium
1518 5328 1711 5378 eduxe-

121 5434 232 5474 runt
264 5432 561 5490 peccatores
582 5461 596 5480 ,
626 5420 946 5471 intenderunt
977 5433 1151 5469 arcum
1179 5434 1346 5469 suum.
1378 5416 1548 5468 Clodii
1576 5417 1711 5470 edu-

121 5517 348 5568 rtionem
377 5557 393 5578 ,
449 5512 672 5579 intelligi
727 5512 892 5563 voluit
934 5520 1170 5577 apertam
1216 5509 1661 5578 oppugnationem
1696 5527 1710 5562 :

181 5721 195 5750 ¹
220 5724 292 5768 Sic
320 5729 429 5767 mss.
463 5724 517 5764 At
544 5715 674 5769 Fdd.
701 5727 848 5764 incus.

1195 301 1588 362 ENARRATIO
1630 302 1693 357 ΙΝ
1733 301 2053 362 PSALMUM
2094 302 2328 366 XXXVI.

3275 320 3379 378 366

1789 431 1944 471 arens
1973 431 2149 473 autem
2195 424 2541 480 intentionem
2568 471 2580 489 ,
2614 432 2852 485 occultas
2877 429 3112 488 ‘insidias
3151 437 3373 510 intelligi

1793 509 1978 562 voluit.
2014 512 2148 566 Ecce
2174 515 2381 580 gladius
2411 518 2528 583 ejus
2559 521 2772 588 perimit
2798 538 2918 575 cum
2939 565 2952 584 ,
3000 535 3052 579 et
3095 509 3378 595 dispositio

1794 599 2105 657 insidiarum
2134 606 2249 673 ejus
2277 605 2579 662 frustratur.
2614 611 2749 678 Quid
2782 624 2862 666 est
2883 657 2897 679 ,
2932 614 3260 673 frustratur?
3289 619 3378 673 Ni-

1796 694 1864 745 hil
1899 706 2052 754 uocet
2078 695 2240 765 justo.
2276 700 2555 763 Qumuodu
2581 717 2706 770 ergo
2736 706 2867 759 nihil
2905 708 2954 761 ei
2984 711 3198 774 nocuit,
3232 713 3378 766 verbi

1792 785 1982 851 gratia,
2014 801 2169 853 quem
2200 789 2277 841 sic
2307 791 2642 855 exspoliavit,
2673 795 2755 847 cui
2789 795 3022 850 tollendo
3051 814 3136 853 res
3163 815 3288 855 suas
3313 807 3380 856 ad

1793 877 2064 941 angustias
2103 879 2394 945 perduxit?
2430 881 2596 935 liabet
2641 886 2781 953 quod
2830 897 3049 954 cantet,
3096 889 3283 946 Melius
3311 904 3384 947 es:

1795 964 2046 1017 modicum
2067 968 2210 1034 justo
2239 985 2390 1035 super
2415 971 2614 1025 divitias
2647 982 2962 1039 peccatorum
2996 979 3200 1032 multas.

1865 1054 1899 1108 4
1965 1053 2115 1127 [νει-ε.
2161 1050 2272 1130 17.]
2307 1060 2410 1113 Sed
2454 1064 2696 1128 potentes
2737 1076 2861 1117 sunt
2891 1066 3089 1136 iniqui,
3133 1080 3186 1122 et
3219 1071 3384 1122 multa

1797 1144 2013 1211 faciunt,
2043 1157 2092 1202 et
2119 1151 2353 1217 Suppetit
2377 1153 2464 1203 eis
2484 1167 2658 1206 rerum
2688 1154 2941 1221 effectus;
2974 1161 3159 1226 agendi
3190 1163 3385 1215 celeri-

1798 1246 1876 1289 tas
1895 1279 1908 1299 ,
1935 1238 2226 1305 jnssioucnt
2258 1242 2557 1296 olicdientia
2585 1248 2841 1315 sequitur.
2872 1247 3136 1320 Numquid
3166 1267 3383 1322 semper

1797 1329 1922 1382 sic?
1955 1329 2204 1396 Quoniam
2251 1333 2458 1386 brachia
2508 1349 2825 1408 peccatorum
2863 1352 3202 1396 conterentur.
3250 1347 3378 1398 Bra-

1797 1420 1913 1471 cliia
1942 1438 2068 1488 ergo
2099 1439 2283 1477 eorum
2310 1468 2324 1488 ,
2361 1431 2592 1493 potentia
2621 1446 2826 1483 eorum.
2863 1432 2997 1498 Quid
3030 1435 3263 1489 facturus
3303 1450 3384 1491 est

1801 1511 1852 1564 in
1880 1519 2123 1581 gehenna
2151 1516 2175 1567 τ
2201 1519 2278 1567 An
2303 1520 2441 1586 quod
2473 1518 2596 1573 facit
2619 1522 2704 1575 ille
2733 1522 2904 1588 dives,
2939 1529 3026 1593 qui
3055 1530 3192 1594 apud
3221 1544 3380 1594 supe-

1797 1614 1886 1654 ros
1913 1603 2244 1675 epulabatur,
2284 1608 2421 1674 apud
2456 1595 3023 1681 inferostorquebatur
3064 1615 3212 1684 (Luc.
3259 1636 3380 1682 M‘t.

1796 1691 1867 1767 _19
1887 1732 1902 1756 ,
1930 1685 2068 1760 24η
2095 1692 2318 1747 Brachia
2346 1708 2473 1766 ergo
2512 1715 2685 1753 eorum
2723 1710 3060 1758 conterentur.
3106 1707 3385 1775 Confirmat

1797 1793 1966 1850 autem
1983 1785 2156 1853 justas
2187 1783 2453 1839 Dominus.
2483 1789 2760 1856 Quomodo
2791 1808 2884 1846 eos
2913 1796 3231 1852 c0ufirtnat?
3260 1801 3384 1865 quid

1800 1874 1879 1928 eis
1908 1874 2084 1929 dicit?
2101 1877 2250 1945 Quod
2294 1878 2485 1935 dicitur
2507 1884 2586 1936 .in'
2607 1885 2712 1937 alio
2745 1889 2949 1954 psalmo
2981 1907 2994 1943 :
3031 1889 3240 1947 Sustine
3283 1894 3390 1947 Do-

1799 1968 2012 2028 minum,
2043 1968 2254 2020 uiriliter
2281 1987 2394 2038 age,
2423 1981 2471 2025 et
2492 1972 2809 2044 cenfortemr
2827 1995 2916 2032 cor
2940 1991 3102 2044 luunt,
3129 1996 3174 2036 et
3197 1988 3391 2040 sustine

1799 2052 2078 2107 Dominum
2108 2056 2278 2128 (Psal.
2307 2056 2453 2144 ini,
2486 2054 2595 2133 ili).
2623 2066 2758 2130 Quid
2788 2073 2870 2120 est
2897 2068 2945 2144 lt;
2967 2086 3018 2134 c,
3054 2070 3260 2128 Sustine
3282 2074 3390 2129 Do-

1800 2145 1990 2198 minum
2010 2146 2037 2200 .’
2065 2149 2144 2201 Ad
2178 2159 2383 2220 tempus
2411 2139 2639 2217 laboras,
2673 2156 2724 2210 in
2753 2170 3009 2214 internum
3040 2179 3143 2216 non
3175 2166 3387 2219 labora-

1799 2233 1881 2288 his
1913 2253 1927 2288 :
1962 2236 2135 2291 brevis
2161 2249 2243 2294 est
2281 2242 2523 2297 molestia
2559 2257 2643 2298 tua
2670 2289 2684 2309 ,
2731 2258 2928 2303 aeterna
2969 2253 3071 2306 erit
3112 2254 3388 2312 beatitudo

1803 2335 1888 2379 tua
1923 2343 1939 2378 :
1969 2329 2034 2381 ad
2063 2317 2525 2396 modicum'doles,
2551 2338 2667 2391 sine
2692 2339 2797 2393 fine
2816 2342 3091 2410 gaudebis.
3116 2345 3222 2400 Sed
3246 2349 3389 2403 inter

1801 2418 2080 2473 molestias
2107 2422 2295 2491 incipis
2323 2425 2468 2479 labi?
2492 2427 2814 2497 Proponitur
2840 2436 3142 2505 exemplum
3175 2450 3230 2494 et
3257 2456 3381 2509 pas-

1800 2510 2008 2562 sionum
2041 2511 2257 2566 Christi.
2292 2515 2421 2569 Vide
2448 2518 2570 2587 quid
2603 2536 2697 2588 pro
2724 2531 2776 2576 te
2807 2527 3050 2591 pertulit,
3091 2529 3180 2598 qui
3216 2547 3383 2600 quare

1800 2597 2062 2665 perferret
2091 2619 2195 2655 non
2239 2602 2484 2659 habebat.
2525 2609 2960 2680 Quantacumque
2991 2597 3249 2685 patiaris,
3280 2637 3388 2678 non

1804 2691 2084 2755 pervenies
2110 2693 2175 2746 ad
2207 2693 2322 2747 illas
2352 2696 2738 2762 iusultatioues,
2765 2703 2830 2756 ad
2860 2704 2946 2759 illa
2979 2705 3205 2777 flagella,
3232 2711 3298 2765 ad
3328 2713 3393 2767 il-

1802 2780 1905 2833 lam
1954 2781 2352 2850 ignominiosam
2381 2800 2624 2855 vestem,
2662 2793 2729 2846 ad
2775 2794 2917 2849 illam
2956 2799 3196 2868 Spincam
3232 2817 3390 2857 coro-

1804 2883 1948 2933 nam,
1982 2872 2046 2924 ad
2082 2873 2220 2925 illam
2251 2886 2522 2944 pistremo
2549 2893 2763 2936 crucem
2797 2901 2900 2937 non
2932 2890 3236 2956 pervenies,
3264 2893 3389 2961 quia

1797 2958 1906 3026 jam
1953 2971 2006 3013 ct
2035 2961 2102 3015 de
2145 2979 2298 3031 poena
2345 2970 2557 3043 generis
2599 2971 2811 3026 humani
2839 2977 3057 3030 sublata
3104 2989 3207 3036 est.
3255 2958 3388 3035 Cum

1800 3052 1943 3103 enim
1968 3053 2067 3105 sub
2087 3057 2316 3125 antiquis
2338 3060 2583 3115 scelerati
2606 3066 3066 3135 crucifigerentur,
3093 3073 3251 3126 modo
3274 3075 3390 3128 nul—

1805 3142 1888 3196 lus
1912 3144 2254 3214 crucifigitur.
2289 3149 2558 3205 llouorata
2591 3165 2672 3207 est
2695 3196 2708 3214 .
2744 3166 2797 3210 et
2829 3157 2996 3212 finita.
3027 3159 3197 3216 Finita
3226 3163 3308 3218 est
3339 3167 3389 3220 in

1804 3247 1956 3300 pmna
1984 3275 1998 3299 ,
2028 3247 2208 3291 manet
2235 3240 2285 3291 in
2313 3241 2480 3310 gloria
2510 3245 2547 3294 ί.
2581 3246 2622 3298 Λ
2671 3247 2801 3300 locis
2843 3252 3225 3318 suppliciorum
3269 3255 3394 3311 fecit

1805 3325 2084 3378 transitum
2111 3325 2176 3379 ad
2212 3328 2410 3385 frontes
2440 3334 2839 3401 imperatorum.
2868 3339 2965 3406 Qui
2997 3350 3198 3399 tantum
3228 3346 3394 3399 bono-

1805 3428 1916 3465 rent
1943 3413 2089 3468 dedit
2114 3420 2287 3484 penis
2313 3421 2444 3485 suis,
2473 3425 2597 3492 quid
2642 3439 2818 3480 servat
2848 3429 3089 3485 fidelibus
3115 3434 3263 3488 suis?
3301 3436 3394 3495 llis

1806 3519 1935 3574 ergo
1960 3507 2149 3568 rebus.
2185 3509 2268 3562 his
2297 3513 2502 3578 verbis,
2553 3515 2634 3568 bis
2670 3517 3081 3577 allocutionibu-s
3106 3566 3121 3588 ,
3173 3525 3274 3580 hoc
3303 3529 3392 3582 tali

1805 3597 2052 3663 exemplo
2081 3600 2348 3666 confirmat
2369 3602 2540 3670 justas
2577 3605 2844 3662 Dominus.
2882 3610 3113 3667 Sicviant
3139 3629 3393 3684 quantmn

1806 3685 2110 3750 voluerint,
2151 3697 2208 3742 et
2233 3702 2486 3758 quantum
2532 3698 2776 3763 permissi
2819 3702 3011 3756 fuerint
3039 3718 3348 3773 peccatores
3379 3729 3394 3765 :

1806 3775 2073 3840 conﬁrmat
2091 3777 2261 3845 justas
2289 3778 2560 3837 Dominus.
2604 3787 2866 3856 Quidquid
2913 3794 3165 3848 acciderit
3206 3797 3393 3865 justo,

1807 3864 2065 3927 voluntati
2093 3867 2286 3923 divina:
2312 3871 2531 3940 deputet
2555 3917 2569 3934 .
2604 3893 2708 3930 non
2737 3884 2985 3949 potestati
3018 3864 3238 3939 inimici.
3280 3888 3396 3943 Sa:-

1808 3955 1922 4006 vire
1950 3956 2039 4009 ille
2064 3967 2238 4026 potest
2268 3978 2282 4013 :
2311 3960 2490 4037 ferire,
2520 3965 2563 4017 si
2597 3967 2685 4021 ille
2701 3968 2950 4032 noluerit,
2975 3988 3080 4027 non
3105 3987 3299 4042 potest.
3334 3981 3400 4034 Et

1809 4035 1852 4097 si
1887 4046 1976 4100 ille
2003 4049 2232 4104 voluerit
2260 4035 2550 4130 ut‘feriat,
2577 4061 2724 4113 novit
2749 4078 2902 4116 suum
2943 4069 3396 4134 quemadmodum

1808 4137 2035 4203 excipiat
2064 4156 2078 4192 :
2112 4139 2273 4204 Quem
2303 4145 2433 4196 enim
2473 4146 2635 4217 diligit
2666 4148 2916 4207 Dominus
2943 4197 2957 4218 ,
2995 4160 3203 4228 corripit
3248 4178 3262 4216 :
3303 4163 3402 4232 ﬂu-

1809 4226 1964 4296 gellat
1989 4240 2155 4283 autem
2177 4249 2372 4287 onmem
2402 4237 2566 4303 [ilium
2598 4255 2742 4307 quem
2770 4246 2943 4312 recipit
2977 4226 3166 4311 (llcbra
3193 4226 3401 4320 xu,'6).

1811 4319 1945 4385 Quid
1978 4321 2078 4374 sibi
2106 4337 2236 4392 ergo
2262 4325 2463 4392 plaudit
2493 4329 2724 4398 iniquus.
2756 4335 2880 4403 quia
2910 4335 3174 4407 flagellum
3205 4340 3304 4395 sibi
3333 4319 3404 4399 de

1814 4409 1904 4464 illo
1927 4410 2048 4464 fecit
2074 4411 2232 4467 Pater
2267 4416 2460 4471 meus?
2491 4418 2638 4474 Illum
2667 4427 2889 4478 assumit
2914 4428 2979 4480 ad
3011 4431 3362 4488 ministerium
3385 4477 3402 4501 ,

1812 4518 1898 4555 me
1924 4503 2100 4557 erudit
2133 4506 2199 4558 ad
2239 4511 2640 4575 patrimonium.
2674 4513 2784 4569 Nec
2827 4521 3104 4576 attendere
3145 4523 3405 4582 debemus

1811 4603 2068 4659 quantum
2129 4599 2406 4662 permittat.
2458 4600 2716 4670 injustis,
2775 4609 2869 4660 sed
2919 4622 3175 4678 quantum
3226 4627 3407 4672 servet

1806 4681 1988 4752 justis.

1886 4773 1943 4827 5.
1971 4774 2076 4828 Sed
2097 4775 2357 4831 debemus
2391 4791 2576 4847 optare
2603 4784 2766 4837 etiam
2807 4785 2916 4842 illis
2947 4804 3040 4857 per
3068 4807 3202 4860 quos
3224 4793 3412 4865 flagri—

1815 4864 2010 4930 lamur,
2038 4875 2096 4919 ut
2119 4878 2523 4935 convertantur,
2551 4885 2603 4925 et
2627 4874 3083 4944 flagellentur.Sic
3111 4885 3252 4937 enim
3282 4864 3410 4939 suos

1817 4954 2007 5009 ﬁdeles
2035 4957 2328 5023 erudiebat,
2361 4961 2449 5025 qui
2477 4964 2545 5017 de
2571 4964 2734 5018 Saulo
2761 4967 3024 5038 flagellum
3051 4973 3151 5026 sibi
3183 4974 3408 5035 fecerat.

1817 5047 1912 5100 sed
1941 5059 2124 5118 postea
2155 5053 2418 5105 convertit
2447 5065 2500 5107 et
2527 5055 2767 5111 Saulmn.
2800 5060 3004 5115 Etcum
3036 5066 3258 5120 Ananiae
3287 5085 3412 5122 sau-

1815 5149 1925 5202 cto,
1959 5158 1986 5192 ιι
2031 5155 2137 5209 quo
2167 5141 2462 5210 baptizatus
2492 5157 2572 5199 est
2609 5147 2833 5220 Saulus.
2881 5152 3082 5206 diceret
3115 5156 3366 5213 Dominus
3397 5203 3410 5224 ,

1822 5229 1970 5282 illum
2019 5231 2414 5299 suscipiendum
2445 5249 2564 5288 esse
2591 5237 2831 5298 Sunium,
2862 5242 2982 5308 quia
3009 5259 3102 5298 vas
3129 5256 3274 5301 esset
3299 5250 3408 5303 ele-
3484 5309 3488 5312 _

1819 5321 2047 5381 ctionis;
2083 5325 2356 5391 respoodit
2394 5328 2668 5390 Ananias,
2695 5330 2886 5385 timens
2933 5343 2984 5387 et
3025 5323 3416 5394 exlium-secus

1820 5414 1996 5466 audita
2043 5414 2178 5468 fama
2209 5414 2353 5469 Sauli
2396 5421 2751 5484 persecutoris
2781 5437 2795 5480 ;
2829 5420 3043 5476 Domine
3064 5466 3078 5487 ,
3108 5427 3299 5491 audiri,
3329 5431 3415 5482 in-

1822 5505 1956 5571 quit,
1986 5521 2076 5573 cgo
2107 5506 2170 5556 tle
2196 5507 2303 5558 viro
2339 5507 2437 5558 isto
2464 5519 2678 5575 quantas
2701 5514 3070 5577 persecutiones
3096 5518 3284 5570 sanctis
3316 5521 3416 5572 tuis

1823 5599 1998 5667 [rrcrit
2020 5599 2071 5649 in
2094 5597 2415 5666 Jerosolgma
2436 5641 2448 5660 ,
2477 5609 2524 5650 et
2551 5617 2686 5654 nunc
2711 5604 2926 5668 acceptis
2961 5605 3136 5658 litteris
3161 5607 3298 5660 rodit
3317 5649 3332 5675 ,
3363 5615 3419 5658 ut

1892 5714 1907 5740 ‘
1947 5710 2218 5762 :Juiadt‘cnn
2240 5719 2363 5769 1135.,
2388 5712 2561 5773 grm'ia.
