3978 6342
577 279 679 338 3υ¹ι

576 397 872 460 ubicumque
913 392 1152 445 invenerit
1183 391 1468 443 invocantes
1515 401 1692 439 nomen
1722 393 1862 436 tuum
1882 426 1896 447 ,
1925 383 2090 434 trahat
2119 391 2164 434 et

577 487 718 554 liget,
751 495 796 536 et
843 484 911 535 ad
940 483 1202 550 pontiﬁces
1246 479 1487 531 adducat.
1537 477 1604 530 Et
1649 485 1831 528 contra
1862 474 2115 527 Dominus
2149 489 2163 524 :

576 577 722 642 Sine,
756 576 946 643 inquit,
979 591 1070 644 ego
1097 573 1173 625 illi
1196 572 1460 624 ostendam
1489 585 1601 637 qua:
1629 568 1773 620 illum
1802 575 2029 636 oporteat
2060 566 2165 632 pati

576 685 666 733 pro
695 683 895 718 nonnae
919 682 1027 718 meo
1056 664 1187 733 (Act.
1217 680 1288 722 Ix,
1316 661 1530 728 13-16).
1562 659 1800 713 Reddam
1842 658 1945 720 illi,
1973 657 2162 726 inquit,

575 758 855 812 vindicabo
893 773 977 810 me
1017 757 1082 810 dc
1115 756 1234 821 illo;
1263 768 1315 808 ct
1347 755 1574 822 patietur
1605 768 1702 821 pro
1747 750 1960 804 nomine
2003 767 2122 803 tneo
2146 793 2160 812 ,

575 851 663 918 qui
709 849 860 903 saevit
900 849 951 902 in
998 864 1193 901 nomen
1233 862 1428 899 meum.
1475 845 1672 898 Erudio
1711 843 1792 896 vel
1835 842 2038 894 erudivi
2069 856 2165 910 per

576 957 697 992 eum
726 941 858 992 alios
882 981 895 1001 ,
921 938 1158 992 erudiam
1206 947 1259 990 et
1290 938 1461 1005 ipsum
1509 951 1603 1002 per
1640 933 1796 987 alios.
1827 931 2047 986 Factum
2083 939 2167 984 est

579 1026 712 1092 hoc,
747 1039 800 1084 et
840 1030 1084 1082 novimus
1127 1035 1322 1096 quanta
1375 1024 1691 1080 sustinuerit
1728 1022 1956 1083 Saulus,
1999 1020 2168 1074 multo

578 1121 725 1189 plura
752 1137 909 1189 quam
941 1119 1162 1183 fecerat,
1190 1118 1340 1188 quasi
1382 1131 1574 1171 avarus
1600 1124 1816 1170 exactor
1841 1128 1960 1167 cum
1989 1110 2164 1165 usuris

581 1213 780 1281 recepit
807 1211 946 1280 quod
977 1209 1219 1264 dederat.

645 1305 696 1360 6.
727 1303 833 1360 Sed
860 1303 978 1358 vide
1012 1313 1186 1357 utrmn
1228 1301 1280 1354 in
1313 1301 1406 1355 illo
1433 1300 1708 1370 impletum
1738 1298 1808 1351 sit
1835 1295 1975 1365 quod
2003 1294 2164 1349 modo

576 1397 817 1453 PSulmus
845 1397 1008 1460 dicit,
1038 1396 1315 1463 Conﬁrmat
1351 1403 1516 1448 autem
1541 1394 1710 1462 justas
1740 1392 2006 1445 Dominus.
2042 1387 2163 1442 Non

569 1488 752 1548 solum,
778 1488 947 1555 inquit
973 1486 1112 1543 idem
1137 1485 1353 1550 Paulus,
1372 1498 1491 1538 eum
1515 1483 1680 1538 multa
1709 1483 1844 1536 mala
1868 1490 2161 1550 pateretur,

568 1582 654 1632 sed
669 1591 714 1633 et
734 1580 1011 1648 glariamur
1030 1578 1082 1631 in
1109 1576 1532 1642 tribulationibus,
1545 1576 1754 1628 scientes
1772 1574 1889 1643 quia
1907 1572 2164 1624 tribulatio

571 1674 863 1740 patientiam
905 1681 1178 1736 operatur,
1209 1669 1449 1740 patientia
1509 1665 1854 1738 probationem
1884 1705 1895 1725 ,
1933 1665 2161 1733 probatio

568 1783 728 1834 spem,
756 1782 869 1832 spes
883 1775 1046 1816 autem
1065 1781 1165 1816 non
1183 1761 1468 1832 confundit,
1487 1760 1604 1831 quia
1619 1760 1842 1812 Charitas
1861 1755 1952 1808 Dei
1973 1754 2162 1821 diffusa

569 1859 704 1909 estin
720 1855 953 1909 cordibus
969 1855 1154 1908 nostris
1172 1871 1258 1924 per
1274 1853 1525 1923 Spiritum
1545 1861 1796 1912 sanctum,
1813 1849 1899 1919 qui
1922 1849 2070 1901 datus
2088 1856 2162 1902 est

570 1949 710 2000 nobis
742 1947 918 2014 (Rom.
942 1962 990 2008 v,
1022 1946 1161 2014 5-5).
1189 1946 1350 2005 Bene;
1377 1943 1530 2013 plane
1553 1942 1660 2011 jam
1682 1941 1882 2010 justus,
1897 1941 2004 2007 jam
2033 1953 2161 1992 con-

572 2043 830 2092 tirmatus.
861 2036 1141 2103 Quomodo
1163 2051 1289 2104 ergo
1312 2035 1396 2089 isti
1423 2035 1533 2104 jam
1559 2034 1874 2088 conﬁrmato
1900 2031 2032 2085 nihil
2059 2045 2157 2084 no-

569 2130 762 2184 cebant
785 2129 873 2198 qui
903 2130 1048 2182 illum
1080 2127 1495 2188 insectabantur,
1523 2126 1600 2180 sic
1629 2139 1729 2178 nec
1760 2124 1872 2192 ipse
1899 2123 2000 2176 illis
2027 2136 2161 2191 quos

573 2221 1008 2291 persequebatur.
1058 2218 1339 2286 Conﬁrmat
1383 2228 1582 2278 autent,
1627 2216 1829 2286 inquit,
1851 2217 2022 2284 justas
2052 2214 2158 2268 Do-

569 2314 754 2366 minus.
793 2312 927 2366 Audi
959 2311 1089 2365 alias
1115 2325 1279 2365 voces
1303 2309 1603 2364 conﬁrmati
1626 2308 1773 2378 justi.
1809 2307 1934 2373 Quis
1960 2322 2052 2359 nos
2075 2322 2158 2359 se-

568 2403 764 2470 parabit
785 2421 816 2455 a
844 2405 1092 2456 charitate
1117 2401 1345 2455 Christi?
1372 2399 1674 2464 Tribulatio,
1703 2415 1768 2450 an
1796 2399 2031 2466 angustia
2051 2437 2069 2460 ,
2090 2411 2157 2448 an

568 2497 727 2561 [niues
752 2535 766 2556 ,
785 2511 851 2546 an
891 2493 1094 2546 nuditas
1113 2537 1127 2557 ,
1155 2509 1221 2545 an
1267 2492 1544 2562 persecutio
1573 2488 1682 2559 (Id.
1709 2505 1802 2542 vin
1820 2528 1835 2553 ,
1867 2486 1981 2559 55).
2011 2487 2158 2553 Quo-

571 2587 729 2640 modo
772 2585 1045 2648 hmrebat,
1075 2586 1166 2655 qui
1194 2585 1353 2639 rebus
1393 2584 1586 2638 talibus
1628 2597 1732 2636 non
1771 2580 2159 2650 separabatur?

566 2674 844 2744 Conﬁrmat
882 2686 1047 2728 autem
1077 2674 1250 2745 justas
1299 2673 1570 2728 Dominus.
1606 2671 2001 2726 Descenderam
2035 2669 2158 2739 qui-

567 2767 688 2819 dam
714 2767 988 2837 prophetae
1018 2765 1085 2819 de
1110 2764 1462 2836 Jerosolyma,
1494 2772 1550 2818 et
1576 2763 1774 2831 impleti
1807 2761 2005 2830 Spiritu
2032 2775 2159 2814 san-

566 2869 653 2908 cto
683 2856 1134 2925 prophetat/erunt
1153 2855 1328 2910 cidem
1355 2855 1520 2909 Paulo
1546 2854 1687 2922 quod
1713 2853 1877 2906 multa
1907 2866 2160 2922 passurus

566 2956 711 3000 esset
760 2945 813 3000 in
856 2946 1151 3001 Jcrusalem
1200 2964 1211 2998 :
1243 2946 1396 2999 itaut
1438 2942 1654 3014 quidam
1694 2957 1916 3008 eorum,
1945 2941 2160 3011 Agabus

566 3039 810 3098 nomine,
841 3038 1012 3092 soluta
1049 3051 1184 3089 zona
1210 3035 1456 3105 alligaret
1483 3050 1563 3099 se,
1594 3032 2039 3103 quemadmodum
2067 3045 2157 3084 so.

569 3130 639 3180 ιοοι
671 3128 783 3182 fieri
810 3169 826 3191 ,
860 3138 916 3181 ιιι
954 3127 1040 3182 bis
1092 3126 1302 3182 indiciis
1329 3143 1506 3180 rerum
1550 3127 1722 3179 futura
1764 3126 2160 3180 demonstraret

567 3219 844 3289 propheta,
874 3221 1060 3274 dicens
1085 3237 1099 3273 :
1131 3219 1278 3273 Sicut
1305 3219 1570 3290 alligatum
1596 3235 1673 3272 me
1692 3218 1892 3282 videtis,
1913 3217 1984 3272 sic
2008 3236 2162 3287 opor-

567 3322 630 3362 tet
655 3312 860 3382 alligari
885 3311 1137 3363 hominem
1167 3311 1299 3362 hunc
1338 3311 1388 3362 in
1424 3308 1779 3380 Jerosolymis.
1813 3309 2030 3363 Fratres
2068 3324 2162 3361 au-

569 3415 674 3456 tem
727 3419 986 3470 responso
1024 3405 1352 3456 admonitum
1385 3402 1604 3455 Sanlum
1632 3444 1644 3464 ,
1666 3403 1774 3470 jam
1804 3402 2024 3456 Paulum
2047 3443 2060 3463 ,
2093 3418 2162 3456 ne

567 3512 624 3548 se
657 3497 814 3548 tantis
844 3493 1092 3563 periculis
1131 3495 1510 3557 conunittcret,
1536 3504 1815 3560 eruperunt
1847 3493 2120 3546 deterrere
2143 3532 2159 3556 ,

566 3599 619 3639 ut
645 3585 910 3640 mouendo
932 3595 985 3638 et
1009 3584 1247 3654 rogando
1277 3598 1532 3638 revocare
1571 3598 1640 3636 ne
1681 3583 1781 3636 iret
1810 3582 1861 3636 in
1892 3581 2164 3651 Jerosoly-

566 3693 706 3730 mam
760 3676 851 3729 Ille
893 3685 1073 3729 autem
1111 3675 1199 3743 qui
1224 3674 1333 3742 jam
1366 3674 1418 3726 in
1461 3689 1647 3726 eorum
1688 3688 1911 3726 munero
1951 3683 2068 3726 erat
2095 3672 2162 3726 de

565 3770 757 3833 quibus
798 3769 994 3822 dictum
1017 3775 1134 3832 est,
1166 3765 1444 3834 Conﬁrmat
1488 3777 1653 3842 autem
1671 3766 1837 3834 iustos
1877 3763 2164 3829 Dominus;

570 3860 727 3926 Quid,
758 3860 962 3928 inquit,
1006 3858 1326 3927 confringitis
1353 3874 1441 3910 cor
1484 3857 1692 3910 meum?
1720 3856 1835 3910 Non
1881 3854 2019 3910 facio
2044 3857 2164 3908 aui-

570 3969 711 4006 ntam
758 3950 931 4005 t’ncam
967 3951 1250 4020 pretiosam
1302 3949 1456 4002 mihi.
1497 3948 1632 4015 Quia
1673 3948 1784 4016 jam
1834 3946 2043 4002 dixerat
2087 3947 2166 4001 eis

566 4059 702 4111 quos
737 4043 1059 4112 partoricrat
1098 4041 1148 4092 in
1193 4039 1481 4108 Evangelia
1513 4057 1524 4091 ε
1558 4037 1624 4092 Et
1648 4039 1757 4106 ipse
1785 4037 2051 4104 impensior
2074 4053 2167 4108 pro

567 4134 832 4186 animabus
881 4133 1053 4186 vestris
1082 4131 1145 4201 (ll
1169 4130 1288 4184 Cor.
1312 4146 1386 4184 xu
1407 4173 1421 4194 ,
1454 4131 1567 4200 15).
1617 4128 1728 4200 Ego
1769 4130 1936 4191 enim,
1962 4130 2163 4197 inquit,

569 4244 670 4279 non
708 4227 873 4278 solum
916 4224 1122 4293 alligati
1146 4265 1158 4284 ,
1202 4223 1290 4275 sed
1319 4224 1470 4275 etiam
1516 4223 1644 4274 mori
1681 4232 1890 4290 paratus
1932 4238 2046 4274 sum
2075 4237 2171 4291 pro

568 4318 770 4370 nomine
801 4314 1003 4369 Domini
1041 4313 1168 4366 Jcsu
1195 4313 1384 4368 Christi
1418 4312 1549 4383 (Act.
1589 4328 1704 4377 XXI,
1734 4313 1951 4379 11-15).

637 4411 687 4462 7.
709 4409 862 4481 [υεη.
905 4405 1029 4479 18.]
1061 4404 1340 4475 Conﬁrmat
1369 4419 1497 4473 ergo
1529 4405 1699 4473 justos
1728 4403 1996 4456 Dominus.
2019 4403 2166 4469 Quo-

567 4502 729 4556 modo
771 4515 866 4555 cos
895 4497 1220 4554 confirmat?
1252 4495 1405 4549 Novit
1452 4495 1701 4549 Dominus
1729 4496 1835 4547 vias
1863 4494 2167 4547 immacula-

568 4605 758 4647 torum.
784 4592 1007 4660 Quando
1035 4592 1311 4660 patiuntur
1339 4591 1471 4642 mala
1495 4631 1509 4652 ,
1545 4590 1654 4642 vias
1683 4590 1850 4642 malas
1889 4589 2166 4644 ambulare

569 4687 862 4740 creduntur
886 4684 953 4736 ab
981 4683 1347 4752 ignorantibus
1368 4725 1380 4744 ,
1410 4684 1477 4735 ab
1515 4683 1596 4736 bis
1641 4682 1728 4750 qui
1761 4697 1865 4734 non
1909 4690 2170 4735 noverunt

568 4778 753 4832 videre
781 4777 895 4828 vias
950 4775 1433 4827 immaculatorum.
1483 4774 1575 4826 Ille
1600 4774 1688 4842 qui
1727 4789 1818 4826 eas
1861 4773 2170 4836 novit,scit

570 4889 665 4936 per
687 4885 847 4938 quam
883 4879 1086 4922 rectum
1119 4867 1277 4920 ducat
1307 4875 1610 4920 mansuetos
1653 4879 1798 4919 suos.
1847 4864 2003 4919 Unde
2035 4864 2172 4919 dixit

571 4965 622 5016 in
649 4963 757 5016 alio
798 4962 1003 5030 psztlmo
1033 4978 1046 5013 :
1075 4959 1270 5028 Diriget
1309 4959 1449 5010 mites
1493 4959 1543 5009 in
1556 4958 1775 5028 judicio,
1799 4957 1995 5009 docebit
2025 4973 2172 5009 man-

570 5064 735 5107 suetos
764 5054 871 5106 vias
895 5069 1014 5105 suas
1036 5049 1206 5123 (Psal.
1240 5066 1366 5104 xxnv
1387 5091 1402 5115 ,
1427 5049 1503 5114 9).
1526 5050 1804 5114 Quomodo
1836 5048 2030 5118 putatis
2076 5047 2169 5102 dc-

572 5155 794 5201 tcstatos
838 5145 1082 5198 homines
1132 5152 1472 5197 transeuntes
1520 5144 1821 5195 ulcerosum
1879 5156 2166 5210 pauperem

567 5240 834 5307 iacentem
879 5244 1003 5289 ante
1033 5234 1211 5288 divitis
1232 5234 1451 5301 ianuam
1506 5233 1524 5299 (
1558 5232 1683 5285 Luc.
1714 5247 1803 5286 xw
1825 5273 1838 5293 ,
1869 5232 1961 5299 20)
1983 5231 2007 5283 ?
2028 5232 2170 5298 Quo-

571 5327 732 5382 modo
759 5327 894 5381 forte
920 5326 1061 5380 hunc
1102 5323 1333 5377 occlusis
1383 5324 1599 5376 naribus
1629 5324 1995 5390 consultabant
2016 5324 2039 5375 ?
2064 5323 2170 5376 No-

570 5431 721 5478 verat
758 5429 934 5474 autem
963 5419 1220 5472 Dominus
1270 5417 1342 5470 illi
1374 5432 1589 5470 scrvare
1619 5417 1632 5446 ¹
1668 5417 1991 5486 paradisum.
2020 5416 2167 5484 Quo-

572 5513 734 5567 modo
761 5522 938 5565 autem
984 5509 1082 5563 sibi
1110 5508 1330 5577 optabat
1356 5508 1518 5561 vitam
1561 5508 1701 5561 illius
1730 5509 1817 5575 qui
1852 5507 2169 5562 induebatur

572 5619 804 5674 purpura
832 5612 887 5659 et
913 5603 1103 5673 bysso,
1137 5610 1192 5656 et
1229 5601 1544 5669 epulabatur
1573 5600 1809 5670 quotidie
1854 5599 2172 5670 splendide?

635 5720 658 5750 ι
690 5723 742 5767 ιιι
762 5714 1010 5780 pla-isque
1028 5722 1160 5775 Mss,
1181 5711 1382 5765 servari.

1817 271 1872 325 S.
1917 269 2053 326 AUC
2064 266 2283 324 USTINI
2325 270 2623 327 EPISCOPI

3766 282 3876 339 363

2279 382 2531 438 Dominus
2571 398 2745 442 autem
2791 390 2879 459 qui
2911 391 3262 460 prospiciebat
3308 392 3429 449 dies
3457 393 3622 458 illius,
3654 409 3877 452 noverat

2274 477 2388 542 ejus
2431 479 2602 532 futura
2641 490 2938 545 tormenta,
2963 495 3015 538 ct
3063 485 3178 538 sine
3221 485 3325 540 fine
3373 497 3659 541 tormenta.
3689 486 3874 558 Ergo,

2279 565 2432 620 Novit
2466 569 2710 625 Dominus
2742 575 2846 626 vias
2872 575 3326 628 immaculatorum.

2345 659 2397 711 8.
2432 658 2497 711 Et
2523 661 2792 714 hwrcditas
2817 680 2990 716 eorum
3031 665 3082 716 in
3121 677 3364 718 (sternunt
3391 667 3503 718 erit.
3533 667 3647 721 11ου
3688 668 3740 721 in
3771 669 3876 724 ﬁde

2276 751 2564 807 habemus:
2599 756 2851 810 ilottiinus
2885 758 3134 826 nmnquid
3176 760 3226 812 in
3259 758 3405 813 (ide?
3437 761 3698 816 Dominus
3728 767 3874 816 novit

2273 842 2358 894 illa
2389 843 2440 896 in
2473 854 2616 898 tanta
2648 847 3077 902 manifestatione
3100 890 3114 911 ,
3143 850 3194 902 in
3221 860 3416 919 quanta
3450 867 3553 905 non
3586 869 3874 920 possumus

2273 932 2450 987 dicere
2478 975 2493 999 ,
2534 950 2656 988 cum
2684 937 2763 989 vel
2817 937 3010 1005 :cquati
3055 939 3274 1008 Angelis
3317 941 3535 994 erimus.
3577 941 3694 996 Non
3725 947 3871 997 enim

2274 1025 2426 1078 nobis
2471 1035 2576 1080 tam
2624 1028 2902 1082 manifesta
2954 1040 3148 1096 erunt,
3193 1047 3311 1100 qua:
3341 1043 3497 1086 erunt
3549 1034 3867 1097 manifesta,

2273 1133 2430 1185 quam
2462 1129 2588 1172 sunt
2634 1122 2914 1175 manifesta
2947 1123 3020 1176 illi
3052 1123 3140 1191 qui
3191 1140 3291 1177 nec
3326 1127 3639 1179 cornumtari
3668 1137 3864 1194 potest.

2274 1209 2474 1263 Tamen
2525 1221 2574 1265 et
2622 1212 2690 1266 de
2735 1214 2888 1267 nobis
2931 1215 3056 1282 quid
3105 1200 3304 1269 dictum
3343 1217 3467 1269 est?
3499 1215 3862 1281 Dilectissimi,

2270 1320 2401 1356 nunc
2433 1305 2526 1372 ﬁlii
2548 1303 2642 1358 Dei
2667 1323 2863 1369 sumus,
2886 1318 2931 1358 et
2962 1308 3187 1360 nondum
3215 1309 3452 1377 apparuit
3476 1310 3610 1378 quod
3639 1311 3866 1362 erimus:

2268 1395 2452 1448 scimus
2479 1397 2601 1463 quia
2618 1413 2732 1449 cum
2758 1397 3072 1466 apparuerit,
3101 1399 3295 1452 similes
3313 1400 3358 1452 ei
3387 1400 3593 1464 erimus,
3622 1403 3867 1468 quoniam

2268 1487 2543 1541 videbimus
2572 1505 2687 1541 eum
2714 1490 2864 1541 sicuti
2892 1500 2964 1543 est
2991 1490 3033 1559 (1
3057 1488 3216 1544 Joan.
3248 1491 3421 1562 1:1,2).
3453 1492 3712 1547 Servatur
3732 1509 3867 1563 ergo

2271 1578 2424 1630 nobis
2448 1578 2630 1632 nescio
2672 1580 2812 1648 quod
2859 1579 3018 1636 dulce
3042 1583 3403 1649 spectaculum
3441 1585 3660 1638 omnino
3687 1602 3702 1638 :
3733 1593 3788 1639 et
3817 1587 3866 1640 si

2267 1669 2486 1736 cogitari
2513 1684 2578 1722 ex
2601 1669 2775 1739 aliqua
2805 1679 2952 1737 parte
2983 1671 3034 1724 in
3061 1672 3346 1740 annigmate
3375 1682 3429 1726 et
3459 1689 3552 1741 per
3580 1657 3867 1743 speculum

2269 1771 2480 1828 potest,
2513 1761 2615 1814 dici
2659 1771 2834 1816 tamen
2861 1762 3008 1816 nullo
3039 1763 3198 1819 modo
3230 1772 3404 1832 potest
3434 1764 3775 1832 pulchritudo
3800 1767 3866 1820 il-

2267 1854 2368 1908 lius
2411 1853 2745 1918 dulcedinis,
2778 1870 2937 1925 quam
2987 1865 3169 1909 servat
3219 1856 3361 1910 Deus
3408 1857 3718 1912 timentibus
3766 1873 3864 1924 se,

2268 1944 2472 2010 perficit
2500 1953 2675 1998 autem
2723 1946 3061 2014 sperantibus
3092 1946 3143 1999 in
3188 1961 3248 2000 se
3276 1944 3446 2014 (Psal.
3479 1963 3577 2000 xxx
3603 1989 3618 2010 ,
3646 1946 3764 2018 20).
3797 1947 3865 2002 ll-

2266 2035 2350 2088 luc
2380 2048 2635 2103 parantur
2670 2036 2831 2091 corda
2855 2046 3035 2091 nostra
3061 2039 3112 2090 in
3135 2039 3388 2092 omnibus
3420 2039 3542 2094 vitae
3582 2040 3744 2110 hujus
3770 2044 3866 2096 tri~

2265 2129 2625 2185 bulationibus
2663 2137 2718 2182 et
2760 2129 3162 2183 tentationibus.
3211 2129 3327 2182 Noli
3383 2130 3600 2194 mirari,
3649 2133 3772 2200 quia
3808 2134 3861 2186 in

2264 2220 2538 2274 laboribus
2568 2220 2771 2288 pararis
2798 2237 2813 2274 :
2845 2219 2913 2274 ad
2942 2235 3190 2288 magnum
3221 2219 3420 2290 aliquid
3452 2224 3677 2291 pararis.
3706 2223 3867 2278 Unde

2263 2329 2363 2367 vox
2388 2312 2477 2367 illa
2499 2313 2627 2383 justi
2666 2312 2965 2367 conﬁrmati
2998 2331 3011 2366 :
3046 2313 3164 2365 Non
3189 2323 3303 2366 sunt
3333 2313 3605 2383 condigna:
3660 2315 3863 2384 passio-

2263 2423 2348 2460 nes
2369 2406 2521 2475 hujus
2542 2406 2780 2474 temporis
2799 2406 2868 2458 ad
2906 2409 3128 2475 futuram
3153 2406 3389 2476 gloriam,
3416 2422 3532 2473 qua:
3555 2406 3867 2462 revelabitur

2260 2500 2314 2552 in
2345 2501 2486 2553 nobis
2507 2498 2680 2568 (Rom.
2714 2516 2828 2564 vut,
2859 2498 2974 2567 18).
2999 2498 3127 2566 Quae
3153 2499 3249 2551 erit
3271 2497 3440 2552 futura
3462 2499 3626 2569 gloria
3655 2509 3864 2564 nostra,

2263 2591 2364 2644 uisi
2390 2591 2588 2660 aequari
2608 2590 2844 2660 Angelis,
2867 2599 2920 2644 et
2944 2591 3124 2644 videre
3154 2590 3344 2644 Deum?
3357 2589 3621 2654 Quantum
3643 2600 3870 2660 pursuit

2262 2697 2427 2748 caeco,
2456 2683 2544 2752 qui
2570 2682 2645 2735 illi
2675 2681 2861 2736 oculos
2885 2680 3189 2744 satiaverit,
3223 2691 3278 2732 ut
3307 2680 3478 2735 videat
3495 2679 3630 2735 hanc
3650 2681 3872 2736 lucem?

2262 2774 2394 2827 Cum
2425 2788 2589 2828 sanus
2617 2772 2786 2828 factus
2815 2772 2974 2826 fuerit
3004 2773 3109 2833 ille,
3143 2787 3239 2826 nec
3271 2773 3469 2825 invenit
3495 2771 3620 2840 quid
3639 2769 3866 2841 dignum

2260 2867 2519 2934 rependat
2539 2866 2768 2919 senatori
2799 2880 2896 2918 suo
2917 2884 2929 2917 :
2950 2863 3335 2932 quantumlibet
3350 2864 3492 2917 enim
3507 2864 3581 2917 illi
3605 2862 3718 2928 det,
3736 2865 3871 2933 quid

2263 2957 2408 3011 dabit
2434 2959 2537 3011 tale
2561 2958 2716 3026 quale
2739 2957 2824 3011 ille
2852 2957 3127 3026 pra-stitit?
3147 2954 3213 3011 Ut
3230 2955 3508 3023 plurimum
3531 2955 3642 3017 det,
3672 2972 3867 3010 aurum

2263 3047 2429 3106 dabit.
2450 3057 2500 3100 et
2524 3048 2749 3100 multum
2774 3064 2959 3100 aurum
2983 3047 3130 3100 dabit
3157 3063 3170 3098 :
3197 3047 3284 3100 ille
3305 3047 3476 3100 lucem
3498 3047 3766 3117 prazstitit.
3799 3048 3870 3104 Ut

2264 3139 2472 3193 noverit
2527 3139 2618 3192 ille
2646 3142 2767 3206 quia
2817 3139 2947 3192 nihil
2978 3139 3103 3204 dat,
3133 3137 3314 3192 videat
3343 3139 3404 3192 in
3434 3140 3671 3194 tenebris
3717 3141 3866 3209 quod

2264 3227 2372 3281 dat.
2401 3227 2538 3296 Quid
2557 3243 2684 3297 ergo
2711 3228 2952 3281 dabimus
2993 3243 3091 3282 nos
3129 3227 3337 3284 medico
3366 3228 3476 3294 illi,
3499 3230 3687 3283 oculos
3719 3231 3864 3285 iule-

2267 3319 2438 3373 riores
2473 3327 2688 3372 nostros
2717 3318 2926 3372 sonanti
2944 3361 2958 3383 ,
2985 3318 3049 3372 ad
3074 3319 3352 3374 videndam
3375 3319 3658 3388 quamdam
3687 3320 3871 3375 lucem

2264 3421 2520 3464 teter-nam
2547 3453 2561 3475 ,
2587 3409 2731 3478 quod
2759 3420 2841 3463 est
2885 3410 3040 3476 ipse?
3066 3410 3193 3478 quid
3217 3409 3290 3462 illi
3318 3409 3564 3463 dabimus
3583 3410 3608 3462 ?
3633 3409 3869 3476 Quaara-

2266 3517 2403 3561 mus.
2429 3500 2777 3563 inveniamus,
2797 3502 2840 3555 si
2871 3516 3187 3569 possumus;
3207 3511 3261 3554 et
3285 3501 3336 3555 in
3354 3502 3610 3570 angusuiis
3639 3502 3871 3572 inquisi-

2269 3595 2429 3648 tionis
2473 3603 2670 3647 uostrm
2715 3593 3074 3647 exclamemus
3102 3611 3115 3644 :
3147 3593 3288 3656 Quid
3325 3594 3597 3646 retribuam
3640 3592 3880 3647 Domino

2267 3702 2361 3754 pro
2387 3684 2615 3737 omnibus
2643 3700 2756 3753 qua:
2798 3685 3023 3737 retribuit
3050 3685 3219 3738 mihi?
3242 3685 3304 3738 Et
3333 3684 3459 3753 quid
3497 3684 3742 3738 invenit?
3767 3685 3872 3739 Ca-

2270 3777 2414 3831 licem
2448 3776 2686 3830 salutaris
2738 3776 2984 3844 accipiam
3005 3817 3021 3839 ,
3055 3785 3101 3828 et
3137 3793 3318 3828 nomen
3368 3774 3576 3828 Domini
3619 3776 3870 3829 invocabo

2271 3867 2441 3938 (Psal.
2475 3882 2575 3921 cxv
2600 3907 2615 3929 ,
2653 3865 2749 3928 η,
2785 3867 2897 3935 15).
2932 3865 3153 3919 Potestis
3178 3909 3192 3927 ,
3233 3866 3435 3937 inquit,
3468 3867 3633 3920 bibere
3653 3865 3868 3920 calicem

2269 3975 2417 4028 quem
2443 3974 2534 4027 ego
2563 3957 2809 4010 bibiturus
2830 3973 2940 4010 sum
2973 3956 3184 4028 (Matth.
3208 3973 3275 4010 xx
3301 3999 3318 4024 ,
3346 3957 3465 4028 22)?
3496 3956 3625 4011 Inde
3655 3956 3824 4012 Petro
3849 3975 3863 4009 :

2271 4049 2424 4101 Amas
2454 4049 2570 4100 me?
2599 4047 2762 4100 Pasce
2788 4062 2901 4100 oves
2927 4063 3064 4100 meas
3092 4045 3269 4115 (Joan.
3304 4063 3394 4101 xx:
3415 4089 3430 4113 ,
3457 4049 3542 4118 I7)
3583 4067 3596 4101 :
3622 4062 3719 4115 pro
3741 4050 3866 4118 qui-

2271 4138 2370 4192 bus
2411 4137 2613 4192 biberet
2642 4138 2863 4190 calicem
2906 4137 3136 4190 Domini.
3184 4137 3463 4206 Conﬁrmat
3508 4148 3673 4192 autem
3689 4138 3869 4208 justas

2274 4229 2543 4283 Dominus.
2575 4227 2730 4281 Novit
2770 4227 3014 4281 Dominus
3039 4229 3146 4282 vias
3168 4230 3606 4298 immaculatorum
3630 4272 3645 4294 ,
3676 4239 3724 4282 et
3757 4231 3865 4283 Iul-

2272 4319 2462 4373 reditas
2484 4336 2660 4373 eorum
2679 4320 2730 4371 in
2761 4330 3005 4371 cternum
3026 4319 3140 4372 erit.

2355 4411 2410 4466 9.
2441 4409 2593 4482 [νει-ε.
2629 4409 2753 4481 19.]
2785 4408 2909 4463 Non
2955 4411 3330 4481 confundantur
3351 4411 3404 4463 in
3437 4419 3658 4481 tempore
3698 4411 3863 4464 male.

2272 4505 2409 4572 Quid
2449 4516 2548 4568 est,
2585 4503 2707 4558 Non
2732 4504 3106 4573 confundentur
3132 4505 3185 4558 in
3215 4515 3437 4570 tempore
3473 4503 3646 4558 malo?
3679 4505 3741 4560 In
3775 4505 3872 4560 die

2276 4595 2654 4656 tribulationis,
2682 4595 2734 4647 in
2757 4594 2845 4647 die
2883 4595 3247 4663 angustiarum
3285 4610 3390 4649 non
3427 4595 3866 4650 confundentur:

2273 4686 2412 4738 sicut
2436 4683 2780 4738 confunditur
2806 4699 2963 4753 quem
2992 4683 3128 4738 fallit
3156 4699 3298 4755 spes.
3344 4684 3473 4751 Quis
3502 4693 3585 4739 est
3615 4684 3704 4754 qui
3734 4700 3870 4740 cou-

2276 4775 2547 4828 funditur?
2572 4775 2674 4839 Qui
2705 4774 2832 4828 dicit
2859 4792 2871 4826 :
2905 4774 3014 4843 Ego
3053 4775 3193 4840 quod
3226 4775 3503 4843 sperabam
3531 4791 3636 4828 non
3663 4776 3865 4832 iuveni.

2273 4866 2388 4920 Non
2417 4867 2684 4920 immerito
2712 4881 2726 4920 :
2750 4867 3005 4936 sperabas
3033 4866 3176 4920 enim
3206 4867 3274 4920 de
3299 4877 3368 4933 te,
3401 4877 3491 4920 aut
3515 4867 3770 4936 sperabas
3799 4869 3870 4923 de

2275 4956 2494 5011 homine
2546 4958 2720 5011 amico
2762 4975 2773 5009 :
2807 4957 3122 5031 maledictus
3169 4967 3346 5011 autem
3389 4957 3477 5026 qui
3523 4973 3671 5027 spem
3712 4974 3870 5013 suam

2279 5049 2428 5120 ponit
2455 5050 2505 5101 in
2534 5049 2751 5102 homine
2793 5046 3004 5117 (Jerem.
3049 5063 3154 5102 xvn
3175 5089 3189 5111 ,
3217 5048 3293 5121 5).
3337 5047 3712 5116 Cortfunderis,
3739 5050 3868 5120 quia

2277 5140 2463 5195 fefellit
2491 5150 2541 5193 te
2569 5155 2712 5209 spes,
2743 5137 2928 5192 fefellit
2953 5152 3080 5205 Spes
3106 5139 3278 5207 posita
3307 5138 3359 5191 in
3389 5138 3668 5193 mendacio
3702 5157 3717 5194 :
3748 5157 3867 5194 om-

2275 5235 2359 5288 nis
2389 5233 2529 5288 enim
2557 5234 2718 5285 homo
2744 5231 2971 5284 mendax
3003 5229 3175 5301 (Psul.
3202 5247 3324 5293 cxv,
3352 5231 3460 5299 11).
3493 5231 3546 5286 Si
3572 5244 3752 5288 autem
3783 5249 3867 5303 po-

2277 5341 2373 5379 nas
2402 5341 2550 5394 spem
2605 5335 2750 5378 tuam
2803 5327 2853 5377 in
2887 5325 2993 5377 Deo
3037 5334 3162 5387 tuo,
3193 5339 3294 5376 non
3339 5324 3716 5386 confunderis:
3745 5327 3864 5395 quia

2277 5419 2366 5473 ille
2394 5420 2444 5471 iu
2471 5433 2578 5500 quo
2601 5431 2751 5483 Spem
2784 5416 3040 5485 posuisti,
3075 5414 3181 5468 falli
3213 5419 3226 5447 '
3262 5431 3368 5469 non
3411 5424 3604 5483 potest.
3635 5415 3791 5472 Unde
3819 5428 3865 5473 et

2277 5511 2366 5566 ille
2390 5525 2548 5580 quem
2579 5508 2738 5578 paulo
2762 5517 2886 5562 ante
2910 5510 3324 5562 cmumcmoravi
3347 5552 3359 5570 ,
3390 5509 3564 5574 justus
3591 5509 3866 5562 confirma-

2279 5614 2386 5665 tus,
2415 5599 2621 5669 positus
2666 5599 2716 5650 in
2764 5606 3003 5666 tempore
3036 5597 3213 5664 malo,
3243 5598 3293 5651 iu
3333 5598 3420 5652 die
3470 5599 3862 5660 tribulationis,

2342 5714 2359 5744 ι
2396 5712 2582 5776 Aliquot
2604 5716 2733 5767 uss,
2755 5702 2940 5771 fallere.
