3978 6344
113 475 212 530 569

111 591 226 657 quia
258 602 363 641 nou
411 582 864 649 confttndebatltr,
893 583 1016 653 quid
1053 583 1166 655 ait?
1194 579 1486 634 Gloriamur
1511 579 1562 630 in
1593 575 1685 627 tri-

113 679 485 743 bulationibus,
535 681 745 732 scientes
791 682 1026 746 quoniam
1088 675 1343 727 tribulatio
1397 671 1691 740 patientiam

113 783 367 841 operatur.
400 771 637 838 patientia
677 768 1017 838 probationem
1043 809 1060 831 ,
1105 766 1328 831 probatio
1372 780 1508 833 spent
1535 805 1549 825 ,
1579 778 1691 831 spes

114 875 275 917 autem
304 881 403 916 non
425 863 708 928 confundit.
740 860 889 916 Unde
928 874 1050 926 spcs
1076 874 1179 912 non
1222 856 1530 911 confundit?
1559 854 1688 920 Quia

115 959 163 1012 in
213 957 325 1011 Deo
369 957 538 1024 posita
566 965 666 1007 est.
701 953 824 1007 Ideo
852 953 1118 1019 sequitur,
1149 948 1278 1014 Quia
1325 948 1546 1000 charitas
1599 944 1691 997 Dei

115 1050 300 1115 δίπαιδα
344 1059 416 1101 est
445 1050 497 1101 in
543 1046 776 1100 cordibus
812 1045 995 1099 nostris
1039 1059 1127 1113 per
1173 1043 1421 1112 Spiritum
1463 1049 1692 1092 sanctum

113 1143 196 1212 qui
224 1141 376 1194 datus
402 1149 475 1193 est
514 1139 674 1192 nobis.
705 1138 820 1193 1am
848 1136 1003 1190 datus
1024 1145 1107 1189 est
1133 1134 1286 1186 nobis
1312 1133 1538 1202 Spiritus
1565 1145 1691 1184 san-

111 1241 244 1294 ctus,
270 1229 543 1300 quomodo
592 1244 688 1282 nos
731 1228 862 1282 fallit
891 1227 1040 1295 cujus
1063 1226 1165 1279 tale
1195 1225 1381 1293 pignus
1410 1221 1692 1276 tenemus?

114 1320 236 1374 Non
260 1320 635 1390 confundantur
659 1320 711 1371 in
742 1329 964 1386 tempore
991 1315 1125 1368 malo
1159 1331 1176 1368 :
1203 1325 1248 1367 et
1270 1316 1319 1366 in
1347 1313 1518 1366 diebus
1542 1313 1691 1383 famis

107 1411 497 1465 saturabuntur.
525 1409 623 1463 Est
664 1409 804 1462 enim
833 1407 1070 1476 quaedam
1104 1406 1187 1459 hic
1208 1404 1456 1458 saturitas
1481 1417 1688 1456 eorum.

107 1501 240 1557 Nam
272 1500 392 1556 dies
420 1501 592 1564 famis,
620 1501 741 1554 vita:
768 1499 921 1568 hujus
956 1508 1078 1552 sunt
1104 1516 1117 1551 :
1147 1497 1265 1550 aliis
1293 1495 1648 1550 esurientibus
1671 1535 1689 1560 ,

108 1593 182 1648 illi
240 1604 568 1648 saturantur.
621 1592 750 1646 Nam
798 1593 885 1646 ille
937 1591 1076 1644 unde
1104 1590 1419 1659 gloriaretur
1465 1588 1688 1650 dicens,

106 1686 405 1740 Gloriamur
432 1687 483 1738 in
499 1684 919 1744 tribulationibus,
936 1682 978 1735 si
1005 1690 1293 1751 egestatem
1313 1681 1452 1732 intus
1478 1687 1688 1748 patere-

105 1778 218 1832 tur?
241 1776 568 1834 Videbantur
590 1775 716 1830 foris
744 1775 1018 1844 angustire,
1048 1772 1138 1826 sed
1169 1771 1688 1825 intuslatitudoerat.

173 1868 264 1923 10.
289 1849 444 1940 [cers.
493 1865 611 1937 20.]
637 1866 771 1933 Quid
809 1875 986 1918 autem
1027 1862 1150 1916 facit
1182 1862 1350 1915 malus
1383 1861 1541 1913 homo
1568 1875 1686 1912 cum

101 1957 331 2026 cmperit
357 1956 631 2010 tribulari?
660 1955 809 2009 Foris
839 1953 968 2006 nihil
1003 1953 1190 2014 habet,
1221 1951 1391 2004 ablata
1421 1959 1544 2002 sunt
1569 1965 1686 2002 om-

103 2051 207 2112 nia,
240 2050 295 2102 in
321 2047 642 2102 conscientia
685 2046 882 2098 nullum
908 2045 1150 2099 solatium
1184 2053 1266 2097 est
1297 2059 1311 2093 :
1347 2058 1448 2094 non
1477 2050 1558 2095 est
1583 2056 1687 2110 quo

99 2149 280 2208 exeat,
308 2141 430 2210 quia
453 2140 579 2193 dura
613 2146 764 2200 sunt;
791 2153 893 2190 non
935 2144 1017 2190 est
1043 2151 1148 2205 quo
1174 2136 1370 2198 intret,
1402 2133 1520 2202 quia
1549 2132 1684 2184 mala

98 2240 243 2285 sunt.
276 2229 466 2284 Merito
488 2230 535 2283 ei
569 2229 625 2281 fit
655 2228 792 2297 quod
815 2227 1054 2296 sequitur
1079 2243 1092 2278 :
1127 2224 1379 2289 Quoniam
1402 2231 1686 2293 peccatores

99 2323 356 2392 peribunt.
399 2321 600 2389 Quibus
642 2322 782 2374 enim
812 2318 961 2372 locus
988 2331 1244 2386 nusquam
1279 2325 1390 2381 est,
1418 2315 1686 2385 quomodo

96 2429 203 2470 non
243 2412 532 2481 peribunt?
553 2411 856 2466 Consolatio
886 2426 989 2464 non
1011 2420 1092 2465 est
1119 2409 1173 2462 iu
1202 2408 1455 2471 externis,
1478 2423 1582 2462 non
1602 2416 1685 2462 est

97 2506 146 2558 in
198 2504 452 2558 internis.
490 2503 649 2557 Extra
680 2510 802 2556 sunt
827 2503 968 2556 enim
998 2517 1029 2555 a
1054 2501 1227 2566 nobis,
1250 2500 1319 2555 de
1343 2500 1534 2569 quibus
1557 2513 1685 2553 con-

93 2597 288 2650 solatio
333 2596 475 2649 nulla
505 2604 602 2647 est.
646 2594 711 2648 Et
751 2593 982 2648 universi
1008 2593 1094 2662 qui
1134 2592 1300 2646 Deum
1322 2607 1427 2644 non
1454 2589 1680 2654 habent,

93 2688 336 2756 pecunia:
363 2728 378 2750 ,
411 2686 657 2740 amicitia:
678 2726 690 2746 ,
720 2685 902 2752 glorize
923 2727 938 2750 ,
975 2684 1313 2738 facultatibus
1363 2682 1543 2736 mundi
1569 2697 1683 2736 scr-

93 2782 246 2832 viuut
282 2779 340 2843 ¹,
365 2788 420 2831 et
465 2792 810 2847 quit-cumque
857 2776 992 2829 bona
1032 2784 1155 2830 sunt
1199 2774 1492 2841 corporalia
1517 2814 1532 2837 ,
1576 2789 1679 2826 non

91 2879 319 2938 possunt
371 2869 631 2923 consolari
685 2867 1021 2928 intrinsecus,
1052 2865 1319 2935 quomodo
1363 2863 1675 2918 consolaba-

88 2970 174 3014 tur
222 2960 316 3015 ille
358 2961 546 3030 plenus
593 2960 773 3028 sagina
819 2959 1108 3023 interiore,
1152 2959 1301 3012 etde
1348 2958 1457 3026 ipsa
1499 2956 1676 3026 sagina

87 3061 307 3104 ructans
338 3070 351 3104 :
386 3050 630 3103 Dominus
657 3049 828 3116 dedit,
873 3047 1115 3102 Dominus
1159 3049 1391 3113 abstulit,
1417 3049 1545 3102 sicut
1573 3047 1678 3100 Do-

86 3142 226 3195 mino
259 3141 471 3210 placuit,
499 3142 570 3193 ita
611 3143 798 3211 factum
819 3150 928 3204 est;
953 3141 1017 3193 sit
1046 3155 1225 3193 nomen
1251 3138 1455 3192 Domini
1479 3137 1678 3192 benedi—

85 3243 223 3286 ctum
252 3231 379 3300 (Job
433 3249 471 3294 t,
501 3232 616 3301 2|).
653 3232 793 3302 Ergo
817 3233 918 3286 illis
947 3231 1309 3301 peccatoribus
1341 3240 1552 3285 nonest
1596 3231 1676 3283 lo-

86 3339 183 3378 cus
215 3324 271 3377 in
300 3321 386 3376 his
411 3338 530 3392 qute
573 3322 698 3377 foris
722 3331 846 3376 sunt
871 3364 885 3389 ,
917 3321 1038 3392 quia
1063 3321 1134 3376 ibi
1159 3323 1426 3390 patiuntur
1460 3322 1674 3375 tribula-

87 3415 267 3469 tiones
297 3417 318 3446 ³
351 3432 364 3468 :
393 3414 712 3470 conscientia
763 3415 883 3468 illos
933 3431 1036 3467 non
1084 3413 1412 3478 consolatur;
1455 3429 1561 3467 non
1593 3424 1675 3467 est

86 3504 225 3559 bene
253 3504 358 3556 illis
389 3519 568 3557 secum
593 3547 607 3564 ,
638 3504 760 3574 quia
777 3505 924 3558 ‘bene
960 3519 1080 3558 esse
1117 3520 1236 3558 cum
1268 3506 1406 3557 malo
1439 3519 1542 3557 non
1576 3519 1671 3571 po-

86 3605 212 3649 test.
266 3594 519 3664 Quisquis
561 3604 736 3648 autem
787 3595 956 3647 malus
1006 3603 1122 3659 est,
1155 3596 1292 3648 male
1345 3609 1524 3647 secum
1553 3603 1669 3647 est:

85 3696 400 3753 torqueatur
425 3699 644 3738 necesse
665 3694 742 3738 est
769 3684 868 3737 sibi
899 3684 1075 3752 seipso
1117 3692 1402 3737 tormento.
1447 3683 1564 3752 Ipse
1589 3693 1672 3736 est

82 3780 227 3832 enim
259 3793 413 3844 pugna
442 3792 533 3830 sua
559 3818 570 3836 ,
597 3793 750 3846 quem
785 3786 995 3844 torquet
1020 3776 1341 3829 coascientia
1371 3793 1482 3830 sua.
1520 3777 1674 3845 Fugit

84 3872 153 3923 ab
177 3871 397 3923 inittticu
427 3886 532 3936 quo
563 3869 808 3935 latuerit,
836 3885 862 3919 a
896 3883 953 3922 se
991 3884 1096 3938 quo
1125 3869 1319 3938 fugiet?

157 3961 246 4013 ll.
282 3959 354 4010 Ita
384 3959 596 4026 quidam
641 3974 703 4012 ex
751 3969 897 4025 parte
939 3959 1127 4013 Donati
1168 3969 1382 4014 venerat
1425 3960 1491 4013 ad
1538 3975 1668 4026 nos,

80 4058 366 4103 accusatus
409 4057 462 4102 et
503 4051 989 4103 excommunicatus
1028 4065 1057 4102 a
1102 4051 1246 4115 suis,
1296 4051 1382 4104 bic
1427 4066 1669 4120 quaerens

81 4141 222 4207 quod
257 4141 329 4193 ibi
361 4139 679 4208 perdiderat.
708 4139 811 4194 Sed
835 4141 954 4209 quia
980 4140 1174 4209 suscipi
1203 4156 1308 4194 non
1334 4141 1536 4209 potuit,
1570 4142 1668 4195 nisi

80 4248 146 4287 eo
175 4233 299 4287 loco
329 4247 434 4302 quo
463 4231 642 4285 debuit
671 4250 683 4284 :
714 4249 817 4285 nou
849 4232 991 4286 enim
1021 4231 1255 4286 deseruit
1295 4230 1438 4286 illam
1463 4242 1667 4301 partem

78 4325 231 4393 quasi
277 4326 483 4391 integer
511 4323 647 4391 apud
680 4323 851 4391 ipsos,
884 4332 942 4376 ut
967 4331 1245 4391 appareret
1285 4339 1406 4378 eum
1444 4338 1548 4378 non
1578 4340 1668 4378 ne-

79 4415 354 4476 cessitate,
387 4414 478 4466 sed
507 4413 766 4468 electione
798 4412 984 4468 fecisse
1007 4412 1027 4444 ³
1056 4430 1069 4466 :
1094 4415 1214 4482 quia
1233 4414 1302 4467 ibi
1323 4429 1450 4483 ergo
1473 4414 1667 4469 habere

80 4525 187 4562 non
225 4509 400 4576 potuit
427 4509 565 4574 quod
601 4510 900 4576 quaerebat,
943 4509 1214 4580 quaerebat
1254 4521 1430 4564 autem
1473 4527 1663 4565 vanam

78 4600 368 4654 elationem
397 4607 450 4652 et
481 4599 669 4654 falsum
698 4599 978 4667 honorem,
1008 4609 1060 4654 et
1090 4600 1210 4670 quia
1234 4600 1318 4654 hic
1341 4617 1444 4655 non
1468 4602 1666 4655 invenit

76 4691 217 4760 quod
250 4692 322 4746 ibi
349 4692 596 4761 perdidit,
622 4700 674 4745 et
704 4694 812 4761 ipse
843 4693 1018 4761 periit.
1048 4692 1307 4749 Gemebat
1334 4696 1544 4749 saucius
1565 4737 1578 4760 ,
1612 4704 1665 4748 et

78 4799 182 4835 mm
229 4780 657 4836 consolabatur:
691 4792 846 4836 erant
886 4783 1026 4838 enim
1077 4784 1127 4837 in
1171 4784 1496 4838 conscientia
1549 4785 1662 4853 ejus

74 4869 244 4926 aculei
281 4869 563 4926 horribiles
592 4873 754 4926 taciti.
779 4873 1120 4927 Tentavimus
1147 4875 1408 4928 consolari
1435 4891 1555 4928 eum
1595 4873 1662 4928 de

74 4959 238 5014 verbo
265 4960 361 5015 Dei
387 4977 402 5013 :
431 4962 524 5015 sed
559 4962 645 5015 ille
680 4980 781 5015 non
810 4972 924 5017 erat
952 4963 1017 5017 dc
1043 4965 1368 5032 sapientibus
1401 4962 1655 5028 formicis,

74 5067 190 5122 qua!
221 5051 324 5104 sibi
355 5061 541 5104 a‘statt:
573 5053 899 5118 collegerunt
933 5053 1071 5107 unde
1100 5053 1274 5108 hieme
1302 5055 1497 5108 vivant.
1527 5056 1655 5109 Cum

71 5143 214 5194 enim
259 5156 350 5196 res
389 5151 511 5194 sunt
541 5144 834 5211 tranquilla?
858 5185 872 5208 ,
914 5154 1036 5198 tunc
1063 5143 1224 5197 homo
1270 5145 1367 5197 sibi
1407 5146 1658 5216 colligere

69 5231 230 5285 debet
257 5230 480 5285 verbum
511 5232 636 5297 Dei,
663 5244 716 5285 et
744 5234 1034 5288 recondere
1061 5235 1110 5286 in
1135 5234 1332 5289 intimis
1353 5236 1528 5289 cordis
1550 5237 1651 5299 sui,

69 5320 521 5389 quemadmodum
543 5321 761 5376 formica
789 5323 1063 5377 abscondit
1089 5325 1139 5377 in
1168 5327 1470 5379 cavernosis
1496 5342 1657 5395 pcne-

128 5499 143 5525 ¹
177 5502 305 5563 ςῐγρς
329 5501 454 5543 Mss:
487 5496 710 5563 Pecunia,
736 5495 967 5558 amicitia,
991 5498 1163 5560 gloria,
1186 5499 1435 5560 facultates
1468 5503 1654 5563 mundi,

64 5554 189 5605 serti
211 5563 256 5606 et
281 5567 594 5618 quacumque
614 5557 749 5611 bona.
779 5567 874 5607 etc.

61 5618 313 5726 ψει-ἔγω]
353 5624 484 5678 Lov.,
510 5618 590 5668 ubi
623 5619 926 5669 conscientia.
963 5623 1109 5670 Abest
1131 5635 1242 5683 vox,
1268 5621 1372 5683 ubi,
1410 5636 1437 5672 a
1606 5634 1656 5676 et

271 5739 489 5805 melioris
513 5747 641 5789 nota
659 5749 764 5789 MSS.
792 5749 845 5790 Αι
867 5748 959 5795 BL,
985 5757 1095 5805 eum
1111 5756 1202 5805 non
1225 5743 1548 5805 delectatione,
1569 5749 1656 5798 sed

354 5800 544 5866 fecisse.
568 5808 702 5863 ωι,
726 5815 835 5852 eum
857 5816 950 5854 non
973 5803 1242 5866 dilectione,
1265 5809 1350 5857 sed
1375 5800 1653 5861 necessitate

1181 459 1579 524 ENAllRATlO
1619 454 1681 509 IN
1724 455 2045 516 PSAIMUM
2087 457 2324 520 XXXVI.

3285 482 3391 538 370

1803 573 2019 628 tralibus
2041 575 2249 632 labores
2270 581 2466 634 aestatis
2491 580 2671 654 (Prov.
2705 599 2786 647 vt,
2823 585 2874 646 6.
2907 596 2953 639 et
2984 603 3106 650 xxx.
3138 591 3254 661 25).
3286 594 3388 648 Per

1796 678 2033 722 aestatem
2063 671 2202 724 enim
2235 682 2385 726 vacat
2416 675 2515 729 hoc
2554 692 2711 745 agere
2740 695 2752 730 :
2784 680 2928 733 venit
2962 691 3136 736 autem
3183 683 3352 739 hiems
3372 729 3388 748 ,

1799 760 1848 812 id
1880 771 1993 824 est,
2023 765 2331 831 supervenit
2361 767 2666 831 tribulatio;
2710 778 2763 822 et
2795 771 2896 822 nisi
2938 772 3080 827 intus
3123 778 3389 834 invenerit

1796 851 1936 918 quod
1969 852 2122 916 edat,
2157 870 2378 909 neCcsse
2408 867 2489 910 est
2530 870 2585 911 ut
2621 859 2762 913 fame
2809 861 3100 930 dispereat.
3132 865 3236 920 [ste
3262 883 3392 938 ergo

1795 941 1894 995 sibi
1939 957 2044 996 non
2088 945 2374 1014 collegerat
2424 951 2643 1003 verbum
2689 951 2814 1013 Dei,
2861 957 3165 1022 supervenit
3193 958 3386 1020 hiems,

1799 1048 1903 1086 non
1934 1035 2018 1087 hic
2052 1036 2250 1091 invenit
2279 1041 2416 1108 quod
2449 1043 2752 1109 qumrebat,
2800 1047 3064 1101 consolari
3118 1051 3218 1102 nisi
3267 1049 3390 1107 inde

1797 1138 1901 1176 non
1936 1135 2168 1193 poterat,
2198 1128 2265 1183 de
2298 1131 2459 1184 verbo
2492 1144 2667 1186 autem
2709 1135 2801 1188 Dei
2847 1136 2996 1189 nullo
3029 1139 3208 1193 modo.
3239 1140 3388 1197 Intus

1796 1216 1933 1282 apud
1964 1232 2022 1270 se
2053 1221 2182 1272 nihil
2213 1221 2462 1286 habebat,
2493 1225 2619 1278 foris
2645 1227 2785 1295 quod
2811 1231 3084 1298 qttmreltat
3107 1247 3210 1287 non
3235 1234 3384 1290 inve-

1799 1307 1973 1360 niebat
2003 1326 2015 1360 :
2045 1311 2265 1365 ardebat
2310 1314 2732 1384 indignationum
2765 1330 2814 1372 et
2857 1319 3104 1376 dolorum
3150 1323 3382 1391 facibus,

1795 1397 2094 1465 agitabatur
2123 1417 2272 1458 mens
2314 1405 2428 1473 ejus
2473 1407 2753 1474 violenter,
2795 1418 2851 1464 et
2898 1414 3097 1467 tamdiu
3142 1418 3382 1483 occulte,

1796 1486 1970 1542 dOnec
1994 1491 2152 1544 etiam
2185 1506 2494 1564 erumperet
2540 1499 2590 1551 in
2639 1500 2894 1568 quosdam
2937 1505 3200 1572 gemitus,
3231 1507 3298 1560 ita
3328 1520 3382 1562 ut

1796 1578 1934 1632 inter
1963 1579 2154 1635 fratres
2178 1595 2429 1652 sonaret,
2474 1598 2524 1642 et
2567 1605 2624 1642 se
2668 1591 2836 1645 audiri
2871 1595 3120 1649 nesciret.
3149 1597 3374 1651 Vidi-ba-

1794 1683 1946 1735 mus,
1975 1679 2030 1725 et
2061 1672 2372 1729 dolebamns
2412 1681 2775 1743 vehementer,
2818 1683 2956 1736 Deus
2997 1687 3130 1748 scit,
3181 1697 3378 1741 tantam

1795 1753 2004 1827 poenam
2033 1765 2244 1827 animat,
2273 1777 2444 1822 tantas
2469 1785 2673 1838 cruces,
2709 1781 2882 1826 tantas
2910 1778 3201 1844 gebennas,
3237 1789 3378 1833 tanta

1794 1861 2079 1908 tormenta.
2105 1855 2240 1924 Quid
2274 1859 2550 1926 pluribus?
2578 1861 2862 1931 Impatiens
2888 1867 2988 1920 loci
3021 1867 3263 1936 humilis;
3293 1873 3377 1924 cui

1793 1944 1836 1996 si
1865 1954 2110 2012 saperet,
2145 1957 2327 2015 posset
2351 1965 2470 2005 esse
2503 1951 2648 2006 locus
2677 1955 2937 2019 salubris,
2965 1959 3081 2012 talis
3111 1963 3374 2030 apparuit,

1795 2042 1850 2085 ut
1895 2035 2054 2088 etiam
2104 2037 2472 2106 projiceretur.
2503 2041 2685 2112 Neque
2729 2045 2852 2100 hinc
2891 2046 3177 2116 desperare
3218 2052 3375 2105 dcbc~

1793 2140 1942 2190 mus,
1975 2129 2165 2183 fratres
2185 2172 2198 2194 ,
2228 2131 2294 2184 de
2320 2133 2438 2186 aliis
2457 2175 2470 2196 ,
2499 2136 2587 2203 qui
2617 2135 2751 2191 forte
2777 2142 3034 2208 elegerint
3062 2145 3333 2198 veritatem
3359 2187 3373 2204 .

1791 2231 1896 2271 non
1927 2219 2094 2273 secuti
2125 2220 2323 2275 fuerint
2349 2227 2742 2280 necessitatem.
2773 2229 2948 2298 lisque
2977 2233 3112 2286 adeo
3139 2236 3279 2288 enim
3305 2237 3373 2290 de

1789 2309 1999 2362 creteris
2025 2310 2416 2378 desperandum
2448 2331 2550 2368 non
2577 2327 2661 2370 est
2681 2359 2694 2378 ,
2727 2327 2781 2370 ut
2807 2335 2905 2373 nec
2944 2322 3012 2374 de
3051 2323 3151 2375 isto
3179 2323 3371 2393 despc-

1790 2413 1926 2461 t'em,
1959 2400 2213 2468 quamdiu
2244 2403 2390 2456 vivit.
2434 2404 2507 2458 De
2551 2407 2700 2459 nullo
2739 2410 2880 2460 cnim
2929 2412 3137 2465 vivente
3179 2415 3371 2481 despe-

1788 2487 2009 2540 randum
2041 2499 2140 2542 est.
2167 2490 2276 2545 Hoc
2303 2507 2449 2563 ergo,
2476 2494 2684 2562 fratres,
2708 2513 2774 2550 ex
2805 2499 3086 2554 occasione
3118 2504 3212 2556 lrac
3233 2506 3372 2560 scire

1787 2574 1969 2629 debuit
1995 2579 2236 2632 Charitas
2259 2579 2446 2636 Vestra
2466 2625 2478 2644 ,
2512 2600 2579 2638 ne
2619 2587 2738 2654 quis
2781 2586 2920 2642 forte
2946 2588 3087 2644 aliud
3115 2594 3262 2646 vobis
3293 2595 3372 2646 di-

1787 2675 1890 2719 cat.
1935 2665 2066 2720 Nam
2115 2669 2470 2727 subdiaCnnus
2513 2691 2734 2740 eorum,
2778 2679 2907 2745 qui,
2956 2696 3076 2735 cum
3127 2684 3175 2736 ei
3230 2686 3369 2738 nulla

1785 2759 2008 2825 quaestio
2055 2759 2124 2813 ibi
2163 2776 2612 2830 commoveretur,
2652 2768 2810 2836 elegit
2837 2771 3150 2826 catholicam
3188 2790 3367 2841 |‘:tCCtt|

1786 2858 1840 2902 et
1866 2851 2139 2916 unitatem,
2170 2865 2223 2908 et
2253 2853 2356 2908 illis
2385 2854 2621 2911 dimissis
2651 2860 2817 2924 venit,
2841 2862 2987 2915 venit
3016 2879 3205 2918 revera
3233 2868 3368 2920 sicut

1783 2938 1986 3010 eligens
2007 2943 2146 3012 quod
2169 2944 2364 2999 bonum
2387 2955 2488 3014 est,
2517 2963 2620 3001 non
2644 2952 2781 3005 sicut
2803 2954 3108 3023 repudiatus
3129 2972 3155 3008 a
3180 2958 3365 3017 malis:

1783 3030 1860 3084 sic
1889 3043 2140 3102 acceptus
2171 3044 2271 3101 est,
2301 3045 2357 3090 ut
2382 3037 2450 3092 de
2475 3039 2590 3109 ejus
2620 3045 2970 3100 conversione
3001 3046 3324 3115 gaudeamus
3347 3091 3363 3116 ,

1783 3131 1832 3173 et
1876 3138 1997 3176 eum
2050 3127 2244 3180 vestris
2293 3130 2625 3186 orationibus
2669 3137 3128 3194 commendemus.
3171 3141 3366 3196 Potens

1782 3221 1864 3265 est
1890 3214 2029 3266 enim
2062 3216 2216 3281 Deus,
2252 3220 2338 3288 qui
2365 3236 2485 3274 eum
2515 3221 2669 3276 faciat
2695 3227 2854 3278 etiam
2885 3236 3045 3295 atque
3067 3232 3223 3283 etiam
3249 3249 3364 3286 me-

1783 3304 1990 3360 liorem.
2014 3308 2274 3364 Caeterum
2303 3311 2370 3367 de
2405 3314 2551 3367 nullo
2591 3319 3037 3383 pronuntiandum
3069 3332 3151 3374 est
3177 3321 3230 3375 in
3261 3323 3364 3377 ali-

1779 3411 1935 3463 quam
1957 3407 2185 3467 partem,
2210 3402 2323 3456 sive
2352 3404 2401 3456 in
2426 3405 2639 3470 bonam,
2663 3409 2775 3461 sive
2793 3409 2843 3461 itt
2864 3413 3075 3464 tnalam.
3101 3413 3360 3478 Quamdiu

1778 3487 1920 3540 enim
1971 3491 2056 3543 hic
2103 3492 2312 3556 vivitur,
2357 3498 2617 3550 crastinus
2660 3498 2772 3553 dies
2813 3515 3025 3569 semper
3066 3503 3359 3572 ignoratur.

1782 3579 1900 3634 Non
1925 3584 2298 3649 confundentur
2321 3588 2372 3639 in
2400 3599 2621 3658 tempore
2645 3592 2778 3645 malo
2798 3633 2811 3655 ,
2840 3603 2887 3645 et
2923 3595 2973 3646 in
3015 3594 3186 3648 diebus
3210 3597 3361 3664 famis

1777 3672 2137 3726 saturabttntur
2163 3691 2182 3728 :
2211 3678 2446 3741 quoniam
2477 3690 2758 3746 peccatores
2783 3683 3034 3752 peribunt.

1850 3762 1936 3816 12.
1969 3763 2175 3818 Inimici
2199 3779 2368 3821 autem
2395 3769 2596 3824 Domini
2634 3774 2805 3827 statim
2845 3772 2896 3827 ut
2938 3777 3286 3846 gloriabuntur
3314 3791 3360 3834 et

1774 3855 2148 3923 exaltabuntur,
2181 3859 2462 3930 deﬁcientes
2488 3864 2613 3916 sicut
2653 3871 2822 3937 fumus
2861 3869 3108 3936 deﬁcient.
3145 3873 3217 3927 Ex
3247 3873 3356 3942 ipsa

1775 3947 2120 4004 similitudine
2160 3967 2272 4005 rem
2303 3971 2459 4020 quam
2494 3956 2812 4024 insinuavit,
2841 3962 3131 4030 agnoscite.
3159 3964 3359 4019 Fumus

1774 4056 1803 4092 a
1854 4041 1971 4096 loco
2017 4044 2152 4114 ignis
2196 4062 2481 4116 erumpens
2527 4051 2577 4104 in
2622 4051 2786 4108 altum
2831 4055 3119 4117 extollitur,
3151 4065 3205 4111 ct
3245 4059 3356 4127 ipsa

1773 4135 2005 4190 elatione
2039 4138 2090 4191 in
2120 4139 2334 4206 globum
2365 4157 2610 4211 magnum
2653 4144 2955 4200 intumescit
2985 4163 2998 4202 :
3027 4148 3120 4202 sed
3158 4161 3356 4218 quanto

1776 4225 1931 4278 fuerit
1974 4227 2161 4295 globus
2193 4230 2281 4283 ille
2321 4233 2591 4300 grandior,
2639 4245 2782 4288 tanta
2829 4237 2886 4289 fit
2922 4239 3139 4304 vanior;
3171 4240 3236 4294 ab
3268 4241 3352 4294 illa

1773 4318 1912 4370 enim
1945 4321 2304 4388 magnitudine
2336 4337 2438 4374 non
2480 4324 2697 4379 mndata
2727 4335 2780 4380 et
2806 4328 3028 4383 solidata
3050 4373 3064 4392 ,
3097 4330 3188 4383 sed
3220 4347 3350 4398 pen-

1771 4410 1931 4463 dente
1957 4419 2011 4464 et
2040 4412 2240 4471 iullata,
2271 4412 2309 4465 it
2336 4413 2388 4466 in
2417 4431 2573 4468 auras
2599 4425 2756 4486 atque
2785 4418 3054 4486 dilabitur,
3086 4431 3140 4473 ut
3171 4422 3350 4476 videas

1772 4501 1937 4568 ipsam
1967 4500 2013 4554 ei
2045 4502 2277 4556 obfuisse
2317 4504 2751 4572 magnitudinem.
2799 4508 3006 4574 Quanto
3043 4510 3183 4564 enim
3232 4512 3349 4579 plus

1769 4600 1979 4648 erectus
2001 4601 2102 4652 est,
2129 4604 2330 4662 quanto
2357 4602 2629 4660 extentus,
2661 4608 2858 4665 quanto
2881 4601 3100 4655 diffusus
3122 4603 3350 4672 ttudique

1771 4682 1820 4734 in
1853 4683 2108 4750 majorem
2132 4686 2412 4750 ambitum,
2442 4695 2588 4741 tanto
2611 4687 2670 4741 fit
2690 4691 2897 4754 exilior,
2923 4700 2976 4745 et
3003 4693 3274 4757 deficiens,
3298 4706 3351 4748 ct

1769 4790 1872 4826 non
1901 4791 2183 4844 apparens.
2216 4775 2418 4831 Inimici
2448 4789 2612 4831 autem
2643 4779 2849 4833 Domini
2877 4785 3044 4835 statim
3082 4795 3134 4836 ut
3160 4785 3350 4856 giariu-

1766 4863 1948 4916 buntnr
1975 4876 2018 4918 et
2045 4867 2420 4930 exaltabuntur,
2452 4869 2738 4937 deﬁcientes
2763 4871 2888 4924 sicut
2908 4872 3074 4941 fumus
3096 4874 3348 4942 deﬁcient.

1768 4956 1840 5009 De
1864 4956 2053 5010 talibus
2081 4945 2282 5011 dictum
2315 4971 2395 5012 est
2426 4977 2438 5012 :
2471 4961 2614 5014 Sicut
2640 4961 2834 5017 Jannes
2857 4974 2902 5016 et
2933 4963 3184 5021 Mambres
3213 4969 3349 5022 restio

1765 5056 1928 5099 terunt
1953 5045 2136 5116 Moysi,
2161 5049 2230 5099 sic
2251 5057 2296 5101 et
2322 5050 2404 5102 isti
2429 5052 2664 5104 resistunt
2691 5054 2882 5105 veritati
2898 5069 2917 5108 :
2939 5054 3162 5110 homines
3185 5068 3348 5111 mente

1764 5139 2015 5205 corrupti,
2063 5138 2260 5205 reprobi
2304 5140 2436 5192 circa
2481 5141 2653 5208 ﬁdem.
2685 5142 2835 5198 Unde
2872 5153 3047 5199 autem
3094 5147 3348 5202 resistunt

1761 5229 1993 5292 veritati,
2023 5230 2121 5281 nisi
2153 5229 2421 5284 inﬂatione
2445 5233 2670 5286 tumoris
2699 5233 2800 5299 sui,
2831 5245 3018 5289 euntes
3047 5237 3098 5289 in
3122 5249 3307 5292 ventos
3327 5279 3344 5304 ,

1762 5317 2078 5372 extollentes
2121 5334 2179 5371 se
2219 5320 2370 5388 quasi
2394 5320 2566 5389 justas
2614 5330 2667 5376 et
2711 5323 2966 5392 magnos?
2995 5325 3128 5391 Quid
3168 5336 3344 5381 autem

1762 5408 1825 5462 de
1854 5409 1960 5462 illis
1986 5410 2097 5461 ait?
2126 5411 2399 5480 Tanquam
2430 5411 2495 5465 de
2524 5413 2666 5464 fumo
2691 5430 2702 5465 :
2724 5413 2846 5482 .Sed
2878 5415 3011 5467 ultra
3047 5433 3146 5469 non
3186 5418 3347 5486 pro/i-

1760 5499 1924 5564 cient;
1946 5501 2194 5553 dementia
2211 5503 2341 5552 enim
2369 5518 2539 5552 eorum
2558 5504 2823 5572 manifesta
2847 5505 2938 5556 erit
2966 5508 3214 5570 omnibus,
3241 5508 3339 5559 sic-

1762 5601 1814 5642 ut
1853 5602 1900 5642 et
1938 5592 2141 5643 illorum
2187 5593 2280 5661 fuit
2311 5591 2392 5660 (11
2424 5591 2552 5645 Tim.
2587 5609 2641 5646 ιιι
2663 5635 2676 5658 ,
2710 5593 2773 5657 8,
2805 5595 2899 5664 9
2933 5595 3136 5649 Inimici
3176 5611 3342 5650 autem

1765 5683 1967 5736 Domini
1993 5684 2160 5734 statim
2183 5695 2234 5734 ut
2259 5684 2611 5752 gloriabuntur
2637 5694 2682 5736 et
2706 5683 3078 5752 exaltabuntttr,
3107 5689 3341 5753 deﬁcien-

1760 5784 1831 5827 tes
1862 5774 1988 5825 sicut
2016 5775 2185 5842 fumus
2210 5773 2460 5840 deﬁcient.

1839 5865 1922 5920 l3.
1968 5861 2592 5938 [οστδ.”21.]1⁴“εηεναιισ
2632 5874 2879 5931 peccator,
2923 5877 2968 5920 et
3020 5884 3116 5920 non
3162 5866 3332 5921 solvet.
