3978 6354
606 446 702 501 371

605 558 843 628 Accipit,
873 566 1057 613 etnon
1095 554 1298 610 reddet.
1323 552 1458 621 Quid
1498 569 1602 608 non
1643 552 1859 608 reddet?
1883 551 2199 608 Gratiarum.

603 651 887 705 actionem.
916 648 1053 716 Quid
1083 648 1225 703 enim
1252 663 1284 703 a
1313 657 1365 702 te
1404 646 1516 701 vult
1552 646 1691 700 Deus
1713 687 1729 710 ,
1758 648 1848 700 aut
1876 644 2001 712 quid
2028 646 2191 712 exigit

607 743 782 805 licus,
811 740 910 795 nisi
936 738 1080 809 quod
1106 739 1197 793 tibi
1231 737 1475 807 prosit‘?
1507 737 1575 797 Et
1599 746 1792 809 quanta
1830 737 2035 806 accepit
2063 750 2189 804 pec-

604 840 784 895 cator,
814 846 909 897 pro
930 829 1121 896 quibus
1148 845 1252 882 non
1279 827 1484 882 solvet?
1506 827 1724 895 Accepit
1762 837 1818 881 ut
1846 827 1952 891 sit,
1984 824 2190 894 accepit

608 930 665 974 nt
694 922 854 973 homo
871 921 960 985 sit,
986 921 1315 987 multumque
1342 918 1549 972 intersit
1574 916 1711 971 inter
1733 917 1904 983 ipsum
1927 926 1980 970 et
2005 930 2186 984 prcus;

560 1040 563 1055 ι
606 1010 813 1078 accepit
839 1008 1084 1079 corporis
1124 1008 1347 1063 formam
1373 1047 1389 1073 ,
1418 1007 1625 1076 accepit
1657 1007 1708 1064 in
1739 1022 1966 1075 corpore
2002 1007 2190 1060 distin-

606 1099 840 1154 CIionem
884 1114 1135 1154 sensuum
1159 1138 1177 1163 ,
1205 1098 1273 1153 ad
1300 1097 1583 1154 videndum
1611 1097 1795 1151 oculos
1820 1138 1835 1159 ,
1868 1096 1938 1151 ad
1962 1095 2189 1151 audien-

605 1191 735 1245 dum
780 1204 976 1254 aures,
1025 1189 1092 1244 ad
1137 1178 1468 1244 odorandum
1516 1204 1710 1254 nares,
1759 1190 1824 1243 ad
1872 1190 2189 1258 gnsmnduni

611 1281 867 1350 palatum,
897 1280 965 1335 ad
994 1280 1434 1336 contrectandum
1464 1296 1653 1334 manus
1674 1321 1690 1346 ,
1718 1282 1785 1335 ad
1814 1281 2190 1334 ambulandum

611 1371 800 1440 pedes.
826 1374 1158 1440 salutemque
1186 1372 1353 1439 ipsam
1382 1372 1646 1437 corporis.
1678 1370 1785 1427 Sed
1809 1371 1984 1425 adhuc
2013 1372 2109 1425 ista
2139 1380 2194 1426 et

605 1476 731 1516 cum
760 1476 953 1531 pecore
981 1461 1238 1533 habemus
1263 1461 1563 1515 communia
1590 1477 1603 1513 :
1630 1461 1833 1529 accepit
1871 1462 2032 1515 etiam
2073 1475 2193 1515 am-

610 1551 767 1619 plius,
801 1550 853 1605 id
884 1560 966 1604 est
994 1560 1228 1605 mentem
1252 1566 1372 1619 qua:
1396 1551 1562 1619 possit
1590 1550 1906 1620 intelligere,
1929 1566 2047 1619 qua:
2070 1565 2194 1619 pos-

607 1642 680 1694 sit
716 1656 907 1711 capere
938 1642 1244 1703 veritatem.
1270 1657 1391 1711 qua:
1434 1642 1598 1711 possit
1639 1641 1841 1711 justum
1881 1642 1951 1696 ab
1998 1642 2196 1711 iniusto

608 1729 947 1793 discernere,
977 1746 1095 1799 qua:
1118 1731 1289 1807 possit
1332 1730 1617 1800 indagare,
1645 1730 1952 1786 desiderare
1976 1731 2197 1787 Creato-

614 1834 728 1876 rem
747 1861 765 1887 ,
792 1819 1009 1874 laudare
1037 1830 1092 1874 et
1120 1820 1381 1882 inha~rere
1412 1820 1506 1873 illi.
1551 1820 1675 1875 llaec
1708 1821 1883 1875 omnia
1911 1822 2117 1891 accepit
2140 1830 2195 1877 et

615 1901 886 1979 peccator,
915 1909 1010 1965 sed
1042 1926 1147 1964 non
1176 1912 1313 1965 bene
1340 1909 1566 1965 vivendo
1596 1927 1700 1965 non
1737 1910 1909 1967 reddit
1937 1912 2077 1980 quod
2101 1914 2195 1967 de-

614 1999 724 2055 bet.
753 1999 893 2070 Ergo
917 2003 1175 2070 feneratur
1204 2013 1451 2063 peccator.
1479 2013 1525 2055 et
1554 2019 1655 2057 non
1677 2005 1856 2068 soluet,
1878 2018 1980 2058 non
2008 2003 2197 2061 reddet

614 2091 665 2146 ei
692 2106 723 2144 a
747 2106 854 2160 quo
880 2090 1125 2161 accepit,
1155 2106 1260 2145 non
1289 2102 1411 2162 aget
1434 2094 1631 2161 gratias
1660 2109 1673 2144 :
1704 2094 1812 2146 imo
1840 2108 1971 2150 vero
2000 2109 2197 2163 repen-

615 2182 708 2238 det
733 2182 869 2238 maia
900 2197 998 2257 pro
1025 2182 1215 2245 bonis.
1249 2184 1637 2252 blaspheniias,
1670 2201 1913 2239 murmur
1939 2185 2196 2242 adversus

616 2274 803 2337 Deum,
834 2273 1267 2345 indignationem.
1297 2274 1439 2345 Ergo
1467 2275 1555 2329 ille
1583 2280 1861 2346 formatur,
1893 2285 1940 2330 et
1965 2293 2067 2331 non
2094 2276 2201 2331 sol-

612 2375 691 2419 vet
720 2364 930 2438 :jttstua
971 2374 1139 2419 autem
1186 2366 1465 2426 miseretur,
1507 2376 1554 2419 et
1598 2367 1904 2421 commodat.
1944 2365 2037 2421 Ille
2065 2381 2198 2437 ergo

616 2454 746 2511 nihil
779 2455 973 2518 habet,
1004 2453 1101 2509 iste
1132 2454 1310 2509 habet.
1343 2453 1525 2509 Videte
1554 2465 1846 2524 egeStatem
1868 2496 1884 2520 ,
1914 2456 2091 2512 videte
2115 2455 2198 2511 di-

619 2547 790 2601 vitias.
826 2545 917 2600 ille
937 2545 1166 2615 accipit,
1206 2555 1261 2601 et
1289 2562 1395 2601 non
1422 2547 1595 2601 solvet
1622 2565 1636 2599 :
1667 2548 1767 2601 iste
1809 2547 2114 2609 miseretur.
2143 2556 2199 2603 et

596 2636 959 2700 commodat;
987 2635 1221 2693 abundat
1260 2638 1355 2691 illi.
1383 2637 1519 2706 Quid
1548 2639 1590 2691 si
1640 2653 1838 2706 pauper
1874 2640 1994 2694 est?
2026 2638 2195 2694 Etiam

615 2728 693 2782 sic
714 2726 863 2803 dives
883 2737 986 2782 est.
1010 2726 1092 2783 Tu
1120 2738 1323 2783 tantum
1348 2729 1415 2782 ad
1444 2727 1659 2783 divitias
1698 2728 1814 2799 ejus
1860 2728 1977 2798 pios
2014 2729 2200 2786 oculos

618 2816 853 2871 intende.
882 2817 1124 2888 Respicis
1148 2817 1291 2873 enim
1330 2833 1509 2873 arcam
1538 2819 1750 2873 inanem
1769 2858 1787 2883 ,
1819 2820 2198 2874 conscientiam

621 2907 730 2962 Deo
758 2907 970 2975 plenam
1012 2923 1117 2969 non
1160 2906 1399 2977 respicis.
1424 2905 1541 2962 Non
1574 2906 1733 2962 habet
1753 2908 2087 2967 extrinsecus
2119 2906 2200 2962 fa-

617 2996 892 3064 cultatem,
925 2998 1018 3053 sed
1047 2998 1207 3053 habet
1236 2998 1556 3054 intrinsecus
1592 2997 1928 3054 charitatem.
1959 3002 2036 3054 De
2074 2996 2201 3053 cha-

620 3092 777 3145 ritate
803 3101 996 3159 quanta
1026 3100 1233 3161 erogat,
1257 3101 1312 3145 et
1340 3105 1444 3144 non
1474 3089 1686 3144 ﬁnitur!
1716 3088 1929 3144 Etenim
1962 3090 2008 3145 si
2039 3090 2200 3145 habet

619 3181 747 3236 foris
774 3181 1097 3247 facultatem,
1118 3183 1210 3237 dat
1233 3181 1347 3251 ipsa
1371 3180 1625 3244 ebaritas,
1644 3178 1738 3235 sed
1762 3194 1830 3237 ex
1855 3195 1920 3235 eo
1941 3180 2079 3250 quod
2108 3183 2201 3233 ha-

620 3278 747 3329 bet:
779 3274 826 3330 si
847 3284 1024 3329 autem
1051 3290 1156 3328 non
1178 3274 1378 3328 invenit
1405 3271 1533 3326 foris
1555 3270 1697 3341 quod
1718 3270 1828 3335 ἀει,
1848 3269 1942 3324 dat
1967 3271 2199 3327 benevo-

623 3366 856 3427 Ientiam,
879 3374 1092 3433 praestat
1106 3362 1464 3430 consilium,si
1484 3369 1675 3432 potest;
1695 3368 1910 3430 praestat
1923 3360 2198 3429 auxilium,

578 3455 583 3460 ’
618 3458 663 3515 si
698 3457 995 3526 potest:ad
1020 3465 1320 3515 extremum
1361 3454 1405 3508 si
1451 3468 1550 3509 nec
1592 3452 1820 3508 consilio
1864 3468 1962 3506 nec
2003 3452 2200 3507 auxilio

622 3548 873 3624 adjuvare
904 3556 1112 3616 potest,
1141 3546 1224 3600 vel
1254 3553 1378 3599 voto
1402 3543 1656 3615 adjuvat,
1685 3543 1769 3597 vel
1795 3550 1914 3596 orat
1941 3558 2035 3611 pro
2072 3557 2202 3596 con-

616 3638 898 3699 tribulato,
939 3648 992 3693 et
1040 3636 1176 3691 forte
1216 3636 1384 3705 magis
1425 3633 1539 3703 ipse
1582 3632 1867 3688 exauditur
1913 3647 2069 3701 quam
2109 3631 2199 3701 qui

616 3732 837 3802 porrigit
865 3745 1075 3797 panem.
1102 3728 1270 3782 Habet
1295 3740 1509 3795 semper
1538 3723 1677 3783 unde
1715 3722 1841 3784 det,
1868 3720 1955 3776 cui
1986 3722 2198 3790 plenum

616 3833 799 3891 peetus
827 3830 912 3876 est
936 3820 1228 3876 eharitatis.
1256 3816 1370 3889 ipsa
1397 3825 1479 3869 est
1504 3813 1759 3877 charitas,
1784 3828 1905 3881 'quze
1931 3811 2124 3866 dicitur
2146 3821 2201 3865 et

617 3914 858 3968 voiuntas
886 3912 1041 3979 bona.
1072 3910 1199 3963 Plus
1224 3922 1255 3961 a
1286 3916 1337 3960 te
1366 3907 1509 3960 Deus
1539 3920 1642 3957 non
1668 3903 1854 3973 exigit,
1877 3917 2034 3972 quam
2055 3901 2196 3971 quod

615 4003 708 4055 tibi
756 4003 897 4057 intus
941 4000 1107 4054 dedit.
1135 3998 1338 4053 Vacare
1385 3997 1528 4055 enim
1577 4011 1683 4049 non
1735 4004 1911 4063 potest
1955 3994 2198 4047 voluntas

615 4096 772 4147 bona.
803 4093 917 4147 Non
946 4093 1086 4146 enim
1109 4091 1313 4145 habens
1339 4086 1663 4143 voluntatem
1692 4086 1905 4149 bonam,
1928 4085 2027 4139 etsi
2052 4100 2200 4137 num-

617 4200 735 4245 mus
764 4184 854 4241 tibi
884 4182 1140 4250 supersit,
1174 4198 1278 4235 non
1304 4178 1534 4249 porrigis
1568 4177 1784 4247 pauperi
1810 4195 1823 4230 :
1851 4176 1952 4247 ipsi
1980 4176 2117 4230 inter
2139 4190 2200 4231 se

617 4290 875 4345 pauperes
911 4284 1164 4343 prrestant
1201 4272 1303 4326 sibi
1348 4272 1416 4327 de
1450 4270 1722 4325 voluntate
1750 4268 1908 4331 bona,
1942 4283 2045 4322 non
2076 4276 2199 4321 sunt

614 4369 755 4426 inter
791 4382 851 4421 se
897 4364 1229 4421 infructuosi.
1268 4361 1434 4416 Vides
1479 4376 1677 4415 (aecum
1717 4358 1839 4412 duci
1883 4372 1914 4429 a
1943 4356 2196 4413 vidente:

612 4458 735 4528 quia
761 4461 1010 4512 nummos
1038 4470 1143 4514 non
1169 4452 1351 4508 habuit
1370 4467 1503 4522 quos
1522 4450 1676 4505 daret
1698 4464 1866 4520 egens
1884 4450 1927 4515 ³,
1955 4462 2195 4503 commo-

613 4547 759 4609 «lavit
783 4547 969 4602 oculos
998 4561 1102 4600 non
1146 4543 1379 4601 habenti.
1420 4541 1574 4598 Unde
1618 4540 1722 4595 hoc
1760 4539 1955 4594 factum
1990 4545 2109 4601 est,
2140 4544 2200 4591 ut

614 4640 850 4694 membra
876 4651 970 4696 sua
995 4635 1360 4693 commodaret
1385 4633 1435 4689 ei
1460 4632 1549 4702 qui
1592 4647 1698 4686 non
1738 4629 1917 4688 habet.
1950 4628 2050 4682 nisi
2076 4629 2198 4697 quia

616 4732 758 4784 intus
801 4729 973 4782 inerat
1014 4724 1456 4797 voluntasbona.
1487 4722 1768 4779 thesaurus
1792 4717 2115 4793 pauperum?
2140 4717 2198 4772 in

614 4836 719 4888 quo
749 4818 999 4875 thesauro
1024 4814 1331 4870 dulcissima
1372 4813 1585 4883 requies
1607 4853 1622 4875 ,
1670 4819 1725 4864 et
1765 4825 1887 4866 vera
1917 4807 2193 4866 securitas.

615 4910 693 4962 Ad
723 4909 893 4977 ipsum
921 4888 1270 4960 amittendum
1303 4919 1401 4958 nec
1426 4904 1563 4959 latro
1592 4901 1910 4964 admittitur,
1938 4915 2039 4957 nec
2065 4914 2197 4953 naue

615 4998 837 5069 fragium
881 4998 1154 5059 metuitur.
1198 4996 1388 5049 Servat
1431 5008 1613 5050 secum
1655 4991 1795 5061 quod
1836 4991 1976 5044 intus
2015 4989 2193 5058 habet,

615 5089 785 5143 nudus
807 5088 983 5144 evadit
1001 5128 1018 5148 ,
1061 5097 1116 5142 et
1143 5087 1329 5156 plenus
1350 5094 1451 5138 est.
1479 5074 1815 5152 Justur'er'go
1842 5082 2118 5147 miseretur,
2149 5091 2197 5139 et

612 5177 919 5234 commodat.
1934 5220 1939 5227 .

682 5269 770 5322 14.
798 5265 960 5340 [θεῖε.
990 5262 1117 5339 22.]
1154 5264 1405 5330 Quoniam
1441 5260 1781 5317 benedicentes
1807 5276 1953 5324 eum,
1983 5260 2195 5315 Incredi-

612 5368 712 5411 mte
738 5356 1060 5426 possidebunt
1090 5366 1274 5409 terram
1298 5370 1317 5407 :
1344 5353 1479 5408 sicut
1519 5352 1592 5423 (a)
1627 5351 1773 5404 illum
1815 5350 2039 5418 justum,
2071 5365 2197 5405 vere

620 5449 790 5520 solum
812 5447 1012 5514 justum
1034 5455 1089 5507 et
1107 5444 1509 5516 justilicantcm,
1534 5444 1623 5513 qui
1652 5451 1707 5495 et
1729 5456 1933 5511 pauper
1956 5441 2041 5495 hic
2070 5441 2194 5515 fuit,

618 5548 666 5592 et
696 5536 1166 5608 divitias',magnas
1204 5536 1410 5602 attulit,
1441 5534 1632 5605 quibus
1658 5533 1857 5597 taceret
1884 5533 2077 5595 divites
2103 5548 2197 5593 eos

672 5691 689 5759 ξ
725 5688 1138 5759 rdd'.,'proruisit;
1164 5691 1328 5740 verius
1345 5688 1529 5753 aliquot
1548 5694 1678 5748 διε..
1702 5682 1872 5751 prosit.

671 5756 704 5816 ’-
725 5759 850 5816 M33"
873 5756 1045 5816 egena:

683 5813 761 5877 (a)
781 5809 941 5874 Forte,

1874 438 1929 496 S.
1972 438 2332 495 AUGUSTiNl
2374 438 2671 497 EPISCOPI

3770 439 3877 498 ὅτε

2295 566 2428 619 quies
2456 550 2657 608 invenit
2685 568 2961 622 pauperes.
2989 552 3108 625 Ipse
3131 563 3211 610 est
3232 554 3375 610 enim
3408 556 3494 624 qui
3523 555 3722 624 Spiritu
3748 572 3865 608 san-

2294 654 2382 696 cto
2424 645 2617 697 ditavu
2662 645 2821 699 corda
2871 636 3198 714 pauperum,
3239 656 3294 700 et
3333 647 3628 700 cxitnmitas
3667 646 3870 700 animas

2294 732 2598 787 confitendo
2626 743 2841 803 peccata
2862 773 2879 799 ,
2911 734 3149 806 implevit
3175 735 3446 804 opulentia
3486 735 3740 804 justitizu;
3779 734 3868 804 qui

2296 825 2465 894 potuit
2505 824 2722 879 divitem
2770 826 2943 881 facere
2991 828 3345 896 piscatorem,
3373 828 3691 883 dimittendo
3739 828 3868 881 retia

2294 928 2413 976 sua,
2438 914 2579 984 quod
2607 915 2832 970 habebat
2860 925 3318 981 contemnentem,
3340 917 3481 985 quod
3506 933 3609 970 non
3643 915 3871 969 habebat

2297 1004 2624 1059 haurientem
2657 1005 2881 1075 (Matth.
2907 1021 2978 1071 tv,
3011 1007 3119 1073 19).
3146 1006 3358 1061 infirma
3384 1007 3525 1060 enim
3557 1006 3737 1059 mundi
3762 1004 3871 1060 ele-

2296 1096 2371 1164 git
2400 1096 2541 1153 Deus
2559 1139 2575 1160 ,
2609 1109 2661 1149 ut
2692 1096 3041 1156 confunderet
3070 1097 3222 1151 fortia
3251 1098 3290 1168 (I
3315 1096 3432 1152 Cor.
3455 1114 3493 1161 ι,
3520 1096 3636 1171 9.7).
3669 1097 3735 1153 Et
3763 1112 3869 1150 non

2294 1184 2363 1239 de
2387 1198 2600 1240 oratore
2630 1188 2948 1255 piscatorem
2973 1228 2988 1251 ,
3026 1188 3118 1241 Sed
3147 1188 3214 1241 de
3240 1190 3499 1255 piscatore
3528 1188 3760 1243 lucratus
3788 1197 3873 1242 est

2294 1285 2583 1341 oratorem,
2634 1277 3013 1347 derpiseatore
3060 1278 3295 1337 lucratus
3337 1289 3418 1331 est
3454 1287 3778 1341 senatorem,
3802 1276 3875 1331 de

2298 1368 2559 1437 piscatore
2590 1369 2821 1423 lucratus
2844 1381 2925 1424 est
2950 1372 3347 1438 imperatorem.
3381 1369 3631 1436 Quoniam
3669 1366 3889 1422 benedim

2294 1468 2456 1512 ceam
2493 1475 2625 1525 eunt,
2660 1461 2979 1530 possidebunt
3016 1472 3199 1517 terram
3229 1461 3730 1515 hereditatemrunt
3756 1458 3878 1527 ejus

2294 1549 2603 1605 coiimredes
2621 1590 2638 1617 ,
2666 1551 2889 1605 interra
2916 1552 3004 1605 illa
3034 1551 3320 1625 viventium
3345 1593 3363 1616 ,
3390 1550 3457 1605 de
3477 1565 3578 1620 qua
3599 1550 3795 1609 dicitur
3821 1549 3878 1605 in

2296 1639 2403 1695 alio
2429 1642 2633 1710 psalmo
2660 1659 2676 1697 :
2704 1640 2835 1712 Spes
2856 1660 2965 1697 mea
2984 1660 3037 1698 es
3062 1652 3138 1708 tu,
3164 1642 3328 1712 portio
3354 1643 3531 1698 meain
3553 1652 3684 1699 terra
3707 1642 3878 1696 viven-

2296 1730 2467 1802 tium(
2488 1730 2627 1785 Prol.
2650 1747 2789 1795 cru,
2815 1730 2905 1803 6).
2938 1733 3015 1787 Tu
3058 1748 3118 1789 es
3159 1734 3271 1803 ipsa
3312 1732 3484 1807 portio
3531 1747 3672 1795 mea,
3703 1730 3882 1801 inquit

2300 1823 2442 1885 Deo.
2470 1832 2655 1879 etnon
2691 1824 2950 1879 dubitavit
2986 1824 3153 1879 Deum
3183 1823 3283 1878 sibi
3332 1823 3506 1879 facere
3551 1822 3882 1894 partionem.

2303 1913 2609 1969 Hereditatis
2623 1915 2944 1986 possidebunt
2963 1926 3167 1971 terram.
3185 1914 3541 1970 Maledicentes
3552 1925 3723 1969 autem
3739 1929 3875 1972 euut.

2297 2006 2593 2074 dispar-ient.
2633 2005 2702 2062 Ut
2746 2017 2923 2062 autem
2976 2005 3292 2061 benedicant
3320 2006 3339 2038 ί
3386 2005 3474 2072 qui
3518 2003 3875 2063 benedicunt.

2301 2097 2592 2166 praestitum
2619 2104 2701 2150 est
2724 2098 2825 2151 eis.
2850 2096 2982 2150 Nam
3013 2105 3227 2153 ventum
3251 2104 3335 2150 est
3361 2094 3426 2149 ad
3454 2094 3839 2149 maledicentes
3860 2136 3875 2155 .

2299 2195 2357 2242 et
2390 2185 2512 2240 facti
2553 2196 2679 2241 sunt
2708 2186 3083 2242 benedicentes
3111 2204 3127 2240 :
3158 2194 3215 2242 et
3244 2185 3354 2253 jam
3402 2186 3479 2239 sic
3519 2183 3884 2253 disperierunt

2299 2275 2682 2331 maledicentes
2700 2290 2846 2335 eum.
2873 2290 2994 2330 cum
3018 2275 3136 2343 ejus
3161 2289 3382 2329 munere
3414 2274 3537 2328 facti
3560 2282 3686 2329 sunt
3716 2273 3886 2328 bene-

2299 2364 2540 2425 dicentes
2559 2408 2574 2429 ,
2597 2381 2755 2436 quem
2782 2365 2921 2422 malo
2944 2380 3043 2420 suo
3067 2364 3455 2420 maledicebant
3471 2407 3488 2430 ,
3517 2365 3656 2420 bono
3696 2372 3890 2419 autem

2307 2455 2474 2524 ipsius
2501 2454 2839 2512 benedicunt.

2372 2546 2459 2600 15.
2494 2542 2655 2620 [vera
2848 2544 3032 2600 Videte
3076 2544 3203 2614 quid
3242 2544 3481 2613 sequitur
3522 2560 3538 2598 ε
3577 2544 3620 2595 Α
3656 2541 3891 2598 Domine

2300 2652 2499 2705 gressus
2528 2636 2747 2691 hominis
2773 2636 3073 2708 dirigentur,
3102 2647 3149 2690 et
3174 2636 3305 2688 viam
3332 2635 3439 2704 ejus
3464 2635 3611 2688 volet.
3639 2635 3759 2702 ipse
3790 2636 3892 2689 ho~

2303 2743 2390 2783 mo
2419 2735 2477 2781 ut
2501 2727 2628 2782 velit
2652 2726 2789 2781 viam
2813 2727 3056 2790 Domini,
3089 2726 3159 2797 ab
3185 2726 3549 2797 ipsoDomino
3580 2724 3896 2791 diriguntur

2299 2832 2514 2889 gressus
2550 2819 2683 2887 ejus.
2714 2816 2847 2872 Nam
2885 2816 2931 2873 si
2972 2817 3226 2871 Dominus
3247 2831 3350 2870 non
3385 2815 3638 2890 dirigeret
3658 2828 3899 2885 gressus

2302 2912 2554 2979 hominis,
2588 2922 2692 2964 tam
2726 2912 2871 2980 pravi
2892 2917 3069 2975 erant,
3100 2918 3156 2961 ut
3182 2898 3394 2976 semper
3417 2923 3512 2977 per
3534 2920 3695 2976 prava
3716 2905 3898 2973 irent,

2300 3015 2353 3060 et
2382 3006 2602 3059 semitas
2625 3017 2814 3059 curvas
2839 3001 3109 3071 sequendo
3131 2999 3306 3055 redire
3328 3013 3434 3053 non
3459 3006 3698 3068 possent.
3720 2993 3898 3053 Venit

2300 3105 2476 3151 autem
2508 3096 2614 3159 ille,
2644 3105 2699 3149 et
2726 3093 2954 3156 vocavit,
2984 3102 3040 3147 et
3068 3090 3327 3155 redemit,
3364 3100 3419 3145 et
3452 3088 3768 3161 sanguinem
3798 3088 3894 3142 fu—.

2300 3189 2379 3242 dit
2406 3204 2420 3240 :
2456 3186 2554 3241 hoc
2578 3186 2801 3255 pretium
2841 3184 3009 3249 dedit,
3047 3183 3160 3238 lucc
3184 3182 3321 3235 bona
3346 3180 3491 3244 fecit,
3512 3189 3568 3236 et
3591 3178 3729 3233 maia
3758 3193 3897 3249 pas-

2300 3294 2393 3335 sus
2418 3288 2518 3338 est.
2542 3280 2774 3335 Attende
2808 3294 2926 3347 qua:
2953 3277 3173 3342 fecerit;
3205 3276 3344 3331 Deus
3366 3284 3451 3330 est
3475 3291 3489 3328 :
3516 3271 3736 3330 attende
3759 3286 3903 3342 quas

2302 3386 2491 3442 passus
2528 3370 2626 3435 sit;
2654 3370 2814 3422 homo
2841 3377 2941 3425 est.
2974 3367 3103 3440 Quis
3131 3367 3231 3423 iste
3264 3365 3404 3420 Deus
3434 3364 3628 3422 homo?
3652 3363 3711 3418 Si
3740 3372 3829 3427 tu,
3859 3378 3901 3417 ο

2302 3460 2464 3515 homo
2489 3503 2502 3522 ,
2533 3474 2637 3514 non
2664 3458 2963 3518 diinittcres
2991 3458 3158 3512 Deum
3179 3496 3193 3521 ς
3224 3471 3329 3509 non
3358 3454 3511 3509 fieret
3540 3468 3635 3523 pro
3659 3461 3713 3507 te
3740 3452 3910 3513 Deus

2301 3551 2482 3607 homo.
2508 3552 2700 3605 Parnm
2728 3551 2874 3607 enim
2902 3550 2995 3605 tibi
3030 3557 3147 3604 erat
3176 3548 3242 3603 ad
3268 3546 3759 3607 remunerationem
3801 3544 3911 3613 vel

2299 3641 2365 3695 ad
2386 3642 2582 3695 donum
2603 3641 2740 3710 ejus,
2764 3641 2884 3710 quia
2905 3650 2959 3695 et
2979 3639 3249 3695 hominem
3277 3647 3329 3693 te
3354 3638 3496 3700 fecit,
3521 3637 3622 3691 nisi
3640 3645 3697 3691 et
3718 3635 3910 3695 horno.

2300 3747 2398 3801 pro
2426 3743 2477 3787 te
2504 3731 2692 3787 fieret?
2717 3732 2835 3801 Ipse
2859 3743 2943 3785 εει
2967 3730 3109 3785 enim
3148 3728 3239 3800 qui
3285 3728 3483 3787 direxit
3527 3741 3747 3795 gressus
3788 3740 3908 3779 no-

2300 3835 2463 3888 stros,
2488 3832 2543 3876 ut
2568 3822 2707 3876 viam
2731 3820 2848 3890 ejus
2875 3820 3152 3874 vellemus.
3177 3818 3220 3874 A
3250 3816 3466 3872 Domino
3490 3832 3689 3888 gressus
3717 3814 3906 3869 homi-

2300 3916 2379 3970 nis
2399 3915 2698 3985 dirigentur,
2723 3922 2769 3967 et
2793 3912 2922 3965 viam
2946 3913 3057 3982 ejus
3084 3911 3234 3964 volet.

2373 4011 2457 4063 t6.
2489 4007 2603 4061 Jam
2630 4022 2753 4061 cum
2795 4006 3034 4074 sequeris
3074 4004 3213 4059 viam
3252 4001 3484 4067 Christi,
3508 4016 3613 4055 non
3643 4001 3739 4054 tibi
3772 4015 3905 4056 διε-ι

2299 4100 2401 4155 culi
2430 4097 2809 4169 prosperitates
2840 4093 3136 4165 promittas.
3158 4093 3261 4148 Per
3285 4093 3417 4147 dura
3439 4090 3751 4156 ambulavit,
3781 4092 3905 4148 sed

2300 4207 2489 4261 magna
2518 4190 2780 4262 promisit.
2816 4188 3074 4257 Sequere.
3099 4186 3217 4241 Noli
3248 4194 3449 4239 tantum
3475 4183 3758 4239 attendere
3781 4200 3910 4254 qua

2298 4284 2490 4347 iturus,
2512 4280 2605 4336 sed
2634 4288 2689 4335 et
2724 4293 2830 4348 quo
2858 4288 3109 4332 venturus
3146 4277 3240 4330 sis.
3271 4273 3545 4329 Tolerabis
3578 4273 3711 4328 dura
3747 4282 3910 4329 tem—

2300 4375 2519 4444 poralia.
2549 4370 2643 4429 sed
2663 4370 2730 4424 ad
2751 4370 2870 4426 beta
2896 4369 3177 4442 pervenies
3219 4367 3560 4436 sempiterna.
3582 4365 3638 4419 Si
3682 4364 3775 4420 vis
3799 4381 3911 4420 su-

2299 4467 2498 4527 sdnere
2538 4462 2803 4526 laborem,
2833 4459 3052 4515 attende
3095 4457 3416 4513 mercedem.
3446 4455 3580 4511 Nam
3605 4465 3661 4510 et
3688 4470 3913 4524 Opera.

2298 4557 2410 4614 rius
2436 4556 2488 4610 in
2512 4556 2662 4611 vinea
2687 4552 2943 4608 deficeret
2966 4592 2982 4616 ,
3010 4549 3110 4603 nisi
3151 4547 3451 4603 attenderet
3472 4546 3598 4617 quid
3623 4557 3911 4616 accepto-

2298 4662 2391 4702 rus
2417 4653 2579 4701 esset.
2601 4642 2736 4699 Cum
2765 4651 2940 4696 autem
2965 4639 3256 4694 attenderis
3281 4636 3406 4707 quid
3436 4637 3513 4692 sis
3540 4646 3907 4706 accepturus,

2295 4738 2475 4792 omnia
2504 4735 2597 4789 tibi
2621 4742 2776 4790 erunt
2805 4733 2923 4786 vilia
2946 4746 3064 4800 quae
3096 4729 3310 4798 pateris,
3342 4743 3440 4784 nec
3460 4726 3619 4796 digna
3642 4727 3914 4782 aestima-

2298 4829 2383 4883 his
2420 4842 2516 4897 pro
2547 4825 2737 4893 quibus
2770 4822 2897 4876 illud
2928 4820 3179 4889 accipias.
3223 4817 3499 4873 Miraberis
3529 4824 3736 4871 tantum
3770 4816 3913 4873 dari

2299 4933 2395 4989 pro
2426 4915 2630 4971 tantillo
2673 4914 2873 4968 labore.
2904 4910 3033 4965 Nam
3062 4910 3262 4981 utique,
3291 4900 3481 4963 fratres
3504 4948 3520 4972 ,
3548 4921 3648 4976 pro
3674 4914 3914 4964 aeterna

2297 5007 2480 5079 requie
2523 5006 2674 5061 labor
2714 5013 2946 5058 teternus
2989 4999 3298 5056 subeundus
3334 5004 3453 5057 erat
3478 5013 3494 5061 ;
3523 5005 3581 5050 et
3620 5008 3913 5056 aeternam

2299 5101 2603 5169 felicitatem
2649 5107 2999 5167 accepturus,
3027 5104 3254 5149 a2ternas
3285 5090 3561 5162 passiones
3608 5092 3920 5150 sustinere

2295 5194 2520 5248 deberes
2548 5208 2563 5244 :
2593 5191 2687 5246 sed
2713 5189 2758 5245 si
2781 5198 3038 5243 aeternum
3067 5185 3359 5240 susdneres
3374 5183 3639 5245 laborem,
3664 5187 3919 5253 quando

2296 5283 2509 5339 venires
2533 5280 2598 5334 ad
2626 5289 2877 5341 aeternam
2907 5274 3252 5335 felicitatem?
3289 5273 3362 5326 ita
3387 5271 3465 5337 iit,
3494 5280 3550 5323 ut
3574 5278 3920 5332 necessario

2298 5371 2604 5443 temporalis
2650 5372 2721 5423 sit
2745 5367 3020 5421 tribulatio
3047 5376 3135 5419 tua
3156 5405 3171 5428 ,
3203 5378 3303 5434 qua
3333 5361 3477 5414 (inita
3504 5361 3692 5414 venias
3711 5361 3779 5415 ad
3812 5362 3916 5417 te-

2298 5464 2550 5519 licitatem
2578 5460 2857 5514 infinitam.
2894 5456 2997 5516 Sed
3044 5448 3251 5516 tamen,
3283 5452 3476 5506 fratres
3504 5493 3519 5514 ,
3552 5461 3738 5519 posset
3758 5467 3921 5511 esse

2298 5556 2454 5625 longa
2502 5553 2771 5619 tribulatio
2808 5564 2904 5619 pro
2946 5557 3144 5602 aeterna
3190 5545 3461 5600 felicitate.
3498 5542 3915 5615 \‘erbi‘gralia,

2298 5660 2355 5704 ut
2382 5648 2631 5719 quoniam
2661 5628 2885 5698 felicitas
2922 5652 3100 5697 nostra
3128 5639 3288 5694 linem
3335 5652 3443 5692 non
3494 5634 3735 5699 habebit,
3766 5639 3915 5696 mi.

2369 5808 2387 5840 ⁸
2414 5805 2486 5853 ste
2504 5808 2581 5851 Er.
2600 5807 2652 5850 et
2669 5806 2773 5849 Mss.
2797 5806 2854 5847 Αι
2873 5803 3004 5857 mm,
3027 5792 3389 5853 benedicatur,
3409 5791 3571 5840 annos
