3978 6332
610 348 714 403 375

610 473 718 516 tate
757 456 1090 514 mendacium
1116 498 1130 520 ,
1162 472 1228 511 ne
1276 465 1333 510 tu
1374 453 1520 509 solus
1561 454 1910 508 erubesceres
1951 450 2018 507 de
2050 467 2204 506 meu-

607 555 779 605 dacio.

683 642 770 695 l9.
812 639 916 695 Sed
969 639 1179 701 valeat,
1213 636 1420 707 inquit,
1451 636 1506 690 in
1558 633 1897 690 Cmcilianum
1939 633 2200 705 judicium

611 741 822 798 patrum
861 741 1188 783 nostrorum.
1215 728 1393 794 Quare
1424 725 1662 781 valebit?
1683 725 1821 792 Quia
1846 726 2082 793 episcopi
2111 726 2200 793 ju-

606 827 941 880 dicavcruut.
964 823 1148 876 Valeat
1173 821 1302 875 etin
1331 829 1407 886 te,
1431 819 1573 889 quod
1604 818 2004 871 lllaximianists:
2024 819 2038 849 ι
2061 817 2203 886 judi-

609 925 888 970 eaverunt.
920 914 1097 978 Prius,
1124 913 1267 966 enim
1295 911 1435 979 quod
1458 908 1620 964 credo
1632 923 1729 962 vos
1749 922 1930 972 nosse,
1963 909 2199 977 episconi

607 1007 1005 1064 consentientes
1037 1020 1156 1059 cum
1188 1003 1506 1058 Maximiano
1534 1002 1710 1056 adhuc
1743 1002 1972 1056 diacono
1995 1000 2199 1070 ipsius,

609 1109 870 1154 venerunt
892 1098 957 1152 ad
975 1095 1374 1166 Carthaginem,
1400 1094 1534 1148 sicut
1551 1109 1609 1149 se
1637 1093 2134 1147 babetTractatoria
2152 1095 2198 1157 ',

607 1207 764 1261 quam
800 1190 959 1245 etiam
991 1189 1169 1244 Ges-tis
1191 1187 1562 1258 alligaverunt.
1589 1204 1710 1242 eum
1740 1187 2006 1256 litigarem
2031 1185 2106 1254 (ﬂ)
2131 1183 2200 1239 de

605 1282 766 1337 domo
795 1297 916 1337 cum
942 1289 1288 1352 procuratore
1316 1279 1458 1334 illius
1478 1277 1554 1350 (ὁ)
1574 1278 1664 1349 qui
1687 1278 2042 1346 praetermittit
2061 1277 2202 1330 abla-

607 1383 682 1428 ta.
709 1373 853 1444 Ergo
898 1374 1073 1440 primo
1111 1371 1494 1425 Tractatoriam
1520 1371 1589 1424 de
1612 1372 1703 1425 illo
1732 1371 2032 1431 miserunt,
2061 1378 2196 1421 eon-

603 1473 896 1532 querentes
922 1463 1043 1532 quia
1076 1462 1244 1514 noluit
1268 1461 1332 1514 ad
1367 1461 1488 1515 illos
1514 1461 1664 1515 exire
1691 1479 1704 1514 :
1731 1461 1832 1515 boc
1856 1461 1999 1513 enim
2030 1458 2198 1511 maxi-

607 1568 692 1606 me
713 1552 990 1621 conquesti
1022 1559 1166 1606 sunt.
1199 1550 1332 1607 Vlide
1359 1552 1626 1620 quomodo
1651 1549 1755 1602 illis
1795 1549 1932 1603 Deus
1967 1549 2199 1604 reddidit

601 1643 746 1711 quod
771 1643 841 1697 de
881 1642 1172 1697 Casciliano
1193 1641 1462 1695 dixerunt.
1497 1641 1624 1694 Mira
1654 1639 1953 1694 simililudo
1983 1655 1996 1692 :
2033 1639 2198 1692 voluit

606 1736 750 1788 Deus
774 1742 892 1804 post
912 1743 989 1787 tot
1010 1747 1182 1786 annos
1211 1733 1485 1786 revolvere
1512 1731 1619 1785 illis
1647 1730 1697 1783 in
1723 1729 1910 1784 faciem
1935 1728 2074 1800 quod
2105 1743 2198 1798 ge-

600 1836 748 1878 stum
771 1833 874 1888 est,
905 1833 960 1878 ιιι
976 1824 1195 1878 omnino
1213 1822 1354 1877 unde
1373 1822 1708 1878 diSsimulent
1732 1833 1788 1876 et
1815 1837 1917 1891 qua
1941 1820 2195 1891 eﬂ’ogiant

604 1933 714 1970 non
758 1916 1051 1970 inveniant.
1077 1914 1286 1968 Oblitos
1329 1927 1390 1967 se
1436 1912 1679 1967 dicerent
1727 1927 1846 1982 qua:
1882 1920 2027 1982 gesta
2071 1919 2195 1964 sunt

600 2016 765 2068 ante;
792 2021 897 2059 non
922 2020 1016 2060 eos
1044 2004 1182 2058 Deus
1207 2003 1335 2058 sinit
1357 2003 1597 2057 oblivisci
1630 2020 1644 2054 :
1675 2011 1834 2071 atque
1873 2002 2072 2055 utinam
2105 2015 2196 2054 va-

602 2100 708 2152 leat
744 2097 830 2152 eis
856 2095 922 2151 ad
951 2096 1212 2151 salutem!
1245 2093 1376 2149 Nam
1406 2093 1768 2148 misericordia
1809 2107 1902 2145 sua
1935 2091 2056 2147 fecit
2095 2092 2197 2147 lioc

601 2189 780 2250 Deus,
806 2191 850 2242 si
901 2187 1249 2243 considerent
1295 2185 1422 2256 quid
1475 2185 1544 2239 sit
1590 2183 1806 2238 factum.
1841 2183 2027 2238 Ponite
2064 2196 2196 2252 ergo

595 2278 748 2332 vobis
775 2288 901 2332 ante
927 2278 1134 2336 oculos.
1165 2277 1380 2340 fratres,
1410 2275 1668 2329 unitatem
1699 2287 1823 2327 tunc
1844 2273 1989 2326 orbis
2018 2284 2189 2326 terra-

597 2385 752 2433 rum,
780 2369 920 2423 unde
959 2383 1019 2423 se
1060 2367 1147 2421 isti
1177 2366 1473 2421 diviserunt
1513 2364 1774 2419 adversus
1799 2363 2142 2418 Caecilianum
2173 2379 2189 2417 :

597 2458 780 2527 ptntite
808 2456 966 2511 modo
989 2465 1043 2512 et
1065 2464 1267 2525 partem
1301 2454 1514 2519 Donati,
1535 2455 1676 2508 unde
1704 2467 1763 2508 se
1789 2451 2192 2507 Maxiiuianisun

595 2549 889 2604 diviserunt
912 2539 1170 2602 adversus
1197 2545 1543 2601 Primianum.
1573 2543 1729 2611 Quod
1774 2551 1899 2598 tunc
1927 2543 1999 2596 illi
2026 2542 2192 2598 Caeci-

598 2641 764 2703 liano.
797 2640 899 2696 hoc
929 2655 1070 2695 nune
1096 2639 1181 2695 isti
1210 2637 1453 2694 fecerunt
1476 2636 1765 2693 Primiano.
1816 2636 2102 2704 Propterea
2129 2651 2191 2692 se

592 2743 648 2787 et
675 2732 912 2788 veriores
945 2731 1235 2785 Donatistis
1273 2729 1458 2785 dicunt
1481 2727 1885 2784 Maximianista:
1903 2768 1920 2791 ,
1947 2727 2068 2797 quia
2099 2743 2191 2782 re-

593 2838 723 2878 vera
750 2823 883 2876 facta
909 2820 1170 2890 majorum
1192 2834 1410 2874 suorum
1441 2818 1541 2888 ipsi
1566 2818 1754 2872 imitati
1773 2825 1915 2871 sunt.
1937 2816 2025 2873 Sic
2042 2818 2187 2873 enim

591 2921 885 2968 erexerunt
937 2911 1314 2966 Maximiauum
1361 2909 1617 2964 adversus
1663 2908 1985 2962 Primianum
2014 2922 2192 2978 ,quo-

594 3004 753 3058 modo
784 3003 856 3057 illi
882 3011 1167 3058 erexerunt
1191 2999 1506 3068 Majoriuum
1533 2997 1789 3054 adversus
1813 2996 2181 3064 Cincilianum;

590 3107 646 3152 et
679 3098 759 3152 sic
786 3095 961 3166 (τινεςιί
1002 3104 1126 3148 sunt
1166 3092 1250 3146 isti
1287 3091 1355 3146 de
1383 3091 1688 3156 Priiniano,
1716 3089 1988 3160 quomodo
2013 3089 2087 3144 illi
2118 3089 2187 3146 de

589 3187 893 3242 (hecitiano.
911 3184 1043 3240 Nam
1069 3183 1116 3238 si
1143 3183 1460 3238 meministis
1483 3221 1500 3243 ,
1523 3181 1621 3235 boc
1637 3181 1890 3235 dixerunt
1913 3179 2022 3243 illi,
2044 3178 2187 3250 quod

589 3278 658 3332 ad
685 3293 780 3334 eos
805 3279 956 3331 exire
980 3275 1211 3330 noluerit
1240 3272 1573 3335 Cteciliauus,
1605 3285 1813 3326 memor
1834 3270 2182 3326 conscientiae

586 3385 734 3435 suae;
758 3369 846 3423 ille
874 3377 1052 3422 autem
1082 3373 1302 3421 noverat
1329 3365 1615 3419 factionem
1643 3377 1829 3417 eorum
1865 3378 1880 3414 :
1913 3363 1992 3416 sic
2015 3369 2072 3415 et
2097 3361 2183 3414 isti

586 3469 985 3530 conquerantur
1006 3499 1022 3522 ,
1053 3458 1177 3529 quia
1209 3455 1376 3511 noluit
1422 3455 1488 3508 ad
1519 3454 1639 3508 illos
1673 3453 1822 3507 exire
1861 3451 2182 3507 Primianus.

585 3549 762 3618 Quare
808 3549 1079 3603 Primiano
1107 3546 1454 3610 conceditur,
1488 3558 1646 3598 nosse
1693 3543 1974 3596 factionem
2017 3539 2183 3593 Maxi-

590 3639 1000 3702 mianistarum,
1056 3648 1111 3692 et
1161 3635 1445 3691 Cinciliano
1503 3649 1605 3687 non
1657 3631 1967 3687 conceditur
2027 3645 2186 3685 nosse

589 3732 872 3786 [stelionem
932 3729 1372 3784 Donatistarum?
1428 3726 1672 3782 Nondum
1728 3735 1848 3779 erat
1907 3722 2185 3778 ordinatus

587 3822 952 3886 Maximianus,
980 3821 1203 3876 crimina
1232 3819 1549 3874 dicebantur
1575 3817 1642 3870 de
1672 3815 1942 3871 Primiano
1974 3831 1988 3870 :
2021 3828 2185 3868 vene-

588 3923 706 3966 runt
756 3912 1030 3981 episcopi,
1058 3911 1342 3966 voluerunt
1373 3919 1428 3963 ut
1471 3908 1537 3963 ad
1565 3923 1660 3963 eos
1702 3907 1872 3960 exiret
1901 3923 1916 3959 :
1945 3919 2050 3959 non
2099 3912 2184 3959 est

585 4015 832 4071 egressus
855 4042 872 4063 .
901 4001 1038 4055 sicut
1079 4015 1267 4055 eorum
1310 3998 1510 4053 indicat
1540 3996 1870 4051 Tractatoria
1915 3995 2065 4049 Actis
2095 3995 2180 4048 iii-

583 4104 746 4149 serta.
773 4093 890 4148 Non
911 4103 994 4149 est
1018 4107 1267 4162 egressus
1298 4107 1312 4144 :
1342 4107 1448 4145 non
1477 4088 1746 4160 improbo,
1779 4087 1888 4140 imo
1915 4095 1970 4141 et
1997 4087 2176 4141 laudo.

668 4185 903 4256 aliquam
931 4184 1216 4240 factionem
1246 4181 1420 4236 vidisti
1445 4215 1461 4240 κ
1493 4195 1596 4235 non
1623 4179 1850 4234 debuisti
1891 4176 1960 4232 ad
1989 4177 2181 4232 factio-

583 4291 675 4332 sos
719 4275 1054 4346 procedere,
1098 4272 1192 4329 Sed
1243 4287 1462 4327 servare
1506 4284 1725 4324 causam
1772 4279 1915 4322 tuam
1969 4267 2177 4322 meliori

579 4367 786 4438 judicio
811 4368 973 4437 partis
999 4376 1126 4421 tuae.
1154 4365 1409 4420 Restabat
1434 4363 1576 4418 enim
1605 4375 1794 4431 magna
1821 4375 1943 4430 pars
1968 4359 2176 4425 Donati,

585 4459 675 4513 tibi
700 4475 759 4513 se
790 4470 969 4528 posset
1011 4473 1238 4529 purgare
1270 4456 1573 4511 Primiauus
1601 4471 1615 4508 :
1646 4463 1924 4523 propterea
1965 4451 2031 4505 ad
2062 4452 2179 4506 illos

582 4550 672 4620 qui
695 4551 804 4620 jam
848 4552 1075 4606 factione
1105 4551 1578 4619 conspirarerant,
1603 4547 1758 4600 exire
1799 4545 1986 4599 noluit.
2016 4542 2179 4598 Vides

582 4642 854 4711 quomodo
898 4641 1173 4694 lautbinuis
1211 4639 1492 4693 consilium
1532 4648 1679 4691 tuum
1711 4627 1968 4689 adversus
2012 4635 2178 4688 Maxi-

585 4730 860 4784 mianistas
888 4771 905 4795 ,
935 4731 1070 4785 bene
1109 4729 1327 4783 attende
1372 4736 1425 4781 et
1472 4730 1686 4781 causam
1725 4725 1995 4780 Carciliiini
2028 4742 2040 4778 :
2071 4729 2177 4778 non

582 4823 664 4875 vis
705 4830 763 4875 ut
813 4820 1019 4883 frater;
1046 4819 1316 4887 quomodo
1353 4827 1641 4872 extraneos
1666 4857 1680 4878 ,
1708 4817 1786 4868 sic
1824 4813 2024 4882 judica.
2071 4814 2180 4869 N0-

584 4911 725 4964 liiisti
746 4911 920 4971 "exire,
953 4911 1077 4978 quid
1110 4910 1200 4964 tibi
1227 4909 1411 4962 dicens
1433 4895 1498 4960 5'!
1527 4908 1613 4960 Isti
1647 4907 1876 4958 factione
1901 4905 2180 4971 eouSpira-

585 5008 774 5054 veruut
797 5009 981 5055 contra
1004 4997 1227 5052 salutem
1255 5013 1428 5051 meam
1449 5039 1460 5057 ,
1491 4991 1726 5063 corrupti
1753 5003 1875 5047 sunt
1897 4993 2178 5046 :idvers'im

651 5157 667 5186 ¹
705 5153 840 5212 πω,
868 5150 1290 5216 MMiniinimn'stn!
1311 5161 1328 5199 :
1352 5149 1591 5216 sicque_in
1616 5145 1723 5196 aliis
1741 5151 1906 5216 postea
1933 5142 2180 5216 [adsens-

580 5216 694 5263 dem
717 5207 951 5264 sectarios
974 5215 1114 5263 isthic
1137 5215 1384 5261 nominaut
1403 5245 1418 5267 ,
1444 5207 1498 5258 et
1522 5210 1692 5257 horum
1719 5207 1980 5268 principem
2022 5207 2179 5253 Maxi-

581 5277 863 5333 minimmm,
888 5275 1200 5338 superaddita
1225 5273 1402 5338 iiuiuiui
1418 5270 1616 5335 syllaba.
1634 5277 1688 5338 At
1706 5280 1878 5338 omnes
1903 5280 2050 5338 prope
2074 5273 2176 5313 uss.

583 5346 859 5398 constanter
884 5333 1131 5398 appellant.
1166 5333 1514 5398 Maximirmuut
1552 5340 1604 5398 et
1627 5333 2016 5398 ΔΙίιςζ.ξτὶιτιῐιιιιιλιιᾳες
2046 5339 2181 5398 :iiec

583 5352 859 5387 constanter
884 5352 944 5398 ap
981 5352 1131 5385 ειυιιιι
1166 5352 1514 5385 Mttxmurmum
1552 5352 1604 5380 et.
1637 5352 2015 5398 manumanu-suae
2046 5364 2059 5374 .
2088 5352 2179 5375 ιισυ

583 5397 745 5449 scient
770 5398 886 5507 editi
930 5352 1193 5446 dissentire
1234 5398 1279 5445 iu
1305 5396 1516 5453 cretcris,
1559 5394 1641 5440 ubi
1680 5391 1828 5439 iidem
1853 5395 2179 5444 nominantur,

587 5474 769 5507 ouiscu
794 5472 850 5507 is.

587 5472 850 5508 OLHSCIIIIS.

622 5476 971 5577 Figitur...
1018 5518 1263 5568 Tractoria
1302 5530 1320 5567 :
1350 5515 1756 5565 dissentientibus
1790 5511 1984 5561 caneris
2026 5509 2178 5570 libris,

583 5583 695 5631 κειιι.
723 5590 776 5630 et
794 5591 898 5630 Mss.

647 5645 668 5674 ³
731 5644 805 5692 sic
828 5648 935 5691 MSS.
961 5649 1016 5690 At
1042 5641 1173 5701 ΒΑΛ,
1199 5640 1372 5690 dicent.

645 5725 719 5846 Σεὲ)
744 5725 1114 5797 Maximianistm.

699 5790 718 5846 )
743 5793 975 5834 Primiani.

671 5786 718 5848 ὁ)
743 5787 975 5834 l‘riiiiiani.

1891 337 1947 392 S.
1989 334 2126 390 AUC
2139 328 2356 390 USTINI
2395 333 2695 393 EPBLUl‘I

3804 345 3903 399 376

2319 468 2406 507 me
2435 469 2450 506 :
2477 451 2522 507 si
2551 469 2637 508 me
2661 453 2763 508 illis
2791 456 3132 516 commisero,
3160 454 3701 525 iacio'przejudicium
3729 473 3904 514 clusit

2312 550 2447 598 mea:
2477 563 2491 599 =
2519 559 2623 599 non
2651 544 2720 599 ad
2745 559 2838 600 eos
2863 542 3040 605 exibo.
3068 555 3311 602 servetur
3331 562 3495 603 causa
3516 565 3642 604 mea
3662 551 3902 605 meliori-

2311 633 2412 689 bus
2459 644 2514 690 et
2563 636 2879 691 auctoritate
2926 637 3282 706 gravioribus.
3328 639 3544 710 Donum
3590 640 3900 714 consilium.

2310 727 2447 794 Quid
2493 729 2539 782 si
2578 725 2684 786 hoc
2726 729 2860 783 dixit
2898 729 3250 784 Cinciliauus?
3271 732 3586 801 Quanquam
3631 719 3902 787 nomine

2311 829 2402 885 tu,
2430 831 2490 875 'ut
2529 821 2780 876 ostendas
2820 837 2940 891 qua:
2977 822 3232 877 adversus
3281 835 3331 879 te
3378 824 3510 879 istos
3541 826 3649 880 alia
3696 827 3899 880 Lucili:

2309 913 2642 982 corniperit,
2669 923 2723 968 et
2763 913 2903 969 forte
2945 929 3053 969 non
3099 915 3410 970 inventurus
3433 933 3448 980 ;
3475 917 3618 983 quod
3654 917 3748 971 ille
3773 926 3901 972 tunc

2308 1015 2478 1072 usque
2519 1003 2655 1058 adeo
2679 1015 2900 1060 noverat
2924 1047 2940 1070 ,
2963 1015 3021 1059 ut
3047 1016 3228 1075 postea
3255 1005 3333 1079 (tt)
3354 1005 3532 1062 Gestis
3575 1009 3897 1076 aperiretur.

2306 1093 2410 1149 Sed
2439 1095 2618 1149 vidisti
2644 1097 2826 1150 nescio
2850 1097 2976 1166 quid
2996 1097 3284 1162 occultum,
3313 1102 3670 1153 renuntiatum
3693 1109 3780 1153 est
3801 1102 3897 1155 tibi

2305 1182 2502 1251 aliquid
2554 1185 2920 1240 metuendum.
2965 1186 3219 1240 Concedo
3273 1187 3448 1241 timori
3499 1201 3590 1244 tuo
3630 1191 3894 1244 eautelam

2307 1271 2460 1325 istam
2488 1289 2503 1323 :
2529 1286 2676 1328 recte
2723 1275 2888 1330 iecisti
2909 1318 2925 1339 ,
2956 1276 3022 1330 ad
3069 1277 3201 1330 tales
3237 1293 3342 1332 non
3384 1281 3707 1348 procedere;
3741 1293 3892 1335 erant

2305 1362 2448 1416 enim
2495 1363 2583 1416 alii
2629 1365 2716 1433 qui
2746 1365 2814 1420 de
2857 1374 2908 1420 te
2935 1375 3180 1435 poterant
3203 1367 3466 1436 judicare.
3499 1371 3717 1423 Auente
3756 1387 3893 1426 nunc

2303 1450 2645 1506 Caicilia'num
2679 1473 2693 1508 :
2726 1464 2779 1508 tu
2824 1455 2917 1509 tibi
2955 1457 3186 1511 servasti
3221 1457 3516 1512 Numidiam
3543 1499 3560 1522 ,
3593 1460 3680 1513 illc
3703 1461 3893 1516 orbem

2306 1550 2587 1596 terrarum.
2619 1544 2725 1600 Sed
2748 1547 2794 1599 si
2821 1548 2998 1601 valere
3025 1547 3103 1602 vis
3123 1547 3380 1602 adversus
3411 1549 3558 1602 illum
3596 1555 3894 1605 sententias

2305 1644 2431 1689 tunc
2459 1637 2873 1700 Donatistarum.
2905 1640 3115 1694 valeant
3141 1653 3284 1695 nunc
3309 1641 3567 1696 adversus
3591 1652 3643 1696 te
3667 1653 3891 1697 senten-

2305 1727 2391 1780 tiae
2417 1727 2921 1783 Maximianistarum
2954 1748 2967 1784 ε
2998 1732 3235 1800 episcopi
3271 1733 3421 1786 illum
3465 1732 3890 1798 damnaverimt;

2302 1820 2536 1887 episcopi
2576 1831 2629 1874 et
2656 1829 2728 1875 te.
2754 1820 2932 1888 Quare
2971 1832 3155 1890 mattea
3197 1823 3357 1893 egisti
3378 1838 3593 1878 causam
3624 1833 3769 1878 tuam
3797 1855 3812 1888 -,
3837 1835 3890 1878 et

2301 1910 2572 1964 obtinnisti
2621 1911 2692 1965 ibi
2739 1911 3188 1978 Maximiauistas;
3231 1916 3366 1968 sicut
3414 1912 3506 1970 ille
3545 1927 3735 1983 postea
3780 1917 3889 1985 egit

2299 2017 2514 2057 causam
2543 2019 2692 2058 suam
2717 2043 2735 2070 ,
2765 2015 2818 2060 et
2843 2005 3075 2060 obtinuit
3113 2005 3184 2060 ibi
3218 2008 3554 2062 Donatistas?
3578 2007 3734 2075 Quod
3763 2024 3891 2078 ergo

2303 2105 2429 2149 tunc
2455 2096 2650 2150 factum
2680 2108 2783 2161 est,
2817 2097 3030 2152 videtur
3057 2109 3182 2153 ante
3209 2099 3395 2154 oculos
3421 2100 3557 2154 miro
3581 2109 3640 2155 et
3667 2101 3892 2154 manife-

2301 2195 2357 2239 to
2396 2187 2644 2254 exemplo
2674 2188 3007 2250 revolutum,
3037 2189 3159 2242 talia
3188 2189 3608 2244 Maximiauistas
3631 2193 3890 2262 conqueri

2296 2277 2366 2331 de
2390 2277 2678 2341 Primiauo,
2701 2280 2873 2350 qualia
2902 2295 3089 2335 omnes
3116 2279 3201 2334 isti
3228 2283 3506 2350 conquesti
3528 2293 3654 2337 sunt
3678 2284 3747 2338 de
3769 2285 3889 2338 Cir-

2296 2369 2513 2423 ciliano.
2544 2369 2730 2424 Mirum
2759 2380 2836 2424 est
2865 2413 2881 2430 .
2912 2369 3104 2426 fratres
3127 2412 3142 2435 ,
3171 2371 3442 2442 quomodo
3469 2387 3726 2438 moveor,
3754 2389 3889 2443 quo-

2299 2461 2458 2518 modo
2485 2463 2595 2518 Deo
2619 2465 2816 2532 gratias
2840 2477 2940 2532 ago
2972 2478 2985 2518 :
3014 2463 3135 2534 quia
3161 2480 3288 2518 vere
3313 2464 3677 2520 misericordia
3709 2465 3805 2520 Dei
3825 2465 3889 2520 ad

2299 2552 2450 2620 istos,
2469 2555 2514 2608 si
2566 2555 2807 2623 sapiant,
2841 2555 3218 2610 illuminandos
3264 2555 3512 2610 formavit
3561 2558 3887 2627 exemplum.

2295 2644 2528 2702 Proinde
2550 2645 2594 2700 si
2624 2647 2794 2715 placet
2821 2647 3122 2716 paululum,
3159 2646 3353 2703 fratres
3372 2689 3389 2712 ,
3417 2648 3539 2717 quin
3565 2657 3621 2703 et
3653 2648 3758 2703 hoc
3788 2666 3888 2703 uo~

2294 2735 2377 2791 bis
2405 2736 2546 2792 Deus
2571 2737 2624 2791 in
2652 2751 2838 2791 manus
2876 2737 3021 2792 dedit
3050 2778 3067 2802 ,
3094 2737 3274 2793 audite
3297 2739 3584 2793 concilium
3610 2738 3890 2793 Maximiac

2295 2827 2552 2882 nistarum
2575 2826 2677 2900 (ι).

2362 2918 2456 2974 20.
2497 2919 2844 2975 Sanctissimis
2873 2921 3117 2993 putribus
3149 2931 3300 2993 atquc
3328 2922 3534 2992 collegis
3562 2939 3653 2990 per
3678 2923 3884 2976 univcr-

2291 3011 2734 3083 samAfriconu—
2748 3012 2877 3067 Tota
2907 3012 3083 3067 unitas
3109 3013 3346 3082 ipsorum
3375 3029 3468 3082 per
3497 3011 3753 3068 Africam.
3779 3013 3884 3070 Sed

2295 3104 2380 3160 liic
2403 3118 2523 3159 cum
2549 3104 2653 3160 illis
2679 3111 2762 3160 est
2797 3104 3068 3159 Catholica
3093 3121 3108 3159 :
3139 3104 3191 3159 in
3218 3105 3335 3159 aliis
3360 3115 3536 3159 autem
3557 3104 3710 3159 orbis
3728 3107 3883 3175 parti-

2293 3197 2392 3250 bus
2434 3197 2530 3267 ipsi
2557 3208 2664 3251 non
2691 3206 2816 3252 sunt
2839 3211 2959 3252 cum
2978 3196 3271 3252 Catholica.
3295 3226 3365 3237 —-
3391 3198 3744 3253 Sanctissimis
3773 3199 3884 3268 {ra-

2294 3291 2449 3344 tribus
2472 3300 2622 3358 atque
2639 3290 2846 3362 collegis
2870 3307 2959 3360 per
2978 3290 3264 3344 universam
3286 3289 3362 3360 Af
3357 3291 3536 3355 ricam,
3558 3293 3655 3344 hoc
3675 3301 3770 3355 cst,
3798 3307 3887 3361 per

2293 3380 2600 3448 prouinciam
2633 3378 3076 3444 Proconrularern,
3107 3378 3408 3434 Numidiam
3427 3421 3442 3443 ,
3474 3378 3847 3434 Mauritaniam
3866 3419 3893 3444 ι

2291 3469 2608 3540 Byznccnam
2630 3511 2644 3534 ,
2682 3479 2730 3524 et
2765 3468 3013 3539 Tripolim
3045 3471 3364 3534 constitutis;
3389 3471 3480 3526 scd
3498 3482 3549 3524 ct
3577 3472 3884 3542 presbyteris

2288 3573 2336 3614 et
2354 3563 2602 3621 diaconis,
2636 3563 2879 3616 universis
2905 3562 3149 3632 plebibus,
3187 3563 3241 3616 in
3263 3565 3470 3619 ocritatc
3491 3563 3760 3635 Evangelii
3787 3584 3886 3621 no-

2293 3655 2482 3708 biscum
2508 3654 2857 3720 militantibus,
2905 3652 3216 3720 Victorinus,
3252 3653 3578 3720 Fortunatus,
3623 3655 3882 3712 Victoria-

2288 3755 2405 3807 nus,
2446 3744 2705 3815 Miggiuus
2743 3745 2783 3810 ',
2823 3743 3159 3806 Saturninus.
3187 3743 3530 3812 Constantius,
3570 3745 3881 3814 Candor-ius,

2290 3834 2618 3889 Innocentius
2637 3875 2653 3900 ,
2685 3833 3013 3897 Cresconius,
3058 3833 3353 3890 Florentius
3386 3837 3431 3902 ‘,
3473 3835 3718 3901 Salvius,
3744 3841 3881 3894 alius

2287 3924 2515 3988 Salvius,
2545 3923 2800 3988 Donatus,
2831 3924 3110 3990 Geminius,
3147 3923 3506 3980 Prwtextatus.
3549 3955 3618 3968 -—
3651 3927 3774 3997 Ipse
3797 3941 3880 3985 est

2287 4015 2654 4079 Assuritanus,
2682 4030 2840 4084 quem
2871 4022 3054 4084 postea
3089 4026 3407 4084 receperunt
3430 4031 3590 4072 zeum
3616 4018 3707 4088 qui
3740 4021 3793 4074 in
3821 4035 3882 4076 se

2284 4107 2420 4161 dixit
2461 4107 2822 4174 sententiam,
2869 4108 3076 4178 recepit
3122 4118 3328 4177 postea.
3367 4137 3442 4149 —
3483 4107 3874 4178 Maximiath

2284 4198 2599 4262 Theodorus,
2631 4199 2948 4265 Anastasius,
2976 4197 3310 4262 Domitianus,
3336 4197 3588 4265 Donatus,
3614 4201 3750 4258 alius
3781 4203 3879 4259 Do-

2285 4300 2456 4354 natus,
2492 4289 2832 4360 Pomponius,
2867 4287 3175 4344 Poncratius
3195 4290 3238 4354 ³,
3267 4291 3550 4346 Januarius
3570 4335 3585 4353 .
3619 4293 3877 4348 Secundi-

2284 4397 2397 4442 nus,
2443 4378 2738 4444 Pascasius,
2780 4377 3101 4446 Cresconius,
3146 4379 3484 4450 Rogatianus,
3523 4383 3656 4436 alius
3701 4384 3879 4439 Hosi—

2284 4471 2502 4535 mianus,
2548 4470 2853 4532 Bcnenatus.
2902 4469 3155 4532 Gaianus.
3213 4470 3517 4538 Victorinus,
3569 4474 3876 4542 Guntnsins,

2287 4565 2603 4632 Quintasius,
2645 4563 2959 4618 Fch'cianus.
2994 4593 3068 4604 —
3097 4563 3202 4618 Iste
3240 4575 3324 4619 est
3364 4565 3685 4622 Mustitanus
3725 4569 3748 4600 ⁸
3789 4571 3877 4639 qui

2349 4675 2363 4734 ξ
2405 4669 2716 4734 Aliquothvss.
2743 4675 3024 4734 constanter
3042 4668 3122 4716 hic
3145 4676 3197 4718 et
3220 4676 3408 4731 postea,
3432 4669 3628 4734 uiggin.

2347 4732 2368 4763 ³
2401 4729 2532 4787 add},
2557 4729 2873 4780 Flamininus.
2898 4737 2951 4780 At
2972 4744 3144 4793 omnes
3167 4729 3317 4793 prope
3341 4739 3469 4790 Mss,
3493 4729 3786 4793 Florentius.

2317 4793 2620 4902 0:].Q’2illque
2643 4797 2734 4841 Mss
2756 4826 2772 4851 ,
2798 4791 3082 4841 Prancatt'us
3098 4803 3115 4840 :
3129 4791 3223 4840 nec
3243 4791 3386 4841 aliter
3406 4794 3592 4844 habent
3610 4796 3663 4844 in
3680 4792 3783 4846 ﬁne
3799 4806 3881 4862 Sy-

2383 4867 2440 4902 ιο.
2474 4890 2485 4901 .

2283 4862 2485 4902 nautae.

2347 4917 2368 4947 δ
2400 4916 2473 4963 sic
2493 4919 2601 4962 Mss.
2624 4920 2676 4962 Αι
2704 4912 2836 4972 £dd.,
2861 4913 3166 4963 Musticanus.

2349 4976 2422 5038 (α)
2445 4979 2586 5038 Gesta
2611 4974 2932 5038 i'ndieatAapud
2969 4975 3280 5038 ZenOpbilum
3311 4976 3622 5027 Consularem
3654 4978 3879 5033 eonfeaa

2283 5033 2413 5108 αρίισ
2430 5037 2540 5108 eo.
2560 5049 2765 5108 ειυεειιιιι
3093 5033 3314 5108 exciam
3332 5039 3384 5089 in
3418 5040 3451 5088 δ
3471 5047 3651 5108 contra
3673 5049 3874 5108 αρεωε

2284 5100 2416 5147 nium
2439 5097 2542 5155 lib.,
2561 5097 2605 5146 (Ξ.
2631 5097 2711 5154 ἔ),
2735 5097 2890 5146 reteri
2919 5111 2930 5145 :
2971 5099 3054 5147 ubi
3091 5097 3322 5149 videlicet
3355 5101 3670 5150 nundinarius
3705 5102 3885 5153 Silvani

2283 5161 2515 5230 (zirtensis
2538 5160 2749 5230 episcopi
2773 5158 3003 5230 diaconus
3027 5159 3253 5230 prodidit,
3277 5163 3533 5230 episcopos
3553 5161 3779 5230 aliosque
3801 5173 3883 5214 Lu-

2284 5221 2410 5285 cillie
2435 5219 2752 5282 praepotentis
2774 5219 2969 5285 feminae
3013 5219 3217 5285 pecunia
3239 5219 3493 5285 wrruptos
3517 5219 3768 5282 luissefut
3787 5233 3880 5275 Ita-

2280 5281 2481 5350 jorinus
2505 5290 2678 5350 contra
2722 5281 3023 5350 (z'ceilianuni
3066 5281 3210 5350 fieret
3253 5281 3646 5350 Cartli'agincmis
3674 5281 3880 5350 episco-

2282 5343 2552 5454 gsnt'ljd're
2591 5344 2840 5406 Augustini
2875 5343 2934 5391 ad
2969 5343 3212 5405 Gloriam,
3251 5343 3527 5404 Eleusium,
3563 5353 3699 5409 eun,
3723 5343 3879 5411 'epist.

2360 5442 2373 5461 ,
2403 5419 2452 5452 [ι.
2481 5419 2555 5452 τι.

2349 5467 2419 5536 (ὁ)
2446 5467 2524 5513 Hic
2551 5469 2846 5536 Augustinus
2875 5465 3130 5536 epistolam
3156 5467 3604 5536 Maximianistaruni
3619 5470 3879 5536 ετψξπςιιετ

2283 5527 2445 5576 scrisis
2467 5527 2654 5590 concilii
2678 5527 2854 5590 reeitat
2880 5527 3118 5590 brevique
3142 5527 3356 5590 explicat
3376 5528 3793 5580 commentaridlo.
3820 5533 3882 5581 Αό

2285 5597 2468 5637 recuim
2494 5602 2540 5635 η.
2568 5586 2630 5637 20
2649 5586 3050 5650 intelligentiam,
3079 5586 3280 5640 multum
3304 5592 3513 5640 interest
3534 5599 3589 5640 ut
3614 5594 3766 5641 verba
3794 5603 3880 5641 Au-

2284 5650 2466 5716 gustini
2502 5650 2563 5716 a_b
2600 5649 2824 5716 _cpistol_:e
2859 5652 3039 5716 ‘_v_er_bis
3069 5654 3288 5714 apprime
3321 5651 3716 5716 distinguantur;
3755 5656 3883 5716 quod

2288 5708 2505 5776 {refecto
2524 5708 2664 5776 facile
2688 5712 2932 5776 obtinebit
2966 5708 3146 5765 lector;
3161 5716 3201 5761 si
3227 5715 3444 5776 attendat
3467 5708 3626 5776 {riora

2291 5728 2297 5771 ς
2319 5728 2505 5759 reiecto
2524 5728 2664 5758 iaeue
2688 5728 2932 5760 conuenit
2966 5728 3134 5765 tector.
3161 5728 3201 5761 si
3227 5728 3444 5761 attenuat
3487 5728 3626 5761 riora
3650 5728 3866 5764 rammtrs

2291 5781 2338 5821 ut
2366 5773 2518 5832 aiunt,
2542 5771 2928 5833 characterihus,
2955 5778 3223 5837 posteriora
3248 5789 3365 5824 vero
3390 5728 3570 5824 itliiict's
3594 5775 3792 5830 referri.
3828 5785 3866 5825 at
