3978 6388
487 410 590 468 579

487 523 680 591 Quales
732 519 925 574 iuerint
969 533 1092 571 eum
1137 515 1335 587 quibus
1381 513 1545 569 fuerit
1590 511 2073 575 communicatum,

488 615 627 668 tales
656 611 767 665 lteri
798 623 985 664 omnes
1011 617 1063 661 et
1094 608 1395 660 universam
1423 606 1677 657 massa‘m.
1709 603 1889 672 Itaque
1914 600 1960 653 si
1990 616 2077 651 vc-

487 720 609 759 rum
648 702 737 757 isti
777 700 984 764 dicunt,
1033 699 1235 752 incesta
1269 706 1352 750 est
1390 693 1501 764 jam
1540 708 1667 763 pars
1710 701 1819 746 tota
1866 690 2075 746 Donati.

489 795 701 851 Exeant
732 795 887 864 plane
912 789 1186 854 Numidae,
1218 796 1272 841 et
1301 786 1507 846 dicant,
1540 785 1617 838 Ad
1651 799 1749 837 nos
1776 798 1881 837 non
1916 782 2079 851 perti-

494 898 588 942 net
614 886 659 941 si
690 885 810 939 illos
838 884 1073 938 incestos
1094 887 1137 944 ‘,
1169 878 1352 933 nescio
1374 892 1527 946 quos,
1558 876 1621 929 ad
1650 873 2079 929 communionem

496 983 644 1027 tuam
668 966 934 1024 admisisti
972 982 990 1023 :
1032 967 1223 1020 obesse
1251 965 1419 1034 potuit
1447 972 1552 1016 tant
1585 962 1741 1028 longe
1770 958 1995 1029 positis?
2024 955 2078 1009 Si

494 1076 627 1133 ergo
641 1059 796 1114 vobis
814 1057 1004 1113 obesse
1023 1071 1127 1110 non
1146 1056 1302 1109 vultis
1317 1053 1405 1121 qui
1433 1052 1484 1106 in
1507 1050 1748 1105 Numidia
1770 1047 1924 1109 estis,
1943 1046 2081 1117 quod

496 1150 805 1221 Carthagini
827 1150 904 1213 lit;
921 1147 1061 1217 quod
1081 1147 1133 1199 in
1151 1145 1324 1199 Africa
1347 1146 1421 1203 lit,
1438 1141 1608 1212 potuit
1622 1140 1814 1195 obesse
1831 1137 2083 1192 universo

494 1244 613 1299 orbi
642 1241 946 1298 terrarum?
984 1240 1213 1307 Semper
1254 1236 1395 1290 unde
1420 1250 1481 1289 se
1506 1232 1833 1297 defendunt,
1864 1229 1987 1284 inde
2024 1243 2085 1283 se

492 1342 785 1398 accusant,
835 1342 891 1388 et
933 1346 1033 1386 nos
1073 1338 1331 1386 excusant
1366 1329 1407 1381 ².
1436 1356 1509 1367 —-
1536 1325 1818 1379 Adventum
1859 1331 2086 1376 nostrum

500 1426 700 1501 penitus
728 1425 1019 1479 declinavit.
1055 1451 1127 1463 --
1164 1420 1317 1490 Quod
1348 1420 1420 1472 illi
1447 1418 1625 1488 questi
1654 1424 1781 1471 sunt
1820 1414 1889 1469 de
1917 1412 2087 1468 Caeci-

495 1522 657 1575 liano.
683 1547 756 1559 —
781 1517 882 1583 Qui
906 1529 1264 1585 usquequaque
1291 1510 1463 1564 rebelli
1487 1510 1659 1562 animo
1689 1505 1988 1569 calcitrans,
2031 1504 2087 1556 in

495 1608 632 1665 malo
661 1609 958 1681 permansit,
1000 1614 1056 1659 ut
1091 1606 1345 1659 conducta
1385 1600 1710 1655 multitudine
1750 1597 2083 1669 perditorum,

495 1730 569 1742 ο·-
587 1691 707 1756 Jam
730 1699 835 1754 hoc
864 1698 982 1767 plus
1012 1703 1112 1751 est.
1137 1694 1266 1749 llaec
1290 1692 1359 1748 de
1381 1690 1670 1747 Caeciliano
1698 1704 1806 1743 non
1835 1687 2088 1743 dixerunt

496 1791 571 1845 illi
601 1808 615 1842 :
644 1790 818 1844 videte
845 1784 1244 1858 quau—Atque
1266 1782 1547 1853 impetratis
1573 1779 1891 1852 oﬁicialibus,
1914 1776 2085 1831 basili-

493 1900 671 1940 carum
686 1884 879 1954 januas
898 1879 1227 1936 obsedissent.
1249 1906 1322 1917 ——
1340 1874 1417 1931 Ne
1444 1874 1707 1929 intrarent
1730 1869 1988 1942 episcopi.
2015 1898 2088 1909 —

493 1975 582 2045 qui
619 1971 937 2044 ingrediendi
968 1969 1111 2037 nobis
1145 1978 1294 2039 atque
1325 1966 1509 2037 agendi
1543 1964 1787 2019 solemnia
1820 1960 2086 2016 interdice-

494 2075 607 2118 rcnt
636 2058 1107 2133 facultatem.‘llaec
1139 2058 1184 2112 si
1226 2057 1522 2126 episcopum
1554 2053 1783 2108 convenit
1816 2053 2001 2123 facere,
2040 2050 2086 2103 si

494 2156 798 2211 Christianis
818 2155 932 2208 licet
947 2152 1231 2215 admittere,
1248 2151 1293 2205 si
1309 2149 1403 2203 hoc
1419 2146 1707 2219 Evangelia'
1723 2152 2081 2216 protestantur,

493 2249 667 2321 probet
687 2257 773 2301 aut
782 2246 983 2318 judicct
1001 2244 1228 2317 quisquis
1247 2250 1447 2296 amator
1465 2251 1553 2293 aut
1573 2247 1796 2292 assertor
1815 2246 1887 2290 est
1909 2232 2087 2289 verita-

492 2342 576 2394 tis.
606 2338 720 2395 Hoc
767 2339 901 2393 enim
931 2336 1076 2390 nobis
1110 2333 1297 2405 inflixit
1329 2336 1490 2405 frater
1519 2332 1796 2402 aliquando
1821 2330 2081 2399 proprius,

491 2431 628 2502 quod
648 2444 909 2500 nunquam
923 2431 1112 2500 faceret
1130 2424 1426 2481 alienus.--
1439 2422 1577 2492 Quid
1600 2421 1842 2491 pluribus
1863 2419 1965 2491 (a)?
1991 2419 2081 2473 Di-

491 2532 622 2579 cunt
647 2524 809 2576 multa
837 2529 893 2576 et
916 2522 1175 2575 damnant
1206 2516 1479 2570 hominem
1515 2532 1529 2568 :
1561 2513 1655 2570 sed
1685 2512 2081 2567 damnationem

484 2615 595 2687 jam
638 2616 804 2684 ipsam
845 2614 1103 2683 legamus.
1127 2638 1204 2651 -—
1236 2609 1556 2663 Decrevimus
1590 2623 1762 2661 omnes
1793 2604 2085 2659 sacerdotes

494 2707 611 2771 Dei,
634 2713 880 2776 prtesente
896 2703 1095 2773 Spiritu
1114 2708 1309 2765 sancto,
1334 2704 1467 2753 hunc
1484 2699 1713 2752 eumdem
1738 2695 2079 2759 Primianum,

489 2797 655 2868 primo
681 2795 816 2861 quod
839 2810 991 2864 super
1018 2794 1152 2847 vivos
1178 2792 1438 2863 episcopos
1454 2790 1584 2844 alios
1608 2787 1925 2859 subrogarit;
1944 2786 2083 2857 quod

486 2893 704 2944 incestos
745 2902 859 2941 cum
898 2894 1189 2939 sanctorum
1229 2881 1583 2938 communione
1621 2881 1906 2945 miscuerit;
1946 2880 2082 2951 quod

488 2980 800 3054 presbyteros
814 2979 883 3033 ad
905 2977 1307 3049 conjurationem
1327 2975 1597 3029 ineundum
1612 2974 1950 3044 constringere
1969 2989 2084 3042 pen-

487 3074 723 3137 tentarit;
748 3070 884 3141 quod
912 3068 1253 3127 Fortunatam
1285 3066 1626 3138 presbyterum
1649 3066 1703 3119 in
1737 3065 1967 3119 cloacam
1993 3065 2075 3137 fe-

487 3164 611 3218 cerit
651 3162 817 3228 mitti,
864 3175 982 3215 cum
1024 3157 1382 3230 azgrotantibirs
1416 3157 1666 3226 baptismo
1713 3155 2081 3219 succurrisset;

486 3258 625 3327 quod
650 3253 1051 3308 communionem
1075 3250 1334 3305 Demetrio
1362 3249 1653 3321 presbytero
1680 3247 1995 3320 pernegaris,
2026 3255 2081 3301 ut

485 3356 685 3419 cogeret
719 3345 882 3415 [ilium
910 3343 1180 3400 abdicare:
1220 3342 1357 3412 quod
1385 3342 1518 3394 idem
1557 3338 1811 3410 presbyter
1839 3339 2081 3410 objurga-

486 3448 569 3493 tus
596 3439 682 3505 sit,
702 3436 838 3509 quod
861 3436 1124 3505 episcopos
1145 3431 1366 3503 hospitio
1392 3431 1719 3501 suscepisset;
1736 3431 1873 3502 quod
1922 3444 2081 3497 supra

486 3532 652 3585 dictus
687 3528 985 3583 Primianus
1011 3525 1385 3579 multitudinem
1413 3523 1605 3577 miserit
1624 3563 1640 3588 ,
1680 3537 1796 3589 qua
1822 3518 2076 3575 Christia-

484 3638 667 3678 norum
692 3620 871 3675 domos
894 3624 1162 3683 everteret;
1183 3615 1318 3688 quod
1344 3614 1530 3669 obsessi
1558 3615 1659 3668 sint
1682 3612 1908 3683 episcOpi
1928 3610 2080 3665 simul

485 3722 534 3766 et
571 3710 768 3774 clerici,
806 3721 853 3765 et
882 3720 1055 3782 postea
1079 3710 1141 3762 ab
1179 3709 1287 3777 ejus
1315 3704 1615 3762 satellitibus
1653 3704 1904 3773 lapidati;
1942 3704 2079 3772 quod

487 3804 541 3857 in
566 3803 773 3859 basilica
807 3802 926 3856 ctesi
958 3801 1059 3855 sint
1103 3800 1358 3864 seniores,
1386 3797 1522 3867 quod
1547 3782 1755 3866 indigne
1798 3797 1985 3865 ferrent
2009 3794 2079 3847 ad

485 3895 887 3950 communionem
928 3889 1304 3947 Claudianistas
1341 3888 1574 3953 admitti;
1613 3886 1751 3958 quod
1790 3888 2077 3944 innocentes

483 3986 696 4039 clericos
720 3984 971 4055 putaverit
993 3998 1099 4037 esse
1118 3980 1563 4044 condemnandos;
1586 3978 1724 4047 quod
1750 3995 1805 4034 se
1824 3980 1966 4033 nobis
1986 3995 2079 4031 au-

487 4074 727 4129 diendunt
772 4073 989 4128 noluerit
1018 4072 1285 4137 exhibere,
1318 4086 1433 4123 cum
1471 4069 1796 4123 basilicarum
1840 4069 1975 4139 fores
2016 4087 2080 4125 ne

485 4164 866 4236 ingrederemur
890 4162 1213 4216 multitudine
1235 4171 1282 4216 et
1309 4160 1485 4232 Officio
1508 4159 1528 4191 ³
1550 4161 1916 4229 intercluserit;
1942 4162 2079 4231 quod

489 4260 680 4328 legatos
705 4275 738 4310 a
772 4256 917 4311 nobis
943 4256 1011 4309 ad
1046 4272 1099 4310 se
1123 4255 1304 4310 missos
1343 4254 1593 4323 injuriose
1639 4253 1912 4324 rejecerit;
1944 4255 2079 4322 quod

486 4354 601 4406 loca
628 4349 809 4415 multa,
838 4349 885 4402 vi
912 4351 1097 4419 primo,
1114 4347 1295 4400 dehinc
1318 4346 1620 4401 auctoritate
1643 4344 1917 4412 iudiciaria
1936 4361 2081 4399 usur-

487 4441 697 4512 paverit.
714 4439 1202 4496 -—Pr.ntermissor
1223 4437 1518 4492 ablatorum
1548 4453 1564 4491 :
1587 4451 1707 4490 cum
1733 4434 1931 4490 Paulus
1950 4448 2078 4505 apo-

485 4536 659 4589 stolus
687 4534 828 4588 dicat
851 4550 864 4585 :
898 4531 1062 4585 Audet
1088 4531 1199 4599 quis
1226 4537 1447 4583 vestrum
1472 4528 1710 4581 adversus
1736 4527 1896 4580 alium
1920 4542 2078 4597 nego-

486 4629 612 4681 tium
642 4625 831 4680 habens
851 4623 1080 4694 judicari
1108 4621 1249 4692 apud
1274 4622 1509 4692 injustas,
1525 4630 1572 4673 et
1594 4636 1695 4671 non
1722 4619 1861 4689 apud
1880 4627 2079 4673 sanctos

487 4721 531 4792 (l
556 4720 676 4775 Cor.
697 4734 771 4786 vr,
793 4720 869 4791 1).
900 4716 1088 4771 Videte
1117 4714 1276 4785 quale
1302 4713 1374 4767 illi
1396 4712 1597 4768 eritnen
1617 4710 1932 4779 objecerint,
1951 4710 2075 4779 quia

491 4828 597 4868 non
624 4810 764 4880 apud
795 4808 1080 4880 episcopos
1115 4819 1275 4875 agere
1316 4804 1484 4857 voluit
1509 4802 1579 4857 de
1604 4800 1773 4865 locis,
1802 4800 1895 4856 sed
1934 4801 2077 4870 apud

485 4906 743 4977 iudicem.
760 4931 833 4942 —
853 4899 1049 4954 Praeter
1072 4898 1176 4951 alia
1198 4897 1380 4951 illicita
1396 4894 1416 4926 ⁸
1437 4895 1547 4966 ejus
1568 4892 1810 4958 admissa,
1834 4909 1951 4963 qua
1973 4909 2079 4959 pra:

489 4998 751 5053 honestate
783 4993 887 5049 stili
916 4990 1077 5046 nostri
1101 4989 1332 5044 siluimus
1349 5028 1363 5050 ,
1389 5006 1420 5038 a
1438 4984 1744 5040 sacerdotali
1770 4984 1926 5038 choro
1956 5001 2076 5053 per-

490 5097 643 5159 petuo
666 5100 773 5140 esse
807 5085 1105 5139 damnatum
1131 5094 1151 5134 :
1178 5072 1243 5134 ne
1263 5094 1321 5132 eo
1350 5078 1588 5149 palpato,
1616 5075 1708 5130 Dei
1736 5074 1964 5130 Ecclesia
1991 5085 2078 5129 aut

487 5176 825 5250 contagione,
865 5184 953 5228 aut
997 5173 1168 5243 aliquo
1214 5170 1423 5225 crimine
1464 5168 1761 5221 nmculctur.
1809 5166 1959 5232 Quod
1996 5166 2080 5221 id-

469 5409 475 5415 ,
550 5356 568 5388 ι
606 5352 718 5404 ωτι.
746 5365 764 5403 :
789 5350 932 5415 stilus
953 5355 1159 5415 incestus
1184 5345 1439 5415 est
1468 5358 1603 5415 quos,
1643 5351 1753 5415 etc.
1779 5342 1949 5415 melius
1986 5344 2076 5393 ali-

484 5424 606 5488 quot
626 5423 761 5488 uss,
778 5412 821 5465 si
841 5413 949 5488 illos
969 5414 1186 5471 incestos,
1197 5410 1384 5460 scilicet
1402 5408 1467 5458 de
1484 5409 1662 5471 quibus
1681 5414 1794 5455 ante
1819 5408 1867 5455 in
1892 5406 1981 5454 hac
2002 5417 2078 5471 sy-

485 5477 654 5530 nodica
674 5477 852 5527 dictum
875 5482 968 5525 est.

552 5543 573 5573 ι
606 5545 657 5588 lu
679 5539 812 5588 uid:
836 5548 1029 5601 semper
1180 5547 1233 5601 se
1250 5529 1531 5601 defendunt,
1551 5529 1667 5580 inde
1682 5543 1734 5581 se
1750 5537 2003 5601 excusant,
2032 5535 2074 5579 et

483 5615 571 5654 nos
592 5605 834 5651 accusant.
858 5592 993 5649 nunc
1016 5604 1068 5647 et
1082 5596 1203 5647 alios
1221 5592 1351 5647 locus
1370 5594 1430 5644 ad
1587 5592 1917 5654 eoteudamus.

551 5652 573 5697 ³
605 5661 738 5725 Edd._,
764 5668 811 5712 et
833 5659 1223 5725 oﬁicialibus._At
1242 5665 1369 5725 Mss,
1393 5662 1439 5707 et
1462 5652 1641 5725 Ofﬁcio.

550 5725 573 5757 ⁸
607 5712 829 5787 Plerique
853 5712 982 5783 sise,
1003 5719 1228 5773 illecebra
1249 5712 1372 5785 ejus.
1393 5712 1610 5768 Nonnulli
1637 5728 1770 5776 vero,
1794 5712 2073 5766 illecebrosa

504 5799 532 5837 ε
549 5800 627 5911 ιδ)
645 5848 874 5907 Subaud.,
898 5859 1013 5911 opus
1035 5853 1121 5896 est.

1694 399 1753 457 S.
1793 393 2163 456 AUGUSTINI
2203 392 2508 449 El‘lSCOl‘l

3673 399 3783 461 380

2188 505 2355 574 ipsum
2384 503 2583 559 Paulus
2606 508 2867 576 apostolus
2892 505 3210 574 exhortatur,
3233 519 3282 565 et
3295 510 3567 567 admonet:
3594 531 3614 564 ι
3645 511 3772 567 Prte-

2186 596 2401 665 cipimus
2429 606 2595 651 autent
2625 598 2762 651 vobis
2778 640 2794 664 ,
2822 598 3007 670 fratres
3027 640 3042 662 ,
3065 599 3118 652 in
3158 601 3359 656 nomine
3386 582 3594 661 Domini
3620 604 3771 658 nostri

2184 688 2310 742 Jesu
2341 686 2561 754 Christi,
2597 698 2653 742 ut
2695 688 2965 744 discedatis
3005 689 3066 744 ab
3107 690 3247 745 omni
3272 693 3431 760 fratre
3458 694 3772 749 ‘in'ordinate

2187 778 2479 833 ambulante
2508 798 2529 833 ι
2568 777 2638 849 (ll
2666 778 2845 834 Thess.
2880 797 2933 835 ιιι
2956 822 2974 849 ,
2998 781 3075 855 6).
3124 776 3287 849 Atque
3311 785 3439 838 adeo
3469 802 3570 839 non
3599 788 3769 837 innue-

2188 887 2351 925 mores
2387 870 2627 940 puritatis
2664 870 2940 938 Ecclesia,
2987 874 3299 928 conducibile
3347 875 3769 936 existimavimus,

2188 979 2360 1017 omnes
2388 974 2589 1018 sanctos
2616 965 3025 1030 consacerdotes,
3058 976 3105 1018 et
3131 982 3303 1019 onum
3325 965 3556 1030 clericos,
3578 976 3627 1020 et
3658 983 3771 1021 om-

2190 1074 2277 1111 nes
2307 1058 2523 1126 populos
2549 1056 2637 1128 qui
2670 1073 2725 1112 se
2751 1057 3054 1113 christianos
3080 1058 3441 1124 meminerunt,
3472 1059 3571 1114 hac
3605 1069 3772 1114 nostra

2188 1148 2506 1204 Tractatoria
2534 1165 2851 1204 commonerc
2868 1190 2883 1213 ,
2910 1160 2966 1202 ut
2992 1165 3165 1204 omnes
3195 1153 3307 1221 ejus
3337 1152 3766 1207 communionem.

2190 1252 2362 1314 utpote
2387 1242 2651 1310 damnati,
2681 1242 2912 1314 diligenti
2939 1259 3067 1297 cura
3106 1244 3365 1298 horreant.
3394 1241 3520 1312 Ipse
3556 1242 3690 1299 enim
3712 1244 3771 1298 de

2188 1355 2282 1394 suo
2309 1340 2512 1393 interitu
2537 1338 2785 1393 rationem
2803 1337 3011 1403 reddet,
3034 1338 3124 1408 qui
3146 1339 3242 1393 hoc
3266 1349 3493 1393 nostrum
3522 1339 3770 1394 decretum

2191 1448 2293 1487 non
2334 1430 2590 1486 audiendo
2620 1432 2881 1485 tentaverit
2905 1431 3116 1484 violare.
3158 1429 3361 1484 Placuit
3401 1447 3525 1485 sane
3562 1429 3702 1483 nobis
3725 1438 3772 1482 et

2192 1522 2413 1593 Spiritui
2453 1533 2629 1576 sancto
2649 1563 2664 1588 ,
2694 1522 2833 1592 quod
2867 1530 3065 1591 tempus
3092 1519 3254 1575 tardis
3292 1520 3362 1574 ad
3390 1520 3772 1575 convertendum

2188 1624 2467 1679 reseruetur
2488 1614 2582 1668 sub
2605 1629 2685 1676 eo,
2718 1622 2771 1665 ut
2798 1613 3099 1682 quicumque
3127 1611 3543 1666 consacerdotum
3567 1612 3645 1666 vel
3675 1612 3772 1666 cle-

2189 1709 2413 1762 ricorum
2438 1722 2547 1760 sum
2572 1705 2751 1759 salutis
2778 1705 3095 1758 immemores
3112 1744 3128 1767 ,
3149 1720 3193 1756 α
3218 1702 3301 1757 die
3322 1702 3666 1757 damnationis
3691 1719 3775 1757 su-

2190 1815 2286 1869 pra
2313 1796 2437 1850 dicti
2464 1794 2745 1859 zPrimiani,
2784 1794 2838 1847 id
2866 1804 2972 1855 est,
3003 1810 3035 1846 a
3077 1794 3160 1847 die
3182 1802 3356 1845 octavo
3380 1794 3401 1824 ³
3426 1790 3775 1847 Kalendarum

2189 1888 2450 1942 Juliarum
2478 1903 2634 1958 usque
2662 1885 2730 1938 ad
2754 1884 2887 1938 diem
2915 1893 3147 1958 octavum
3185 1882 3539 1938 Kalendarum
3577 1882 3774 1938 Janua-

2190 1981 2407 2044 riarnm,
2424 1978 2591 2031 minus
2608 1993 2641 2029 a
2665 1974 2918 2029 Primiani
2945 1954 3173 2028 damnati
3197 1974 3546 2029 communione
3565 1990 3775 2030 γεβαυερ

2188 2073 2321 2137 rint,
2359 2070 2453 2123 tali
2477 2067 2721 2122 sententia
2760 2066 3188 2137 constringantnr.
3217 2064 3359 2119 Laici
3382 2082 3580 2136 quoque
3602 2066 3700 2119 nisi
3726 2083 3775 2119 se

2188 2181 2221 2216 a
2255 2178 2411 2232 supra
2437 2161 2572 2214 dicto
2600 2160 2682 2214 die
2698 2158 3039 2212 damnationis
3068 2157 3229 2224 illius,
3246 2158 3380 2211 intra
3404 2159 3537 2212 diem
3567 2157 3780 2213 Pascha

2190 2257 2376 2327 futura:
2393 2254 2457 2305 ab
2477 2252 2588 2325 ejus
2616 2250 2869 2305 consortio
2893 2250 3263 2320 separaverint,
3292 2266 3392 2303 non
3431 2266 3577 2319 posse
3603 2266 3775 2321 quern-

2187 2360 2342 2416 quam
2368 2342 2464 2397 nisi
2499 2357 2591 2412 per
2616 2339 2992 2411 panitentiam,
3020 2338 3269 2401 siquidem
3298 2340 3646 2403 meminerint,
3675 2340 3776 2394 Ec-

2186 2434 2354 2489 clesia:
2395 2432 2687 2505 reformari.
2732 2429 3023 2484 Victorinus
3070 2428 3475 2485 Munationensis
3515 2432 3781 2501 episcopus

2186 2525 2481 2594 subscripsi.
2514 2521 2833 2578 Fortunatus
2866 2520 3285 2592 Dionysiancnsis
3315 2520 3337 2553 ⁸
3363 2522 3630 2593 cpiscopus
3656 2523 3780 2577 ενι-

2185 2619 2387 2690 scripsi.
2423 2614 2745 2672 Victorianus
2764 2613 3183 2670 Carcabianensis
3202 2612 3226 2643 ⁸
3263 2614 3529 2684 episcOpus
3554 2616 3779 2671 subscri-

2188 2712 2287 2782 psi.
2319 2708 2615 2767 Florentius
2650 2707 2712 2760 ab
2740 2706 3017 2759 Adrumeto
3041 2706 3305 2776 episcopus
3329 2704 3623 2775 subscripsi.
3647 2705 3782 2777 Ilig—

2184 2803 2338 2875 ginus
2352 2801 2414 2854 ab
2430 2798 2800 2871 Elephantaria
2824 2796 2845 2830 ³
2859 2798 3125 2868 episcopus
3139 2796 3433 2866 subscripsi.
3450 2793 3784 2851 Innocentius

2189 2891 2538 2950 Thebaltensis
2577 2889 2600 2922 ⁸
2631 2888 2898 2959 episcopus
2922 2887 3216 2955 subscripsi.
3245 2886 3567 2958 Migginpro
3588 2888 3780 2960 collega

2186 3003 2299 3041 meo
2317 2984 2496 3040 Salvio
2514 2981 2965 3037 Membressitano’
2990 2979 3228 3052 episcopo
3253 2980 3548 3051 subscripsi.
3573 2981 3779 3037 Salvius

2183 3079 2481 3152 Ausafensis
2501 3080 2525 3113 ⁸
2551 3080 2821 3150 episcopus
2867 3074 3165 3145 subscripsi.
3200 3064 3431 3130 Donatus
3455 3074 3780 3133 Sabratensis
3806 3076 3811 3082 ’

2185 3172 2455 3242 episcopus
2476 3162 2775 3238 subscripsi.
2801 3168 3058 3223 Gemelius
3076 3170 3096 3200 ³
3117 3184 3149 3219 a
3167 3166 3433 3221 Tanabwis
3456 3168 3498 3199 ¹⁰
3514 3169 3779 3236 episcOpus

2185 3263 2481 3332 subscripsi.
2511 3262 2684 3317 ——Ex
2722 3261 2852 3331 ipsis
2890 3259 3399 3315 oondemnatoribus
3459 3260 3779 3332 subscripsit

2185 3366 2240 3410 et
2264 3356 2614 3411 Praetextatus
2639 3353 3011 3418 Assuritanus,
3037 3358 3092 3406 et
3111 3350 3416 3407 Felicianus
3438 3350 3775 3409 Mustitanus.

2183 3476 2254 3486 —-
2269 3445 2610 3501 Prcetextatus
2632 3442 2964 3498 Assur-itanus
2988 3444 3254 3515 episcopus
3278 3443 3574 3512 subscripsi.
3602 3444 3781 3498 Maxi-

2183 3537 2384 3591 mianus
2430 3533 2744 3590 Stabatensis
2775 3534 2818 3565 “
2875 3533 3142 3603 episcopus
3183 3533 3476 3601 subscripsi.
3526 3531 3783 3589 Datianus

2185 3628 2537 3684 Canticetensis
2557 3628 2599 3659 ¹⁹
2614 3626 2879 3696 episcopus
2904 3625 3199 3694 subscripsi.
3225 3623 3456 3679 Donatus
3477 3624 3781 3681 Fiscianen-

2182 3722 2254 3774 sis
2280 3720 2549 3787 cpisc0pus
2574 3707 2869 3785 subscripsi.
2897 3715 3196 3770 Theodorus
3222 3714 3486 3771 Usulensis
3515 3717 3783 3789 episcopus

2183 3810 2479 3879 subscripsi.
2512 3801 3256 3876 Victarianusjubentecollega
3276 3805 3499 3876 Agnosio
3520 3807 3563 3838 ³⁸
3584 3809 3784 3878 -pisco-
3830 3852 3835 3856 .

2183 3920 2268 3976 po,
2298 3901 2594 3971 subscripsi.
2636 3898 2870 3953 Donatus
2905 3895 3274 3953 Cebresutanus
3296 3895 3340 3929 “
3361 3900 3628 3969 episcopus
3655 3900 3782 3955 sub-

2182 3997 2381 4059 scripsi.
2412 3992 2681 4047 Natalicus
2704 3989 2964 4044 Thclensis
2984 3988 3249 4060 episcOpus
3278 3988 3575 4059 subscripsi.
3613 3988 3784 4045 Rom-

2247 4111 2264 4142 ι
2301 4115 2350 4159 ιιι
2375 4115 2479 4158 Mss.
2504 4100 2667 4166 deest,
2690 4104 2846 4168 fratre
2868 4114 2887 4153 :
2907 4113 3053 4166 quam
3077 4114 3248 4152 vocem
3269 4109 3367 4153 non
3387 4099 3639 4153 illibenter
3654 4106 3785 4156 ora]-

2180 4172 2339 4223 serint
2359 4175 2635 4219 Donatistae.

2246 4236 2267 4266 ³
2300 4232 2379 4281 Ed.
2400 4236 2511 4279 Lov.
2537 4230 2630 4278 hoc
2663 4228 2771 4277 loco
2808 4224 3045 4289 τωρωι-ξι,
3067 4229 3249 4276 octavo.
3272 4231 3348 4289 er.
3373 4237 3495 4289 vero
3532 4225 3579 4275 id
3623 4236 3786 4280 totum

2182 4295 2377 4352 omittit,
2409 4290 2734 4342 Calendarum
2770 4284 3012 4352 Juliarum
3048 4299 3198 4351 usque
3239 4285 3322 4352 ad.
3348 4284 3484 4338 diem
3508 4293 3735 4352 οαᾳυηη,
3765 4304 3786 4343 ε

2180 4369 2292 4422 qua:
2316 4348 2473 4405 ornnia
2496 4354 2646 4402 verba
2667 4353 2718 4401 in
2740 4350 2990 4412 plerique
3008 4348 3486 4416 reperiuntur;
3515 4350 3606 4399 sed
3631 4364 3697 4401 es
3722 4355 3789 4405 iis

2182 4416 2399 4467 nonnulli
2446 4423 2556 4478 post
2589 4412 2926 4478 Calendarum
2954 4409 3217 4478 Juliarum,
3252 4412 3326 4461 sic
3360 4410 3581 4478 babent:
3618 4412 3667 4464 si
3702 4410 3786 4466 vel

3200 4443 3217 4471 ,
3252 4443 3326 4461 σιν
3361 4443 3543 4471 μαυυιιι
3565 4445 3581 4461 ο

2180 4492 2336 4538 mora,
2362 4478 2429 4528 ad
2446 4470 2581 4529 diem
2601 4482 2819 4538 octavum
2841 4472 3169 4538 colendarum
3186 4470 3549 4538 {argutiarum
3581 4480 3682 4523 Non
3705 4488 3785 4527 a-

2181 4532 2403 4605 siguatur
2422 4545 2594 4605 anuus,
2618 4537 2704 4601 qui
2724 4535 2851 4605 forte
2872 4542 2986 4605 erat
2998 4533 3174 4605 (Emisti
3192 4532 3510 4605 _Quippe
3532 4538 3783 4605 anguium

2184 4594 2355 4665 postea
2376 4598 2565 4653 concilii
2583 4594 2834 4665 sententia
2855 4594 3268 4665 proprium-troia
3290 4594 3625 4665 gguiin’ignuni
3646 4599 3784 4665 etin

2181 4654 2614 4713 itabarsussitanam
2657 4654 2892 4723 synodum
2918 4656 3057 4723 dicta
3077 4654 3169 4706 fuit
3184 4655 3267 4707 die
3289 4654 3353 4705 2t
3371 4656 3538 4719 ειμι-ωε
3556 4670 3640 4708 an.
3663 4660 3784 4721 sos,

2184 4723 2357 4792 exAlih.
2380 4724 2415 4774 5
2435 4730 2564 4792 eoat.
2587 4718 2831 4792 q°eseoa.,
2853 4733 2896 4769 c.
2912 4718 2999 4790 .56.

2246 4789 2269 4820 ³
2300 4794 2401 4836 Duo
2416 4791 2543 4845 Mss,
2562 4789 2965 4846 Dionysiacensu.

2246 4852 2269 4881 δ
2300 4855 2434 4907 t.ov.,
2457 4840 2813 4907 Carbaniensis.
2833 4848 2920 4907 βε.
2947 4848 3000 4893 et
3019 4853 3198 4907 novem
3235 4847 3366 4907 Mssa,
3387 4840 3781 4907 Caeabinensis.

2181 4916 2282 4960 Duo
2300 4900 2903 4970 uss.,'Carcabensis.AAlii,
2925 4900 3334 4970 Carcabianensis.
3353 4900 3429 4953 Sic
3439 4904 3600 4967 etiam
3614 4906 3667 4955 in
3693 4905 3781 4956 lib.

2181 4973 2215 5023 5
2243 4978 2373 5021 eoat.
2396 4965 2641 5027 (reseca,
2665 4979 2709 5016 c.
2736 4965 2811 5016 t9.

2243 5035 2265 5067 ³
2295 5033 2370 5083 sic
2393 5032 2442 5080 in
2457 5037 2565 5080 uss.
2591 5024 2646 5079 At
2666 5030 2711 5077 in
2736 5025 2868 5089 Edd,.,
2890 5024 3295 5089 Apelephtuitaritc.

2247 5094 2268 5127 ⁸
2300 5096 2519 5157 Quinque
2547 5098 2676 5150 Mss,
2704 5086 3082 5157 Thesbalitensis;
3274 5153 3295 5157 Α
3339 5093 3346 5098 ’

2246 5157 2267 5189 ⁷
2302 5148 2364 5206 tia
2389 5148 2644 5217 ia'aliquot
2797 5158 2849 5199 et
2861 5152 2919 5217 ia
2942 5148 3025 5199 lib.
3051 5150 3084 5199 5
3103 5157 3231 5217 eoat.
3266 5153 3513 5210 aestuum,
3534 5164 3577 5200 c.
3614 5151 3699 5203 19.
3731 5162 3787 5206 At

2183 5220 2232 5270 in
2246 5218 2367 5285 _Fdd.
2392 5208 2771 5285 legebaturObie,
2793 5208 3011 5261 Salviano
3034 5209 3316 5285 Pressitano.

2243 5281 2265 5313 ⁸
2290 5286 2385 5337 Ean,
2412 5272 2703 5327 .-:iisavensis.
2728 5280 2857 5331 Lov.,
2882 5272 3173 5337 .{usacensis
3200 5272 3390 5336 Aliquot
3408 5276 3516 5322 Mss.
3543 5282 3597 5325 ut
3613 5276 3668 5325 in
3694 5275 3785 5327 lib.

2181 5343 2214 5392 5
2232 5349 2360 5391 cont.
2373 5333 2565 5395 'Ct-escq
2584 5352 2628 5387 c.
2656 5338 2731 5395 19,
2758 5333 3045 5397 Αιιδαῖεηδὶε.

2242 5405 2443 5515 923mm,
2459 5393 2789 5459 Geminius,'ut
2809 5393 2953 5460 supra
2972 5432 2989 5458 ,
3005 5396 3099 5447 eoi.
3122 5395 3233 5456 576,
3251 5394 3344 5444 sub
3365 5393 3502 5445 initio
3520 5402 3795 5460 praesentis

2179 5480 2232 5516 Il.
2256 5480 2333 5515 Συ.

2245 5529 2289 5561 ³ο
2312 5532 2406 5584 Ern,
2431 5518 2970 5584 Anathabcist'onuulli
2990 5527 3118 5584 Mss,
3140 5532 3173 5568 a
3209 5516 3433 5584 Tambeis.

2245 5594 2285 5621 ιι
2312 5579 2418 5636 uss.
2442 5587 2642 5649 aliquot,
2664 5582 3215 5649 Sabbatensis._Quidam,
3237 5579 3523 5632 sabatcnsis.

2245 5652 2288 5683 ι’
2309 5643 3041 5709 Quatuor'stss.,c‘amacctensis.

2244 5707 2428 5759 “limes
2449 5718 2575 5768 3155.,
2601 5707 2818 5773 Agnasio,
2973 5766 2986 5773 _
3046 5712 3053 5719 '

2245 5774 2289 5804 *δ
2312 5773 2532 5836 Quinque
2557 5761 2661 5821 Stss‘I
2682 5806 2697 5833 ,
2736 5766 3140 5821 rcbrcsusitatms.
3189 5761 3405 5816 Nonnulli
3426 5796 3443 5825 ,
3482 5764 3809 5821 ceberesittr
