3978 6320
488 430 593 485 383

490 539 773 596 noluisses.
806 537 918 593 iloc
943 535 1156 608 quidem
1198 535 1411 597 simile,
1442 534 1520 588 sic
1568 542 1624 588 et
1669 533 1744 587 illi
1787 531 2074 587 damnave-

489 641 614 688 runt
652 631 928 686 absentem
973 627 1355 698 Cecilianum,
1383 641 1506 680 cum
1556 625 1840 679 factionem
1888 637 2076 678 eorum

487 725 778 780 devitasset
803 739 818 776 :
847 721 943 777 sed
971 730 1027 774 tu
1051 735 1238 774 rursus
1265 719 1318 773 in
1348 717 1600 772 absentes
1624 715 1744 770 illos
1776 713 1948 769 fecisti
1970 713 2076 768 dici

488 815 782 871 sententias
810 815 864 868 in
891 813 1117 868 concilio
1157 811 1445 880 Bagaitano
1477 826 1492 862 :
1523 816 1577 861 at
1603 822 1731 862 vero
1755 803 2074 860 Caecilianus

493 920 732 976 pmsens
781 903 1089 960 adversario
1135 896 1399 972 prasente
1440 907 1696 970 purgatus
1737 905 1838 951 est.
1874 893 2076 950 Deinde

491 998 592 1052 alia
633 1010 826 1066 magna
851 993 1152 1050 differentia
1191 1011 1204 1047 :
1249 991 1455 1060 judices
1486 989 1739 1043 Numidas
1768 986 1909 1057 apud
1937 999 2076 1056 quos

491 1097 544 1143 te
567 1103 842 1157 purgares,
873 1096 928 1142 tu
955 1087 1071 1156 ipse
1096 1085 1276 1148 adisti,
1312 1094 1368 1138 tu
1394 1081 1722 1138 constituisti
1747 1121 1763 1146 ,
1794 1080 2075 1135 Maximian-

489 1180 645 1233 nistze
671 1179 789 1233 illos
815 1193 920 1233 non
951 1176 1214 1246 petierunt
1244 1192 1258 1227 :
1285 1174 1426 1244 apud
1455 1189 1549 1229 eos
1574 1182 1751 1228 autem
1778 1188 1808 1226 a
1834 1171 2076 1227 Caecilia-

490 1283 562 1322 no
591 1270 828 1323 Donatus
855 1269 1029 1323 victus
1055 1275 1141 1324 est
1165 1307 1179 1332 ,
1206 1282 1341 1336 quos
1369 1281 1491 1335 pars
1521 1264 1711 1318 Donati
1738 1263 1949 1333 judices
1980 1277 2077 1331 po—

449 1415 453 1418 ,
484 1359 797 1414 stulaverat.
841 1359 1192 1430 Respondent
1233 1358 1327 1412 tibi
1360 1357 1520 1413 modo
1561 1357 1993 1418 Maximianistte,
2019 1363 2075 1410 et

481 1465 604 1520 jure
627 1449 812 1504 dicunt
839 1468 853 1503 :
883 1448 994 1505 Nos
1032 1450 1207 1520 primo
1249 1449 1493 1503 venimus
1519 1446 1585 1502 ad
1617 1455 1668 1501 te
1705 1446 1772 1501 de
1802 1446 2072 1514 provincia

485 1551 610 1608 tua,
652 1542 720 1598 de
746 1543 966 1599 ὀίωοεεί
997 1543 1062 1597 ad
1107 1551 1157 1597 te
1188 1543 1488 1612 pertinente
1515 1542 1531 1573 ¹
1575 1539 1841 1609 episcopi;
1883 1548 1939 1593 et
1979 1553 2076 1591 vo-

485 1634 682 1689 luimus
717 1635 904 1689 audire
930 1648 1144 1688 causam
1184 1644 1328 1686 tuam
1363 1651 1375 1686 :
1403 1631 1774 1698 contempsisti
1803 1644 1935 1692 nos,
1965 1644 2070 1682 non

433 1767 440 1774 .
480 1723 551 1777 ad
581 1737 678 1778 nos
706 1722 886 1778 existi.
913 1723 970 1778 Si
996 1723 1217 1776 timuisti
1245 1731 1483 1776 nostrum
1505 1720 1786 1791 judicium,
1805 1721 1892 1776 vel
1913 1720 2069 1774 simul

479 1814 688 1885 judices
711 1815 1052 1886 eligeremus,
1083 1829 1188 1869 non
1217 1814 1322 1867 ires
1349 1813 1417 1867 ad
1438 1828 1573 1882 quos
1604 1822 1658 1865 tu
1685 1811 1870 1866 velles.
1891 1809 2072 1878 Quan-

482 1915 596 1963 tum
625 1909 868 1975 intersit,
898 1909 1096 1963 videte.
1128 1906 1280 1962 Tunc
1307 1914 1483 1960 autem
1523 1905 1624 1974 ipsi
1656 1904 1942 1958 Donatista:
1979 1903 2068 1957 lit-

482 2001 614 2056 teris
633 2002 746 2056 suis
775 2000 1158 2070 lmperatorem
1185 1998 1482 2070 petierunt,
1513 2006 1572 2052 ιιι
1595 1997 1910 2052 decerneret
1927 1994 2068 2065 judi-

479 2107 572 2148 ces
601 2111 615 2147 :
649 2092 1082 2163 improbaverunt
1107 2105 1202 2146 eos
1235 2090 1376 2161 apud
1417 2105 1552 2159 quos
1590 2088 1715 2144 victi
1749 2097 1904 2155 sunt,
1932 2100 2068 2157 quos

479 2194 767 2255 antequam
814 2183 1158 2239 vincerentur
1192 2183 1593 2252 postulaverunt
1622 2199 1634 2234 :
1675 2179 1783 2234 dati
1814 2187 1938 2234 sunt
1977 2177 2068 2232 alii

477 2276 544 2330 ad
572 2291 758 2331 eorum
789 2276 1034 2346 petitum,
1058 2284 1113 2330 et
1143 2274 1211 2329 ibi
1241 2272 1363 2328 victi
1383 2281 1508 2326 sunt
1534 2289 1548 2325 :
1574 2272 1975 2340 appellaverunt
1999 2267 2066 2322 ad

476 2365 857 2435 imperatorem
883 2410 899 2431 ,
927 2373 984 2421 et
1009 2363 1082 2419 ibi
1111 2363 1232 2418 victi
1265 2371 1410 2418 sunt.
1449 2361 1626 2417 Semel
1667 2361 1839 2414 victus
1865 2366 1949 2413 est
1973 2357 2067 2411 ab-

473 2472 604 2512 sens
640 2455 1028 2512 Maximianista
1049 2497 1065 2522 ,
1096 2463 1150 2511 et
1187 2464 1326 2510 tacet
1358 2471 1371 2506 :
1413 2463 1469 2509 et
1508 2463 1588 2508 ter
1626 2453 1796 2507 victus
1827 2463 2067 2520 praesens

474 2547 750 2601 Donatism
781 2562 886 2602 non
916 2545 1094 2601 tacet?

543 2638 636 2694 25.
675 2637 781 2695 Sed
808 2638 876 2694 de
914 2651 1140 2693 numero
1166 2635 1443 2692 contendis
1481 2651 1602 2692 cum
1643 2632 2063 2690 Maximianistis.

476 2729 548 2786 Ut
577 2730 686 2784 dixi
713 2773 728 2793 ,
758 2729 912 2786 faveo
934 2730 1050 2785 tibi.
1073 2729 1318 2785 Trecenti
1348 2730 1534 2785 decem
1558 2729 1737 2798 plures
1763 2737 2066 2798 suntquam

472 2832 689 2876 centum
719 2862 735 2882 ,
779 2821 864 2875 vel
903 2829 1033 2891 quot
1073 2820 1287 2876 fuerunt
1329 2821 1418 2891 qui
1443 2821 1829 2875 damnaverunt
1864 2833 1894 2872 a
1920 2829 2067 2887 parte

472 2913 774 2969 llaximiani
790 2913 1116 2969 Primianum
1147 2931 1162 2967 τ
1186 2913 1348 2968 millia
1370 2913 1743 2983 episcoporum
1761 2926 1856 2982 per
1879 2911 2065 2966 orbem

472 3016 734 3062 terrarum
761 3008 848 3077 qui
872 3007 1260 3063 damnaverunt
1280 3023 1309 3060 a
1339 3014 1489 3076 parte
1515 3004 1780 3060 Carciliani
1803 3003 2065 3060 Donatum

472 3097 606 3151 nihil
634 3098 885 3166 ponderis
910 3096 1048 3168 apud
1082 3107 1132 3152 te
1162 3098 1358 3152 habere
1389 3098 1584 3167 putas?
1610 3094 1716 3151 Sed
1743 3094 1982 3150 dicturus
2006 3108 2065 3150 es

471 3187 602 3242 mihi
629 3206 642 3242 :
665 3187 932 3259 Numquid
947 3188 1247 3244 Donatistas
1273 3189 1437 3243 millia
1455 3189 1822 3257 episcoporum
1840 3186 2064 3242 damna—

470 3289 664 3334 verunt
698 3280 767 3334 de
797 3288 909 3335 toto
938 3280 1070 3336 orbe
1101 3281 1398 3335 terrarum?
1427 3277 1639 3349 Optime
1658 3321 1673 3345 ,
1703 3294 1808 3333 non
1839 3279 2063 3332 damna-

468 3380 615 3426 runt.
644 3371 822 3438 Quare
848 3388 953 3426 non
982 3371 1303 3428 damnarunt
1330 3372 1354 3426 ?
1380 3371 1512 3439 Quia
1537 3371 1742 3439 judicio
1762 3384 1867 3424 non
1895 3370 2060 3424 inter~

471 3461 706 3517 fuerunt.
733 3462 788 3518 Si
828 3463 1033 3533 judicio
1071 3479 1178 3518 non
1218 3462 1575 3517 interfuerunt
1598 3503 1614 3527 ,
1645 3472 1924 3530 propterea
1957 3476 2064 3516 non

466 3551 893 3616 damnaverunt,
921 3553 1042 3623 quia
1070 3568 1286 3608 causam
1325 3552 1469 3607 illam
1498 3553 1708 3621 penitus
1737 3553 2058 3607 nescierunt.

472 3643 558 3697 Ab
583 3643 956 3699 innocentibus
982 3660 1148 3714 quare
1168 3645 1507 3714 te'separasti
1528 3643 1553 3697 ?
1578 3643 1738 3698 Venit
1761 3643 1864 3698 huc
1916 3643 1981 3697 ad
2009 3651 2066 3700 te

468 3732 538 3789 de
566 3737 696 3789 orbe
723 3743 984 3789 terrarum
1014 3736 1310 3803 baptizatus
1329 3776 1343 3801 ,
1373 3749 1531 3804 quem
1576 3734 1656 3787 vis
1684 3733 2012 3803 rebaptizare
2042 3753 2058 3789 :

468 3835 523 3878 et
543 3834 595 3879 te
617 3826 728 3895 jam
757 3826 954 3881 letbale
984 3825 1337 3882 ministerium
1359 3827 1379 3856 ²
1410 3834 1772 3889 exercentem,
1800 3833 1856 3881 et
1878 3825 2063 3880 volen-

470 3924 576 3970 tem
604 3915 803 3970 iterare
849 3915 990 3987 quod
1036 3917 1203 3971 semel
1242 3915 1399 3970 datur
1423 3922 1478 3970 et
1506 3931 1613 3969 non
1642 3915 1923 3981 amittitur,
1951 3914 2063 3971 adit

467 4020 589 4059 cum
618 4020 805 4076 magna
831 4021 964 4061 voce
1004 4016 1060 4060 et
1095 4007 1294 4076 gemitu
1319 4046 1337 4068 ,
1384 4016 1439 4061 et
1480 4006 1612 4060 dicit
1649 4005 1742 4061 tibi
1776 4024 1788 4060 :
1817 4005 1953 4072 Quid
1979 4015 2063 4060 est

464 4099 606 4169 quod
653 4101 734 4153 vis
776 4098 990 4172 facere?
1040 4100 1373 4169 rebaptizare
1402 4098 1530 4154 me?
1570 4100 1666 4166 ait,
1716 4100 1897 4154 nescio
1941 4098 2061 4168 quis

465 4191 947 4261 Mesopotamenus,
976 4192 1155 4246 nescio
1195 4192 1312 4261 quis
1349 4189 1537 4262 Syrus,
1567 4191 1746 4245 nescio
1770 4191 1889 4261 quis
1914 4190 2058 4245 Pono

467 4282 626 4346 ticus,
649 4281 731 4336 vel
760 4281 970 4352 IOngius
1012 4282 1352 4336 constitutus.
1381 4280 1696 4350 Respondes
1727 4296 1740 4334 :
1783 4279 1916 4346 Quia
1951 4296 2058 4334 non

466 4373 632 4428 habes
657 4373 1000 4443 baptismum.
1025 4373 1241 4441 Quare?
1261 4373 1403 4445 Lege
1441 4371 1710 4442 Epistolas
1729 4373 1970 4443 Apostoli
1991 4373 2057 4428 ad

465 4479 551 4519 me
591 4463 764 4519 datas.
798 4464 955 4521 Venit
1003 4467 1185 4520 nescio
1227 4467 1346 4534 quis
1384 4465 1454 4520 de
1477 4463 1680 4520 Galatia
1704 4505 1723 4530 ,
1752 4465 1820 4521 de
1843 4465 2016 4520 Ponto
2039 4508 2055 4533 ,

464 4555 608 4608 venit
659 4555 838 4609 nescio
880 4557 999 4626 quis
1027 4556 1095 4610 de
1121 4555 1509 4626 Philadelphia,
1533 4556 1598 4609 ad
1630 4571 1760 4625 quas
1789 4556 2058 4612 Ecclesias

460 4643 694 4701 Joannes
733 4645 945 4716 scripsit
973 4647 992 4717 (
1016 4647 1174 4717 Apoc.
1206 4663 1245 4713 ι,
1273 4648 1308 4702 4
1336 4647 1392 4717 );
1426 4649 1615 4701 venita
1636 4646 1890 4714 Colossis,
1914 4651 2059 4704 venit

458 4751 489 4788 a
511 4735 788 4805 Philippis,
810 4754 840 4791 a
855 4737 1233 4793 Thessalonica
1259 4754 1273 4792 :
1296 4738 1410 4808 Ego
1425 4752 1527 4791 non
1547 4738 1715 4793 habeo
1734 4739 2055 4808 baptismum

462 4827 527 4881 ad
555 4843 710 4898 quem
737 4830 950 4899 scripsit
978 4830 1265 4900 Apostolus
1286 4872 1300 4894 ,
1332 4847 1428 4902 per
1457 4847 1613 4900 quem
1645 4840 1698 4885 tu
1723 4833 1927 4888 habes?
1947 4836 2055 4887 Au-

459 4919 557 4975 des
585 4921 763 4991 legere
809 4922 1089 4992 epistolam
1146 4939 1343 4988 meam,
1394 4924 1483 4994 qui
1540 4923 1825 4980 detestaris
1870 4941 2052 4995 pacem

461 5027 634 5066 meam
653 5013 675 5065 ?

1101 5140 1272 5181 εειιιιο
1309 5142 1386 5180 Ill.

921 5260 1003 5313 De
1025 5261 1171 5314 tertia
1199 5271 1342 5329 parte
1373 5259 1586 5315 Psalmi.

531 5417 580 5470 l.
623 5413 796 5487 iners.
828 5413 967 5486 25.]
1010 5415 1140 5469 Pars
1193 5415 1481 5468 novissima
1531 5417 1716 5484 psalmi
1767 5417 1922 5486 hujus
1969 5421 2048 5474 in-

456 5505 696 5561 discussa
725 5506 998 5559 vobiscum
1031 5513 1084 5559 et
1129 5507 1408 5560 intractala
1448 5520 1791 5562 remanserat.
1824 5511 2050 5565 Proinde

457 5597 595 5651 sicut
623 5598 795 5663 video,
821 5613 925 5652 non
959 5598 1174 5668 quidem
1205 5599 1496 5654 secundum
1526 5600 1926 5671 dispositionem
1951 5620 2047 5657 no-

520 5749 536 5780 ῖ
562 5749 637 5798 sie
658 5755 733 5815 Er.
771 5756 820 5799 et
865 5747 1049 5812 aliquot
1087 5755 1194 5799 uss.
1236 5758 1289 5801 At
1328 5756 1458 5813 Ima,
1491 5753 1784 5815 pertinentis.
1828 5756 2047 5806 nonnulli

457 5814 583 5867 uss,
610 5811 910 5873 pertinentes.

519 5874 538 5899 ’
559 5871 632 5924 Sit:
655 5879 759 5926 νδς.
787 5879 839 5924 At
861 5873 995 5933 εδδ..
1019 5871 1319 5935 mysterium.

1739 420 1797 475 S.
1838 417 2206 476 AUGUSTINI
2245 414 2545 477 EPISCOPI

2187 540 2375 599 stram,
2408 533 2502 588 scd
2525 545 2702 588 tamen
2734 549 2838 589 non
2865 542 3056 605 praeter
3077 521 3485 607 dispositionem
3508 556 3682 605 suam,
3709 546 3776 598 ad

2186 622 2513 678 reddendum
2555 625 2788 680 debitum
2833 642 2931 682 nos
2962 627 3218 684 Dominus
3245 631 3539 688 revocavit.
3579 627 3772 689 Intenti

2184 727 2316 783 ergo
2360 724 2530 770 estote
2553 758 2568 780 ,
2598 717 2786 772 fratres
2809 757 2824 782 ,
2857 727 2914 772 ut
2943 718 2988 773 si
3019 735 3300 788 possumus
3328 723 3435 778 Deo
3455 721 3770 792 adjuvante,

2185 804 2268 857 vel
2311 805 2472 860 modo
2509 808 2778 862 solvamus
2823 809 2965 878 quod
3011 826 3109 865 nos
3151 810 3347 868 debere
3376 817 3771 884 cognoscimus.

2184 893 2315 961 Quis
2343 905 2426 950 est
2454 899 2547 967 qui
2571 897 2726 961 dicit,
2779 899 2918 969 quod
2959 902 3118 955 modo
3164 905 3531 960 eantavimus?
3559 904 3774 961 Iuvenis

2183 984 2262 1054 fui
2277 1028 2291 1047 ,
2320 996 2367 1039 et
2395 1003 2506 1040 ecce
2531 990 2674 1042 senui
2697 1029 2710 1054 ,
2738 998 2784 1043 et
2811 1007 2913 1045 non
2941 991 3048 1046 vidi
3080 995 3280 1063 justum
3320 997 3610 1050 derelictum
3635 1038 3653 1062 ,
3682 1014 3774 1052 nte

2181 1095 2349 1134 semen
2378 1082 2489 1151 ejus
2507 1099 2733 1152 querens
2762 1099 2963 1155 panem.
2992 1086 3046 1140 Si
3077 1092 3226 1157 quasi
3255 1105 3389 1144 unus
3413 1089 3574 1145 homo
3595 1093 3769 1163 loqui-

2184 1177 2289 1235 tur,
2322 1187 2476 1238 quam
2505 1173 2726 1228 multum
2755 1177 2965 1244 tempus
2993 1187 3076 1231 est
3099 1188 3230 1232 astas
3259 1180 3412 1234 unius
3434 1181 3687 1247 hominis;
3717 1194 3771 1237 ει

2181 1259 2308 1329 quid
2336 1277 2582 1330 magnum
2603 1278 2703 1327 εει,
2732 1274 2788 1317 ιιι
2818 1266 2976 1320 homo
2996 1269 3200 1336 positus
3221 1266 3274 1322 in
3299 1286 3398 1324 una
3421 1272 3595 1341 aliqua
3623 1286 3770 1340 parte

2184 1359 2442 1406 terrarum
2481 1369 2577 1425 per
2621 1365 2782 1411 totam
2822 1359 2980 1413 vitam
3022 1374 3170 1415 suam
3195 1371 3300 1416 tam
3327 1364 3574 1431 brevem,
3607 1383 3766 1437 quam

2182 1440 2413 1497 humana
2443 1448 2553 1500 vita‘
2572 1447 2746 1503 brevis
2775 1459 2876 1516 est,
2907 1453 3150 1521 quamvis
3180 1453 3245 1508 ad
3271 1464 3599 1513 senectutem
3629 1459 3765 1528 aja-

2180 1543 2395 1591 ventute
2413 1541 2731 1606 pervenerit,
2758 1558 2864 1598 non
2883 1545 3072 1600 viderit
3089 1545 3288 1616 justum
3306 1548 3642 1618 derelictum,
3667 1568 3766 1607 nec

2179 1640 2363 1683 semen
2394 1629 2509 1699 ejus
2536 1647 2782 1701 quaerens
2808 1637 3037 1704 panem?
3059 1638 3174 1692 Non
3201 1649 3282 1694 est
3310 1642 3632 1698 mirandum.
3659 1645 3757 1700 Po-

2181 1719 2277 1773 tuit
2313 1722 2454 1775 enim
2494 1721 2608 1778 fieri
2658 1732 2718 1780 ut
2761 1735 2886 1782 ante
2937 1728 3095 1783 vitam
3126 1730 3295 1802 ipsius
3338 1731 3524 1789 fuisset
3573 1736 3766 1806 aliquis

2172 1812 2348 1882 justus
2377 1829 2621 1884 quaarens
2653 1833 2841 1887 panem
2866 1860 2882 1887 ,
2917 1823 3088 1890 potuit
3131 1822 3243 1878 fieri
3295 1835 3350 1880 ut
3381 1825 3432 1881 in
3481 1829 3584 1883 alia
3615 1838 3766 1899 parte

2178 1913 2440 1960 terrarum
2471 1922 2577 1962 non
2608 1909 2696 1964 ubi
2738 1910 2852 1978 ipse
2880 1923 3042 1968 esset.
3076 1915 3276 1971 Deinde
3301 1917 3440 1972 aliud
3467 1920 3608 1989 quod
3649 1938 3766 1975 mo-

2176 2003 2283 2053 vet.
2313 1997 2491 2051 audite
2521 2017 2533 2052 :
2559 2000 2696 2055 Ecce
2722 2003 3082 2074 unusquisque
3111 2008 3161 2060 in
3191 2009 3359 2074 vobis,
3387 2010 3477 2079 qui
3499 2009 3637 2067 forte
3653 2012 3764 2083 jam

2174 2089 2387 2156 senuit,
2440 2093 2732 2162 respiciens
2777 2111 2966 2152 cursus
3009 2101 3182 2153 anatis
3209 2115 3320 2154 suze
3357 2103 3466 2171 jam
3521 2119 3766 2175 peractos

2174 2181 2294 2246 sibi,
2322 2183 2407 2237 ubi
2436 2185 2756 2252 cogitatione
2783 2199 3024 2244 versatus
3051 2191 3208 2246 fuerit
3241 2194 3290 2246 in
3319 2193 3403 2249 his
3429 2212 3562 2266 quos
3591 2201 3760 2265 novit,

2175 2274 2310 2332 forte
2339 2293 2442 2331 non
2466 2279 2514 2331 ei
2543 2281 2964 2352 occurritjustus
2997 2301 3240 2354 quaerens
3269 2303 3480 2357 panem,
3508 2301 3601 2347 aut
3624 2293 3762 2349 filius

2167 2366 2296 2437 justi
2340 2385 2589 2438 quaerens
2636 2389 2826 2442 panem
2860 2394 2874 2429 :
2905 2377 2999 2431 sed
3045 2388 3218 2434 tamen
3268 2384 3482 2452 respicit
3521 2385 3588 2440 ad
3615 2387 3763 2442 Scri-

2177 2466 2356 2527 pturas
2384 2458 2595 2516 divinas
2619 2505 2634 2529 ,
2667 2473 2720 2518 et
2765 2465 2966 2521 invenit
2993 2479 3330 2539 angustatum
3355 2474 3622 2532 Abraham
3669 2479 3761 2548 ju-

2173 2559 2335 2617 stum,
2364 2561 2418 2605 et
2448 2551 2619 2609 famen
2641 2571 2854 2626 passum
2888 2561 2938 2613 in
2964 2562 3176 2631 regione
3201 2579 3320 2633 sua,
3343 2580 3576 2626 mutasse
3602 2573 3761 2631 aliam

2173 2645 2447 2715 regionem
2489 2648 2506 2716 (
2543 2647 2670 2702 Cen.
2717 2667 2826 2716 xu,
2861 2651 3004 2722 10);
3056 2658 3255 2711 invenit
3294 2668 3348 2713 et
3377 2661 3542 2717 ﬁlium
3595 2665 3764 2734 ipsius

2172 2734 2320 2792 Isaac
2349 2737 2586 2808 ejusdem
2615 2739 2772 2796 famis
2793 2758 2950 2800 causa
2977 2745 3029 2800 in
3056 2746 3191 2802 alias
3211 2747 3316 2804 isse
3343 2752 3586 2821 regiones
3612 2772 3763 2826 qna!-

2173 2837 2378 2883 rentem
2423 2844 2613 2898 panem
2661 2830 2789 2902 (Id.
2817 2850 2981 2903 nrt,
3009 2836 3034 2890 1
3069 2835 3110 2907 ).
3142 2837 3209 2893 Ει
3248 2843 3517 2911 quomodo
3540 2847 3642 2900 erit
3672 2863 3768 2903 ve-

2173 2932 2313 2980 rum,
2343 2917 2622 2990 Nunquam
2643 2925 2747 2976 vidi
2764 2925 2963 2994 justum
2992 2925 3309 2998 derelictum,
3343 2950 3433 2988 nec
3459 2952 3628 2991 semen
3648 2939 3762 3008 ejus

2170 3026 2397 3078 quarens
2429 3016 2655 3082 panem?
2682 3015 2748 3070 Et
2781 3016 2828 3073 si
2872 3033 3056 3072 verum
3101 3019 3204 3076 hoc
3242 3022 3442 3080 invenit
3486 3027 3540 3082 in
3585 3031 3762 3100 spatio

2172 3102 2295 3156 vitae
2315 3119 2427 3158 suae
2448 3121 2462 3169 ;
2483 3104 2640 3160 aliter
2661 3114 2838 3162 tamen
2861 3109 3062 3165 invenit
3087 3112 3140 3167 in
3161 3113 3391 3172 lectione
3409 3118 3609 3186 divina,
3637 3138 3761 3192 qua:

2169 3193 2378 3250 fidelior
2402 3205 2483 3251 est
2506 3213 2661 3266 quam
2689 3199 2796 3254 vita
2819 3198 3116 3260 hominum.

2240 3289 2296 3344 2.
2328 3289 2465 3358 Quid
2496 3306 2625 3361 ergo
2653 3291 2916 3348 facimus?
2937 3295 3203 3366 Adjuvent
3230 3316 3326 3354 nos
3353 3302 3438 3372 pia
3464 3306 3639 3360 studia
3667 3324 3762 3364 ve-

2169 3387 2302 3447 stra,
2333 3391 2390 3435 ut
2420 3380 2764 3452 inspiciamus
2808 3384 2860 3438 in
2901 3386 2982 3441 his
3013 3389 3253 3445 versibus
3289 3391 3483 3449 Psahni
3515 3398 3762 3453 volunta—

2169 3480 2276 3528 tem
2308 3473 2402 3529 Dei
2431 3515 2447 3540 ,
2475 3475 2600 3545 quid
2632 3491 2730 3532 nos
2758 3477 3056 3550 intelligere
3102 3483 3245 3537 velit.
3290 3485 3462 3542 Metus
3489 3499 3572 3544 est
3612 3492 3758 3546 enim

2169 3580 2237 3620 ne
2284 3566 2648 3636 unusquisque
2679 3569 2921 3624 infirmus
2946 3613 2962 3638 ,
2993 3588 3096 3626 non
3146 3576 3364 3645 capiens
3409 3579 3762 3649 spiritualiter

2169 3657 2469 3728 intelligere
2521 3658 2863 3730 Scripturas,
2904 3673 2993 3718 eat
3042 3666 3092 3719 in
3143 3669 3387 3739 exempla
3416 3671 3646 3728 humana
3677 3682 3760 3730 vi-

2167 3748 2396 3819 deatque
2434 3751 2718 3821 aliquando
2743 3753 2914 3809 bonos
2935 3771 3120 3811 servos
3146 3759 3240 3813 Dei
3270 3776 3390 3817 esse
3419 3764 3470 3816 in
3515 3769 3758 3822 necessi-

2169 3849 2276 3896 tate
2304 3842 2478 3913 aliqua
2504 3853 2557 3897 et
2584 3844 2761 3914 inopia
2783 3847 3054 3916 qumrendi
3082 3851 3232 3918 panis
3254 3868 3270 3917 ;
3292 3857 3524 3910 maxime
3547 3867 3602 3911 et
3628 3858 3760 3912 Pan.

2166 3933 2275 3988 lum
2300 3934 2598 4004 apostolum
2642 3937 2873 4007 cogitet,
2916 3940 3007 4009 qui
3034 3939 3193 4006 dicit,
3227 3941 3293 3996 In
3321 3944 3458 4013 fame
3481 3958 3528 3999 et
3567 3949 3672 4016 siti,
3701 3953 3759 4004 in

2166 4025 2356 4096 frigore
2381 4036 2424 4079 et
2450 4027 2678 4081 nuditate
2703 4028 2720 4096 (
2749 4027 2791 4082 ll
2820 4027 2940 4084 Cor.
2971 4046 3028 4085 ιι
3053 4074 3068 4095 ,
3095 4032 3164 4086 27
3191 4034 3208 4104 )
3242 4050 3256 4087 :
3288 4045 3343 4090 et
3367 4038 3757 4096 scandalizetur

2166 4117 2305 4188 apud
2336 4119 2570 4189 seipsum
2616 4120 2801 4176 dicens
2829 4161 2844 4188 ,
2873 4120 3100 4181 Certene
3127 4141 3311 4181 verum
3349 4139 3429 4184 est
3457 4133 3595 4200 quod
3628 4150 3758 4188 can-

2165 4207 2311 4262 tavi?
2337 4218 2482 4265 certe
2510 4225 2693 4265 verum
2721 4221 2802 4266 est
2827 4213 2970 4282 quod
3001 4213 3053 4268 in
3080 4217 3305 4272 ecclesia
3335 4226 3482 4274 stans
3521 4231 3626 4275 tam
3655 4223 3755 4279 de-

2164 4311 2289 4356 vota
2315 4318 2447 4358 voce
2475 4305 2747 4372 personui,
2782 4304 3061 4377 Nunquam
3089 4308 3193 4361 vidi
3209 4311 3410 4382 justum
3431 4313 3752 4380 derelictum,

2166 4410 2257 4448 nec
2284 4411 2451 4448 semen
2475 4398 2586 4466 ejus
2600 4411 2830 4465 quwrens
2851 4415 3030 4468 panem
3049 4399 3075 4453 ?
3089 4398 3306 4456 Fallunt
3328 4417 3427 4457 nos
3440 4403 3754 4474 Scriptura},

2163 4485 2306 4540 dicat
2343 4484 2482 4556 apud
2521 4501 2612 4551 se;
2661 4497 2716 4542 et
2751 4488 3110 4545 dissolvantur
3149 4493 3331 4548 omnia
3369 4493 3484 4564 ejus
3511 4499 3752 4553 membra

2165 4578 2233 4632 ab
2263 4593 2426 4646 opere
2447 4578 2625 4644 bono;
2655 4580 2845 4650 quibus
2869 4582 3124 4636 membris
3149 4583 3492 4650 intrinsecus,
3511 4588 3654 4657 quod
3672 4600 3756 4645 est

2161 4671 2394 4742 gravius,
2426 4680 2480 4726 et
2512 4670 2566 4724 in
2588 4672 2843 4727 interiore
2866 4673 3079 4730 homine
3103 4676 3369 4743 resolutis,
3395 4679 3505 4748 jam
3527 4680 3756 4738 desistat

2162 4762 2230 4815 ab
2260 4777 2422 4832 opere
2460 4761 2600 4817 bono
2627 4803 2642 4827 ,
2673 4771 2728 4818 et
2757 4763 2898 4817 dicat
2924 4765 3025 4820 sibi
3067 4784 3082 4821 :
3127 4766 3321 4837 thuid
3348 4770 3486 4826 bene
3509 4776 3751 4841 operor?

2163 4856 2359 4925 thuid
2392 4872 2580 4925 panem
2611 4872 2786 4910 meum
2817 4856 3000 4926 frango
3038 4861 3314 4926 esurienti,
3342 4872 3396 4917 et
3432 4862 3630 4920 nudum
3661 4883 3753 4922 ve-

2161 4953 2284 5012 stio,
2317 4961 2370 5004 et
2399 4952 2515 5007 sine
2543 4961 2680 5007 tecto
2708 4953 2901 5008 induco
2930 4954 2982 5007 in
3008 4955 3227 5010 domum
3251 4974 3446 5026 meam,
3469 4963 3752 5018 attendens

2159 5044 2225 5098 ad
2260 5044 2309 5097 id
2338 5044 2476 5113 quod
2506 5045 2762 5114 scriptum
2791 5053 2904 5108 est,
2940 5045 3220 5119 Nunquam
3245 5050 3348 5103 vidi
3364 5052 3563 5120 justum
3602 5055 3750 5109 dere-

2164 5135 2355 5199 lictum,
2388 5151 2477 5187 nec
2515 5152 2680 5188 semen
2720 5137 2830 5205 ejus
2858 5153 3089 5206 qurerens
3133 5156 3312 5206 panem
3344 5157 3364 5195 :
3391 5157 3512 5196 cum
3542 5144 3751 5200 videam

2164 5235 2239 5279 tot
2270 5225 2512 5279 homines
2544 5227 2682 5281 bene
2715 5227 2974 5294 viventes,
2997 5229 3311 5300 plerumque
3335 5233 3468 5288 fame
3497 5235 3750 5289 laborau-

2161 5318 2272 5370 tcs?
2301 5317 2404 5369 Sed
2455 5317 2501 5370 si
2549 5317 2680 5370 forte
2709 5331 2831 5371 erro
2873 5333 3010 5386 ego,
3045 5329 3100 5372 ut
3139 5328 3244 5373 tam
3297 5323 3440 5376 illum
3480 5326 3568 5392 qui
3615 5327 3751 5381 bene

2159 5411 2287 5463 vivit
2308 5426 2463 5478 quam
2501 5410 2646 5463 illum
2670 5411 2758 5480 qui
2790 5412 2925 5465 male
2955 5413 3123 5478 vivit,
3154 5425 3331 5482 putem
3365 5418 3500 5472 bene
3533 5418 3713 5475 vivere

2155 5511 2210 5556 ct
2239 5504 2390 5556 aliter
2421 5503 2565 5556 illum
2603 5505 2747 5556 novit
2778 5504 2935 5567 Deus,
2965 5505 3012 5558 id
3041 5519 3122 5559 est
3147 5507 3382 5577 iniquum
3413 5523 3554 5574 esse,
3589 5527 3745 5581 quem

2156 5612 2254 5663 ego
2291 5595 2491 5663 justum
2525 5606 2687 5664 puto;
2716 5596 2840 5665 quid
2885 5598 3016 5650 facio
3046 5600 3111 5653 de
3143 5600 3405 5654 Abraham
3433 5644 3449 5666 ,
3478 5619 3637 5671 quem
3665 5608 3748 5672 ju—

2156 5696 2294 5739 stum
2330 5689 2439 5754 ipsa
2472 5686 2744 5754 Scriptura
2794 5690 3171 5744 rmnmendat?
3199 5691 3335 5759 Quid
3369 5692 3502 5747 facio
3531 5696 3598 5748 de
3633 5698 3752 5765 ipso

2155 5782 2397 5844 apostolo
2426 5778 2604 5843 Patdo,
2633 5779 2719 5847 qui
2753 5780 2886 5834 dicit
2911 5797 2924 5832 :
2954 5779 3247 5837 lmitatores
3279 5784 3376 5837 mei
3401 5796 3591 5850 estote,
3620 5787 3678 5841 δὶα
3697 5797 3742 5839 ut

2159 5881 2204 5922 et
2234 5887 2323 5941 ego
2364 5871 2549 5925 Clu-isti
2579 5871 2637 5940 (Ι
2664 5870 2780 5926 Cor.
2817 5889 2888 5944 Iv,
2925 5873 2984 5930 l6
3005 5869 3072 5943 )?
3121 5877 3202 5930 Au
3233 5887 3287 5931 ut
3328 5879 3485 5932 etiam
3514 5894 3616 5950 ego
3645 5882 3740 5934 sint
