3978 6370
202 475 251 528 in
280 475 433 528 malis
458 473 633 542 qualia
663 471 750 525 ille
777 468 992 540 pertulit
1016 511 1031 535 ,
1058 472 1110 522 in
1131 472 1265 538 fame
1290 479 1336 522 et
1361 468 1445 522 siti
1470 508 1485 533 ,
1516 469 1567 520 in
1595 466 1787 537 [rigore

203 575 247 613 et
273 563 499 614 nuditate
521 563 546 613 .’

267 653 317 705 5.
341 652 415 706 tta
435 652 774 721 cogitantem.
795 660 868 712 et,
888 659 945 703 ιιι
960 649 1094 712 dixi,
1113 648 1382 702 dissolutis
1404 646 1786 701 membrisom-

200 741 354 798 nibus
380 742 722 796 interioribus
735 756 765 794 a
785 740 1032 794 facultate
1054 740 1233 807 operis
1249 738 1394 804 boni,
1412 752 1781 807 possumusne,

197 833 408 895 fratres,
430 842 678 902 tanquam
695 831 1041 902 paralyticum
1057 831 1262 892 tollere,
1283 837 1335 880 et
1357 829 1564 896 aperire
1586 837 1780 880 tectura

195 925 488 993 Scriptum:
522 924 676 993 hujus
705 964 719 986 ,
752 933 806 977 et
853 938 974 976 eum
1019 921 1332 974 submittere
1358 918 1422 970 ad
1456 919 1732 970 Dominum
1759 919 1783 971 ?

197 1019 399 1074 \‘idetis
423 1019 565 1072 enim
612 1019 730 1088 quia
758 1017 1043 1071 obscurmu
1070 1024 1170 1068 est.
1213 1013 1381 1066 Porro
1410 1013 1453 1064 si
1495 1012 1780 1065 obscurum

189 1121 288 1174 est,
325 1118 521 1162 tectum
554 1118 632 1162 est
665 1125 677 1159 :
711 1117 764 1162 et
792 1106 1136 1176 paralyticum
1187 1105 1366 1156 animo
1393 1101 1673 1171 quemdam
1702 1102 1781 1154 iu-

191 1215 363 1256 tueor.
417 1202 484 1256 Et
528 1201 630 1256 hoc
677 1209 872 1254 tectum
907 1198 1058 1251 video
1088 1240 1102 1262 ,
1134 1205 1186 1250 et
1209 1196 1308 1250 sub
1333 1195 1434 1249 hoc
1464 1205 1602 1248 tecto
1626 1193 1779 1248 Chri-

190 1308 326 1349 stum
358 1298 526 1350 latere
549 1309 798 1364 agnosco.
827 1291 1062 1351 Faciam,
1090 1297 1346 1359 quantum
1379 1302 1616 1355 possum,
1637 1286 1779 1354 quod

188 1388 457 1441 laudatum
481 1396 565 1441 est
593 1388 645 1440 in
669 1386 770 1439 illis
796 1385 884 1454 qui
911 1389 1096 1451 aperto
1125 1390 1263 1434 tecto
1297 1378 1361 1431 ad
1384 1377 1652 1431 Christum
1682 1391 1776 1444 pa-

187 1480 468 1550 ralyticum
535 1477 938 1538 submiserunt,
991 1483 1046 1526 ut
1093 1474 1297 1527 diceret
1345 1471 1418 1525 illi
1467 1489 1480 1522 :
1529 1469 1776 1523 Constans

183 1581 308 1637 esto,
340 1572 437 1639 ﬁli,
464 1573 672 1625 remissa
701 1581 817 1623 sunt
844 1570 976 1622 enim
1006 1552 1103 1620 tibi.
1123 1577 1327 1631 peccata
1364 1574 1469 1617 tua.
1515 1565 1604 1618 Sic
1630 1565 1772 1617 enim

185 1666 307 1718 fecit
352 1663 661 1718 interiorem
690 1661 960 1716 hominem
992 1660 1194 1714 salvum
1224 1673 1254 1710 a
1287 1655 1553 1726 paralysi,
1588 1655 1773 1708 remil-

184 1755 344 1809 tendo
391 1765 644 1824 peccata,
679 1763 734 1807 et
785 1748 1201 1816 constringendo
1252 1746 1433 1800 ﬁdem.
1469 1745 1576 1799 Sed
1620 1754 1775 1799 erant

181 1848 246 1899 ibi
276 1846 526 1899 homines
551 1886 566 1908 ,
600 1845 687 1914 qui
731 1860 834 1896 non
865 1841 1133 1895 habebant
1159 1838 1342 1894 oculos
1390 1837 1456 1890 ad
1487 1836 1770 1891 videndum

181 1937 486 1990 interiorem
514 1933 862 2004 paralyticum
885 1931 995 2001 jam
1019 1945 1144 1991 esse
1192 1938 1438 1982 sanatum
1466 1969 1480 1988 ,
1512 1937 1566 1981 et
1595 1926 1769 1981 medi-

177 2045 297 2080 cum
338 2036 618 2081 curantem
666 2031 984 2096 putaverunt
1032 2019 1512 2089 blasphemautem.
1543 2017 1671 2084 Quis
1700 2028 1771 2072 est

177 2122 277 2184 hic,
313 2121 597 2190 inquiunt,
638 2120 724 2188 qui
763 2127 971 2186 peccata
1012 2114 1266 2168 dimittit?
1291 2112 1620 2181 Blaspltemat
1655 2113 1767 2166 iste.

177 2215 306 2277 Quis
332 2225 496 2280 potest
524 2214 776 2265 dimittere
802 2219 1027 2280 peccata,
1061 2209 1160 2261 nisi
1178 2209 1317 2261 solus
1349 2206 1530 2260 Deus?
1559 2206 1627 2260 Et
1647 2206 1767 2275 quia

175 2305 261 2358 i'le
306 2315 423 2359 erat
477 2306 653 2366 Dens,
701 2304 824 2357 talia
873 2302 1173 2370 cogitantes
1216 2297 1466 2352 audiebat
1495 2300 1512 2366 (
1539 2296 1667 2351 Luc.
1697 2313 1764 2362 ν,

174 2396 239 2449 l8
267 2395 342 2448 2").
363 2395 405 2465 ).
443 2395 552 2448 Hoc
593 2410 774 2447 verum
808 2393 823 2423 ί
863 2392 930 2445 de
959 2391 1067 2443 Deo
1097 2389 1401 2456 cogitabant
1428 2429 1442 2452 ,
1474 2388 1568 2441 sed
1601 2388 1764 2441 Deum

176 2499 498 2552 praesentem
529 2501 633 2537 non
664 2484 931 2536 videbant.
957 2479 1106 2534 Fecit
1126 2494 1256 2548 ergo
1284 2479 1372 2532 ille
1399 2479 1638 2533 medicus
1664 2479 1761 2531 ali-

167 2576 295 2640 quid
327 2586 383 2630 et
414 2579 464 2628 in
495 2589 721 2642 corpore
752 2571 1025 2643 paralytici
1047 2612 1062 2634 ,
1098 2580 1153 2622 ut
1191 2578 1247 2622 et
1276 2569 1485 2622 illorum
1521 2570 1607 2638 qui
1642 2570 1762 2622 talia

167 2669 456 2731 dixerunt,
509 2666 816 2720 interiorem
864 2661 1149 2731 paralysim
1181 2669 1415 2713 sanaret.
1449 2659 1592 2713 Fecit
1620 2661 1761 2714 enim

161 2762 305 2831 quod
363 2759 608 2814 viderent
636 2801 650 2820 ,
681 2768 734 2812 et
780 2756 930 2810 dedit
972 2753 1118 2824 quod
1169 2753 1472 2807 crederent.
1518 2753 1608 2806 Eia
1635 2769 1762 2821 ergo

161 2854 409 2922 quisquis
438 2868 496 2902 es
525 2859 631 2904 tam
662 2849 902 2901 inﬁrmus
930 2855 984 2900 et
1014 2846 1272 2915 languens
1298 2846 1480 2904 corde.
1507 2854 1562 2896 ut
1585 2853 1762 2898 attcn‘

158 2945 294 2997 deus
349 2942 576 2996 humana
607 2940 846 3008 exempla
873 2981 889 3004 ,
917 2938 1050 2991 velis
1088 2952 1117 2989 a
1151 2936 1302 2989 bonis
1331 2937 1583 3004 Operibus
1604 2937 1752 2994 desi-

157 3044 328 3097 stere,
359 3042 412 3087 et
438 3031 665 3101 paralysi
689 3029 914 3100 quadam
945 3027 1196 3080 interiore
1217 3025 1507 3078 dissolutus
1528 3041 1606 3088 es,
1633 3041 1753 3096 age,

154 3125 200 3177 si
249 3136 546 3194 possumus
573 3161 588 3187 ,
619 3131 808 3190 aperto
837 3119 940 3172 isto
972 3125 1111 3171 tecto
1140 3116 1455 3171 submittere
1479 3115 1546 3170 ad
1583 3116 1762 3170 Domi-

153 3231 308 3270 num.

226 3309 284 3362 4.
332 3305 597 3363 Dominus
645 3305 788 3357 enim
822 3302 936 3372 ipse
967 3302 1017 3354 in
1065 3315 1290 3369 corpore
1321 3314 1419 3352 suo
1441 3339 1456 3362 ,
1504 3298 1645 3368 quod
1678 3307 1761 3353 est

151 3402 427 3459 Ecclesia,
460 3399 642 3467 junior
686 3395 783 3450 fuit
809 3395 993 3464 primis
1025 3393 1381 3461 temporibus.
1423 3402 1475 3443 et
1503 3406 1628 3444 ecce
1649 3391 1757 3459 jam

149 3495 357 3546 senuit.
392 3491 592 3555 Nostis,
615 3498 668 3542 et
695 3487 1006 3558 agnoscitis,
1030 3495 1084 3538 et
1106 3485 1416 3554 intelligitis,
1440 3486 1562 3552 quia
1584 3483 1636 3536 in
1659 3483 1759 3537 hoc

149 3585 312 3654 positi
347 3583 518 3644 estis.
565 3591 618 3636 et
666 3581 736 3634 ita
791 3579 1096 3634 credidistis
1122 3621 1134 3642 ,
1166 3577 1288 3646 quia
1319 3585 1473 3644 caput
1518 3585 1758 3630 nostrum

146 3679 409 3731 Christus
435 3682 552 3738 est;
583 3688 779 3741 corpus
816 3671 1005 3741 capitis
1038 3670 1181 3723 illius
1210 3684 1306 3722 nos
1333 3683 1518 3722 sumus
1545 3669 1562 3736 (
1591 3665 1610 3719 l
1638 3664 1756 3720 Cor.

147 3785 239 3831 su,
270 3768 388 3828 27;
427 3765 615 3835 Ephes.
668 3779 741 3820 tv.
779 3763 906 3832 IS).
955 3761 1216 3829 Numquid
1263 3761 1358 3814 soli
1390 3776 1484 3812 nos
1508 3799 1520 3820 ,
1553 3768 1607 3812 et
1653 3773 1757 3811 non

145 3863 314 3914 etiam
351 3861 430 3913 illi
465 3859 554 3929 qui
595 3858 807 3911 fuerunt
847 3865 970 3908 ante
1001 3869 1097 3906 nos
1120 3855 1143 3905 ?
1169 3852 1366 3906 Omnes
1396 3852 1484 3919 qui
1515 3850 1583 3904 ab
1613 3849 1761 3903 initio

141 3951 334 4006 szeCuLi
370 3950 591 4002 fut-runt
628 3946 792 4016 justi,
836 3951 996 4012 caput
1041 3942 1307 3995 Christum
1344 3941 1559 3993 habent.
1609 3938 1756 3990 Illum

143 4043 294 4095 enim
326 4049 627 4094 venturum
668 4051 789 4091 esse
833 4034 1170 4089 crediderunt
1197 4074 1209 4094 ,
1243 4047 1400 4099 qui-tn
1431 4045 1527 4082 nos
1550 4029 1760 4082 venisse

135 4135 250 4201 jam
285 4131 608 4191 credimus;
644 4129 769 4180 etin
802 4128 917 4194 ejus
948 4125 1050 4177 ﬁde
1078 4131 1130 4175 et
1178 4123 1275 4191 ipsi
1309 4121 1476 4173 sanati
1506 4128 1630 4173 sunt
1658 4161 1672 4183 ,
1707 4119 1757 4172 iu

137 4225 302 4293 cujus
333 4234 394 4277 et
426 4236 526 4274 nos
558 4230 646 4273 :ut
670 4229 810 4272 esset
831 4227 879 4269 et
915 4217 1026 4283 ipse
1048 4215 1212 4267 totius
1241 4223 1398 4280 caput
1422 4211 1652 4264 civitatis
1673 4210 1762 4264 Je-

139 4319 392 4372 rusalem
426 4358 442 4378 ,
476 4315 727 4367 omnibus
774 4308 1172 4365 connumeratis
1219 4305 1462 4358 fidelibus
1507 4303 1576 4356 ab
1610 4304 1761 4359 initio

144 4425 324 4478 usque
356 4409 419 4461 in
453 4408 635 4466 finem,
659 4403 922 4472 adiunctis
951 4400 1108 4453 etiam
1155 4396 1451 4464 legionibus
1471 4405 1524 4448 et
1552 4396 1760 4448 exerci-

1257 357 1656 413 ENABRATIO
1695 356 1760 412 IN
1803 355 2125 412 PSALMUM
2167 355 2405 412 XXXVI.

3374 360 3481 421 386

1893 466 1993 518 vidi
2031 469 2228 537 justum
2281 468 2571 522 derelictum
2601 511 2614 533 ,
2648 487 2736 524 nec
2779 488 2945 527 semen
2985 475 3094 544 ejus
3128 493 3355 545 quwrens
3384 495 3477 548 pa-

1891 575 2024 610 nem.

1961 651 2016 704 5.
2057 652 2387 721 Agnovimus
2434 653 2702 708 hominem
2749 656 3014 726 juniorem
3070 669 3126 715 et
3164 676 3369 728 senem,
3420 674 3474 719 et

1891 750 2139 810 tanquam
2171 754 2360 811 aperto
2388 754 2527 798 tecto
2557 748 2896 814 pervenimus
2937 750 3004 803 ad
3035 753 3323 807 Christum.
3366 756 3472 810 Sed

1888 831 2005 899 quis
2031 833 2321 901 estjustus,
2337 835 2424 902 qui
2447 850 2554 889 non
2572 845 2655 889 est
2671 838 2813 892 visus
2831 839 3139 905 derelictus,
3162 859 3259 896 nec
3289 861 3474 899 semen

1885 921 2000 989 ejus
2051 940 2294 992 quarrens
2338 929 2571 996 panem?
2601 927 2655 983 Si
2688 931 2938 1001 intelligis
2968 948 3155 1001 panem
3178 975 3190 996 ε
3222 935 3476 1006 intelligis

1884 1012 2055 1066 illum.
2089 1015 2247 1070 Panis
2276 1028 2356 1071 est
2382 1021 2524 1072 enim
2547 1021 2768 1074 verbum
2800 1022 2914 1086 Dei,
2943 1025 3082 1093 quod
3114 1041 3383 1096 nunquam
3401 1030 3473 1082 ab

1883 1118 1977 1158 ore
1995 1105 2120 1173 justi
2146 1106 2389 1160 discedit.
2405 1108 2536 1162 Nam
2567 1118 2622 1164 et
2652 1111 2702 1164 in
2726 1114 2900 1182 capite
2918 1121 3208 1182 su-ojus-tus
3228 1122 3326 1172 iste
3354 1129 3471 1174 teu-

1884 1203 2043 1259 tatus,
2074 1196 2172 1251 hoc
2206 1201 2498 1269 reSjtondit.
2523 1201 2745 1268 Quando
2773 1204 2914 1258 enim
2961 1206 3058 1272 ipsi
3092 1209 3316 1262 Domino
3342 1224 3469 1264 esu-

1881 1287 2037 1340 rienti
2067 1297 2120 1342 et
2147 1289 2339 1344 famem
2383 1294 2600 1359 patienti
2640 1293 2886 1348 diabolus
2928 1296 3002 1349 ait
3035 1316 3048 1351 :
3081 1297 3177 1351 Dic
3213 1299 3470 1368 lapidibus

1879 1380 1989 1433 istis
2035 1390 2087 1433 ut
2124 1400 2278 1448 panes
2325 1385 2488 1452 ﬁant;
2544 1386 2820 1455 respondit
2873 1406 2887 1441 :
2943 1387 3065 1441 Non
3106 1391 3159 1441 in
3187 1391 3296 1444 solo
3336 1409 3470 1459 pane

1877 1471 1994 1523 vivit
2019 1471 2190 1534 homo,
2243 1474 2331 1528 sed
2376 1475 2428 1528 in
2479 1478 2616 1528 omni
2657 1477 2801 1530 rerbo
2833 1477 2925 1530 Dei
2953 1479 2968 1544 (
3002 1479 3282 1548 Matt/0.1V,
3315 1483 3465 1557 5,4).

1881 1564 2098 1631 Deinde,
2133 1566 2323 1621 fratres
2353 1569 2478 1631 mei,
2506 1569 2786 1632 attendite,
2820 1572 3030 1639 quando
3062 1587 3165 1625 non
3205 1572 3468 1644 faciatjua

1875 1663 1992 1708 stus
2018 1656 2340 1710 voluntatem
2371 1660 2484 1713 Dei.
2509 1658 2730 1727 Semper
2757 1663 2896 1715 enim
2922 1661 3065 1727 facit,
3089 1673 3142 1717 et
3169 1665 3461 1722 secundum

1875 1747 2200 1802 voluntatem
2231 1749 2346 1818 ejus
2373 1751 2782 1806 vivit.Voluntas
2810 1753 2903 1806 Dei
2931 1754 2996 1807 de
3021 1755 3185 1810 Corde
3211 1756 3327 1825 ejus
3352 1773 3461 1812 non

1876 1837 2078 1890 recedit
2119 1856 2133 1892 :
2160 1839 2281 1908 quia
2310 1840 2554 1894 voluntas
2577 1841 2668 1894 Dei
2695 1883 2707 1905 ,
2734 1843 2844 1910 ipsa
2874 1851 2957 1896 est
2984 1844 3066 1897 lex
3096 1845 3207 1899 Dei.
3243 1847 3310 1900 Et
3334 1849 3464 1917 quid

1874 1927 2072 1982 dictum
2101 1940 2184 1984 est
2212 1929 2278 1984 de
2309 1932 2437 1985 tali?
2465 1930 2530 1984 Et
2556 1932 2608 1985 in
2653 1932 2760 2002 tege
2783 1936 2891 2002 ejus
2920 1936 3236 1989 meditabitur
3278 1939 3362 1992 die
3401 1956 3463 1993 ac

1873 2029 2017 2072 nocte
2044 2021 2064 2092 (
2095 2020 2238 2074 Psat.
2263 2038 2299 2086 t,
2328 2021 2364 2075 2
2383 2023 2423 2092 ).
2456 2023 2650 2077 Panem
2681 2025 2837 2077 istum
2865 2026 3152 2081 manducas
3180 2043 3278 2081 uua
3309 2030 3458 2096 hora,

1873 2111 2207 2178 etdimittis;
2241 2129 2434 2183 putem
2463 2116 2606 2168 illum
2635 2117 2780 2169 verbi
2815 2116 2902 2171 die
2928 2133 2991 2171 ac
3041 2130 3215 2174 nocte.
3240 2123 3466 2187 Quando

1873 2203 2014 2256 enim
2041 2203 2216 2270 audis,
2245 2215 2337 2258 aut
2387 2206 2599 2276 quando
2650 2208 2818 2276 legis,
2867 2209 3198 2275 manducas;
3249 2213 3462 2281 quando

1872 2292 1996 2348 inde
2023 2295 2224 2364 cogitas
2254 2338 2269 2362 ,
2302 2297 2538 2351 ruminas
2562 2339 2578 2362 ,
2606 2307 2663 2352 ut
2687 2298 2760 2351 sis
2789 2300 2986 2353 animal
3028 2304 3282 2356 mundum
3303 2346 3316 2368 ,
3352 2319 3460 2360 non

1870 2385 2202 2440 immundum
2254 2389 2273 2456 (
2318 2388 2520 2442 Levit.t
2567 2389 2608 2458 ).
2653 2389 2802 2457 Quod
2857 2391 3121 2458 signiﬁcat
3158 2394 3317 2448 etiam
3367 2411 3459 2449 sa-

1872 2477 2065 2544 pientia
2099 2494 2193 2546 per
2239 2478 2579 2534 Salomonem
2615 2480 2798 2534 dicens
2828 2497 2841 2534 :
2877 2479 3163 2537 Tliesaurus
3196 2484 3459 2540 desidera-

1867 2567 1981 2621 bitis
2007 2567 2266 2638 requiescit
2290 2570 2342 2623 in
2383 2587 2471 2623 ore
2493 2570 2734 2641 sapientis
2760 2587 2778 2633 ,°
2802 2571 2878 2624 vir
2901 2582 3068 2626 autem
3096 2575 3279 2630 stultus
3302 2577 3454 2646 glutit

1866 2659 2014 2712 illum
2059 2661 2078 2730 (
2105 2659 2255 2714 Prov.
2293 2678 2385 2715 xxx
2405 2704 2420 2724 ,
2449 2660 2520 2716 20
2543 2661 2588 2734 ).
2637 2661 2738 2728 Qui
2792 2666 2934 2717 enim
2966 2665 3118 2734 glutit
3140 2707 3155 2732 ,
3185 2676 3243 2720 ut
3269 2684 3376 2722 non
3404 2671 3461 2725 in

1868 2751 1958 2805 illo
1984 2762 2236 2823 appareat
2282 2754 2423 2823 quod
2445 2753 2670 2821 voravit,
2700 2753 2898 2809 oblitus
2927 2764 3011 2810 est
3039 2757 3181 2826 quod
3225 2759 3453 2815 audivit.

1865 2840 1963 2906 Qui
1990 2855 2166 2895 autem
2197 2859 2303 2897 non
2335 2856 2415 2898 est
2440 2845 2659 2910 oblitus,
2691 2846 2883 2916 cogitat
2915 2887 2930 2910 ,
2962 2859 3015 2902 et
3059 2850 3343 2918 cogitando
3367 2867 3458 2904 rn-

1866 2932 2071 2998 minat,
2113 2934 2429 2987 ruminando
2475 2933 2788 3002 delectatur.
2835 2935 2987 2990 Unde
3036 2937 3275 2992 dicitur:
3307 2937 3457 3011 Cogi-

1864 3028 1986 3078 tatio
2013 3036 2187 3080 sancta
2211 3027 2425 3080 servabit
2451 3037 2499 3080 te
2529 3029 2547 3098 (
2581 3027 2736 3082 Prov.
2770 3043 2825 3094 II,
2860 3029 2919 3082 H
2946 3029 2985 3098 ).
3020 3030 3086 3084 Et
3110 3045 3235 3085 ecce
3258 3030 3304 3085 si
3333 3047 3452 3086 ser-

1865 3127 1952 3171 vat
1981 3127 2032 3172 tc
2062 3119 2115 3171 in
2155 3118 2511 3172 ruminatione
2550 3118 2700 3187 panis
2739 3118 2898 3189 hujus
2937 3131 3121 3175 sancta
3162 3121 3454 3192 cogitatio,

1863 3226 2119 3278 nunquam
2147 3209 2315 3264 vidisti
2331 3211 2531 3281 justum
2546 3209 2861 3278 derelictum,
2887 3227 2977 3264 nec
3001 3228 3169 3266 semen
3186 3213 3298 3284 ejus
3316 3229 3455 3284 qua:-

1864 3320 1980 3356 rens
1992 3319 2212 3371 panem.

1933 3394 1986 3450 6.
2030 3393 2179 3467 [vers.
2206 3391 2323 3466 26.]
2365 3393 2489 3447 Tota
2513 3395 2595 3447 die
2629 3397 2906 3460 miseretur,
2949 3405 2997 3449 et
3033 3395 3309 3463 feneratur.
3342 3396 3452 3453 Fe-

1863 3497 2068 3540 neratur
2096 3485 2309 3555 quidem
2343 3487 2505 3540 latine
2533 3485 2760 3550 dicitur,
2790 3497 2844 3541 et
2870 3488 2956 3556 qui
2989 3487 3077 3541 dat
3106 3497 3367 3554 mutuum,
3396 3497 3455 3544 et

1862 3579 1952 3648 qui
1997 3579 2188 3647 accipit
2231 3595 2245 3631 :
2289 3577 2495 3646 planius
2523 3576 2624 3630 hoc
2655 3588 2833 3631 autem
2873 3578 3084 3644 dicitur,
3129 3578 3174 3632 si
3213 3579 3454 3635 dicamus

1863 3672 2075 3739 fenerat.
2105 3669 2239 3736 Quid
2275 3671 2340 3722 ad
2386 3685 2484 3722 nos
2510 3668 2634 3738 quid
2666 3663 2994 3738 grammatici
3027 3669 3230 3723 Velim?
3267 3669 3454 3726 Melius

1864 3762 1915 3816 in
1959 3761 2288 3816 barbarismo
2315 3769 2500 3814 nostro
2530 3775 2624 3814 vos
2647 3760 2962 3829 intelligitis,
2997 3775 3153 3829 quam
3187 3763 3238 3814 in
3270 3770 3451 3815 nostra

1863 3853 2231 3909 disertitudine
2274 3869 2368 3907 vos
2406 3853 2604 3907 deserti
2633 3853 2800 3907 eritis.
2845 3853 2986 3923 Ergo
3021 3853 3197 3923 justus
3225 3855 3323 3908 iste
3351 3863 3454 3907 tota

1863 3948 1944 3998 die
1969 3946 2228 3998 miseretur
2251 3985 2265 4009 ,
2295 3954 2342 3998 et
2369 3946 2581 4014 fenerat.
2629 3942 2733 3998 Sed
2764 3958 2868 3997 non
2896 3943 3159 4014 gaudeant
3189 3947 3456 4000 fenerato-

1864 4053 1969 4092 res.
2003 4036 2301 4092 lnvenimus
2327 4036 2468 4090 enim
2495 4035 2777 4104 quemdam
2811 4036 3182 4096 feneratorem.
3213 4039 3349 4092 sicut
3370 4038 3456 4090 in-

1865 4129 2106 4182 venimus
2152 4126 2434 4197 quemdam
2485 4141 2673 4195 panem
2715 4145 2728 4178 :
2763 4137 2820 4179 ut
2849 4127 3046 4195 ubique
3089 4137 3275 4197 aperto
3314 4137 3456 4183 tecto

1866 4219 2237 4287 perveniamus
2266 4217 2330 4270 ad
2363 4215 2651 4270 Christum.
2685 4215 2821 4270 Nolo
2860 4216 2976 4269 sit‘s
3020 4215 3372 4282 feneratores,
3400 4227 3456 4272 et

1866 4309 1984 4363 ideo
2026 4308 2171 4374 nolo,
2198 4308 2320 4377 quia
2364 4307 2502 4360 Deus
2533 4322 2637 4360 non
2683 4308 2812 4360 vult.
2855 4305 2986 4361 Nam
3020 4306 3064 4359 si
3106 4322 3203 4377 ego
3229 4307 3375 4374 nolo,
3402 4316 3456 4362 et

1865 4404 2007 4458 Deus
2033 4403 2160 4465 vult,
2195 4402 2333 4472 agite
2356 4417 2371 4453 :
2401 4401 2444 4456 si
2466 4411 2642 4454 autem
2668 4401 2806 4454 Deus
2830 4415 2932 4453 non
2960 4400 3091 4463 vult,
3121 4400 3328 4454 etiamsi
3351 4414 3456 4469 ego

1864 4494 2079 4555 vellem,
2114 4492 2254 4546 malo
2297 4506 2394 4546 suo
2434 4499 2617 4559 ageret
2661 4491 2748 4559 qui
2795 4498 2994 4559 ageret.
3041 4489 3193 4544 Unde
3237 4499 3457 4561 apparet

138 4501 286 4555 tibus
303 4497 673 4566 Angelnrum,
689 4503 746 4546 ιιι
767 4497 855 4545 tiat
879 4492 963 4545 illa
980 4505 1080 4543 una
1099 4489 1286 4541 civitas
1301 4487 1399 4539 sub
1423 4500 1527 4538 uno
1548 4501 1691 4553 rege,
1708 4495 1762 4538 et

144 4611 247 4658 una
262 4589 534 4662 qua‘dam
549 4586 818 4657 provincia
842 4586 940 4637 sub
955 4598 1059 4635 uno
1081 4583 1421 4650 imperatore,
1439 4578 1558 4632 felix
1576 4578 1626 4630 in
1642 4593 1761 4645 pcr-

138 4696 300 4752 petua
327 4695 478 4752 pace
491 4687 548 4732 et
566 4677 758 4738 salute,
775 4675 996 4731 laudans
1013 4674 1176 4726 Deum
1199 4673 1314 4725 sine
1329 4670 1451 4729 ﬁne.
1470 4670 1620 4722 beata
1648 4669 1762 4722 sine

137 4782 267 4830 line.
289 4777 528 4842 Corpus
553 4780 727 4823 autem
741 4767 961 4832 Christi,
986 4766 1125 4834 quod
1142 4773 1222 4818 est
1239 4761 1702 4830 Ecclesia'(Cotoss.
1721 4775 1758 4824 ι,

138 4875 228 4932 ts,
255 4871 388 4938 3L),
432 4876 690 4932 tanquam
730 4877 867 4916 unus
895 4859 1108 4929 quidam
1137 4856 1299 4910 homo
1322 4897 1337 4920 ,
1393 4854 1563 4923 primo
1585 4853 1764 4919 junior

135 4965 258 5024 fuit,
291 4972 351 5014 et
381 4971 528 5013 ecce
553 4958 666 5023 jam
697 4954 747 5006 in
780 4953 884 5006 tine
915 4949 1094 5004 saeculi
1123 4956 1208 5002 est
1233 4948 1285 5000 in
1307 4954 1518 5000 senecta
1545 4943 1760 5013 pingui;

135 5055 406 5123 quoniam
444 5049 520 5102 de
560 5046 645 5099 illa
672 5045 872 5098 dictmn
901 5053 983 5097 est
1012 5061 1025 5092 :
1057 5041 1234 5093 Adhuc
1261 5037 1676 5107 multiplicabitur
1709 5037 1764 5088 in

135 5155 346 5199 senecta
399 5138 594 5211 pingui
625 5137 641 5202 (
674 5134 820 5190 Psat.
859 5150 967 5198 xei,
1004 5133 1073 5186 15
1101 5134 1140 5202 ).
1169 5129 1511 5197 Multiplicata
1563 5136 1645 5180 est
1669 5142 1766 5195 per

137 5252 338 5291 tttttncs
392 5240 597 5304 gentes
629 5269 644 5293 ,
677 5238 728 5282 et
785 5228 948 5296 ipsius
978 5242 1079 5279 vox
1135 5234 1215 5278 est
1259 5220 1588 5276 attendentis
1612 5220 1761 5293 quasi

138 5337 300 5389 imins
332 5327 592 5386 hominis
622 5327 843 5394 primam
883 5333 1092 5376 :etatem
1119 5335 1290 5380 suam.
1316 5328 1367 5372 et
1399 5318 1554 5370 istam
1582 5317 1761 5370 novis-

138 5432 334 5482 simam
371 5466 382 5476 .
418 5418 672 5487 respexit
696 5433 787 5485 per
812 5417 1015 5479 munia,
1043 5414 1164 5481 quia
1186 5427 1378 5465 omnes
1403 5421 1587 5463 anates
1614 5421 1766 5462 notas

141 5519 307 5572 habet
359 5529 472 5586 per
533 5508 872 5575 Scripturas;
903 5516 956 5558 et
985 5506 1058 5557 ait
1101 5502 1372 5558 exsultans
1399 5512 1452 5555 et
1493 5514 1717 5554 mouens
1751 5518 1762 5552 :

143 5607 330 5664 iunior
394 5608 508 5677 fus,
549 5598 734 5668 primis
766 5597 1091 5665 temporibus
1119 5594 1329 5654 szrculi;
1359 5602 1404 5644 et
1429 5608 1543 5646 ecce
1585 5592 1727 5645 senui
1751 5633 1763 5652 ,

139 5716 256 5757 sum
285 5702 465 5755 etiam
504 5688 816 5746 novissimis
849 5687 1174 5754 temporibus
1196 5685 1406 5750 seculi;
1435 5695 1481 5737 et
1511 5700 1767 5755 nunquam

1865 4586 2031 4642 Deum
2063 4587 2163 4640 hoc
2193 4585 2375 4639 nolle?
2405 4584 2610 4638 Dictum
2640 4591 2724 4638 est
2746 4582 2850 4635 alio
2879 4582 2997 4637 loco
3022 4599 3034 4636 :
3064 4581 3164 4646 Qui
3192 4585 3458 4654 pecuniam

1864 4695 2009 4731 suum
2034 4694 2131 4730 non
2157 4675 2293 4728 dedit
2314 4675 2381 4727 ad
2409 4690 2612 4728 usuram
2643 4671 2811 4742 (Ps-at.
2841 4689 2947 4737 xw,
2971 4671 3049 4744 5).
3084 4673 3151 4727 Et
3175 4690 3333 4744 quam
3359 4673 3457 4728 de-

1868 4771 2111 4826 testabile
2153 4773 2255 4834 sit,
2307 4783 2464 4840 quam
2513 4767 2780 4829 odiosum,
2829 4782 2986 4836 quam
3039 4766 3457 4830 exsecrandum,

1868 4875 1995 4935 puto
2020 4863 2140 4933 quia
2167 4873 2221 4916 et
2247 4861 2344 4931 ipsi
2376 4860 2701 4915 feneratores
2734 4866 3015 4912 noverunt.
3048 4857 3251 4912 Rursus
3276 4867 3458 4912 autem

1866 4972 1966 5026 ego
1989 4958 2122 5024 ipse,
2156 4955 2262 5007 imo
2291 4955 2428 5007 Deus
2457 4960 2658 5016 noster,
2686 4951 2775 5021 qui
2801 4959 2852 5005 te
2884 4950 3130 5018 prohibet
3154 4965 3272 5005 esse
3302 4951 3453 5006 fene-

1868 5058 2118 5108 ratorem,
2160 5044 2310 5114 jubet
2353 5053 2406 5098 te
2433 5058 2554 5097 esse
2584 5042 2974 5104 feneratorem;
3014 5050 3069 5095 et
3106 5041 3301 5095 dicitur
3338 5042 3459 5108 tibi,

1870 5139 2068 5195 Feuera
2095 5140 2218 5192 Deo.
2251 5137 2307 5191 Si
2334 5136 2544 5190 feneras
2569 5135 2790 5198 homini,
2824 5133 2991 5188 habes
3017 5149 3202 5203 spem;
3235 5143 3291 5188 et
3312 5134 3359 5188 si
3380 5134 3458 5189 fc-

1871 5247 2027 5287 ueras
2055 5233 2183 5295 Deo,
2213 5244 2361 5299 spem
2388 5244 2492 5282 non
2523 5226 2777 5281 habebis?
2801 5226 2856 5280 Si
2879 5226 3202 5280 fenerat-eris
3229 5225 3459 5294 homini,

1872 5324 1922 5378 id
1969 5332 2069 5387 est,
2113 5334 2350 5375 mutuam
2391 5320 2668 5390 pecuniam
2701 5329 2842 5370 tuam
2872 5317 3083 5372 dederis
3105 5360 3119 5381 ,
3153 5332 3202 5371 ra
3229 5332 3335 5387 quo
3363 5317 3448 5372 ali

1869 5415 1995 5485 quid
2027 5415 2143 5482 plus
2171 5428 2327 5482 quam
2357 5410 2548 5465 dedisti
2588 5419 2865 5476 exspectes
2895 5409 3174 5476 accipere;
3219 5423 3325 5462 non
3368 5423 3448 5476 po

1870 5506 2082 5561 euniam
2127 5504 2316 5566 solam,
2367 5501 2458 5556 sed
2503 5499 2701 5570 aliquid
2733 5501 2850 5569 plus
2879 5514 3036 5570 quam
3081 5499 3296 5565 dedisti,
3349 5501 3460 5556 sive

1872 5597 2000 5652 illud
2034 5594 2261 5650 triticum
2289 5595 2379 5660 sit,
2408 5594 2519 5647 sive
2547 5593 2746 5653 vinum,
2778 5592 2890 5646 sive
2919 5592 3114 5654 oleum,
3147 5592 3261 5646 sive
3288 5591 3457 5661 quod--

1874 5691 2002 5745 libet
2030 5688 2167 5741 aliud
2193 5703 2208 5752 ;
2243 5686 2285 5740 si
2327 5687 2442 5754 plus
2467 5701 2623 5754 quam
2650 5683 2847 5736 dedisti
2891 5695 3169 5752 exspectas
3195 5698 3440 5749 acetpcrc

200 5814 218 5846 ι
243 5813 318 5862 δίε
340 5825 356 5871 ι
380 5807 596 5865 urique
621 5806 733 5848 mss.
758 5807 810 5848 At
829 5797 960 5860 £dd.,
984 5798 1193 5848 verbum.
1874 5785 2142 5840 fcncr.:tor
2169 5797 2248 5846 es,
2275 5786 2331 5834 et
2357 5779 2410 5833 in
2441 5778 2542 5833 huc
2573 5774 2976 5847 improbandus,
3009 5789 3114 5828 non
3146 5772 3452 5830 laudandus.
