3978 6356
513 449 647 515 Quid
686 462 834 518 ergo,
866 447 1061 520 inquis.
1098 444 1257 511 facio,
1285 454 1344 498 ut
1368 444 1473 500 sim
1508 443 1706 499 utiliter
1734 445 1750 476 ⁸
1780 443 2048 499 fenerator
2066 443 2091 495 τ

512 538 745 593 Attende
784 535 909 605 quid
946 535 1071 591 facit
1098 535 1385 591 fenerator.
1416 533 1591 590 Minus
1617 532 1730 586 vult
1763 532 1894 589 dare
1925 543 2090 597 certe,

508 642 568 686 et
606 630 721 699 plus
760 629 1003 697 accipere
1034 644 1049 681 :
1078 627 1182 681 hoc
1209 625 1293 682 fac
1326 635 1381 680 et
1416 634 1503 690 tu;
1541 624 1608 679 da
1639 625 1875 689 modica,
1912 625 2093 693 accipe

509 736 721 790 magna.
766 717 898 774 Vide
929 734 1086 789 quam
1113 718 1219 772 late
1245 726 1451 771 crescat
1480 716 1632 770 fenus
1664 726 1829 769 tuum.
1863 716 1935 768 Da
1960 724 2093 770 tem-

510 809 734 879 poralia,
765 810 947 878 accipe
975 818 1172 862 aeterna
1196 824 1214 863 :
1242 806 1310 861 da
1336 815 1551 869 terram,
1583 807 1763 874 accipe
1782 806 1997 861 coelum.
2025 804 2093 860 Et

509 901 594 954 cui
638 899 798 965 dabo,
845 900 978 953 forte
1003 896 1176 952 dicis?
1213 896 1331 967 Ipse
1371 895 1625 951 Dominus
1669 898 1905 966 procedit
1931 912 2087 965 quem

513 994 739 1055 teneres,
774 990 863 1061 qui
895 990 987 1045 tibi
1011 989 1230 1061 iubebat
1258 1004 1326 1043 ne
1352 989 1641 1042 fenerares.
1683 987 1817 1041 Audi
1846 988 2088 1057 Scriptu-

512 1098 625 1136 ram
646 1124 661 1146 ,
694 1083 960 1152 quomodo
1001 1080 1213 1137 feneres
1242 1080 1521 1135 Dominum
1551 1097 1565 1133 :
1614 1079 1827 1133 Fenerat
1847 1120 1863 1145 ,
1897 1080 2085 1149 inquit,

508 1174 804 1238 Dominum,
827 1175 913 1244 qui
933 1175 1193 1229 miseretur
1221 1174 1458 1241 pauperis
1479 1170 1659 1242 (Prov.
1684 1188 1798 1235 XIX,
1833 1174 1944 1239 l7).
1971 1172 2083 1225 Non

506 1268 648 1320 enim
677 1276 797 1336 eget
833 1281 862 1318 a
904 1275 955 1320 te
985 1258 1259 1330 Dominus,
1302 1262 1395 1317 sed
1426 1262 1590 1317 habes
1628 1262 1790 1317 alium
1830 1263 1918 1331 qui
1957 1278 1986 1316 a
2034 1273 2085 1317 te

504 1367 659 1428 egeat
683 1377 698 1412 :
730 1358 802 1412 illi
829 1357 1073 1427 porrigis,
1097 1357 1186 1411 ille
1209 1355 1422 1424 accipit.
1453 1354 1569 1411 Non
1596 1356 1738 1409 enim
1768 1354 1931 1409 habet
1957 1370 2085 1425 pau-

506 1465 601 1517 per
623 1449 762 1519 quod
788 1449 881 1503 tibi
908 1450 1199 1504 retribuat:
1226 1456 1281 1501 et
1301 1456 1476 1501 tamen
1500 1447 1611 1515 ipse
1633 1448 1742 1500 vult
1763 1447 2079 1512 retribuere,

504 1551 559 1595 et
584 1556 688 1595 non
719 1541 919 1597 invenit
943 1541 1104 1610 quid;
1134 1541 1245 1595 sola
1287 1541 1339 1594 in
1368 1541 1458 1594 illo
1488 1549 1731 1596 remanet
1757 1539 2082 1594 benevolen-

505 1633 574 1685 tia
612 1632 799 1687 orandi
836 1647 933 1702 pro
980 1641 1053 1687 te.
1096 1631 1231 1687 Cum
1270 1642 1446 1687 autem
1492 1647 1692 1702 pauper
1723 1642 1843 1686 orat
1880 1649 1977 1703 pro
2006 1644 2078 1697 te,
2120 1694 2121 1697 η

506 1734 753 1793 tanquam
783 1724 890 1778 Deo
925 1723 1054 1778 dicit
1079 1740 1093 1776 :
1129 1723 1369 1789 Domine,
1396 1732 1634 1778 mutuum
1663 1723 1863 1793 accepi,
1892 1723 2083 1778 fidedic

505 1831 590 1869 me
617 1816 661 1867 ³.
692 1815 921 1870 Proinde
948 1825 1003 1870 et
1025 1816 1069 1869 si
1097 1830 1201 1869 non
1232 1824 1383 1869 tenes
1411 1830 1698 1884 pauperem
1730 1815 2077 1881 redditorem,

502 1909 598 1963 sed
636 1907 883 1973 idoneum
928 1892 1078 1963 lenes
1107 1907 1496 1976 lidejussorem.
1544 1908 1681 1963 Ecce
1727 1909 1864 1962 Deus
1891 1910 1985 1963 tibi
2012 1909 2079 1964 de

502 1996 773 2067 Scriptura
793 2013 893 2057 sua
913 1998 1039 2054 dicit
1070 1998 1190 2053 :Da
1215 2012 1455 2061 securus,
1475 2012 1574 2068 ego
1595 1998 1781 2053 reddo.
1803 1999 2079 2066 Quomodo

504 2090 677 2144 solent
707 2089 887 2145 dicere
916 2088 1290 2158 fideiussores?
1311 2089 1434 2158 quid
1467 2090 1649 2144 dicunt
1668 2089 1728 2142 '?
1754 2089 1865 2159 Ego
1887 2090 2074 2154 reddo,

501 2195 602 2245 ego
626 2180 848 2249 accipio,
880 2179 1009 2234 mihi
1036 2178 1153 2233 das.
1185 2179 1504 2233 Putamusne
1536 2178 1716 2234 ethoc
1745 2178 1873 2233 dicit
1900 2179 2077 2235 Deus:

507 2270 616 2337 ligo
635 2269 859 2338 accipio,
884 2268 1011 2323 mihi
1041 2269 1175 2323 das?
1220 2269 1380 2322 Plane
1407 2269 1451 2323 si
1480 2269 1618 2324 Deus
1642 2270 1903 2331 Christus,
1935 2271 2074 2340 quod

502 2378 606 2414 mm
636 2359 939 2427 dubitatur,
980 2361 1093 2427 ipse
1133 2346 1309 2414 dixit:
1343 2359 1574 2427 Esurivi,
1622 2370 1667 2413 et
1706 2361 1913 2414 dedistis
1952 2362 2079 2415 mihi

501 2450 821 2504 manducare.
864 2450 1076 2505 Etcum
1109 2450 1183 2504 illi
1210 2448 1480 2514 dicerent,
1515 2449 1732 2515 Quando
1775 2460 1822 2503 te
1864 2450 2078 2505 uidimus

500 2540 799 2594 esurientem
819 2540 846 2594 .’
870 2548 927 2594 ut
954 2540 1260 2595 ostenderet
1280 2555 1341 2597 se
1366 2555 1654 2610 pauperum
1684 2540 2073 2609 iidejussorem,

499 2628 736 2683 omnium
776 2630 1132 2684 membrorum
1177 2644 1393 2685 suorum
1436 2645 1785 2699 sponsorem;
1834 2631 1953 2701 quia
1986 2631 2077 2686 ille

499 2729 677 2788 caput,
720 2719 793 2773 illi
819 2720 1077 2786 membra,
1108 2729 1162 2775 ct
1184 2735 1304 2775 cum
1330 2721 1596 2791 accipiunt
1630 2722 1884 2786 membra,
1917 2733 2076 2793 caput

499 2810 691 2876 accipit
737 2826 752 2862 :
813 2809 939 2863 Cum
988 2810 1112 2870 uni.
1172 2810 1378 2877 inquit,
1431 2827 1494 2865 ea:
1548 2812 1626 2865 Itis
1684 2812 1903 2866 minimis
1953 2813 2075 2867 meis

499 2898 719 2968 frristis,
779 2899 903 2952 mihi
952 2900 1159 2970 fecistis.
1215 2899 1349 2964 Eia,
1399 2915 1569 2955 avare.
1600 2899 1901 2963 fenerator,
1954 2902 2076 2957 vide

497 2991 621 3059 quid
669 2990 884 3059 dedisti,
934 2991 1056 3046 vide
1097 2992 1222 3063 quid
1268 3002 1581 3062 accepturus
1617 2996 1709 3049 es!
1748 2994 1804 3049 Si
1834 2993 2075 3050 dedisses

499 3097 718 3151 paucam
749 3083 1049 3154 pecuniam,
1090 3094 1143 3138 et
1187 3085 1276 3138 ille
1296 3084 1388 3151 cui
1420 3083 1647 3139 dederas
1671 3100 1768 3155 pro
1794 3101 1954 3155 parva
1980 3101 2075 3154 pe-

495 3175 651 3227 cauia
682 3183 766 3226 tua
796 3173 946 3227 daret
971 3173 1065 3228 tibi
1095 3189 1336 3244 magnam
1358 3174 1556 3241 villam,
1589 3168 2077 3244 incomparabiliter

497 3264 721 3332 amplius
747 3264 1012 3320 valentem
1043 3280 1200 3335 quam
1226 3263 1452 3319 dederas
1487 3274 1541 3317 tu
1568 3266 1873 3334 pecuniam;
1901 3281 2073 3336 quan-

498 3365 577 3408 tas
622 3354 816 3425 gratias
867 3370 1073 3423 ageres,
1119 3364 1316 3425 quanta
1363 3356 1543 3408 laetitia
1587 3355 1881 3410 tollet-eris!
1933 3356 2071 3429 Audi

495 3462 651 3515 quam
680 3448 1071 3517 possessionem
1101 3448 1193 3502 det
1234 3463 1393 3517 quem
1424 3447 1674 3503 feuerasti
1708 3465 1721 3501 :
1764 3447 1958 3515 Venite,
1986 3451 2073 3504 be-

494 3539 677 3592 nedicti
728 3537 895 3593 Patris
935 3540 1052 3605 mei,
1101 3539 1355 3609 percipite.
1408 3538 1585 3605 Quid?
1630 3539 1770 3609 quod
1809 3533 2074 3594 dedistis?

495 3630 666 3684 Absit.
713 3628 947 3683 Terrena
995 3628 1233 3690 dedistis,
1281 3644 1398 3697 qua:
1436 3617 1496 3682 si
1534 3644 1638 3682 non
1684 3627 1986 3693 dedissetis,
2018 3628 2073 3683 in

499 3730 640 3773 terra
666 3729 1057 3789 putrescercnt.
1084 3718 1217 3785 Quid
1245 3719 1387 3773 enim
1417 3718 1539 3773 inde
1567 3717 1802 3774 facturus
1827 3733 1995 3785 esses,
2026 3721 2071 3775 si

497 3825 601 3864 non
647 3809 923 3864 dedisses?
960 3808 1112 3877 Quod
1143 3811 1431 3878 periturum
1457 3817 1571 3864 erat
1610 3810 1662 3863 in
1694 3817 1854 3875 terna,
1889 3825 2071 3865 serva-

497 3911 606 3966 tum
629 3911 713 3955 est
741 3901 793 3953 in
822 3899 981 3955 cmlo.
1016 3900 1154 3970 Ergo
1176 3899 1317 3970 quod
1344 3909 1612 3955 servatum
1639 3912 1720 3955 est
1742 3940 1760 3965 ,
1793 3900 1895 3955 hoc
1922 3916 2076 3957 acce-

498 3989 639 4059 pturi
668 4004 872 4045 sumus.
911 3990 1187 4044 Servatum
1214 4000 1299 4044 est
1327 3990 1573 4045 nteritum
1602 4007 1618 4044 :
1646 3990 1816 4045 factus
1844 4000 1929 4047 est
1958 3991 2074 4046 the-

495 4094 686 4135 saurus
724 4088 845 4134 tuus
870 4080 1115 4134 meritum
1149 4090 1317 4133 tuum.
1360 4080 1491 4135 Nam
1521 4080 1643 4136 vide
1667 4081 1795 4151 quid
1822 4082 1895 4135 sis
1921 4097 2075 4137 acce-

497 4181 684 4239 pturus
714 4191 729 4227 :
779 4168 1032 4239 Percipite
1058 4186 1297 4240 regnum,
1334 4170 1469 4239 quod
1492 4170 1627 4225 vobis
1654 4181 1891 4241 paratum
1915 4182 1988 4226 est
2010 4172 2073 4229 ab

494 4261 638 4314 initio
660 4259 857 4313 mundi.
880 4258 1097 4322 Contra,
1126 4260 1201 4313 illi
1231 4259 1321 4329 qui
1343 4259 1585 4315 fenerare
1612 4263 1916 4326 noluerunt,
1943 4262 2071 4333 quid

496 4349 745 4413 audient?
774 4347 853 4403 Ite
876 4350 929 4402 in
955 4350 1118 4420 ignem
1142 4360 1405 4414 cateruam,
1437 4350 1523 4420 qui
1550 4360 1757 4420 paratus
1778 4359 1849 4404 est
1874 4351 2072 4405 diabolo

495 4452 542 4494 et
565 4442 757 4513 angelis
782 4442 910 4511 ejus.
959 4440 1029 4495 Et
1055 4440 1180 4510 quid
1207 4450 1426 4494 vocatur
1465 4457 1684 4511 regnum
1716 4441 1857 4512 quod
1881 4443 2075 4511 accipi-

497 4535 652 4589 mus?
673 4534 949 4589 Attendite
973 4537 1247 4604 sequentia
1282 4552 1295 4586 :
1328 4533 1351 4587 1
1360 4535 1425 4588 sti
1447 4535 1588 4587 ibunt
1611 4535 1662 4587 in
1685 4534 2076 4589 combustionem

494 4639 751 4691 arternant,
805 4626 927 4691 iusti
950 4635 1118 4679 autem
1156 4626 1207 4679 in
1234 4626 1386 4679 vitam
1426 4637 1663 4679 (sternam
1704 4625 1914 4699 (Matth.
1942 4642 2072 4692 xxv,

497 4718 711 4783 519-36).
756 4716 838 4770 Ad
865 4716 967 4771 hoc
985 4716 1203 4781 ambite,
1238 4716 1337 4770 hoc
1362 4717 1545 4778 emite,
1577 4715 1642 4770 ad
1674 4716 1775 4769 hoc
1817 4715 2071 4772 fenerate.

500 4807 715 4862 Habetis
741 4806 1011 4861 Clu-istum
1038 4807 1091 4859 in
1134 4805 1271 4860 caelo
1294 4806 1568 4860 sedentem
1590 4847 1605 4870 ,
1638 4807 1690 4860 iu
1730 4814 1867 4861 terra
1892 4819 2078 4875 peten-

496 4912 623 4954 tem.
651 4899 952 4953 Invenimus
974 4898 1238 4965 quomodo
1267 4898 1469 4953 feneret
1491 4898 1687 4969 justus.
1721 4900 1846 4954 Tota
1875 4902 1955 4955 die
1983 4903 2075 4954 mi-

493 4999 701 5051 scrctur,
731 5000 776 5044 et
802 4992 1013 5059 fenerat.

567 5081 617 5134 7.
660 5079 727 5135 Et
752 5095 918 5133 semen
944 5081 1053 5149 ejus
1078 5079 1129 5131 in
1154 5080 1490 5134 benedictione
1508 5082 1620 5135 erit.
1649 5082 1715 5135 Et
1741 5083 1826 5137 ltic
1854 5098 1958 5137 non
1982 5098 2075 5136 oc-

493 5179 673 5225 currat
688 5170 925 5241 .carnalis
950 5170 1221 5239 cogitatio.
1247 5169 1500 5225 Videmus
1523 5172 1720 5226 multos
1745 5172 1881 5228 filios
1906 5173 2077 5242 justo-

495 5278 612 5325 rum
657 5260 795 5315 fame
843 5261 1176 5316 morientcs':
1221 5262 1491 5331 quomodo
1525 5279 1652 5333 ergo
1677 5282 1844 5319 scmcn
1879 5267 1987 5336 ejus
2024 5267 2078 5319 in

496 5353 838 5409 benedictione
861 5353 997 5407 m‘t?
1026 5352 1219 5408 Semen
1246 5355 1361 5424 ejus
1390 5355 1624 5425 reliquis:
1645 5357 1780 5425 ejus,
1815 5346 1954 5412 unde
1992 5356 2078 5413 hic

557 5491 573 5519 ι
600 5488 670 5534 sic
686 5494 791 5535 διεδ.
818 5482 1026 5547 Militis,
1053 5483 1199 5534 utilis.
1244 5545 1251 5547 ξ
1548 5540 1571 5547 ,.
1614 5540 1623 5547 .

557 5552 577 5580 '
601 5557 700 5598 bno
723 5554 849 5606 Mss...
868 5544 1201 5606 ﬁdejussorem
1219 5545 1281 5594 do
1296 5553 1358 5595 te.
1376 5554 1510 5603 tres,
1530 5544 1629 5603 [ide
1649 5560 1772 5604 mea,
1788 5552 1965 5599 omisso
1978 5552 2077 5601 dic.

475 5606 628 5658 .Corb.
646 5603 878 5681 gmw/ide
1019 5620 1094 5656 me
1117 5619 1136 5656 :
1159 5608 1353 5668 melius,
1378 5606 1559 5681 ﬁdedic
1580 5616 1674 5670 ,"ut
1696 5609 1837 5671 infra,
1860 5612 2077 5674 col.599,

493 5684 618 5719 eirea
643 5670 787 5718 tinem
823 5683 870 5716 ιι.
897 5668 994 5716 21.’

554 5732 575 5762 ³
598 5735 818 5797 Plerique
844 5738 966 5792 3155.,
994 5729 1184 5794 dictum.

1748 328 1807 387 8.
1840 326 2207 389 AUGUSTINI
2236 332 2543 395 EPISCOPI

2198 448 2443 513 seminat,
2482 459 2537 505 et
2564 458 2747 519 postea
2779 462 2961 508 metet.
3009 450 3250 525 Namque
3292 457 3582 526 Apostolus
3607 459 3776 515 dicit:

2196 536 2393 593 Bonum
2419 552 2586 594 autem
2620 542 2859 609 facientes
2882 561 2981 598 non
3022 545 3321 611 deﬁciamus
3343 563 3362 600 :
3400 558 3624 617 tempore
3648 550 3783 603 enim

2194 644 2287 683 sua
2311 640 2547 685 metemus
2566 632 2921 702 infatigabiles.
2951 632 3129 702 Itaque
3146 636 3267 688 dum
3290 646 3485 709 tempus
3511 639 3773 705 habemus,

2193 723 2285 787 ait,
2328 738 2594 793 operemur
2630 726 2811 778 bonum
2858 726 2927 777 ad
2955 742 3125 781 omnes
3155 725 3297 796 (Gul.
3329 744 3403 795 vt,
3431 728 3512 799 9).
3560 729 3671 785 Hoc
3696 743 3781 785 est

2193 828 2376 868 semen
2409 826 2576 879 tuum,
2600 818 2743 887 quod
2783 818 2886 871 erit
2911 818 2964 872 in
2992 818 3382 876 benedictione.
3407 822 3588 878 Terra:
3624 840 3779 879 com-

2195 907 2381 969 mittis,
2409 915 2464 961 et
2504 918 2652 961 tanto
2676 909 2905 976 amplius
2934 909 3140 979 colligis
3169 929 3183 963 :
3220 910 3435 966 Christo
3462 916 3775 980 committis,

2192 1004 2246 1048 et
2274 996 2488 1066 perdis?
2514 996 2646 1051 Vide
2684 998 2855 1066 ipsum
2894 1013 3073 1054 semen
3104 1000 3410 1069 expressius
3447 1004 3777 1057 nominatum

2191 1085 2258 1139 ab
2285 1086 2562 1154 Apostolo,
2601 1102 2720 1141 cum
2757 1087 2825 1142 de
2852 1087 3211 1162 eleemosynis
3238 1090 3462 1146 diceret.
3494 1092 3604 1146 Hoc
3629 1093 3775 1148 enim

2188 1178 2262 1231 ait
2289 1196 2303 1233 :
2332 1179 2427 1243 Qui
2455 1195 2604 1249 parce
2627 1180 2864 1245 seminat,
2903 1197 3060 1249 parce
3088 1191 3135 1234 et
3160 1192 3342 1249 metet;
3371 1194 3417 1236 et
3453 1185 3539 1253 qui
3563 1186 3778 1239 seminat

2186 1266 2242 1320 in
2284 1268 2722 1335 benedictionibus,
2761 1272 2825 1323 de
2852 1266 3277 1326 benedictionibus
3300 1282 3351 1325 et
3379 1284 3524 1327 metet
3547 1272 3614 1347 (ll
3649 1273 3773 1329 Cor.

2189 1372 2263 1421 Ix,
2294 1357 2375 1428 6).
2413 1359 2516 1413 Sed
2546 1360 2754 1413 laboras
2785 1360 2919 1415 forte
2940 1376 3062 1415 cum
3094 1363 3328 1416 seminas
3351 1403 3366 1427 ,
3393 1372 3446 1417 et
3475 1363 3627 1419 doles
3651 1380 3773 1421 cum

2186 1448 2473 1513 misereris,
2504 1452 2626 1518 quia
2653 1451 2879 1505 miseros
2905 1451 3073 1506 vides.
3104 1452 3292 1506 Melius
3314 1454 3456 1508 enim
3482 1456 3772 1525 aliquando

2188 1555 2290 1593 non
2317 1539 2629 1595 habebimus
2656 1542 2848 1611 quibus
2872 1543 2972 1596 ista
2998 1542 3205 1598 demus.
3233 1544 3368 1598 Cum
3396 1539 3591 1601 omnes
3610 1548 3662 1600 in
3683 1547 3771 1604 .in-

2183 1630 2579 1699 corruptionem
2600 1632 3090 1696 commutabuntur,
3113 1633 3290 1688 nullus
3308 1635 3506 1691 esuriet
3527 1636 3613 1690 cui
3637 1652 3764 1706 por-

2184 1720 2325 1789 rigas
2351 1735 2562 1788 panem,
2593 1719 2770 1775 nullus
2793 1722 2939 1777 sitiet
2964 1723 3051 1776 cui
3076 1722 3174 1777 des
3200 1734 3405 1793 potum,
3459 1726 3638 1781 nullus
3670 1742 3772 1781 nu-

2183 1811 2282 1867 dus
2306 1814 2408 1867 erit
2428 1829 2582 1883 quem
2609 1814 2825 1879 vestias,
2864 1814 3043 1869 nullus
3073 1808 3381 1884 peregrinus
3409 1831 3571 1886 quem
3598 1817 3771 1872 susci-

2184 1904 2297 1973 pias
2325 1922 2339 1958 :
2372 1904 2456 1959 hic
2480 1913 2658 1958 autem
2682 1904 2821 1960 inter
2847 1918 3136 1969 (erumnas,
3161 1905 3500 1968 tentatioues.
3532 1906 3767 1971 dolores,

2182 1998 2431 2066 gemitus,
2464 1998 2724 2051 mittimus
2752 2011 2958 2051 semen.
3002 1997 3106 2052 Sed
3152 1998 3465 2067 respicead
3507 2000 3771 2067 psalmum

2182 2088 2344 2141 alium
2375 2104 2388 2142 :
2422 2085 2611 2140 Euntes
2648 2088 2807 2149 ibant,
2837 2098 2884 2139 et
2912 2087 3122 2156 ﬂebant,
3168 2091 3417 2151 mittentes
3442 2090 3635 2142 semina
3656 2106 3771 2145 sua.

2181 2177 2428 2238 Attende,
2455 2179 2577 2245 quia
2602 2193 2771 2231 semen
2798 2178 2907 2245 ejus
2936 2177 2987 2229 iu
3018 2177 3361 2233 benedictione
3383 2178 3476 2232 erit
3499 2193 3520 2232 :
3557 2177 3766 2233 Venien-

2183 2280 2254 2322 tes
2282 2278 2449 2321 autem
2473 2272 2665 2322 venient
2686 2285 2803 2322 cum
2821 2269 3173 2333 exsultatione,
3204 2278 3460 2338 portantes
3480 2271 3769 2340 manipulos

2178 2375 2298 2414 suos
2322 2357 2490 2428 (Psut.
2515 2374 2677 2425 cxxv,
2702 2358 2783 2427 6).
3452 2344 3455 2346 ’

2249 2450 2304 2505 8.
2345 2448 2493 2521 [νινε.
2522 2448 2639 2523 27.]
2680 2448 2819 2523 Vide.
2834 2464 2963 2521 ergo
2983 2450 3124 2521 quod
3150 2450 3409 2519 sequitur,
3435 2460 3489 2505 et
3519 2452 3625 2505 nuli
3651 2466 3774 2507 esse

2181 2540 2330 2609 piger
2358 2556 2373 2592 :
2408 2538 2618 2593 Declina
2643 2558 2675 2592 a
2700 2540 2857 2602 malo,
2886 2550 2931 2594 et
2957 2544 3042 2611 fac
3070 2539 3274 2595 bonum.
3316 2540 3432 2595 Noli
3461 2543 3553 2596 tibi
3583 2552 3773 2611 putare

2179 2629 2443 2693 sufficere,
2474 2628 2519 2683 si
2550 2644 2654 2682 non
2684 2629 2952 2699 exspolias
2981 2630 3254 2685 vestitum.
3285 2631 3400 2685 Non
3424 2633 3773 2702 exspoliaudo

2179 2721 2320 2774 enim
2341 2722 2587 2774 vestitum
2621 2762 2636 2785 ,
2660 2721 2936 2775 decliuasti
2963 2737 2995 2774 a
3024 2722 3166 2775 malo
3197 2739 3210 2775 :
3242 2721 3335 2776 sed
3366 2722 3474 2775 noli
3501 2738 3771 2790 arescere,

2179 2821 2232 2865 et
2255 2812 2450 2866 sterilis
2472 2827 2611 2867 esse.
2648 2812 2735 2867 Sic
2773 2813 2880 2866 noli
2918 2814 3216 2881 exspoliare
3258 2814 3538 2875 vestitum.
3580 2825 3637 2868 ut
3678 2831 3775 2870 ve-

2136 2910 2141 2917 '
2179 2903 2308 2957 stias
2327 2902 2525 2956 nudum
2548 2920 2564 2956 :
2599 2903 2698 2957 hoc
2713 2915 2795 2958 est
2819 2904 2961 2957 enim
2992 2903 3260 2957 declinare
3276 2920 3304 2955 a
3330 2904 3493 2969 malo,
3518 2914 3572 2958 et
3595 2904 3774 2961 facere

2180 2991 2397 3047 bonum.
2442 2993 2510 3047 Et
2537 2994 2661 3062 quid
2711 2992 2832 3048 inde
2863 2993 3092 3057 habebo,
3137 2994 3375 3060 dicturus
3399 2994 3499 3049 cs?
3524 2994 3643 3049 Jam
3677 2996 3770 3051 tibi

2177 3082 2570 3137 commendavit
2597 3083 2685 3137 ille
2711 3099 2870 3153 quem
2902 3082 3114 3136 feueras
3141 3123 3156 3144 ,
3186 3082 3313 3153 quid
3345 3068 3437 3136 tibi
3467 3082 3654 3137 dabit:
3684 3083 3766 3139 vi-

2179 3182 2284 3228 tam
2324 3182 2576 3228 atternam
2608 3174 2753 3227 dabit
2797 3172 2926 3237 tibi;
2959 3172 3024 3227 da
3072 3172 3145 3226 illi
3191 3188 3431 3249 securus.
3468 3171 3609 3228 Audi
3634 3184 3691 3228 et
3718 3174 3771 3229 id

2178 3264 2319 3334 quod
2344 3264 2584 3333 sequitur
2612 3280 2625 3317 :
2656 3262 2871 3316 Declina
2894 3280 2924 3314 a
2950 3264 3104 3326 malo,
3145 3272 3192 3316 et
3221 3262 3304 3331 [ac
3347 3263 3565 3328 bonum;
3608 3274 3655 3317 et
3691 3266 3775 3317 in-

2178 3357 2350 3409 Itabita
2375 3357 2428 3409 in
2454 3356 2642 3409 siccata
2678 3356 3002 3410 necatorum.
3046 3355 3110 3408 Et
3138 3355 3247 3409 noli
3276 3367 3464 3424 putare
3499 3371 3621 3409 cum
3651 3356 3768 3419 das,

2176 3447 2319 3518 quod
2370 3462 2529 3499 nemo
2578 3458 2628 3499 te
2683 3446 2890 3510 videat;
2933 3454 3025 3500 aut
3084 3445 3206 3515 quia
3261 3446 3460 3500 deserit
3509 3455 3561 3501 te
3608 3447 3769 3509 Deus.

2177 3536 2388 3603 quando
2418 3536 2555 3592 forte
2592 3536 2808 3590 dederis
2839 3534 3079 3604 pauperi,
3126 3544 3182 3589 et
3223 3536 3570 3589 censecutum
3612 3536 3773 3592 fuerit

2177 3628 2394 3697 aliquod
2438 3629 2713 3692 damnum,
2746 3640 2837 3681 aut
2879 3628 3056 3696 aliqua
3091 3628 3301 3681 tristitia
3332 3630 3409 3682 rei
3440 3629 3675 3689 amissae,
3716 3640 3774 3685 et

2177 3720 2324 3773 dicas
2381 3719 2469 3771 tibi
2519 3736 2533 3772 :
2586 3717 2723 3785 Quid
2768 3716 2965 3786 profuit
3008 3718 3141 3771 bona
3191 3731 3279 3773 me
3329 3717 3516 3796 fecisse
3566 3719 3773 3787 opera?

2178 3809 2315 3864 Puto
2374 3824 2480 3862 non
2549 3817 2691 3862 amat
2750 3809 2889 3861 Deus
2957 3807 3200 3862 homines
3258 3809 3346 3877 qui
3408 3807 3769 3864 benefaciunt.

2178 3901 2330 3956 Unde
2358 3902 2455 3954 ista
2486 3911 2657 3955 vestra
2689 3898 3160 3963 submurmuratio,
3195 3899 3336 3952 unde
3366 3899 3465 3953 iste
3490 3900 3769 3969 strepitus.

2179 3994 2282 4047 nisi
2327 3992 2450 4062 quia
2499 3990 2769 4046 abundant
2812 3991 2928 4043 ista:
2972 3991 3162 4054 voces?
3209 3988 3579 4059 Unusquisque
3608 3989 3772 4044 modo

2176 4083 2451 4153 cognoscit
2477 4081 2575 4136 has
2600 4095 2784 4146 voces,
2812 4088 2906 4134 aut
2932 4080 2982 4133 iu
3013 4094 3108 4133 ore
3135 4094 3254 4145 suo,
3292 4091 3382 4134 aut
3410 4080 3463 4134 in
3488 4095 3583 4135 ore
3609 4080 3797 4138 vicini.

2178 4176 2294 4240 sui,
2342 4185 2433 4233 aut
2473 4175 2525 4227 iu
2577 4187 2672 4227 ore
2723 4171 2881 4225 amici
2926 4170 3030 4225 sui.
3089 4170 3269 4224 Dcleat
3308 4170 3426 4222 illas
3472 4171 3649 4235 Deus,
3710 4180 3769 4225 ct

2179 4264 2436 4333 exstirpet
2452 4262 2632 4331 spinas
2657 4260 2724 4315 de
2746 4274 2874 4328 agro
2902 4259 3040 4313 suo":
3074 4259 3275 4327 plantet
3314 4256 3520 4327 frugem
3550 4258 3772 4326 bennam,

2177 4365 2233 4410 c't
2254 4354 2502 4410 arborem
2544 4351 2888 4407 fructiferam.
2921 4349 3057 4418 Quid
3083 4351 3227 4403 enim
3251 4351 3596 4403 coutristatus
3625 4363 3709 4412 es,
3737 4366 3772 4405 ο

2179 4448 2362 4512 homo,
2390 4446 2513 4516 quia
2540 4442 2731 4499 dedisti
2761 4442 3001 4512 pauperi.
3024 4450 3078 4497 et
3100 4442 3202 4495 alia
3231 4440 3545 4510 perdidisti?
3581 4440 3775 4497 Nonnd

2181 4539 2331 4593 vides
2347 4536 2471 4607 quia
2502 4534 2779 4605 perdidisti
2806 4533 2946 4605 quod
2972 4548 3074 4585 non
3098 4530 3332 4586 dedisti?
3357 4528 3533 4599 Quare
3556 4546 3662 4586 non
3686 4546 3778 4588 re-

2181 4631 2343 4702 spicis
2369 4628 2436 4682 ad
2464 4629 2629 4682 Deum
2663 4625 2850 4681 tuum?
2897 4624 2995 4680 Ubi
3025 4632 3114 4677 est
3146 4621 3278 4677 fides
3298 4623 3323 4675 Ἰ
3345 4637 3511 4691 quare
3538 4623 3617 4676 sic
3641 4623 3774 4677 dor-

2182 4723 2317 4776 mit?
2345 4720 2528 4775 Excita
2560 4719 2703 4772 illam
2735 4718 2786 4769 iu
2822 4715 2985 4770 corde
3013 4724 3124 4768 tuo.
3158 4713 3388 4768 Attende
3410 4713 3534 4783 quid
3564 4713 3661 4769 tibi
3686 4714 3773 4769 di-

2179 4814 2321 4869 xerit
2364 4813 2477 4881 ipse
2512 4811 2790 4873 Dominus,
2837 4807 3052 4877 quando
3082 4816 3135 4861 te
3161 4806 3227 4859 ad
3275 4805 3579 4875 huiusmodi
3605 4822 3772 4876 opera

2181 4907 2319 4959 bona
2347 4904 2732 4959 exhortabatur
2774 4920 2787 4953 :
2824 4900 2999 4953 Facite
3029 4900 3166 4953 vobis
3191 4898 3419 4952 maculas
3446 4915 3548 4952 non
3579 4910 3776 4955 cetera-

2182 5006 2396 5057 sccntes,
2429 4996 2716 5047 thesaurum
2741 5009 2840 5044 non
2861 4990 3174 5058 deficientem
3197 4990 3248 5042 in
3269 4987 3427 5053 oculis,
3449 5006 3546 5058 quo
3567 4995 3655 5059 fur
3669 5008 3773 5047 non

2181 5087 2373 5141 accedit
2400 5085 2547 5154 (Luc.
2577 5100 2671 5147 xu,
2695 5081 2805 5153 55).
2859 5082 2970 5135 lloc
2994 5095 3121 5150 ergo
3148 5093 3530 5144 commemora,
3559 5082 3772 5148 quamlc

2181 5178 2392 5250 plangis
2423 5178 2474 5230 in
2500 5175 2718 5229 damno.
2742 5170 2903 5239 éQuid
2947 5170 3125 5240 ploras
3152 5156 3312 5220 stulte
3342 5167 3491 5235 parvi
3525 5169 3541 5198 ¹
3571 5170 3771 5229 cordis,
3828 5200 3832 5207 ν

2183 5280 2276 5323 aut
2295 5284 2399 5322 non
2426 5268 2540 5320 sani
2571 5264 2779 5319 COI‘tiiS?
2806 5263 2980 5328 Quare
3022 5258 3315 5329 perdidisti,
3350 5258 3447 5311 nisi
3478 5259 3599 5325 quia
3643 5258 3773 5312 tuibi

2185 5376 2289 5413 non
2311 5355 2660 5412 commodasti
2682 5354 2749 5421 3?.
2765 5353 2940 5419 Quare
2970 5347 3282 5417 perdidisti?
3306 5346 3435 5413 Quis
3463 5348 3553 5401 tibi
3585 5349 3773 5403 κώδια-

2184 5453 2278 5505 lit?
2304 5446 2709 5518 Respondebis:
2741 5444 2869 5498 Fur.
2902 5442 3090 5495 Nonne.
3121 5441 3221 5492 hoc
3241 5449 3291 5491 te
3320 5451 3793 5505 prmmonueratn,’

2188 5532 2353 5596 ncibi
2382 5554 2607 5609 poucrcs
2628 5552 2733 5605 quo
2759 5536 2843 5587 fur
2872 5544 3050 5600 posset
3070 5529 3323 5584 accedere
3344 5527 3367 5579 ἲ
3391 5526 3443 5582 Si
3470 5543 3600 5596 ergo
3627 5529 3775 5583 dolet

2250 5677 2267 5708 ι
2294 5674 2368 5722 sic
2389 5678 2495 5725 Mss.
2524 5677 2572 5719 λι
2596 5666 2730 5722 Fdd.,
2752 5658 2909 5732 prati.
2990 5723 2999 5732 ι

2252 5740 2273 5770 ⁸
2296 5744 2488 5796 Septem
2512 5739 2634 5790 “$5.,
2662 5729 3019 5776 cmttttu‘ttdcsti.
