3978 6378
211 421 318 476 389

207 537 304 605 qui
336 535 592 605 perdidit,
628 537 729 588 hoc
751 535 947 595 doleat,
978 532 1098 602 quia
1129 537 1235 586 non‘
1261 533 1328 585 ibi
1354 533 1528 601 posuit
1554 531 1804 602 undepe-

211 628 324 679 rire
355 641 458 677 non
488 627 678 693 potuit.
1477 683 1484 692 ,

286 716 335 771 9.
383 715 532 788 [t-ers.
559 715 677 788 28.]
721 717 972 784 Quoniam
1017 715 1265 769 Dominus
1291 727 1424 767 autat
1455 715 1727 786 judicium,
1759 723 1805 768 el

209 824 316 862 non
338 809 643 876 derelinquet
675 821 873 864 sanctos
895 827 1032 864 suos.
1056 809 1277 874 Quando
1305 811 1577 878 patiuntur
1595 809 1804 864 labores

208 899 406 958 saneti,
440 901 604 954 nolite
636 910 824 969 putare
853 901 975 969 quia
1007 915 1111 953 non
1143 900 1340 967 judicat
1378 901 1536 963 Deus,
1568 910 1660 953 aut
1686 915 1805 968 per-

211 1003 370 1043 verse
391 989 612 1056 judicat.
644 991 742 1057 Qui
768 1000 818 1044 te
846 1001 1025 1045 monet
1051 993 1263 1058 injuste
1284 991 1510 1059 judiees,
1543 991 1654 1059 ipse
1682 1007 1803 1059 per-

209 1093 368 1132 verse
387 1078 719 1146 judicaturus
745 1082 869 1136 est?
897 1081 1044 1133 Amat
1067 1082 1154 1135 ille
1173 1081 1448 1150 judicium,
1473 1092 1518 1134 et
1542 1098 1643 1134 non
1663 1083 1806 1134 dere-

209 1168 406 1235 linquet
445 1180 644 1224 sanctos
677 1189 814 1225 suos.
857 1172 958 1226 Sed
991 1189 1096 1241 quo
1137 1173 1296 1225 modo
1335 1173 1403 1225 sit
1432 1173 1449 1204 ί
1495 1173 1801 1225 abscondita

209 1260 355 1326 apud
403 1260 551 1314 illum
581 1263 686 1315 vita
716 1273 1046 1325 sanctorum,
1079 1272 1134 1315 ut
1177 1263 1268 1333 qui
1295 1263 1453 1316 modo
1475 1264 1722 1317 laborant
1753 1265 1802 1316 in

213 1362 379 1415 terra,
429 1352 580 1418 quasi
617 1367 855 1421 tempore
904 1354 1095 1408 hiemis
1133 1356 1352 1409 arbores
1398 1369 1500 1407 non
1549 1354 1805 1408 habentes

209 1440 444 1496 fructum
473 1451 529 1497 et
573 1444 692 1498 folia
715 1485 729 1508 ,
773 1446 864 1500 illo
901 1456 1191 1513 apparente
1238 1454 1485 1514 tanquam
1518 1459 1656 1498 novo
1693 1445 1804 1498 sole

209 1540 426 1596 θιίθτιο,
455 1532 577 1586 illud
597 1535 738 1602 quod
769 1536 817 1589 in
846 1536 1022 1590 radice
1039 1537 1267 1602 vivebat,
1296 1537 1344 1589 in
1369 1533 1624 1588 fructibus
1641 1550 1805 1604 appa-

211 1631 349 1676 reat.
373 1623 524 1675 Amat
545 1639 673 1692 ergo
700 1625 786 1678 ille
793 1625 1071 1691 judicium,
1096 1634 1141 1678 ct
1159 1641 1257 1677 non
1281 1624 1586 1694 derelinquat
1607 1635 1805 1677 sanctos

209 1729 352 1765 suos.
374 1712 478 1766 Sed
508 1714 712 1769 laborat
737 1727 952 1768 sanctus
979 1716 1033 1768 in
1062 1717 1231 1772 fame?
1257 1716 1373 1769 Non
1397 1716 1541 1770 illum
1567 1716 1804 1770 derelin-

209 1815 344 1871 quet
367 1804 501 1857 Deus
525 1823 537 1857 :
565 1803 1016 1875 ﬂagellatomnem
1037 1807 1219 1872 lilium,
1239 1823 1394 1876 quem
1413 1807 1598 1876 recipit
1615 1809 1632 1874 (
1650 1805 1803 1860 Hebr.

212 1909 307 1956 su,
335 1894 410 1964 6).
437 1896 741 1950 Contemnis
763 1896 908 1950 illum
935 1897 1146 1966 quando
1162 1897 1476 1968 ﬂagellatur,
1497 1897 1806 1967 expavescis

211 1987 428 2053 quando
451 1987 667 2040 ditatur.
702 1987 850 2043 Unde
866 1990 1007 2044 enim
1028 1990 1356 2059 ﬂagellatur?
1378 1990 1650 2044 Pressaris
1673 1999 1806 2041 tem-

214 2079 505 2145 poralibus.
520 2080 742 2146 Quando
755 2081 1043 2135 dilabitur?
1058 2082 1280 2147 Quando
1297 2083 1494 2146 audiet,
1526 2079 1716 2136 Venite.
1733 2080 1808 2132 bc-

214 2171 402 2223 nedicti
424 2171 591 2225 Patris
612 2175 724 2238 mei,
747 2175 988 2243 percipite
1004 2192 1231 2244 regnum,
1254 2175 1390 2245 quod
1408 2175 1543 2227 vobis
1571 2185 1821 2242 paratum-

215 2273 287 2314 est
316 2264 379 2314 ab
408 2264 550 2318 initio
578 2266 771 2318 mundi.
816 2265 933 2320 Noli
965 2282 1091 2335 ergo
1122 2266 1266 2337 piger
1288 2281 1407 2321 esse
1434 2265 1684 2334 ﬂagellari
1706 2306 1722 2331 ,
1752 2275 1807 2318 ut

213 2354 290 2407 sis
315 2354 453 2407 inter
474 2370 566 2408 eos
587 2357 672 2424 qui
693 2365 966 2410 merentur
987 2358 1169 2425 recipi.
1193 2357 1371 2426 Usque
1398 2356 1531 2409 adeo
1554 2355 1642 2409 ille
1663 2364 1806 2409 amat

209 2447 493 2514 judicium,
520 2458 576 2500 ut
612 2465 716 2501 non
747 2449 1076 2518 derelinquat
1104 2451 1125 2482 ³
1152 2457 1386 2508 sanctos,
1418 2463 1550 2516 quos
1576 2447 1807 2517 ﬂagellat

213 2535 281 2589 ad
311 2548 539 2604 tempus.
565 2539 625 2592 Et
652 2539 902 2607 quoniam
935 2540 1164 2609 ﬂagellat
1188 2555 1400 2594 onlnem
1430 2538 1616 2602 tilium,
1648 2554 1804 2607 quem

215 2629 427 2698 recipit,
466 2645 564 2683 nec
606 2630 769 2686 Unico
797 2633 1059 2700 pepercit,
1087 2631 1138 2684 in
1170 2647 1274 2699 quo
1302 2631 1554 2685 delictum
1584 2643 1690 2682 non
1721 2629 1804 2681 in-

214 2722 379 2774 venit.
417 2721 666 2786 Quoniam
693 2723 939 2776 Dominus
962 2734 1097 2776 amat
1118 2724 1391 2793 judicium,
1438 2733 1485 2776 et
1524 2740 1623 2776 non
1660 2723 1802 2775 dere-

212 2814 404 2881 linquet
452 2823 652 2867 sanctos
684 2831 821 2867 suos.
853 2814 986 2880 Quia
1026 2830 1154 2884 ergo
1191 2829 1415 2869 noneos
1455 2815 1802 2882 derelinquct,

212 2900 354 2956 forte
384 2901 485 2956 hoc
509 2905 588 2956 eis
616 2903 759 2956 dabit
788 2904 929 2974 quod
959 2904 1044 2957 hic
1077 2921 1224 2957 amas
1251 2946 1266 2969 ,
1309 2904 1505 2958 multos
1531 2918 1702 2957 annos
1733 2903 1810 2955 vi-

212 3010 379 3059 \'t'rc,
412 2995 736 3049 senescere?
779 2995 892 3049 Non
937 2995 1168 3050 attendis
1212 2996 1335 3066 quia
1379 2996 1424 3049 si
1472 3004 1805 3048 senectutem

210 3093 368 3151 optas
393 3086 596 3150 venire,
627 3084 765 3140 hanc
793 3096 949 3155 optas
975 3086 1042 3140 de
1066 3103 1168 3156 qua
1199 3103 1321 3140 eum
1349 3087 1553 3140 venerit
1574 3101 1808 3155 conque-

212 3175 373 3228 raris.
403 3174 522 3228 Non
567 3175 659 3228 tibi
705 3191 833 3246 ergo
862 3176 1001 3230 dicat
1030 3177 1229 3240 anima,
1280 3176 1364 3230 vel
1410 3176 1565 3238 mala,
1609 3177 1692 3228 vel
1730 3177 1809 3228 in-

214 3267 386 3332 tirma,
418 3268 502 3319 vel
551 3267 763 3334 parvula
808 3285 822 3321 :
870 3268 1149 3332 Quomodo
1179 3284 1362 3322 verum
1411 3277 1512 3331 est,
1560 3267 1809 3323 Dominus

212 3368 351 3410 autat
370 3357 650 3425 judicium,
672 3369 719 3412 et
747 3376 849 3413 non
874 3361 1180 3430 derelinquet
1204 3372 1404 3416 sanctos
1425 3377 1540 3416 suos
1557 3361 1582 3415 ?
1602 3363 1808 3416 Revera

215 3466 320 3502 non
350 3447 640 3519 dereliquit
680 3458 789 3504 tres
821 3465 1014 3518 pueros
1054 3451 1103 3504 in
1131 3451 1341 3506 camino
1371 3451 1667 3516 laudantes,
1704 3468 1809 3506 non

214 3556 312 3596 eos
341 3543 520 3611 tetigit
548 3542 684 3610 ignis
721 3543 884 3612 (Dan.
927 3560 1006 3609 ιιι,
1045 3541 1137 3614 50)
1164 3561 1179 3599 τ
1211 3544 1468 3614 numquid
1495 3545 1664 3598 sancti
1694 3547 1809 3614 ejus

217 3633 505 3687 Machabaci
531 3649 634 3687 non
656 3643 829 3700 erant,
858 3635 944 3703 qui
974 3635 1026 3687 in
1058 3634 1266 3703 ignibus
1292 3633 1605 3688 defecerunt
1626 3649 1806 3700 carne,

218 3738 323 3776 non
356 3723 462 3777 ﬁde
492 3721 556 3794 (II
587 3721 764 3779 Much.
790 3739 881 3788 vn,
913 3724 1009 3794 7)?
1035 3723 1140 3780 Sed
1181 3723 1302 3790 hoc,
1331 3725 1529 3794 inquis,
1555 3725 1810 3793 majorem

217 3813 569 3881 quzcstionem
614 3813 796 3880 habet,
823 3814 945 3884 quia
972 3828 1091 3869 cum
1137 3814 1240 3870 [ide
1265 3815 1334 3869 illi
1366 3831 1467 3868 non
1496 3815 1807 3876 defecerint,

221 3905 312 3957 ille
337 3904 458 3958 illos
483 3902 844 3973 dereliquerit.
869 3905 1002 3959 Audi
1029 3903 1169 3975 quod
1200 3907 1471 3976 sequitur:
1494 3905 1556 3959 In
1573 3917 1811 3960 internum

217 3997 664 4051 :onseruabuntur.
686 3997 766 4052 Τιι
792 4013 987 4067 paucos
1011 4013 1182 4052 annos
1205 3999 1282 4053 eis
1311 3997 1553 4067 optabas,
1582 4011 1715 4067 quos
1735 3999 1814 4052 eis

221 4090 263 4140 si
305 4089 460 4142 daret
501 4088 778 4154 Dominus,
827 4105 931 4144 non
979 4089 1375 4158 derelinqueret
1413 4098 1625 4143 sanctos
1663 4103 1809 4143 suos.

224 4180 513 4235 Visibiliter
555 4196 664 4233 non
712 4181 994 4249 dereliquit
1033 4190 1141 4234 tres
1193 4195 1422 4249 pueros,
1464 4180 1669 4235 occulte
1708 4195 1813 4234 non

220 4271 511 4340 dereliquit
574 4270 904 4325 Maeliabteos
967 4289 979 4324 :
1045 4271 1152 4324 illis
1209 4272 1368 4324 etiam
1435 4270 1582 4326 dedit
1652 4272 1812 4324 vitam

223 4362 572 4429 temporalem
618 4361 683 4415 ad
725 4361 1126 4417 confundendos
1170 4363 1445 4428 infideles;
1481 4364 1598 4418 illos
1638 4374 1814 4418 autem

222 4453 430 4507 occulte
488 4452 760 4506 coronavit
802 4451 868 4506 ad
917 4451 1257 4522 iudicandam
1318 4453 1643 4521 impietatem
1697 4469 1818 4523 pcr-

222 4543 486 4597 secntoris
525 4559 539 4594 :
581 4558 680 4597 nec
746 4544 862 4598 illos
912 4553 1086 4598 tamen
1117 4585 1133 4609 ,
1179 4560 1276 4597 nec
1320 4544 1439 4598 illos
1496 4544 1812 4614 dereliquit,

223 4637 314 4704 qui
340 4652 442 4689 non
474 4635 780 4703 derelinquat
806 4647 1006 4690 sanctos
1035 4653 1174 4690 suos.
1199 4637 1267 4690 Et
1295 4636 1422 4691 nihil
1452 4653 1700 4706 magnum
1727 4652 1819 4692 ac-

223 4740 482 4799 ceperunt
508 4738 616 4782 tres
643 4729 812 4799 pueri,
849 4729 892 4783 si
926 4745 1030 4784 non
1059 4730 1112 4783 in
1142 4739 1401 4784 :eternum
1429 4743 1820 4793 conservaren-

225 4833 330 4876 tur.
362 4820 428 4874 In
458 4831 698 4874 aeternum
718 4822 1158 4876 conservabuntur.

301 4913 383 4966 IO.
430 4910 617 4980 lnjusti
640 4920 807 4963 autem
836 4911 1121 4980 punientur,
1152 4918 1200 4963 et
1215 4927 1380 4963 semen
1404 4910 1673 4980 impiorum
1700 4927 1816 4978 per-

225 5003 337 5055 ibit.
368 5000 649 5069 Quomodo
688 5015 869 5055 semen
913 5001 1050 5054 illius
1085 5001 1134 5054 in
1181 5001 1549 5054 benedictione
1576 5006 1709 5062 erit,
1741 5002 1819 5055 sic

227 5111 392 5148 semen
419 5094 688 5161 impiorum
710 5094 917 5162 peribit.
937 5091 1130 5148 Semen
1163 5093 1302 5146 enim
1327 5093 1628 5161 impiorum,
1658 5107 1816 5160 Opera

229 5188 534 5256 impiorum.
558 5185 688 5240 Nam
708 5185 1004 5239 invenimus
1027 5201 1238 5240 rursum
1263 5186 1426 5239 lilium
1452 5185 1594 5253 impii
1618 5185 1812 5239 ﬂorere

227 5282 276 5334 in
312 5279 544 5344 sa-eulo,
587 5288 641 5332 et
687 5275 972 5346 aliquando
1018 5277 1131 5330 ﬁeri
1164 5279 1384 5345 justum,
1430 5287 1484 5330 et
1529 5275 1722 5329 florere
1765 5275 1816 5329 in

225 5371 464 5426 tiliristo.
495 5369 630 5424 Vide
654 5384 783 5436 ergo
808 5369 1073 5437 quomodo
1103 5369 1349 5435 accipias,
1381 5378 1437 5420 ut
1465 5377 1659 5421 tectum
1691 5383 1816 5435 ape-

229 5465 353 5524 rias,
386 5473 440 5516 et
467 5461 532 5515 ad
561 5460 830 5515 Christum
864 5461 1139 5528 pervenias
1172 5476 1185 5510 :
1231 5459 1338 5512 noli
1368 5460 1672 5522 carnaliter,
1698 5474 1817 5511 nam

228 5552 534 5622 decipieris.
558 5551 661 5606 Sed
690 5565 872 5605 semen
905 5551 1208 5620 impiorum,
1238 5552 1412 5604 omnia
1436 5565 1593 5628 opera
1628 5551 1819 5618 impio-

233 5660 346 5697 ruln
400 5644 667 5712 peribunt,
726 5642 950 5695 fructum
998 5657 1100 5696 non
1141 5641 1407 5696 habebunt
1438 5659 1462 5695 :~
1508 5642 1572 5696 ad
1615 5654 1820 5710 tempus

296 5760 312 5788 ι
340 5759 410 5806 sic
435 5765 538 5806 Mss.
567 5762 621 5804 Αι
637 5753 769 5804 laid;
789 5753 877 5805 sed
900 5752 1137 5819 quomodo
1152 5751 1176 5805 1’
1191 5751 1267 5805 sic
1289 5752 1565 5804 abscondita
1585 5761 1654 5804 est
1669 5744 1845 5817 apudf

235 5827 437 5931 “ius.
459 5875 770 5939 derelinquit.

1318 415 1714 471 FNARRATIO
1755 414 1819 468 IN
1860 412 2183 468 PSALMUM
2223 410 2463 471 XXXVI.

2976 355 3004 375 Χ

3397 433 3502 487 590

1915 529 2056 581 enim
2085 529 2284 597 aliquid
2303 531 2510 594 valent;
2540 544 2720 600 postea
2746 547 3004 605 quaerent,
3032 550 3084 594 et
3106 557 3207 595 non
3228 543 3501 600 invenient

1912 619 2052 687 quod
2100 619 2301 687 operati
2351 630 2497 677 sunt.
2555 623 2686 675 Nam
2735 628 3064 693 perdentium
3107 634 3246 700 ψιηά
3293 639 3498 704 operati

1912 716 2056 776 sunt,
2105 725 2203 763 vox
2243 712 2347 765 erit
2375 711 2458 763 illa
2489 730 2502 765 :
2553 713 2686 777 Quid
2714 717 2853 768 nobis
2879 719 3066 786 profuit
3100 725 3356 792 superbia,
3407 739 3497 782 aut

1910 799 2032 868 quid
2071 799 2363 881 divitiarum
2417 803 2629 879 jactatio
2675 806 2883 858 contulit
2942 809 3124 863 nobis?
3173 811 3497 871 Transierunt

1912 893 2081 944 omnia
2109 893 2198 944 illa
2219 903 2454 962 tanquam
2482 897 2656 949 umbra
2677 897 2826 968 (Sap.
2859 915 2910 967 v,
2944 900 3022 972 8).
3054 902 3193 973 Ergo
3217 923 3382 961 semen
3402 911 3495 962 im-

1912 984 2110 1052 piorum
2137 984 2332 1051 peribit.
3439 987 3441 990 ⁴

1984 1077 2070 1129 II.
2115 1075 2262 1148 [vers.
2290 1076 2404 1150 29.]
2434 1077 2888 1136 Justi‘htereditate
2927 1087 3248 1153 possidebunt
3292 1099 3498 1146 terram.

1912 1165 2117 1219 Rursus
2143 1168 2362 1222 avaritia
2393 1183 2496 1223 non
2527 1170 2799 1240 subrepat,
2826 1189 2924 1228 nec
2949 1176 3038 1229 tibi
3059 1178 3283 1245 aliquam
3319 1181 3494 1235 villam

1912 1272 2153 1327 magna-n
2187 1250 2476 1326 promittat,
2520 1277 2587 1315 ne
2612 1263 2752 1332 quod
2791 1264 2876 1317 hic
2895 1265 3102 1333 juberis
3126 1280 3494 1338 contemnere,

1912 1349 1980 1400 ibi
2010 1363 2210 1416 speres.
2250 1348 2411 1404 Terra
2452 1360 2534 1405 est
2568 1353 2808 1421 qua‘dam
2848 1356 2953 1410 illa-
2977 1359 3240 1424 vivorum,
3273 1379 3493 1433 regnum

1910 1447 2234 1492 sanctorum.
2265 1439 2414 1494 Unde
2439 1441 2649 1506 dicitur,
2685 1444 2814 1512 Spes
2853 1463 2962 1499 mea
2988 1465 3040 1500 es
3077 1459 3152 1514 tu,
3198 1455 3363 1520 portio
3386 1472 3497 1509 mea

1909 1526 1962 1579 in
1991 1537 2120 1579 terra
2140 1529 2359 1582 vivorum
2388 1529 2556 1601 (Psal.
2587 1526 2726 1596 om,
2757 1535 2833 1604 6).
2865 1536 2994 1590 Nam
3023 1551 3076 1592 et
3101 1541 3144 1594 si
3174 1543 3278 1595 vita
3302 1553 3386 1597 tua
3407 1545 3496 1599 illa

1910 1630 2011 1679 est,
2059 1619 2291 1688 intelligo
2319 1621 2528 1689 qualem
2573 1631 2767 1678 terram
2812 1639 3125 1697 accepturus
3163 1632 3255 1684 sis.
3295 1632 3384 1686 Illa
3415 1645 3498 1690 est

1910 1714 2051 1760 terra
2091 1709 2378 1762 viventium
2411 1727 2424 1763 :
2475 1711 2587 1765 hcce
2615 1723 2697 1767 est
2724 1724 2899 1770 autem
2943 1726 3084 1772 terra
3131 1723 3493 1790 morientium,

1910 1807 2184 1866 receptura
2220 1790 2471 1854 mortuos
2512 1817 2646 1872 quos
2695 1806 2911 1860 nutrivit
2951 1807 3118 1863 vivos.
3154 1811 3334 1878 Qualis
3368 1829 3498 1884 ergo

1909 1886 1999 1940 illa
2043 1896 2203 1955 terra,
2245 1888 2365 1943 talis
2400 1899 2455 1944 et
2493 1891 2604 1960 ipsa
2636 1894 2779 1948 vita:
2825 1897 2868 1950 si
2903 1908 3101 1952 aeterna
3136 1903 3263 1962 vita,
3296 1912 3498 1959 eterna

1910 1985 2072 2032 terra.
2121 1979 2186 2034 Et
2212 1983 2477 2050 quomodo
2521 1993 2719 2038 :cterna
2760 1990 2940 2042 terra?
2972 1988 3037 2042 Et
3064 1993 3411 2049 inhabitabant
3443 1999 3497 2053 in

1909 2075 2149 2127 sarculum
2174 2076 2348 2129 sa'culi
2369 2094 2521 2146 super
2538 2096 2670 2135 eam.
2701 2082 2813 2134 Alia
2841 2098 2968 2152 ergo
2997 2093 3132 2139 terra
3167 2087 3266 2141 erit
3297 2089 3384 2142 ubi
3417 2091 3499 2145 in-

1911 2163 2264 2224 habitabimus
2304 2172 2356 2224 in
2384 2173 2633 2227 saeculum
2671 2177 2872 2230 surculi.
2912 2179 3039 2232 Nam
3071 2181 3138 2234 de
3171 2182 3263 2235 ista
3292 2183 3494 2241 dictum

1909 2265 1992 2311 est
2021 2275 2033 2308 :
2065 2257 2254 2312 Calain
2276 2270 2322 2314 et
2353 2271 2486 2315 terra
2516 2265 2797 2319 transibunt
2821 2266 3031 2337 (Matth.
3066 2287 3214 2338 XXIV,
3243 2275 3356 2342 55).

1983 2348 2068 2401 I2.
2111 2348 2255 2421 [vers
2290 2351 2501 2426 30-32.]
2553 2354 2624 2408 0s
2641 2357 2776 2426 justi
2803 2359 3123 2414 meditabitur
3173 2364 3491 2430 sapientiam.

1911 2438 2046 2493 Ecce
2081 2441 2171 2495 ille
2202 2451 2284 2495 est
2321 2445 2469 2511 panis
2501 2462 2514 2498 :
2543 2445 2718 2499 videte
2753 2464 2907 2514 quam
2946 2449 3173 2506 libenter
3211 2454 3496 2512 manducet
3549 2489 3557 2498 -

1903 2532 2078 2598 justus
2100 2535 2217 2597 iste,
2248 2537 2513 2605 quomodo
2541 2541 2782 2593 versetin
2810 2557 2903 2596 ore
2929 2558 3026 2596 suo
3056 2546 3389 2611 sapientiam.
3420 2547 3490 2603 Et

1910 2623 2082 2694 lingua
2128 2627 2235 2696 ejus
2270 2626 2500 2697 loquetur
2519 2629 2792 2698 judicium.
2840 2630 2945 2685 Lex
2982 2633 3076 2686 Dei
3109 2635 3220 2705 ejus
3252 2637 3304 2689 in
3343 2639 3496 2694 corde

1909 2713 2083 2781 ipsius.
2125 2713 2200 2770 Ne
2246 2715 2379 2770 forte
2429 2726 2642 2784 putares
2673 2735 2793 2772 eum
2844 2722 2895 2774 in
2923 2737 3018 2777 ore
3049 2723 3244 2780 habere
3269 2727 3408 2796 quod
3440 2729 3493 2784 iu

1909 2804 2068 2859 corde
2091 2822 2192 2858 non
2217 2806 2375 2861 habet
2399 2825 2412 2859 :
2441 2824 2506 2862 ne
2536 2808 2672 2864 forte
2701 2822 3039 2879 computares
3068 2830 3188 2869 eum
3218 2831 3338 2871 cum
3368 2818 3490 2884 illis,

1908 2895 1976 2949 de
2000 2896 2190 2965 quibus
2231 2897 2428 2951 dictum
2462 2910 2541 2953 est
2564 2941 2578 2963 ,
2614 2899 2842 2969 Populus
2869 2904 2950 2956 hic
2977 2904 3123 2959 labiis
3151 2923 3228 2959 me
3255 2907 3492 2974 honorat,

1910 3001 1997 3038 cor
2015 2995 2179 3038 autem
2206 3004 2378 3041 eorum
2402 2989 2632 3060 longcest
2650 3009 2680 3043 α
2699 3009 2777 3044 me
2804 2992 2852 3061 (1
2859 2995 2953 3046 sai.
2986 3011 3016 3048 ι
3029 3011 3139 3060 nx,
3163 2998 3253 3068 I5)
3274 3015 3287 3050 :
3310 2997 3375 3052 Et
3396 2999 3499 3054 lin-

1909 3093 2011 3147 gua
2027 3078 2136 3145 ejus
2157 3079 2388 3145 loquetur
2396 3081 2671 3148 judicium.
2700 3081 2806 3136 Lex
2825 3083 2923 3137 Dei
2940 3087 3048 3154 ejus
3068 3087 3119 3140 in
3141 3089 3290 3141 corde
3313 3091 3494 3159 ipsius.

1913 3167 1977 3220 Et
2015 3168 2137 3236 quid
2177 3169 2250 3222 illi
2289 3171 2552 3238 prodest?
2580 3171 2648 3224 Et
2678 3190 2776 3226 non
2806 3177 3266 3246 supplantabuntur
3292 3197 3497 3249 gressus

1912 3259 2036 3329 ejus.
2073 3259 2335 3314 Liberata
2365 3261 2554 3330 laqueo
2580 3263 2799 3318 verbum
2829 3265 2920 3319 Dei
2955 3267 3004 3319 in
3031 3269 3211 3333 corde.
3241 3271 3434 3326 liberat
3461 3289 3494 3329 a

1915 3350 1998 3404 via
2049 3367 2204 3419 prava
2264 3353 2481 3407 verbum
2534 3355 2624 3409 Dei
2669 3357 2721 3410 in
2758 3357 2940 3424 corde,
2987 3359 3175 3415 liberat
3213 3377 3240 3414 a
3273 3362 3448 3420 Iabina
3475 3367 3495 3399 ¹

1913 3442 2129 3494 verlmm
2162 3442 2253 3496 Dei
2284 3444 2332 3496 in
2362 3444 2543 3499 corde.
2582 3445 2781 3501 Tecum
2817 3459 2921 3512 est,
2964 3450 3115 3518 cujus
3139 3453 3359 3508 verbum
3386 3471 3414 3508 a
3444 3465 3498 3512 te

1915 3544 2017 3583 non
2049 3531 2269 3584 recedit.
2314 3533 2447 3598 Quid
2482 3545 2661 3590 autem
2708 3536 2832 3590 mali
2866 3540 3058 3607 patitur
3083 3558 3238 3611 quem
3265 3546 3499 3602 custodit

1917 3621 2093 3675 Deus?
2114 3621 2396 3678 Custodem
2429 3627 2581 3693 ponis
2609 3627 2660 3680 in
2686 3629 2856 3694 vinea,
2887 3640 2940 3684 et
2960 3643 3144 3686 contra
3177 3635 3318 3690 fures
3339 3653 3496 3692 secu—

1913 3727 2005 3765 rus
2024 3726 2083 3766 es
2107 3727 2122 3777 ;
2164 3722 2217 3767 et
2245 3724 2415 3782 potest
2444 3715 2677 3772 dormire
2702 3728 2880 3773 custos
2907 3721 3013 3786 ille,
3045 3735 3097 3777 et
3138 3726 3249 3793 ipse
3280 3728 3496 3796 cadere,

1915 3812 1970 3856 et
1999 3804 2165 3858 furem
2190 3805 2471 3861 admittere
2504 3825 2516 3860 :
2565 3824 2667 3862 non
2698 3822 2873 3865 autem
2913 3813 3127 3878 dormit,
3168 3835 3337 3888 neque
3374 3821 3501 3875 dur-

1917 3893 2140 3960 mitahit,
2200 3898 2290 3963 qui
2334 3897 2565 3953 custodit
2598 3898 2756 3954 Israel
2789 3901 2960 3969 (Psal.
2992 3920 3122 3969 cxx,
3165 3907 3244 3976 4).
3272 3909 3376 3964 Lex
3404 3909 3501 3966 Dei

1917 3985 2025 4054 ejus
2045 3987 2096 4038 in
2112 3986 2262 4040 corde
2281 3986 2438 4055 ipsius
2453 4005 2472 4041 :
2489 3999 2535 4042 et
2556 4007 2654 4042 non
2675 3993 3135 4060 supplantabuntur
3150 4015 3349 4065 gressus
3367 4004 3497 4070 ejus.

1920 4073 2071 4130 Vivat
2098 4093 2225 4147 ergo
2266 4093 2506 4146 secorus,
2555 4092 2610 4135 et
2635 4084 2772 4137 inter
2802 4086 2967 4140 malos
3001 4089 3143 4140 vivat
3179 4106 3417 4156 securus,
3447 4104 3502 4148 et

1918 4166 2056 4222 inter
2098 4169 2290 4236 impios
2340 4171 2482 4224 vivat
2525 4187 2762 4226 securus.
2820 4175 2954 4242 Quid
3008 4178 3148 4231 enim
3193 4181 3316 4234 mali
3355 4181 3502 4249 justo

1919 4269 2092 4329 potest
2119 4260 2309 4328 impius
2340 4273 2430 4315 aut
2460 4263 2683 4332 injustus
2713 4267 2918 4319 facere?
2954 4268 3090 4323 Ecce
3118 4271 3234 4325 vide
3261 4273 3384 4341 quid
3413 4288 3500 4327 se-

1918 4351 2132 4419 quitur:
2173 4351 2468 4406 L'onsiderat
2489 4367 2721 4423 pescator
2733 4357 2948 4423 justum,
2985 4369 3031 4411 et
3069 4361 3244 4430 quierit
3280 4364 3500 4431 morti/io

1883 4474 1886 4476 η
1918 4455 2036 4495 care
2063 4458 2192 4495 eum.
2245 4443 2380 4498 Dicit
2402 4444 2545 4498 enim
2571 4445 2711 4514 quod
2743 4447 2795 4499 in
2843 4447 2976 4501 libro
3013 4447 3295 4517 Sapientia:
3323 4451 3503 4508 dicere

1922 4532 2229 4600 praedictum
2260 4543 2342 4588 est
2373 4550 2385 4586 :
2432 4533 2611 4588 Gravis
2642 4545 2713 4588 est
2752 4536 2893 4589 nobis
2931 4538 3080 4590 etiam
3107 4539 3176 4591 ad
3211 4541 3498 4606 videndum,

1919 4627 2156 4693 quoniam
2198 4625 2454 4679 dissimilis
2487 4636 2560 4678 est
2602 4627 2716 4680 aliis
2759 4627 2860 4681 vita
2901 4629 3057 4696 ipsius
3106 4629 3260 4702 (Sap.
3293 4648 3348 4696 ιι,
3391 4634 3501 4704 I5).

1892 4717 2118 4782 Quaerit
2140 4732 2269 4786 ergo
2305 4716 2644 4771 mortiﬁcare.
2693 4719 2871 4785 Quid?
2916 4721 3169 4776 Dominus
3202 4724 3292 4793 qui
3326 4735 3506 4778 custo-

1921 4809 2018 4874 dit,
2062 4810 2150 4877 qui
2197 4825 2316 4862 cum
2345 4810 2434 4863 illo
2466 4811 2682 4874 habitat,
2733 4811 2820 4879 qui
2851 4810 2918 4865 de
2958 4827 3051 4865 ore
3089 4814 3276 4881 ipsius,
3322 4815 3411 4883 qui
3438 4815 3506 4871 de

1921 4899 2082 4954 corde
2109 4915 2212 4952 non
2247 4899 2466 4963 recedit,
2496 4900 2711 4954 dimittit
2738 4902 2906 4956 eum?
2951 4901 3050 4956 Ubi
3072 4914 3152 4957 est
3179 4905 3316 4972 qnod
3348 4922 3506 4975 supe-

1923 4989 2032 5042 rius
2059 4989 2256 5043 dictum
2279 5001 2378 5050 est,
2414 4989 2477 5042 Et
2498 5007 2598 5042 non
2626 4989 2930 5060 derelinquet
2953 5002 3153 5045 sanctos
3177 4995 3329 5046 suos?

1996 5080 2079 5132 l3.
2124 5077 2271 5148 [vers
2313 5076 2426 5150 35.]
2469 5079 2627 5147 Ergo.
2680 5078 2974 5133 Considerat
3026 5092 3257 5148 peccator
3281 5084 3503 5154 justum,

1923 5181 1970 5224 et
1993 5174 2170 5241 quierit
2197 5171 2502 5238 mortiﬁcare
2528 5187 2640 5223 cum
2665 5185 2682 5222 :
2709 5169 2954 5224 Dominus
2981 5182 3147 5223 autem
3171 5189 3268 5225 non
3291 5174 3506 5228 derelin-

1924 5274 2038 5331 quet
2065 5278 2175 5315 eum
2201 5262 2252 5314 in
2278 5262 2510 5314 manibus
2536 5262 2665 5330 ejus.
2698 5260 2873 5326 Quare
2901 5277 3029 5330 ergo
3056 5263 3336 5332 dereliquit
3365 5280 3509 5319 mar-

1927 5362 2069 5423 tyres
2117 5353 2167 5405 in
2219 5352 2462 5406 manibus
2516 5351 2847 5419 impiorum?
2908 5352 3080 5415 Quare
3133 5351 3373 5406 fecerunt
3405 5353 3509 5409 illis

1925 5459 2269 5514 qua-cumque
2314 5441 2641 5497 voluerunt?
2696 5443 2841 5496 Alios
2886 5443 3062 5511 gladio
3105 5429 3504 5512 percusserunt,

1926 5539 2057 5591 alios
2096 5538 2494 5600 cruciﬁxerunt,
2548 5536 2681 5588 alios
2715 5535 2899 5608 bestiis
2943 5535 3330 5602 tradiderunt',
3376 5537 3510 5592 alios

1991 5631 2006 5660 ί
2037 5615 2167 5682 εδδ..
2193 5641 2222 5674 a
2245 5625 2400 5688 lapsu.
2427 5633 2478 5674 At
2509 5625 2724 5674 melioris
2749 5633 2875 5688 nota:
2897 5633 3033 5683 Mss,
3051 5640 3082 5674 a
3111 5623 3268 5675 labina
3283 5640 3301 5685 ;
3325 5633 3375 5675 et
3404 5628 3512 5688 qui.

1925 5689 2053 5746 dam,
2078 5703 2107 5737 a
2137 5687 2306 5737 lznvina.
2339 5697 2447 5736 Haec
2467 5700 2560 5735 vox
2583 5689 2644 5735 ab
2673 5687 2850 5736 Isidoro
2883 5688 3175 5748 illustratur,
3196 5697 3249 5738 et
3277 5687 3513 5751 signiﬁcat

1928 5751 2164 5800 lubricum
2185 5751 2358 5798 locum.
2543 5782 2548 5788 .
3042 5759 3048 5765 θ

1967 5840 1969 5842 -
1993 5816 2011 5844 ι
2038 5815 2182 5862 ιἰιιιο.
2207 5811 2361 5859 codex
2379 5846 2394 5867 ,
2418 5809 2733 5859 subrea‘erunt
2769 5822 2786 5859 :
2819 5811 2888 5860 sic
2922 5811 3066 5861 etiam
3088 5809 3248 5861 Gallic.
3280 5816 3387 5862 lss.
3414 5817 3511 5862 uno

1933 5887 2140 5938 excepto
2159 5875 2238 5937 qui
2265 5873 2427 5933 habet,
2455 5871 2770 5932 subiecerunt.
