3978 6320
473 384 571 441 591

467 493 676 566 ignibus
712 496 1103 553 cremaverunt,
1144 487 1274 540 alios
1315 485 1365 538 in
1398 493 1583 539 catena
1626 481 1882 537 ducentes
1924 478 2044 534 tabe

466 587 715 639 diuturna
739 580 1099 639 confecerunt.
1125 577 1282 635 Certe
1306 592 1408 631 non
1433 575 1761 642 derelinqnet
1793 571 2049 628 Dominus

468 685 682 735 sanctos
712 689 835 726 suos
868 691 879 723 :
926 670 1173 724 Dominus
1200 678 1363 724 autem
1403 683 1502 719 non
1528 665 1833 734 derelinquat
1856 678 1967 720 eum
1994 661 2046 713 in

469 766 699 820 manibus
726 766 851 830 ejus.
884 763 1158 816 Postremo
1188 760 1360 828 ipsmn
1382 758 1570 811 Filium
1601 772 1753 810 suum
1782 768 1946 823 quare
1969 753 2052 805 di-

481 857 623 914 misit
665 855 717 909 in
769 854 1013 906 manibus
1061 851 1396 904 Iuda-orum?
1452 851 1514 906 Et
1557 849 1640 902 hic
1675 858 1870 902 tectum
1907 847 2051 913 aperi

477 945 626 1018 (Luc.
655 960 707 1006 γ,
738 945 848 1009 l9),
873 944 917 996 si
943 944 1018 995 vis
1041 943 1182 994 omni
1207 941 1440 992 interiori
1467 939 1704 992 membro
1729 937 2050 1005 constringi;

477 1039 695 1108 perveni
723 1038 786 1090 ad
817 1037 1092 1090 Dominum
1120 1051 1132 1084 :
1164 1034 1280 1086 audi
1315 1032 1436 1102 quid
1467 1033 1606 1084 dicat
1633 1031 1730 1085 alia
1754 1029 2046 1095 Scriptura,

481 1130 756 1184 hominum
803 1126 1096 1193 przevidens
1125 1139 1400 1193 passurum
1445 1123 1511 1175 ab
1542 1120 1733 1190 impiis,
1787 1119 1908 1188 quid
1940 1117 2055 1172 ait?

478 1219 634 1274 Terra
670 1219 856 1270 tradita
891 1233 959 1269 est
989 1217 1041 1267 in
1071 1231 1247 1266 manus
1282 1213 1426 1282 impii
1462 1210 1580 1282 (Job
1641 1227 1714 1274 lx,
1743 1211 1881 1279 24)?
1917 1208 2053 1278 Quid

475 1319 577 1372 est,
607 1305 764 1358 Terra
793 1305 979 1356 tradita
1009 1304 1155 1356 estin
1183 1319 1360 1357 manus
1387 1301 1564 1368 impii?
1592 1300 1727 1353 Caro
1762 1298 1947 1350 tradita
1974 1306 2055 1351 est

475 1399 526 1451 in
563 1412 750 1450 manus
777 1394 1229 1466 persequentium.
1274 1392 1387 1444 Non
1429 1391 1498 1444 ibi
1527 1399 1704 1447 autem
1736 1387 1939 1442 dimisit
1964 1389 2053 1455 ju-

472 1498 612 1540 stum
642 1502 794 1540 suum
831 1487 968 1540 Deus
999 1501 1011 1535 :
1045 1483 1112 1537 de
1138 1498 1298 1536 carne
1327 1494 1479 1550 capta
1510 1479 1686 1538 educit
1712 1480 1940 1532 animam
1972 1479 2054 1530 in-

475 1581 689 1632 victam.
745 1578 1045 1632 Dimitteret
1099 1575 1237 1631 Deus
1286 1573 1486 1641 justum
1533 1583 1688 1623 suum
1732 1570 1783 1622 in
1813 1569 2056 1624 manibus

474 1669 642 1737 impii,
666 1668 710 1721 si
736 1669 881 1721 illum
910 1665 1120 1719 fecisset
1148 1664 1446 1719 consentire
1469 1662 1628 1731 impio
1664 1679 1675 1712 :
1705 1670 1886 1714 contra
1914 1661 2052 1729 quod

478 1759 672 1814 malum
705 1766 823 1810 orat
856 1757 907 1809 in
941 1755 1046 1808 alio
1075 1755 1300 1823 psalmo,
1339 1763 1392 1806 et
1419 1751 1587 1805 dicit:
1633 1748 1716 1807 Ne
1750 1750 1919 1802 tradas
1954 1767 2051 1814 me,

478 1851 709 1912 Domine,
745 1865 776 1900 a
815 1847 1063 1901 desiderio
1089 1862 1198 1899 meo
1228 1829 1474 1913 peccaturi
1511 1841 1677 1914 (Psal.
1713 1858 1933 1903 cxmx,
1971 1840 2050 1910 9).

474 1943 620 2011 Opus
645 1951 727 1996 est
749 1951 806 1994 ut
831 1955 859 1992 a
886 1939 1151 1993 desiderio
1176 1948 1263 1990 tuo
1290 1952 1396 1990 non
1417 1936 1639 1994 tradaris
1673 1934 1958 2003 peccaturi,
1987 1950 2054 1987 ne

474 2049 595 2086 cum
634 2032 908 2086 desideras
941 2030 1102 2082 vitam
1136 2035 1451 2095 prmsentem
1471 2063 1488 2091 ,
1524 2027 1694 2078 irruas
1723 2023 1773 2077 in
1802 2023 1969 2083 illum.
2001 2033 2055 2076 et

474 2125 668 2195 perdas
705 2133 980 2177 a'ternam.
1025 2123 1066 2174 A
1104 2134 1212 2187 quo
1251 2116 1517 2172 desiderio
1575 2130 1675 2168 non
1721 2114 1878 2168 debet
1921 2114 2052 2168 tradi

474 2214 776 2286 peccaturi?
818 2213 898 2267 Ab
927 2213 1015 2265 illo
1046 2210 1112 2264 de
1141 2224 1247 2278 quo
1282 2208 1408 2264 item
1438 2207 1628 2259 dicitur
1650 2221 1669 2257 :
1716 2204 1779 2257 Et
1805 2205 1934 2257 dicm
1964 2205 2054 2256 ho-

473 2309 620 2361 minis
646 2323 743 2358 non
760 2302 1039 2371 concupiui,
1069 2315 1122 2353 tu
1147 2300 1245 2354 scis
1266 2298 1473 2367 (Jerem.
1501 2313 1628 2361 xvu,
1660 2296 1766 2364 16).
1789 2295 1888 2360 Qui
1911 2295 2050 2348 enim

473 2399 744 2454 desiderat
780 2406 833 2451 et
879 2393 1206 2462 concupiscit
1241 2391 1381 2444 diem
1427 2389 1684 2452 hominis,
1727 2385 1939 2456 quando
1977 2386 2050 2439 illi

472 2491 702 2561 minatus
731 2488 891 2548 fuerit
929 2484 1284 2548 adversarius,
1316 2480 1455 2552 quod
1484 2480 1631 2533 tollat
1666 2480 1736 2532 illi
1774 2479 1918 2531 diem
1955 2480 2052 2529 bu-

473 2594 711 2643 manutn,
739 2579 860 2647 quia
886 2576 1093 2638 occidet
1121 2589 1266 2634 eum,
1299 2581 1353 2631 et
1377 2571 1560 2642 perdet
1587 2569 1725 2624 hanc
1746 2569 1936 2630 vitam;
1961 2567 2048 2637 qui

473 2687 581 2725 non
612 2681 790 2742 sperat
818 2669 976 2723 aliam
999 2668 1185 2729 vitam,
1217 2664 1416 2727 deficit,
1441 2672 1492 2715 et
1518 2660 1786 2717 consentit
1814 2659 2048 2712 inimico.

467 2762 571 2828 Qui
601 2771 777 2814 autem
803 2758 951 2814 audit
969 2757 1249 2811 Dominum
1270 2754 1550 2816 dicentem,
1587 2750 1760 2829 Nolite
1779 2751 1950 2802 timere
1967 2765 2050 2808 eos

467 2853 555 2917 qui
583 2866 764 2920 corpus
790 2848 1043 2917 occidunt,
1085 2846 1307 2898 animam
1345 2854 1513 2896 autem
1554 2859 1656 2898 non
1695 2851 1899 2911 possunt
1921 2841 2051 2894 occi-

471 2941 620 3005 dere;
645 2939 741 2994 etsi
771 2937 1007 2993 tradatur
1043 2945 1182 2995 terra
1221 2935 1271 2987 in
1307 2948 1495 2987 manus
1520 2933 1688 3001 impii,
1728 2942 1878 3000 capta
1910 2941 2048 2986 terra

469 3031 685 3098 spiritus
707 3029 914 3092 evadit;
968 3028 1156 3097 spiritu
1185 3024 1465 3094 evadente,
1505 3033 1557 3078 et
1599 3034 1738 3079 terra
1787 3033 2047 3093 resurget.

468 3119 696 3188 Spiritus
731 3118 994 3173 mutatur‘
1028 3117 1098 3172 ad
1136 3116 1435 3177 Dominum,
1481 3123 1619 3174 terra
1669 3111 1956 3177 mutabitur
1994 3112 2050 3166 in

467 3211 686 3265 ctutum.
716 3208 829 3262 Non
861 3209 1002 3262 enim
1029 3205 1318 3274 aliquidde
1348 3203 1461 3274 ipsa
1491 3214 1626 3259 terra
1650 3205 1807 3274 perit,
1839 3219 1957 3273 qua:
1981 3202 2047 3256 ad

471 3313 680 3368 tempus
711 3297 936 3352 traditur
961 3298 1011 3350 in
1043 3310 1230 3350 manus
1260 3295 1404 3363 impii
1435 3315 1448 3347 :
1501 3293 1686 3364 Capilli
1704 3294 1880 3364 capitis
1899 3293 2050 3346 vestri

468 3389 714 3442 numerati
737 3397 854 3441 sunt
876 3385 1086 3459 (Matth.
1119 3401 1173 3451 ι,
1200 3384 1291 3446 28,
1336 3383 1448 3454 50).
1496 3383 1636 3454 Ergo
1664 3395 1747 3437 est
1771 3383 2045 3447 securitas,

469 3480 564 3536 sed
600 3480 645 3534 si
676 3480 818 3535 intus
847 3479 917 3534 sit
948 3478 1106 3534 Deus.
1152 3476 1210 3531 Si
1250 3485 1429 3530 autem
1472 3475 1765 3542 expellatur
1786 3472 2046 3537 diabolus,

472 3573 765 3629 admittitur
785 3571 939 3624 Deus.
973 3569 1213 3621 Dominus
1227 3579 1396 3620 autem
1415 3584 1514 3620 non
1534 3567 1839 3635 derelinquet
1860 3582 1972 3619 eum
1994 3567 2049 3619 in

478 3663 711 3716 manibus
737 3663 865 3732 ejus.
910 3658 1019 3713 Nec
1049 3659 1307 3714 damnabit
1335 3674 1467 3722 eum,
1494 3671 1607 3709 cum
1620 3656 1931 3725 judicabitur
1947 3655 2045 3710 illi.

474 3753 681 3807 llabent
707 3752 882 3820 aliqua
907 3748 1253 3815 exemplaria,
1289 3746 1357 3801 Et
1387 3764 1497 3800 rum
1518 3747 1768 3817 judicabit
1795 3763 1926 3809 cum,
1953 3750 2047 3815 ju-

469 3847 720 3901 dicabitur
738 3845 835 3898 illi.
865 3842 958 3919 Illi
989 3851 1166 3896 autem
1203 3841 1399 3899 dictum
1423 3849 1525 3900 est.
1561 3851 1682 3893 cum
1707 3839 1964 3907 judicium
1991 3838 2050 3894 fit

469 3942 538 3995 de
566 3938 658 3992 illo
689 3953 702 3989 :
746 3950 1026 4006 possumus
1052 3934 1194 3987 enim
1220 3933 1296 3987 sic
1315 3933 1458 4001 loqui
1487 3941 1544 3984 ut
1567 3931 1806 3986 dicamus
1821 3930 2044 3998 homini,

469 4029 654 4085 Judica
696 4027 846 4091 mihi,
880 4026 928 4080 id
964 4034 1064 4090 est,
1098 4024 1219 4077 audi
1255 4038 1469 4078 causam
1521 4037 1714 4076 meam.
1758 4022 1888 4076 Cum
1921 4037 2047 4091 ergo

468 4119 690 4187 ceperit
710 4117 891 4172 audire
920 4129 1134 4171 causam
1161 4113 1291 4182 justi
1317 4113 1398 4166 Sui
1425 4114 1561 4166 Deus
1585 4129 1599 4176 ;
1637 4113 1873 4182 quoniam
1892 4129 2046 4180 opor-

469 4218 536 4261 tet
557 4224 725 4261 ontnes
744 4206 964 4260 exhiberi
993 4214 1108 4257 ante
1133 4202 1351 4258 tribunal
1369 4200 1577 4265 (luisti,
1609 4211 1655 4254 et
1680 4211 1830 4265 stare,
1869 4211 1923 4254 ut
1943 4201 2048 4254 illic

466 4301 674 4369 recipiat
703 4299 1037 4366 unusquisque
1063 4310 1178 4365 quas
1205 4311 1293 4360 per
1318 4310 1500 4363 corpus
1521 4295 1689 4362 gessit,
1735 4294 1836 4346 sive
1864 4292 2048 4346 bonum

465 4389 782 4456 sivemalam
811 4386 872 4455 (ll
895 4386 1012 4439 Cor.
1046 4401 1097 4450 v,
1123 4382 1248 4453 10);
1281 4383 1492 4452 quando
1515 4397 1640 4451 ergo
1658 4392 1869 4434 ventum
1890 4381 2047 4435 fuerit

469 4480 532 4533 ad
565 4478 690 4532 illud
708 4477 989 4546 judicium,
1022 4490 1126 4528 non
1159 4489 1280 4528 eum
1308 4472 1599 4537 damnabit,
1623 4473 1722 4526 etsi
1750 4473 1814 4524 ad
1841 4484 2046 4539 tempus

469 4570 710 4624 videatur
754 4568 991 4620 damnari
1032 4567 1097 4619 ab
1144 4565 1377 4621 homine.
1435 4565 1545 4617 Etsi
1578 4565 1708 4617 dixit
1732 4566 2044 4620 sententiam

470 4659 753 4730 proconsul
785 4660 835 4713 in
858 4659 1176 4727 Cyprianum
1207 4675 1220 4709 :
1255 4656 1352 4709 alia
1382 4666 1464 4712 est
1494 4655 1622 4709 sella
1653 4664 1878 4718 terrena,
1905 4655 2045 4708 aliud

469 4751 696 4807 tribunal
726 4751 979 4804 caelorum
1006 4765 1020 4812 ;
1048 4749 1115 4801 ab
1143 4747 1396 4801 inferiore
1420 4747 1623 4814 accepit
1653 4746 1989 4807 sententiam,
2015 4761 2044 4798 a

467 4842 744 4910 superiore
765 4855 1036 4902 coronant.
1072 4836 1181 4891 Nec
1206 4837 1460 4889 damnabit
1487 4851 1621 4900 eum,
1650 4851 1762 4887 cum
1787 4835 2044 4906 jadicabi-

469 4945 550 4986 tur
571 4932 666 4985 illi.

541 5023 628 5077 H.
671 5020 820 5094 [vers.
860 5020 947 5081 54,
976 5015 1088 5089 56.]
1137 5016 1242 5072 Sed
1285 5014 1496 5086 quando
1539 5014 1677 5070 erit?
1724 5013 1843 5068 Noli
1888 5015 2046 5069 modo

470 5123 690 5183 putare:
721 5122 926 5179 tempus
950 5111 1148 5163 laboris
1177 5117 1275 5169 est,
1304 5117 1510 5176 tempus
1532 5102 1751 5161 seminis
1777 5115 1879 5168 est.
1912 5117 2046 5164 tem-

472 5217 570 5272 pus
601 5201 810 5271 frigoris
836 5211 918 5254 est
952 5217 964 5252 :
997 5200 1095 5254 etsi
1127 5199 1263 5255 inter
1285 5207 1490 5262 ventos,
1523 5198 1622 5250 etsi
1651 5197 1792 5250 inter
1819 5195 2042 5266 pluvias,

466 5293 666 5346 semina
693 5308 708 5356 ;
739 5292 844 5351 noli
877 5305 993 5344 esse
1023 5290 1168 5358 piger
1195 5306 1206 5339 :
1246 5296 1402 5345 uastas
1434 5288 1611 5340 veniet
1644 5303 1763 5356 qua:
1785 5298 1836 5341 te
1866 5287 2041 5340 laetifi-

466 5392 568 5447 cet,
615 5383 667 5438 in
704 5399 804 5452 qua
854 5391 904 5436 te
945 5380 1177 5450 gaudeas
1218 5379 1531 5433 seminasse.
1569 5377 1702 5448 Quid
1743 5394 1869 5447 ergo
1911 5380 2044 5433 facio

466 5474 671 5528 modo?
725 5473 971 5540 Exspecta
1011 5471 1297 5529 Dominum.
1340 5469 1406 5523 Et
1439 5484 1557 5522 eum
1598 5479 1868 5537 eXSpecto,
1917 5470 2042 5539 quid

466 5567 606 5634 ago?
653 5563 721 5618 Et
755 5564 949 5623 custodi
985 5564 1087 5620 vias
1117 5564 1245 5632 ejus.
1283 5562 1350 5616 Et
1378 5561 1419 5613 si
1448 5561 1768 5626 custodiero,
1801 5562 1924 5632 quid
1951 5579 2042 5617 ac-

469 5655 652 5724 cipio?
678 5654 742 5708 Et
764 5655 1004 5709 (exaltabit
1033 5665 1093 5718 te,
1129 5666 1182 5706 ut
1221 5653 1511 5707 Iiwreditate
1540 5653 1795 5723 possideas
1836 5663 2043 5719 tetram.

529 5786 550 5820 ⁸
573 5791 645 5837 ste
666 5785 885 5851 plerique
911 5797 1012 5835 uss.
1044 5795 1094 5836 At
1118 5787 1248 5846 ald,
1272 5781 1545 5836 mutabitur.

1693 369 1752 426 S.
1793 363 2154 424 AUGUSTINI
2197 362 2495 426 EPISCOP]

3618 355 3729 415 392

2156 478 2322 539 Quam
2391 472 2624 528 terram?
2695 472 2887 527 lterum
2953 489 3017 526 ne
3077 471 3250 542 aliqua
3303 473 3425 526 villa
3487 484 3739 530 occurrat

2153 567 2366 620 animo:
2414 567 2550 619 illam
2580 567 2645 620 de
2684 582 2786 636 qua
2817 567 3031 627 dicitur,
3067 564 3257 630 Venite,
3285 567 3526 620 benedicti
3558 566 3738 622 Patris

2154 657 2270 720 mei,
2295 657 2534 725 percipite
2557 674 2766 727 regnum
2795 659 2930 724 quod
2967 657 3102 709 vobis
3133 668 3367 728 paratum
3393 668 3465 712 est
3499 659 3567 711 ab
3589 659 3738 712 initio

2155 747 2331 800 mundi
2377 746 2585 818 (Matth.
2634 763 2764 812 xxv,
2799 747 2909 816 54).
2939 747 3075 814 Quid
3101 748 3167 800 de
3197 748 3298 802 illis
3325 747 3412 815 qui
3449 763 3545 803 nos
3568 764 3740 819 angu-

2156 848 2447 902 stavcrunt,
2491 838 2628 893 inter
2670 853 2804 906 quos
2845 838 3165 907 gemuimus,
3214 854 3440 908 quorum
3485 841 3737 900 scandaia

2159 927 2524 994 toleravimus,
2571 943 2667 997 pro
2705 929 2898 997 quibus
2943 930 3281 983 saevientibus
3327 930 3523 985 frustra
3559 934 3739 986 oravi-

2156 1036 2312 1086 mus;
2336 1021 2461 1090 quid
2488 1021 2554 1076 de
2583 1021 2688 1078 illis
2717 1022 2851 1080 erit?
2881 1022 3153 1090 Sequitur,
3185 1021 3314 1076 Cum
3335 1034 3546 1091 pereunt
3583 1027 3597 1055 ⁸
3620 1042 3736 1100 pec-

2156 1123 2366 1179 eatores,
2395 1113 2599 1169 videbis.
2627 1113 2696 1166 Et
2723 1129 2880 1182 quam
2901 1113 2966 1168 de
2991 1115 3231 1183 proximo
3269 1116 3471 1169 videbis
3498 1131 3513 1168 :
3555 1127 3605 1169 tu
3629 1118 3738 1170 eris

2156 1202 2221 1256 ad
2247 1203 2540 1266 dexteram,
2584 1204 2656 1260 illi
2699 1205 2772 1257 ad
2808 1206 3097 1262 sinistrum.
3143 1206 3255 1260 Hoc
3298 1218 3476 1260 autem
3515 1207 3580 1262 ad
3610 1208 3734 1262 fidei

2157 1294 2337 1346 oculos
2378 1294 2625 1361 pertinet.
2677 1293 2822 1362 Quos
2859 1295 2978 1350 lidei
3025 1296 3208 1350 oculos
3245 1299 3332 1366 qui
3361 1313 3466 1350 non
3511 1297 3733 1363 habent,

2156 1382 2338 1437 dolent
2363 1383 2670 1438 felicitatem
2694 1386 2978 1454 impiorum
3005 1387 3047 1449 ⁸,
3078 1397 3132 1440 et
3155 1397 3339 1456 putant
3363 1389 3548 1443 sesine
3572 1403 3734 1444 causa

2157 1489 2277 1527 esse
2298 1475 2492 1542 justos,
2517 1476 2639 1544 quia
2662 1475 2843 1531 vident
2869 1477 2953 1534 hic
2983 1476 3174 1532 florere
3199 1479 3406 1546 impios.
3435 1478 3533 1548 Qui
3553 1490 3734 1534 autem

2159 1565 2316 1620 habet
2347 1569 2556 1621 oculum
2610 1569 2758 1624 illtun
2805 1568 2950 1634 fidei,
3003 1569 3127 1638 quid
3174 1569 3333 1624 dicit?
3371 1569 3484 1624 Vidi
3519 1573 3735 1640 impium

2156 1659 2519 1728 superexaltari
2561 1668 2610 1719 et
2649 1660 2829 1712 elevari
2864 1675 3015 1730 super
3052 1660 3229 1716 cedros
3260 1659 3459 1714 Libani.
3501 1661 3568 1715 Et
3609 1672 3734 1732 puta

2155 1748 2276 1816 quia
2307 1747 2728 1816 superesaltatus
2758 1758 2859 1812 est,
2890 1758 3013 1818 puta
3040 1751 3160 1818 quia
3184 1751 3422 1805 elevatus
3445 1762 3524 1804 est
3552 1767 3566 1804 :
3603 1753 3733 1822 quid

2156 1839 2436 1908 sequitur?
2462 1839 2531 1892 Et
2558 1840 2785 1905 transivi,
2811 1851 2858 1895 et
2882 1857 2993 1894 ecce
3014 1857 3115 1896 non
3143 1851 3286 1906 erat;
3311 1852 3356 1894 et
3374 1844 3576 1910 quicsiui
3595 1861 3732 1902 eum.

2154 1941 2200 1982 et
2225 1947 2325 1984 non
2362 1941 2434 1982 est
2462 1931 2690 1985 inventus
2718 1932 2858 1985 locus
2883 1933 3010 2002 ejus.
3046 1932 3222 1998 Quare
3249 1945 3368 1988 non“
3385 1943 3518 1999 erat,
3541 1945 3594 1989 et
3622 1952 3734 1990 non

2155 2030 2237 2075 est
2293 2022 2536 2075 inventus
2590 2023 2737 2076 locus
2793 2023 2946 2091 ejus?
2995 2023 3126 2089 Quia
3174 2026 3428 2089 transisti.
3456 2025 3506 2080 Si
3553 2036 3735 2083 autem

2155 2115 2327 2168 adlmc
2353 2116 2637 2170 carnaliter
2655 2116 2876 2184 cogitas.
2899 2126 2953 2176 et
2983 2117 3080 2170 ista
3113 2126 3323 2171 terrena
3349 2115 3573 2172 felicitas
3604 2134 3736 2174 vera

2156 2206 2377 2260 felicitas
2410 2208 2502 2260 tibi
2531 2207 2757 2272 videtur,
2803 2208 3034 2261 nondum
3066 2209 3300 2262 transisti
3331 2225 3345 2261 :
3389 2219 3481 2264 aut
3513 2211 3738 2278 aqualis

2156 2295 2226 2348 illi
2250 2312 2328 2359 es,
2361 2308 2452 2350 aut
2483 2297 2616 2350 infra
2641 2314 2736 2351 es:
2765 2298 2984 2366 profice,
3013 2307 3066 2352 ct
3094 2298 3287 2364 transi;
3334 2308 3388 2353 et
3416 2316 3533 2353 cum
3565 2304 3727 2370 proli-

2153 2391 2343 2446 ciendo
2371 2393 2665 2455 transieris,
2696 2392 2927 2447 attendis
2961 2409 3080 2446 eum
3115 2393 3236 2458 tide,
3273 2393 3421 2448 vides
3447 2395 3736 2450 novissima

2154 2485 2339 2552 ipsius,
2357 2496 2411 2539 et
2429 2485 2563 2539 dicis
2589 2486 2702 2551 tibi,
2724 2486 2859 2539 Ecce
2884 2501 2988 2542 non
3007 2499 3088 2540 est
3109 2486 3210 2540 iste
3228 2487 3318 2555 qui
3335 2487 3410 2540 sic
3432 2496 3733 2551 tumuerat;

2152 2575 2418 2644 quomodo
2438 2577 2480 2630 si
2505 2579 2756 2631 transires
2773 2577 2920 2645 juxta
2945 2577 3166 2631 fumum.
3193 2577 3322 2631 Nam
3339 2590 3394 2633 et
3412 2578 3510 2633 hoc
3530 2579 3733 2633 dictum

2152 2677 2234 2721 est
2263 2670 2312 2721 in
2337 2668 2439 2722 isto
2459 2668 2663 2737 psalmo
2682 2669 2947 2738 superius,
2981 2669 3276 2738 Deﬁcientes
3297 2672 3428 2724 velut
3450 2673 3616 2741 [antas
3639 2673 3736 2726 de.

2152 2758 2345 2825 ﬁcient.
2399 2759 2627 2828 Erigitur
2655 2760 2706 2812 in
2734 2759 2898 2813 altum
2926 2760 3120 2823 fumus,
3165 2771 3218 2816 et
3247 2762 3296 2814 in
3321 2761 3533 2832 globum
3567 2765 3737 2817 tumi-

2152 2848 2278 2902 dum
2319 2852 2488 2920 pergit
2518 2868 2531 2903 :
2577 2859 2774 2919 quanto
2805 2850 2972 2919 magis
2999 2851 3276 2915 attollitur,
3324 2861 3472 2906 tanto
3503 2855 3735 2923 amplius

2153 2940 2473 2996 intumescit.
2507 2942 2610 2995 Sed
2641 2957 2761 2995 cum
2787 2943 3082 3007 transieris,
3109 2943 3323 2996 attende
3349 2953 3466 3013 post
3487 2954 3539 2998 te
3567 2962 3579 2997 :
3608 2957 3735 3013 post

2152 3043 2210 3087 te,
2230 3033 2372 3086 enim
2400 3033 2593 3096 tonius,
2623 3033 2666 3085 si
2692 3041 2776 3087 est
2798 3042 2921 3086 ante
2946 3042 2996 3090 te
3021 3033 3180 3087 Deus.
3204 3033 3318 3087 Noli
3340 3035 3631 3101 posteriora
3656 3050 3732 3088 ex

2151 3119 2414 3179 desiderio
2451 3122 2743 3187 attendere,
2779 3123 2914 3177 sicut
2948 3122 3173 3176 attendit
3207 3139 3340 3177 uxor
3377 3123 3497 3187 Lot,
3544 3135 3598 3179 et
3639 3140 3733 3178 re-

2152 3215 2344 3267 mansit
2374 3213 2426 3266 in
2456 3214 2534 3266 via
2559 3213 2709 3284 (Gen.
2730 3214 2984 3285 sis,26):
3018 3214 3111 3269 sed
3138 3217 3342 3284 respice
3365 3231 3428 3270 es
3449 3216 3729 3283 despectu,

2151 3317 2203 3360 et
2234 3306 2434 3361 videbis
2473 3307 2690 3375 impium
2736 3322 2991 3376 nusquam
3047 3323 3189 3372 esse,
3233 3317 3284 3363 et
3321 3325 3524 3378 quaeres
3554 3311 3730 3363 locum

2152 3396 2285 3464 ejus.
2309 3397 2439 3465 Quis
2457 3406 2541 3458 est
2556 3399 2699 3459 locus
2713 3399 2864 3467 cjus‘l
2886 3400 3001 3467 Quo
3025 3401 3184 3454 modo
3207 3399 3365 3456 habet
3390 3411 3730 3471 potestatem.

2153 3486 2312 3542 habet
2333 3489 2566 3553 divitias,
2590 3488 2749 3544 habet
2764 3491 3045 3560 quemdam
3068 3491 3475 3547 ordinemsuum
3496 3494 3544 3546 in
3568 3493 3731 3548 rebus

2154 3579 2418 3644 humanis,
2437 3587 2493 3633 ut
2510 3581 2658 3634 multi
2678 3581 2726 3634 ei
2741 3580 3117 3650 obsequantur,
3134 3591 3189 3639 ut
3199 3583 3377 3649 jubeat
3391 3593 3444 3636 et
3463 3582 3726 3637 audiatur.

2152 3669 2256 3725 Iste
2282 3672 2428 3725 locus
2453 3687 2559 3725 non
2587 3673 2710 3738 erit,
2737 3673 2829 3728 sed
2855 3674 3095 3737 transiet,
3115 3683 3173 3728 nt
3193 3683 3246 3729 tn
3266 3675 3288 3705 ³
3322 3676 3491 3743 posis
3514 3671 3728 3730 dicere:

2154 3760 2399 3824 Transioi,
2432 3771 2475 3814 et
2502 3778 2612 3816 ecce
2636 3779 2735 3816 non
2760 3774 2884 3816 erat.
2919 3762 3053 3829 Quid
3081 3774 3182 3824 est,
3212 3763 3462 3819 transivi!
3495 3765 3728 3831 Profecti,

2155 3851 2368 3918 perveni
2387 3852 2453 3904 ad
2481 3851 2794 3919 spiritualia,
2825 3853 3017 3920 intravi
3050 3852 3102 3907 in
3133 3855 3494 3910 sanctuarium
3528 3856 3640 3918 Dei,
3671 3865 3734 3911 ut

2151 3941 2481 3998 intenderem
2523 3944 2574 3996 in
2609 3944 2893 3998 novissima
2945 3943 3116 4015 (Psal.
3149 3961 3311 4007 ultu,
3357 3947 3492 4018 I7):
3541 3959 3589 4001 et
3613 3966 3735 4004 ecce

2151 4048 2250 4085 non
2280 4042 2405 4096 erat,
2453 4043 2499 4086 et
2548 4035 2750 4104 quesibi
2786 4051 2919 4100 eum,
2973 4044 3019 4088 et
3064 4053 3163 4089 non
3203 4047 3273 4090 est
3318 4038 3548 4094 inventus
3585 4039 3732 4093 locus

2149 4125 2278 4194 ejus.

2225 4216 2309 4270 15.
2342 4213 2488 4287 [vers.
2511 4213 2624 4287 57.]
2652 4214 2857 4270 Custodi
2882 4217 3236 4272 innocentiam.
3269 4217 3432 4283 Tene,
3458 4221 3734 4290 quomodo

2150 4321 2270 4360 cum
2334 4321 2522 4360 avarus
2581 4321 2754 4369 esses,
2805 4307 3087 4362 saceellum
3146 4309 3407 4364 tenebas:
3460 4311 3732 4380 quomodo

2153 4399 2369 4452 tenebas
2401 4399 2706 4462 saccellum,
2750 4416 2819 4454 ne
2858 4401 2949 4455 tibi
2984 4412 3384 4472 extorqueretur
3409 4418 3438 4456 a
3468 4403 3614 4469 fure;
3644 4405 3730 4460 sic

2149 4492 2353 4545 custodi
2391 4493 2764 4557 innocentiam,
2798 4508 2864 4548 ne
2893 4493 2985 4546 tibi
3015 4505 3394 4561 extorquentur
3429 4512 3460 4549 a
3487 4496 3724 4551 diabolo.

2151 4582 2234 4636 Sit
2259 4583 2344 4636 illa
2365 4591 2567 4637 certum
2596 4585 2965 4651 patrimonium
2991 4595 3157 4649 tuum,
3179 4587 3246 4639 de
3266 4602 3366 4655 qua
3389 4596 3511 4641 sunt
3534 4588 3732 4644 divites

2149 4682 2204 4727 et
2230 4690 2507 4743 pauperes.
2561 4676 2766 4731 Custodi
2803 4676 3153 4732 innocentiam.
3205 4677 3340 4744 Quid
3375 4680 3466 4731 tibi
3508 4679 3730 4746 prodest

2153 4766 2356 4820 lucrum
2401 4765 2535 4826 auri,
2579 4776 2629 4818 et
2659 4765 2908 4819 damnum
2938 4767 3291 4822 innocentiae?
3337 4769 3540 4823 Custodi
3577 4773 3726 4823 inuo-

2148 4859 2383 4921 centiam,
2429 4868 2474 4911 et
2503 4857 2613 4911 uide
2639 4859 2978 4911 directionem.
3021 4858 3222 4913 Habt-to
3261 4861 3446 4915 oculos
3470 4861 3724 4925 directos,

2152 4960 2208 5002 ut
2254 4949 2435 5003 videas
2487 4950 2868 5004 directionem:
2911 4965 3014 5002 non
3065 4964 3282 5018 pravos,
3323 4953 3513 5019 quibus
3554 4951 3729 5009 malos

2150 5039 2331 5105 vides;
2361 5051 2413 5094 ct
2438 5039 2710 5104 distortos,
2734 5040 3060 5094 utdistortus
3088 5042 3178 5096 tibi
3197 5051 3251 5096 et
3272 5058 3461 5111 pravus
3487 5044 3728 5098 videatur

2152 5132 2310 5196 Deus,
2339 5131 2458 5200 quia
2487 5130 2624 5192 favet
2661 5131 2855 5199 impiis,
2903 5141 2957 5186 et
2986 5134 3318 5203 persequitur
3356 5135 3558 5190 fideles.
3608 5136 3725 5191 Non

2150 5222 2297 5276 vides
2319 5238 2476 5292 quam
2506 5222 2784 5279 distortum
2815 5223 2994 5278 videas
3017 5225 3037 5278 Ξ
3063 5224 3281 5294 Corrige
3299 5227 3483 5282 oculos
3513 5237 3651 5294 tuos,
3678 5239 3725 5282 et

2148 5315 2261 5367 vide
2284 5315 2620 5370 directionem.
2651 5315 2817 5381 Quam
2847 5315 3230 5370 directionem?
3257 5317 3372 5371 Noli
3399 5320 3462 5372 ad
3496 5335 3728 5386 pra-sen-

2150 5399 2221 5457 tia
2234 5403 2255 5434 ⁸
2274 5403 2568 5458 attendere.
2597 5404 2662 5460 Et
2681 5404 2806 5474 quid
2832 5405 3068 5460 videbis?
3095 5407 3345 5470 Quoniam
3365 5419 3479 5462 sunt
3499 5411 3726 5480 reliquie:

2215 5541 2232 5572 ί
2259 5547 2386 5603 Unus
2409 5547 2489 5589 aut
2512 5539 2647 5603 alter
2682 5546 2786 5603 Ἀθη
2819 5552 2930 5603 eum
3196 5549 3337 5591 Porro
3360 5543 3408 5592 in
3433 5550 3592 5594 Graeco
3614 5552 3724 5598 LXX

2153 5608 2246 5655 est.
2267 5615 2326 5651 en
2343 5601 2389 5649 (ὁ
2409 5600 2856 5651 exolotltreuestltai.
2963 5600 2971 5603 “

2214 5665 2234 5732 ξ
2257 5671 2329 5732 er.
2353 5672 2405 5710 et
2426 5663 2591 5732 plures
2611 5669 2715 5732 Mss.
2733 5699 2750 5721 ,
2767 5663 3058 5732 delectantur
3081 5662 3304 5732 felicitate
3325 5663 3600 5726 impiorum.

2214 5723 2235 5788 ξ
2260 5722 2446 5788 Aliquot
2465 5731 2590 5782 Mss,
2614 5722 2698 5772 sed
2721 5722 2875 5788 transi
2894 5731 2940 5773 et
2962 5731 3030 5784 tu,
3055 5732 3106 5774 ut
3128 5726 3294 5788 possis,
3320 5722 3415 5776 cui.

2213 5785 2238 5816 ⁸
2261 5785 2427 5836 Plures
2449 5793 2571 5846 Mss,
2594 5785 2919 5845 prmium.
