3978 6360
61 369 149 428 393

59 484 220 541 homini
245 483 462 554 paciﬁca.
487 480 624 552 Quid
648 488 752 544 cst,
781 485 894 533 sunt
917 475 1178 542 reliquiis?
1201 472 1334 527 Cum
1356 480 1602 526 mortuus

57 578 218 641 fueris,
261 593 353 629 non
399 573 510 630 eris
560 580 847 626 mortuus:
890 566 991 623 hoc
1037 575 1155 628 est,
1200 572 1318 619 sunt
1354 561 1602 632 reliquie.

58 667 157 724 Erit
184 666 245 722 illi
285 665 471 736 aliquid
517 672 572 718 et
610 670 728 730 post
761 660 898 713 hanc
945 658 1143 716 vitam;
1175 653 1278 709 hoc
1321 661 1425 716 est,
1475 649 1606 704 illud

53 775 214 816 semen
260 756 390 828 quod
439 759 492 811 in
536 752 905 809 benedictione
950 748 1074 804 erit.
1127 745 1278 802 Unde
1327 742 1604 803 Dominus,

55 848 143 916 Qui
163 847 303 904 credit
323 848 372 901 in
401 862 500 911 me,
529 843 722 915 inquit,
753 843 870 896 licet
890 838 1157 898 moriatur,
1181 836 1305 888 vivet
1328 833 1507 908 (Joan.
1527 847 1602 896 xt,

50 939 132 1008 25)
164 955 178 991 :
204 937 441 1005 Quoniam
463 944 578 989 sunt
604 932 831 999 reliquie!
857 929 1049 984 homini
1071 927 1308 998 paci/iro.

115 1031 198 1086 {6.
228 1029 368 1104 [rem
399 1029 468 1084 '58
495 1025 515 1100 ]
550 1025 736 1094 luiusti
763 1032 928 1077 autem
967 1020 1245 1092 disperient
1285 1018 1338 1071 in
1359 1016 1604 1086 idipsum.

49 1121 176 1187 Quid
200 1131 301 1186 est,
331 1121 380 1174 iu
412 1119 675 1189 idipsmu?
702 1115 756 1170 lu
797 1113 1217 1184 sempiternum;
1262 1108 1344 1163 vel
1369 1149 1386 1174 ,
1419 1118 1610 1160 omnes

49 1211 198 1266 simul
231 1213 279 1266 in
319 1226 499 1264 unum.
547 1206 791 1276 Reliquiae
832 1203 1109 1273 impiorum
1143 1200 1435 1256 interibunt.
1473 1195 1612 1254 Sunt

46 1313 210 1355 autem
251 1300 478 1371 reliquia:
518 1297 718 1355 homini
764 1295 983 1367 tmeilico
1010 1313 1024 1350 :
1052 1308 1178 1363 ergo
1207 1291 1298 1364 qui
1331 1305 1436 1344 non
1485 1295 1611 1342 sunt

46 1393 254 1462 paciﬁci,
283 1392 420 1462 impii
451 1400 594 1446 sunt.
627 1390 772 1444 Beati
804 1388 947 1442 enim
975 1385 1176 1456 pacilici
1205 1426 1221 1450 ,
1249 1383 1371 1452 quia
1395 1381 1494 1451 ipsi
1518 1378 1608 1434 lilii

46 1486 127 1539 Dei
157 1486 467 1538 vocabuntur
489 1493 505 1554 ί
517 1481 699 1534 Matth.
731 1495 782 1540 v,
813 1479 895 1549 9).

109 1576 195 1632 17.
225 1573 372 1648 [item
399 1574 489 1639 '59,
519 1570 634 1642 40.]
665 1571 822 1626 Salus
841 1577 1009 1623 autem
1023 1568 1285 1638 justorum
1309 1581 1342 1618 a
1370 1563 1607 1628 Domino,

43 1679 84 1722 et
112 1677 349 1736 protector
374 1683 547 1720 eorum
575 1674 646 1718 est
676 1665 728 1717 iu
761 1674 982 1732 tempore
1022 1657 1364 1714 tribulationis
1393 1672 1411 1710 :
1436 1666 1483 1709 et
1510 1655 1610 1708 ad-

41 1757 221 1830 iuvabit
240 1772 320 1811 eos
343 1755 610 1820 Dominus,
639 1763 682 1808 et
703 1764 838 1808 eruet
865 1769 971 1815 eos,
1010 1759 1057 1804 et
1077 1749 1260 1804 eximet
1281 1764 1365 1802 eos
1382 1763 1414 1800 a
1436 1763 1613 1817 pecca-

42 1848 238 1903 toribus.
265 1847 513 1903 Tolerent
555 1860 684 1914 ergo
729 1843 889 1898 modo
932 1850 1240 1913 peccatores
1281 1838 1446 1910 justi,
1475 1835 1612 1892 tole-

41 1949 155 1996 rent
179 1938 432 1994 frumenta
457 1937 660 1992 zizania
685 1979 700 2000 ,
737 1936 930 1990 toleret
955 1933 1185 1988 triticum
1215 1930 1458 2003 paleam;
1488 1928 1612 1997 quia

40 2034 210 2090 veniet
236 2041 441 2103 tempus
474 2029 826 2100 sepamtionis
847 2069 864 2094 ,
893 2039 945 2081 et
985 2025 1255 2081 eximetur
1287 2037 1473 2078 semen
1513 2021 1613 2074 bo-

38 2141 160 2181 num
193 2124 258 2179 ab
284 2138 347 2179 eo
373 2120 517 2192 quod
559 2120 665 2192 igni
699 2126 1080 2174 consumetur:
1115 2113 1244 2170 illud
1281 2114 1333 2167 in
1358 2113 1611 2167 horreum

41 2217 293 2278 mittetur,
327 2211 456 2268 illud
485 2221 661 2266 autem
719 2211 772 2263 in
808 2217 1062 2263 aeternam
1106 2203 1611 2274 conﬂagrationcm;

36 2307 156 2376 quia
199 2303 316 2361 idco
353 2303 512 2358 simul
547 2302 760 2357 luerunt
784 2300 956 2370 primo
982 2297 1159 2367 justus
1186 2305 1242 2351 et
1267 2295 1529 2365 iniustus,
1557 2302 1617 2348 ut

36 2400 122 2453 ille
156 2395 513 2467 supplantaret
537 2395 577 2459 ⁸,
608 2393 698 2448 ille
716 2392 1056 2463 probaretur;
1093 2398 1276 2460 postea
1307 2396 1486 2444 autem
1528 2385 1616 2442 ilic

31 2489 388 2552 damnaretur,
413 2485 507 2540 ille
527 2492 895 2540 coronaretur.

102 2579 193 2637 18.
234 2580 342 2636 Deo
379 2579 576 2650 gratias
599 2619 615 2644 ,
648 2575 873 2638 fratres.
905 2572 1236 2630 reddidimus
1276 2570 1516 2626 debitum
1562 2569 1616 2624 in

34 2673 250 2729 nomine
291 2669 532 2737 Christi;
559 2668 653 2725 sed
693 2682 794 2724 nos
828 2665 1064 2723 cbaritas
1100 2663 1368 2720 debitores
1403 2677 1619 2735 semper

31 2772 186 2822 tenet
211 2765 259 2818 '.
289 2761 383 2818 illa
411 2762 555 2818 enim
581 2775 683 2816 una
708 2768 813 2825 est,
849 2774 967 2830 qua:
995 2767 1050 2814 et
1081 2757 1125 2812 si
1154 2755 1392 2828 quotidie
1433 2753 1616 2810 reddi-

29 2864 138 2922 tur,
169 2867 383 2925 semper
406 2851 649 2909 debetur.
698 2850 859 2905 Multa
894 2847 1124 2904 diximus
1152 2847 1412 2901 adversus
1443 2844 1619 2900 Dona-

29 2949 205 3014 tistas,
238 2947 402 3002 multa
424 2945 573 3001 vobis
593 2942 958 3006 recitavimus.
978 2941 1174 2997 multas
1192 2937 1427 3005 chartas,
1451 2937 1618 2994 multa

26 3049 226 3111 praeter
251 3052 513 3094 «nonem
538 3036 953 3107 Scripturarum,
985 3033 1089 3088 illis
1116 3031 1454 3104 cogentibus.
1481 3030 1618 3086 Nam

22 3140 77 3187 et
104 3130 155 3186 si
178 3128 581 3201 reprehendent
602 3126 739 3194 haec,
760 3127 884 3198 quia
910 3125 1062 3180 vobis
1081 3123 1207 3179 talia
1231 3123 1460 3196 legimus
1481 3140 1499 3190 ;
1520 3136 1622 3179 nos

22 3219 528 3295 reprehendamur,
574 3218 703 3275 dum
754 3233 852 3273 vos
906 3215 1267 3272 instruamini.
1327 3215 1622 3271 Possumus

19 3315 172 3370 enim
197 3315 281 3369 eis
305 3319 364 3369 et
403 3312 462 3368 in
494 3309 596 3366 hac
622 3318 774 3382 parte
798 3309 876 3364 sic
898 3307 1223 3378 respondere
1250 3324 1265 3362 :
1293 3304 1484 3361 Fartus
1508 3323 1624 3361 sum

18 3404 304 3475 insipiens,
334 3417 424 3458 eos
461 3417 544 3456 me
573 3401 808 3473 coegisti:
857 3397 926 3470 (ll
956 3396 1193 3460 Cora",
1230 3397 1346 3469 11).
1389 3396 1620 3464 Tamen,

21 3494 246 3558 fratres.
268 3501 396 3549 ante
419 3490 600 3548 omnia
629 3488 894 3546 custodite
917 3487 938 3521 ³
961 3488 1326 3544 lucrcditatem
1362 3495 1622 3554 nostram,

19 3585 88 3642 de
113 3600 225 3656 qua
251 3582 431 3639 securi
473 3595 662 3638 sumus
692 3594 792 3636 nos
825 3580 878 3635 in
904 3587 1226 3636 testamento
1255 3578 1427 3635 Patris
1456 3577 1624 3634 nostri

19 3694 192 3735 esse:
225 3692 336 3733 non
378 3677 430 3730 in
455 3676 630 3744 aliqua
660 3673 842 3728 charta
885 3673 1070 3728 frivola
1110 3671 1336 3742 alicujus
1367 3670 1622 3731 hominis,

19 3768 118 3826 sed
151 3769 208 3824 in
256 3773 579 3824 testamento
618 3765 795 3820 Patris
825 3763 1016 3819 nostri.
1045 3761 1176 3819 Inde
1200 3763 1373 3819 securi
1403 3777 1623 3826 sumus:

17 3861 151 3931 quia
181 3858 281 3930 qui
322 3857 449 3913 fecit
496 3863 912 3920 testamentum,
955 3855 1118 3910 vivit:
1151 3853 1240 3925 qui
1286 3852 1412 3909 fecit
1456 3862 1624 3908 testa-

15 3963 275 4008 mentum
323 3949 524 4006 bzeredi
575 3964 694 4013 suo,
750 3948 864 4018 ipse
905 3946 1160 4018 iudicabit
1200 3945 1269 4002 de
1309 3954 1628 4002 testamento

13 4059 143 4098 suo.
179 4043 240 4098 In
269 4041 432 4097 rebus
453 4041 701 4095 humanis
720 4039 855 4094 alius
875 4047 960 4093 est
985 4045 1209 4093 testator
1227 4078 1244 4103 ,
1275 4036 1410 4090 alius
1428 4035 1584 4103 iudex
1611 4052 1624 4088 :

13 4146 70 4190 et
95 4144 292 4189 tamen
313 4131 407 4203 qui
438 4140 583 4187 tenet
610 4138 1008 4195 testamentum,
1038 4128 1198 4183 vincit
1226 4125 1367 4197 apud
1389 4126 1626 4198 iudicem

16 4225 289 4289 alterum,
321 4238 430 4277 non
453 4220 594 4292 apud
619 4220 848 4276 alterum
877 4218 1114 4290 iudicem
1145 4228 1436 4272 mortuum.
1457 4217 1627 4286 Quam

11 4333 151 4388 ergo
195 4330 396 4371 secura
439 4321 523 4370 est
572 4323 751 4367 nostra
804 4312 1043 4375 victoria,
1087 4326 1210 4365 cum
1249 4309 1339 4364 ille
1371 4308 1630 4377 iudicabit

10 4408 106 4478 qui
141 4415 386 4462 testatus
411 4414 497 4460 est
529 4401 544 4458 !
576 4403 677 4458 etsi
717 4401 858 4456 enim
899 4409 1142 4455 mortuus
1189 4409 1272 4455 est
1295 4399 1542 4454 Christus
1561 4397 1629 4452 ad

10 4491 271 4566 tempus,
295 4493 394 4550 sed
416 4495 524 4564 jam
553 4491 684 4547 vivit
712 4491 766 4546 in
797 4500 1056 4547 mternum
1079 4498 1121 4544 δ.
1596 4510 1598 4513 τ

89 4587 187 4643 19.
224 4583 548 4656 Loqunntur
569 4598 700 4654 ergo
728 4583 985 4637 adversus
1009 4596 1108 4636 nos
1132 4578 1386 4652 quidquid
1411 4579 1631 4634 volunt:

9 4697 114 4735 nos
142 4675 450 4748 diligamus
493 4676 612 4730 illos
652 4683 710 4730 et
735 4675 1002 4731 nolentes.
1034 4673 1288 4730 Nuvimtts
1315 4673 1458 4729 enim
1478 4715 1496 4738 ,
1523 4674 1635 4727 fra-

9 4784 130 4826 tres
148 4807 170 4835 ,
224 4765 487 4823 novimus
530 4767 737 4837 linguas
771 4781 957 4821 eormn
980 4782 996 4821 :
1022 4773 1240 4835 propter
1265 4778 1398 4835 quas
1421 4765 1502 4820 eis
1527 4779 1632 4819 non

10 4867 338 4915 irascamur
360 4899 378 4921 .
409 4857 672 4927 patienter
698 4853 835 4912 ferte
860 4855 1157 4910 nobiscum.
1185 4853 1384 4909 Vident
1409 4851 1552 4910 enim
1580 4854 1634 4909 in

9 4967 182 5005 L'tlllsa
211 4963 282 5004 se
313 4948 451 5003 nihil
482 4945 682 5002 habere
705 4988 720 5010 ,
748 4955 804 5000 et
832 4946 1038 5016 linguas
1068 4953 1388 5000 convertunt
1430 4945 1482 4998 in
1514 4959 1632 5008 nos,

9 5052 60 5096 et:
89 5040 385 5112 incipiunt
408 5038 480 5095 de
510 5036 665 5094 nobis
694 5034 877 5094 dicere
907 5037 1068 5103 mala,
1092 5037 1258 5092 multa
1283 5052 1403 5107 qua:
1424 5037 1633 5102 sciunt,

9 5136 191 5188 mtilta
239 5146 378 5204 qua:
411 5129 678 5187 nesciunt.
722 5127 853 5198 Quae
898 5128 1108 5195 sciunt,
1136 5127 1406 5198 prmterita
1454 5133 1639 5182 nostra

9 5235 143 5281 sunt
175 5240 194 5281 :
230 5223 445 5281 fuimus
471 5225 618 5279 enim
655 5216 976 5292 aliquando,
1006 5222 1146 5276 sicut
1170 5214 1302 5276 dicit
1324 5219 1636 5290 Apostolus,

9 5317 166 5372 stulti
214 5324 283 5372 et
311 5312 614 5380 increduli,
645 5321 699 5368 et
724 5311 791 5368 ad
827 5326 987 5367 omne
1028 5327 1162 5381 opus
1198 5310 1396 5367 bonum
1425 5309 1640 5379 reprobi

9 5409 150 5473 E‘I'it.
185 5424 281 5472 in,
311 5406 399 5467 3).
428 5404 487 5461 In
508 5419 696 5460 errore
731 5419 986 5474 perverso
1027 5402 1352 5472 desipientes
1393 5412 1448 5459 et
1498 5402 1642 5459 insa-

68 5526 84 5553 ι
120 5528 177 5570 tn
204 5519 455 5570 clunibus
479 5530 630 5579 prope
649 5525 776 5579 atas"
794 5512 1204 5579 summittantur.

63 5587 86 5614 ²
111 5589 344 5639 septem
371 5576 499 5639 use",
515 5576 868 5639 noscitur-imis
887 5576 1124 5639 debitores
1142 5589 1333 5636 semper
1343 5578 1525 5639 tenete.

66 5647 88 5676 ³
117 5637 339 5706 Aliquot
372 5637 518 5706 _ttss.,
542 5638 710 5706 scitote
727 5637 1076 5706 hwreditatem,
1094 5645 1224 5706 _ete.;
1249 5637 1458 5706 pauloqn

10 5699 256 5768 rite-rique
275 5704 468 5754 eruisse
489 5699 594 5762 nos,
616 5701 800 5752 habent
818 5703 890 5751 sic
913 5715 926 5750 :
945 5700 1106 5752 securi
1123 5699 1288 5750 sumus
1315 5699 1370 5751 in
1389 5699 1643 5752 Wu-

9 5775 44 5797 'n
88 5777 139 5797 nl
147 5783 182 5797 ιο

10 5777 229 5878 θ’δθέίῖιι
259 5864 279 5881 .
306 5823 428 5877 vivit
445 5823 496 5874 in
517 5829 767 5874 interitum
794 5824 961 5882 Abest.
977 5822 1028 5885 in
1050 5830 1312 5887 tetanum,
1336 5836 1364 5872 a
1384 5831 1494 5873 Mss-

361 5907 640 5965 PA'I‘ROL.
675 5905 968 5968 XXXVI.

1098 353 1499 414 ENARRATIO
1527 351 1592 409 IN
1631 346 1957 410 PSALMUM
1985 346 2228 408 XXXVI.

3197 340 3306 404 39d

1715 466 1926 522 nicntes
1961 466 2159 519 fuimus
2181 505 2197 530 ,
2223 477 2328 517 non
2356 476 2641 533 negamus;
2671 468 2725 517 et
2767 469 3028 532 quantum
3077 471 3308 533 prseter-

1716 559 1849 634 ituut
1883 566 2122 610 nostrmn
2148 571 2254 608 non
2293 567 2550 623 negamus
2572 593 2587 612 .
2620 561 2769 606 tanto
2813 554 2982 622 magis
3013 553 3179 608 Deum
3218 556 3307 624 qui

1715 649 1870 702 nobis
1896 647 2117 718 ignovit,
2151 644 2450 701 laudamus.
2479 643 2616 712 Quid
2641 658 2791 712 ergo,
2820 643 3070 699 lnurcticc
3088 686 3104 707 ,
3125 643 3310 699 dimito

1715 740 1782 794 tis
1807 753 2024 793 causam
2044 774 2061 800 ,
2092 745 2148 792 et
2173 737 2219 790 is
2241 735 2310 790 ad
2343 734 2614 791 hominem
2634 734 2660 787 ?
2683 734 2823 801 Quid
2853 736 2994 790 cnim
3023 748 3124 806 ego
3152 750 3270 790 smn
3289 739 3312 786 ἲ

1713 831 1840 901 quid
1884 829 2042 883 sum?
2085 825 2352 898 Numquid
2389 825 2665 882 Catholica
2704 841 2806 896 ego
2849 823 3010 880 sum?
3053 828 3311 896 nmnquid

1716 920 2003 974 haereditas
2037 919 2240 973 Christi
2266 917 2461 972 diffusa
2501 933 2598 987 per
2620 927 2811 988 gentes
2840 933 2940 987 ego
2965 919 3125 972 sum?
3145 917 3313 974 Suffi-

1715 1013 1790 1067 cit
1811 1013 1940 1066 ntilti
1976 1021 2034 1066 ut
2063 1013 2116 1065 in
2146 1027 2210 1067 ea
2241 1012 2364 1066 sim.
2398 1010 2682 1081 Vituperas
2704 1011 2840 1063 mala
2872 1026 2987 1065 mea
3012 1011 3304 1081 prasterita,

1715 1103 1842 1172 quid
1886 1118 2134 1172 magnum
2169 1101 2337 1155 facis?
2375 1100 2628 1156 Severior
2656 1115 2773 1155 sum
2802 1116 2904 1171 ego
2943 1104 2995 1156 in
3026 1103 3163 1157 mala
3194 1119 3310 1158 mea

1716 1211 1877 1264 quam
1908 1206 1961 1247 tu
1988 1212 2002 1245 :
2033 1193 2176 1263 quod
2205 1206 2260 1248 tu
2284 1194 2594 1263 vituperain
2615 1233 2630 1256 ,
2662 1207 2766 1264 ego
2793 1184 3062 1249 damnavi.
3094 1186 3309 1252 Utinam

1717 1286 1884 1341 velles
1916 1286 2144 1350 imitari,
2175 1293 2232 1340 ut
2259 1295 2314 1340 et
2335 1301 2490 1341 error
2514 1295 2636 1340 tuus
2666 1284 2824 1342 fieret
2856 1285 3148 1358 aliquando
3175 1304 3311 1359 przc-

1719 1379 1944 1433 teritus!
2003 1378 2107 1432 Ista
2152 1386 2278 1432 sunt
2319 1377 2455 1431 mala
2499 1377 2807 1447 pﬁeterita,
2853 1394 2975 1449 quae
3013 1391 3305 1446 noverunt,

1719 1470 1952 1524 maxime
1975 1470 2028 1523 in
2067 1469 2165 1523 ista
2202 1469 2439 1524 civitate.
2475 1468 2571 1524 llic
2595 1470 2740 1525 enim
2784 1471 2923 1526 male
2945 1472 3177 1527 viximus
3205 1475 3304 1542 (a),

1719 1559 1860 1630 quod
1903 1575 2008 1631 ego
2039 1560 2342 1615 conﬁteor:
2387 1569 2442 1614 et
2483 1569 2738 1631 quantum
2783 1562 2988 1632 gaudeo
3024 1563 3092 1618 de
3143 1566 3309 1635 gratia

1721 1651 1838 1715 Dei,
1865 1661 2070 1706 tantum
2096 1652 2165 1708 de
2193 1652 2328 1707 meis
2349 1652 2634 1719 pratteritis
2659 1652 2698 1718 ⁸,
2720 1653 2852 1723 quid
2879 1653 3095 1709 dicam?
3117 1656 3312 1712 Doleo?

1721 1743 1994 1810 Dolorem,
2023 1743 2067 1798 si
2097 1742 2272 1798 adhuc
2299 1758 2497 1798 essem.
2527 1743 2632 1799 Sed
2661 1745 2788 1813 quid
2817 1739 3031 1801 dicam?
3056 1747 3314 1804 Gaudeo?

1718 1833 1833 1890 Nec
1878 1832 1980 1888 hoc
2034 1848 2253 1903 possunt
2301 1835 2483 1888 dicere
2534 1853 2548 1888 :
2594 1835 2793 1890 utinam
2844 1838 2988 1894 enim
3044 1856 3313 1910 nunquam

1721 1924 1940 1979 luissem
1965 1926 1978 1980 !
2007 1924 2270 1995 Quidquid
2299 1935 2475 1981 tamen
2506 1926 2598 1992 fui,
2633 1927 2686 1980 in
2709 1929 2926 1984 nomine
2949 1930 3147 1987 Christi
3176 1949 3315 2005 prm-

1723 2015 1936 2070 teritum
1974 2025 2072 2071 est.
2114 2016 2266 2083 Quod
2315 2031 2494 2074 autem
2538 2019 2699 2073 modo
2741 2023 3173 2090 reprehendunt,
3205 2043 3312 2082 non

1723 2116 1938 2163 norunt.
1983 2108 2122 2164 Sunt
2146 2125 2265 2180 qua:
2293 2110 2470 2166 adhuc
2508 2112 2560 2165 in
2592 2128 2679 2168 me
2709 2114 3102 2185 reprehendant
3126 2121 3148 2154 ⁸
3178 2139 3193 2176 :
3219 2125 3313 2177 sed

1724 2207 1900 2254 tamen
1944 2200 2172 2255 multum
2208 2212 2291 2257 est
2323 2202 2389 2257 ad
2438 2204 2558 2258 illos
2591 2213 2650 2260 ut
2689 2206 2802 2261 lucc
2842 2210 3108 2266 noverint.
3154 2214 3311 2270 Multa

1721 2306 1824 2361 ago
1844 2292 1866 2322 ³
1892 2292 1946 2346 in
1992 2292 2409 2363 cogitationibus
2437 2296 2572 2350 meis
2594 2337 2610 2358 ,
2641 2312 2882 2368 pugnans
2909 2301 3169 2358 adversus
3195 2321 3311 2359 mu-

1723 2383 1804 2439 las
1847 2385 2218 2455 suggestiones
2263 2401 2445 2452 meas,
2474 2397 2529 2442 et
2571 2385 2773 2443 habens
2817 2391 3265 2450 conﬂictationem
3294 2400 3315 2428 ⁵

1723 2473 2030 2529 diuturnam
2049 2515 2068 2541 ,
2107 2485 2164 2531 et
2189 2490 2358 2545 prope
2379 2475 2685 2532 continuant
2711 2479 2732 2510 ⁸
2757 2495 2880 2535 cum
2928 2484 3312 2541 tentationibus

1725 2563 1926 2620 inimici
1961 2567 2279 2623 subvertere
2320 2583 2408 2623 me
2445 2568 2690 2625 volentis.
2729 2569 2901 2626 Genio
2945 2575 3010 2629 ad
3049 2575 3213 2631 Deum
3263 2595 3315 2634 m

1725 2654 2035 2714 inﬁrmitate
2075 2673 2231 2724 mea;
2254 2668 2310 2714 ct
2345 2659 2495 2714 novit
2525 2659 2652 2730 quid
2693 2663 2920 2731 parturit
2961 2680 3058 2720 cor
3096 2683 3274 2724 meum
3297 2711 3314 2734 .

1727 2746 1970 2819 ille‘qui
1993 2748 2141 2803 novit
2177 2758 2387 2820 partum
2435 2766 2636 2810 meum.
2684 2751 2816 2807 Mihi
2843 2766 3010 2809 autem
3052 2758 3317 2814 minimum

1726 2850 1822 2909 est,
1861 2851 1918 2897 ut
1941 2859 1973 2896 α
2005 2841 2143 2898 vobis
2170 2843 2424 2916 dijudicer
2446 2886 2462 2912 ,
2490 2856 2578 2899 aut
2612 2846 2676 2901 ob
2699 2847 2921 2907 humano
2941 2852 3042 2918 die,
3070 2855 3146 2909 ait
3173 2857 3320 2924 Apo-

1726 2935 1896 2990 stolus
1921 2952 1937 3000 ;
1963 2936 2053 2992 sed
2085 2953 2244 3008 neque
2265 2955 2358 3008 ego
2396 2940 2645 3010 meipsum
2675 2941 2854 3010 judico
2901 2942 2942 3013 (1
2962 2941 3083 3001 Cor.
3111 2962 3185 3014 tv,
3215 2949 3270 3017 3)
3303 2967 3317 3001 :

1727 3026 1924 3083 melius
1961 3028 2106 3084 enim
2134 3044 2220 3084 me
2248 3044 2348 3099 ego
2379 3031 2502 3084 novi
2528 3047 2688 3101 quant
2713 3032 2806 3096 illi.
2838 3034 2931 3088 sed
2961 3037 3152 3093 melius
3181 3041 3320 3097 Deus

1728 3133 1889 3188 quam
1931 3135 2053 3190 ego.
2097 3119 2214 3175 Non
2247 3136 2376 3192 ergo
2402 3120 2555 3176 vobis
2600 3123 2856 3179 insultent
2881 3125 2950 3182 de
2992 3128 3179 3195 nobis,
3213 3144 3320 3186 non

1730 3210 1892 3267 faciat
1915 3209 2182 3268 Christus.
2240 3213 2436 3269 Dicunt
2473 3215 2654 3293 enim,
2689 3215 2754 3271 Et
2774 3219 2863 3288 qui
2901 3220 3069 3276 sunt?
3097 3231 3153 3276 et
3178 3224 3322 3279 unde

1729 3304 1895 3359 sunt?
1921 3303 2092 3358 malos
2119 3303 2205 3358 hic
2227 3302 2349 3359 illos
2375 3305 2643 3372 novimus,
2671 3306 2758 3360 ubi
2789 3307 3042 3378 baptizati
3073 3313 3238 3367 sunt?
3263 3316 3322 3369 Si

1732 3409 1832 3450 nos
1871 3395 2010 3450 bene
2048 3403 2313 3451 noverunt
2333 3435 2349 3458 ,
2375 3396 2560 3451 sciunt
2586 3397 2706 3467 quia
2737 3407 2792 3452 et
2825 3401 3190 3472 navigavimus
3219 3405 3322 3459 ali-

1731 3485 1984 3558 quando;
2015 3487 2190 3542 sciunt
2213 3487 2335 3556 quia
2353 3497 2407 3542 et
2428 3490 2745 3559 peregrinati
2766 3506 2951 3547 sumus
2969 3510 2984 3558 ;
3005 3494 3185 3551 sciunt
3199 3498 3324 3567 quia

1731 3579 1823 3635 alii
1853 3579 2066 3644 ivimus,
2098 3587 2154 3634 et
2175 3579 2267 3634 alii
2306 3579 2614 3635 rcdivimus.
2653 3579 2768 3636 Non
2817 3582 2903 3637 hic
2947 3585 3196 3656 baptizati
3228 3605 3324 3644 stt-

1735 3687 1852 3726 mus
1877 3689 1892 3725 :
1915 3672 2008 3726 sed
2051 3671 2139 3727 ubi
2172 3670 2421 3739 baptizati
2456 3685 2642 3726 sumus
2669 3671 2746 3745 (ὁ)
2772 3714 2785 3737 ,
2820 3675 3056 3732 Ecclesia
3087 3689 3170 3734 est
3198 3693 3322 3737 nota

1731 3762 1986 3817 universo
2011 3761 2127 3816 orbi
2159 3770 2444 3816 terrarum.
2477 3761 2546 3817 Et
2575 3765 2725 3817 multi
2757 3764 2947 3822 fratres
2974 3770 3140 3825 nostri
3166 3782 3291 3828 sunt
3313 3817 3326 3835 .

1734 3854 1823 3923 qui
1849 3862 1905 3909 et
1933 3863 2127 3907 norunt
2156 3854 2279 3922 quia
2311 3854 2561 3926 baptizati
2593 3872 2802 3920 smnus,
2829 3866 2886 3914 et
2915 3861 3196 3918 nobiscum
3230 3867 3326 3919 ba-

1735 3945 1918 4012 ptizati
1947 3954 2090 3999 sum.
2143 3944 2324 4001 Facile
2355 3952 2595 4016 estergo
2635 3947 2736 4002 hoc
2767 3964 2925 4005 nosse
2953 3989 2968 4017 ,
2994 3952 3038 4006 si
3066 3955 3189 4023 quis
3218 3955 3297 4011 fra
3315 3990 3331 3999 -

1738 4050 1878 4093 trum
1910 4037 2144 4098 estinde
2190 4037 2471 4093 sollicitus.
2505 4037 2626 4093 lstis
2659 4049 2838 4095 autem
2869 4042 3193 4101 satisfacturi
3244 4065 3331 4102 su.

1738 4143 1946 4194 mus.et
1978 4129 2398 4185 demonstraturi
2427 4129 2624 4198 aliquid
2640 4130 3030 4190 detestimonio
3053 4137 3332 4205 Ecclesim,

1738 4225 1823 4279 cui
1855 4239 1960 4277 non
1998 4220 2438 4278 communicant?
2477 4221 2666 4277 Merito
2696 4239 2801 4278 non
2832 4241 2932 4280 nos
2961 4238 3160 4284 norunt
3185 4240 3335 4287 trans

1740 4330 1887 4370 mare
1930 4314 2226 4383 baptizatos
2257 4316 2309 4366 in
2349 4312 2568 4367 Christo
2592 4354 2607 4376 ,
2635 4315 2757 4384 quia
2787 4326 2842 4372 et
2873 4327 3018 4372 trans
3045 4336 3195 4376 mare
3224 4338 3331 4377 non

1742 4408 1935 4463 habent
1962 4405 2255 4460 Christum.
2289 4404 2380 4459 ille
2421 4405 2567 4460 enim
2596 4404 2866 4462 Christum
2917 4418 2972 4462 et
2999 4412 3160 4466 ‘trans
3184 4428 3336 4470 mare

1742 4500 1902 4554 habet
1924 4539 1938 4559 ,
1967 4499 2058 4568 qui
2102 4505 2158 4552 et
2194 4506 2341 4551 trans
2379 4511 2527 4551 mare
2564 4498 2996 4555 communionem
3019 4500 3041 4532 '
3063 4503 3336 4562 universa:

1742 4591 1997 4647 Ecclesiae
2025 4598 2189 4645 tenet.
2222 4589 2503 4657 Quomodo
2545 4599 2720 4660 potest
2757 4605 3089 4661 cognoscere
3117 4595 3207 4652 ubi
3229 4599 3329 4654 sim

1740 4696 1844 4753 ego
1889 4680 2188 4751 baptizatus
2215 4721 2230 4744 ,
2266 4695 2389 4733 cum
2439 4678 2748 4733 communio
2805 4679 2976 4751 ipsius
3012 4685 3101 4742 vix
3148 4691 3332 4746 transi;

1742 4787 1890 4828 mare
1909 4773 1934 4825 ?
1980 4771 2358 4826 Verumtamen
2380 4810 2396 4833 ,
2428 4768 2622 4824 fratres
2660 4767 2766 4826 tnei
2792 4812 2807 4836 ,
2837 4775 2968 4846 quid
3011 4779 3094 4833 eis
3117 4778 3292 4836 dicam
3312 4783 3338 4836 ’Ξ

1741 4862 2096 4932 Suspicamini
2123 4861 2264 4932 quod
2299 4860 2457 4913 vultis
2481 4859 2548 4915 de
2576 4860 2754 4917 nobis.
2781 4863 2836 4920 Si
2870 4866 2992 4921 boni
3019 4881 3207 4926 sumus
3229 4914 3247 4939 ν
3283 4874 3336 4929 Ῐη

1745 4953 1984 5010 Ecclesia
2015 4951 2214 5007 Christi
2246 4951 2510 5006 frmnenta
2549 4966 2779 5009 sumus:
2808 4956 2852 5009 si
2884 4956 3009 5012 mali
3035 4972 3253 5028 sumus,
3285 4964 3339 5021 in

1745 5047 1984 5104 Ecclesia
2022 5043 2220 5101 Christi
2253 5043 2403 5112 palea
2432 5059 2642 5112 sumus,
2674 5054 2853 5103 tamen
2875 5049 2944 5101 ab
2966 5065 3092 5106 arca
3117 5069 3223 5109 non
3256 5073 3340 5113 re-

1811 5203 1835 5274 «_
1855 5199 1991 5262 add,
2017 5195 2426 5249 unitumch
2463 5197 2725 5263 μνααῖαι
2753 5196 2919 5252 tim.
2952 5203 3125 5266 Abest,
3165 5206 3336 5274 timeo,

1745 5279 1774 5316 a
1797 5271 2081 5392 l‘fislsiieriquc
2098 5319 2617 5392 uss.,_repreheitdam.

1812 5389 1834 5420 ³
1856 5395 1956 5437 Duo
1979 5381 2108 5441 sies,
2133 5381 2481 5447 κυανῷ-δῴη
2500 5394 2670 5447 nugor.

1810 5449 1834 5482 δ
1860 5457 1956 5498 Am.
1984 5455 2038 5497 et
2059 5454 2150 5494 Mss
2171 5479 2188 5503 ,
2205 5442 2566 5505 conﬂictionem.

1811 5512 1834 5545 ι
1859 5510 1993 5565 add,
2017 5504 2414 5565 contimamtim.
2444 5513 2542 5556 vox
2569 5505 2664 5557 vim
2685 5507 2828 5556 abest
2849 5519 2878 5557 a
2895 5508 3061 5561 multis
3075 5517 3184 5564 llas.

1813 5573 1836 5631 φ
1861 5577 1909 5620 tn
1936 5564 2158 5633 pluribus
2180 5574 2308 5633 Mss,
2329 5564 2422 5633 illi.

1812 5629 1834 5666 ν
1859 5627 1990 5693 both,
2009 5627 2498 5681 connmmicationem.
2527 5628 2640 5679 add.
2664 5628 2746 5679 alii
2767 5643 2879 5680 cum
2901 5638 3030 5693 uss,
3054 5633 3352 5691 cmic-

1913 5753 2218 5828 carthagine.
2245 5750 2347 5824 vid.
2367 5751 2454 5801 lib.
2476 5752 2511 5800 3
2529 5751 2765 5813 amicas,
2783 5766 2828 5802 c.
2858 5757 2878 5802 1
2901 5762 2953 5804 et
2971 5767 3115 5821 seqq.

1841 5820 1891 5880 ti)
1916 5817 2016 5867 val.
2040 5817 2127 5866 ιώ.
2148 5817 2180 5864 9
2201 5818 2436 5875 comesa,
2455 5828 2496 5865 c.
2523 5817 2572 5862 ϐ.

1841 5817 1891 5881 b)
1916 5817 2016 5867 vid.
2040 5817 2127 5866 lib.
2148 5817 2180 5864 9
2201 5817 2436 5875 Conteris,
2455 5828 2496 5865 c.
2523 5817 2572 5862 ti.

2600 5894 2690 5973 (Τ
2682 5895 2907 5973 reize.)
