3978 6322
590 393 695 451 595

592 511 850 565 continuis.
879 501 959 557 'l‘u
986 498 1076 569 qui
1105 501 1267 551 vento
1294 483 1602 546 tentationis
1629 480 1773 535 foras
1803 473 1989 531 volasti
2010 514 2025 539 ,
2056 465 2184 542 quid

592 602 692 657 rs?
720 595 977 653 Triticum
1006 567 1131 645 'non
1158 583 1299 640 tollit
1347 588 1537 636 ventus
1572 590 1638 630 ex
1668 586 1812 626 area.
1845 567 1923 624 Es
1967 582 2033 620 eo
2057 576 2188 633 ergo

538 688 543 693 ’
594 693 681 747 ubi
712 707 790 751 es.
815 696 1052 755 agnosce
1072 677 1201 749 quid
1228 690 1309 731 es.

665 784 758 837 20.
781 746 902 835 ’5έὸ
934 785 987 829 ιιι
1013 814 1029 835 ,
1077 746 1287 839 inquit,
1314 763 1434 839 quis
1462 775 1522 815 es
1568 757 1661 827 qui
1697 762 1885 811 contra
1930 765 2028 806 nos
2054 746 2190 802 dicis

599 872 789 929 tanta?
815 837 1274 937 Quicinuqnc'sim
1301 837 1489 924 ,'quod
1516 849 1713 904 dicitur
1740 841 1957 899 attende
1976 883 1991 906 ,
2027 852 2131 893 non
2157 850 2189 890 a

569 992 572 994 η
604 978 709 1035 quo
739 930 953 1016 dicitur.
994 930 1099 1007 Sed
1143 945 1409 1019 peccatori
1434 983 1450 1007 ,
1473 937 1643 1010 inquit
1668 978 1684 1004 ,
1717 934 1847 991 dicit
1888 930 2186 988 Dominus:

609 1031 800 1126 thuid
846 1062 900 1105 tu
939 1044 1155 1101 assumis
1208 1042 1560 1094 testamentum
1603 1044 1769 1084 meum
1810 1041 1902 1097 per
1941 1038 1998 1126 es
2047 1031 2191 1126 tuum

604 1110 776 1219 (VPiat.
799 1155 945 1198 xuii.
978 1133 1108 1206 16)?
1136 1132 1285 1186 hicat
1306 1124 1561 1182 Dominus
1586 1120 1690 1175 hoc
1715 1113 1982 1219 peccat-ori
2013 1110 2192 1215 aforte

603 1203 683 1293 est
706 1249 876 1307 genus
921 1203 1257 1299 peccatorum
1285 1220 1373 1276 cui
1413 1217 1516 1271 hoc
1541 1220 1687 1268 recte
1725 1208 1867 1307 dicat
1898 1203 2191 1307 Dominus;

604 1291 784 1384 seduin
813 1291 1104 1394 quemlibet
1141 1314 1283 1368 dicat
1311 1311 1413 1363 hoc
1442 1303 1719 1363 Dominus,
1745 1296 2041 1394 ideo-dicit,
2064 1291 2192 1394 quia

610 1385 875 1489 peccatori
917 1427 1022 1467 non
1070 1405 1288 1477 prodest
1331 1396 1547 1470 quando
1596 1394 1767 1462 legem
1784 1388 1892 1489 Dei
1932 1385 2191 1455 loquitur.

605 1481 871 1581 i‘lumquid
899 1517 949 1560 et
990 1495 1327 1557 auditoribus
1366 1508 1470 1546 non
1505 1485 1757 1581 prodest?
1784 1481 2082 1581 Utrumque
2101 1491 2195 1547 ge-

606 1622 709 1662 uus
754 1574 853 1658 nos
891 1597 1149 1653 habemus
1191 1591 1243 1644 in
1288 1582 1523 1642 Ecclesia
1552 1622 1566 1645 ,
1597 1576 1823 1634 Domino
1865 1574 2114 1635 dicente,
2143 1577 2200 1624 et

608 1700 872 1753 bonorum
916 1699 972 1744 et
1026 1684 1308 1740 malorum.
1365 1677 1493 1731 Boni
1540 1670 1684 1725 enim
1718 1682 1838 1723 cum
1866 1662 2193 1735 praedicant,

578 1765 582 1769 1
610 1787 735 1858 quid
760 1780 983 1838 dicunt?
1015 1776 1305 1829 [mitam-rs
1333 1767 1427 1820 ηιεὶ
1448 1760 1805 1858 erlem-sicut
1833 1764 1885 1858 et
1899 1768 2005 1858 rego
2043 1749 2197 1858 Chri-

610 1842 675 1932 .3;
698 1877 738 1949 (ι
769 1874 888 1928 Cor.
924 1885 1010 1935 ιγ,
1056 1867 1162 1927 16).
1200 1863 1272 1915 ne
1295 1860 1451 1912 bonis
1473 1846 1858 1949 quid-dicitur?
1894 1842 1999 1901 Sed
2035 1845 2201 1949 {arma

613 1932 719 2023 esid
749 1964 976 2036 [idalium
998 1932 1021 1991 ’ί
1047 1958 1090 2028 tl
1122 1954 1259 2010 Tim.
1290 1965 1369 2017 tv,
1402 1948 1471 2004 12
1496 1945 1536 2017 ).
1581 1942 1694 2036 Hoc
1732 1945 1830 2036 nos
1862 1950 1985 1992 esse
2010 1932 2197 2033 elabo-

616 2023 795 2115 ramus
831 2075 843 2111 :
870 2053 996 2125 quid
1023 2023 1201 2104 autem
1228 2044 1429 2106 simus,
1461 2036 1549 2093 ille
1578 2035 1726 2091 novit
1751 2030 1817 2086 ad
1840 2041 2006 2125 quem
2036 2023 2202 2125 gemi-

617 2113 754 2203 nius.
791 2147 866 2200 De
890 2113 1048 2198 malis
1074 2147 1252 2193 tamen
1278 2131 1478 2188 dictum
1508 2135 1591 2182 est
1613 2121 1756 2177 aliud
1782 2137 1797 2175 :
1831 2119 2003 2187 Super
2027 2113 2201 2169 cathe-

616 2247 762 2296 dram
796 2235 960 2307 Moysi
985 2231 1220 2287 sederunt
1264 2220 1459 2280 Scriba:
1484 2227 1530 2274 et
1560 2212 2004 2307 Διιιιιιιε
2032 2206 2203 2259 dicunt

618 2335 769 2405 farina
788 2374 801 2394 ,
825 2301 940 2401 quia
965 2335 1132 2379 autem
1172 2318 1385 2392 faciunt,
1416 2312 1587 2384 facere
1613 2308 1768 2362 nolite
1800 2301 2011 2373 (Matth.
2050 2311 2206 2399 mu,

615 2387 801 2493 ὲέωζ
823 2387 980 2475 liides
1027 2412 1150 2484 quia
1173 2387 1183 2392 ⁷
1203 2409 1256 2463 in
1285 2400 1545 2462 cathedra
1576 2396 1781 2470 Moysi,
1810 2393 1895 2449 cui
1947 2387 2209 2493 successit

616 2476 867 2569 cathedra
912 2476 1105 2561 Christi
1132 2541 1148 2568 ,
1176 2497 1366 2554 sedent
1390 2502 1445 2549 et
1481 2488 1607 2545 mali
1639 2505 1652 2541 :
1685 2494 1734 2542 et
1764 2490 1943 2539 tamen
1978 2476 2207 2535 dicendo

622 2608 757 2657 bona
800 2616 905 2653 non
931 2597 1129 2650 obsunt
1156 2584 1512 2644 auditoribus.
1541 2580 1720 2648 Quare
1764 2584 1817 2631 tu
1851 2580 2068 2644 propter
2094 2584 2209 2623 ma-

622 2700 700 2751 Ius
726 2697 894 2763 ipsam
922 2684 1229 2743 cathedram
1272 2673 1566 2734 dimisisti?
1594 2669 1728 2725 Redi
1754 2667 1821 2723 ad
1851 2675 2060 2763 pacein,
2093 2661 2208 2717 redi

619 2790 683 2846 ad
712 2756 1059 2840 concordiam
1088 2791 1207 2847 quae
1230 2782 1282 2828 te
1304 2786 1410 2825 non
1440 2765 1680 2822 offendit.
1730 2761 1787 2817 Si
1816 2760 1951 2816 bona
1979 2756 2206 2826 loquor,

620 2892 673 2937 et
701 2882 836 2933 bona
865 2875 1021 2936 facio,
1049 2867 1258 2923 imitare
1299 2876 1385 2917 me
1413 2878 1426 2912 :
1455 2859 1500 2914 si
1540 2866 1722 2911 autem
1752 2868 1859 2907 non
1900 2849 2037 2905 facio
2060 2846 2205 2919 quod

623 2977 762 3035 dico,
787 2971 955 3024 habes
992 2964 1274 3022 consilium
1315 2954 1569 3018 Domini;
1596 2965 1716 3021 qua:
1754 2948 1876 3006 dico
1900 2988 1915 3011 ,
1943 2944 2058 3007 fac;
2091 2955 2212 3035 qua:

619 3032 798 3121 autem
828 3060 984 3125 facio,
1018 3056 1126 3110 noli
1153 3053 1370 3113 facere;
1402 3054 1581 3102 tamen
1601 3058 1634 3097 a
1665 3037 1920 3096 cathedra
1946 3032 2210 3091 catholica

625 3157 729 3211 noli
757 3150 1056 3208 discedere.
1103 3146 1241 3201 Ecce
1269 3140 1321 3196 in
1355 3137 1572 3195 nomine
1601 3130 1803 3190 Christi
1844 3127 1967 3185 ituri
1994 3140 2209 3188 smnus,

615 3260 675 3303 et
704 3246 865 3303 multa
909 3238 1104 3297 dicturi
1150 3242 1295 3290 sunt.
1334 3230 1465 3299 Quis
1510 3224 1670 3281 linis?
1716 3222 1838 3278 Cito
1883 3217 2211 3273 contemnite

623 3353 838 3395 causam
882 3341 1139 3389 nostram.
1186 3326 1302 3381 Non
1334 3320 1440 3377 illis
1464 3315 1657 3373 dicatis
1685 3314 1784 3368 nisi
1813 3352 1828 3379 ,
1862 3308 2111 3369 Fratres,
2145 3303 2213 3358 ad

622 3448 739 3488 rem
768 3400 1114 3496 respondete.
1160 3411 1487 3485 Augustinus
1516 3406 1801 3477 episcopus
1826 3406 1912 3456 est
1951 3400 2004 3454 in
2032 3396 2217 3496 Eccle-

626 3486 702 3577 sia
729 3486 985 3575 Catholica
1014 3553 1030 3576 ,
1053 3509 1317 3564 sarcinam
1348 3515 1500 3556 suam
1524 3502 1723 3569 portat,
1749 3491 2009 3548 rationein
2036 3486 2217 3541 reddi-

629 3628 781 3669 turus
806 3617 890 3664 est
913 3608 1023 3661 Deo
1047 3620 1064 3659 :
1089 3602 1141 3655 in
1173 3596 1327 3652 bonis
1355 3606 1478 3648 eum
1507 3587 1627 3644 novi
1652 3602 1669 3649 ;
1698 3586 1743 3640 si
1766 3582 1938 3639 malus
1964 3587 2069 3643 est,
2102 3577 2216 3648 ipse

629 3706 773 3764 novit
795 3722 810 3764 ;
833 3701 877 3756 si
901 3701 1074 3754 bonus
1120 3699 1202 3747 est
1228 3731 1243 3754 ,
1280 3700 1379 3741 nec
1408 3684 1486 3738 sic
1512 3692 1635 3750 spes
1664 3690 1782 3731 mea
1813 3681 1917 3729 est.
1949 3671 2060 3726 Hoc
2091 3675 2217 3722 ante

629 3760 811 3856 omnia
854 3788 1015 3847 didici
1044 3787 1096 3839 in
1140 3777 1415 3837 Catholica
1445 3816 1459 3841 ,
1493 3780 1550 3827 ut
1589 3782 1714 3840 spes
1750 3779 1873 3821 mea
1919 3776 2026 3817 non
2073 3760 2219 3814 sitin

635 3872 869 3953 litimiuc.
921 3883 1111 3941 Merito
1158 3892 1285 3947 ergo
1332 3886 1427 3927 vos
1490 3868 1735 3923 homines
1786 3856 2226 3930 reprehenditis,‘

635 3949 756 4054 quia
787 3994 938 4049 spem
982 3982 1217 4029 vestram
1255 3968 1309 4020 in
1335 3960 1553 4016 homine
1594 3953 1868 4027 posuistis.
1909 3949 2067 4054 Certe
2095 3962 2219 4002 cum

639 4040 1085 4144 reprehenderint
1128 4075 1247 4125 nos,
1299 4048 1634 4111 contemnite
1683 4056 1739 4101 et
1790 4059 1908 4098 vos.
1964 4040 2222 4096 Novimus

636 4131 779 4225 enim
805 4164 1013 4236 qualem
1041 4157 1331 4212 habeamus
1359 4150 1534 4202 locum
1565 4143 1618 4197 in
1656 4138 1821 4195 corde
1845 4146 2026 4191 vestro
2051 4174 2065 4199 ,
2096 4131 2219 4236 quia

636 4223 838 4315 scimus
864 4251 1077 4323 qualem
1111 4249 1284 4301 locum
1318 4237 1557 4294 habeatis
1586 4235 1639 4288 in
1686 4230 1853 4286 corde
1883 4234 2087 4281 nostro.
2119 4223 2226 4278 No-

637 4352 729 4407 lite
767 4316 1062 4419 pro-nobis
1099 4344 1309 4393 certare
1350 4330 1607 4384 adversus
1650 4324 1787 4377 illos.
1845 4316 2115 4388 Quidquid
2157 4316 2225 4419 de

635 4408 791 4496 nobis
827 4433 1088 4497 dixerint,
1112 4430 1218 4484 cito
1256 4423 1520 4481 transite:
1562 4433 1630 4473 ne
1676 4415 1980 4469 laborantes
2023 4408 2225 4464 causa’

635 4527 963 4586 defensionis
993 4530 1190 4576 nostra:
1210 4558 1225 4583 ,
1258 4511 1537 4570 dimittatis
1574 4518 1793 4562 causam
1823 4511 2081 4557 vestram.
2114 4498 2226 4552 Hoc

638 4624 781 4677 enim
821 4623 986 4687 agunt
1027 4618 1241 4667 astute:
1267 4604 1516 4661 nolentes
1545 4606 1599 4656 et
1624 4598 1881 4651 timentes
1908 4601 1965 4647 ut
2001 4590 2069 4647 de
2112 4591 2226 4658 ipsa

638 4727 794 4768 causa
819 4710 1065 4763 dicamus
1086 4745 1100 4767 ,
1128 4703 1380 4770 ingerunt
1422 4691 1576 4747 nobis
1605 4703 1711 4760 quo
1755 4698 1852 4741 nos
1884 4689 2140 4741 avocent;
2171 4689 2229 4734 ut

635 4819 759 4858 cum
788 4796 1116 4854 intendimus
1154 4800 1380 4861 purgare
1405 4797 1504 4838 nos
1523 4823 1539 4846 ,
1561 4780 1812 4835 sileamus
1842 4776 1909 4830 ab
1935 4773 2062 4844 ipsis
2100 4787 2230 4829 con-

642 4887 937 4949 x-incendis.
978 4885 1113 4942 Nam
1138 4892 1360 4953 prorsus
1390 4875 1480 4947 qui
1507 4886 1595 4928 me
1616 4871 1752 4927 dicis
1782 4867 2003 4934 malum,
2034 4864 2155 4920 dico
2175 4873 2231 4920 et

641 5000 744 5055 ego
785 4983 887 5037 alia
932 4970 1347 5033 innumerabilia
1381 4986 1396 5023 :
1444 4963 1552 5021 cito
1585 4962 1738 5019 aufer
1782 4960 1850 5016 de
1883 4959 2060 5015 medio
2088 4999 2103 5021 ,
2135 4954 2231 5011 ﬁni

641 5049 857 5135 causam
889 5087 1084 5131 meam,
1114 5067 1183 5122 de
1210 5080 1269 5120 re
1291 5077 1413 5129 age,
1437 5058 1694 5114 Ecclesia:
1723 5068 1939 5109 causam
1969 5049 2191 5105 attende
2210 5089 2226 5113 ,

643 5171 733 5225 ubi
763 5169 837 5224 sis
867 5163 1006 5219 vide.
1042 5158 1253 5215 Veritas
1282 5152 1375 5208 tibi
1403 5148 1676 5207 undelibet
1701 5147 1965 5215 loquatur,
1988 5141 2233 5197 esuriens

646 5261 866 5329 accipe;
917 5269 985 5309 ne
1031 5261 1304 5318 nunquam
1344 5241 1409 5298 ad
1458 5249 1509 5296 te
1569 5238 1846 5310 perveniat
1889 5234 2072 5304 panis,
2105 5232 2231 5285 dum

645 5326 858 5421 semper
905 5345 1030 5418 quid
1078 5337 1441 5413 reprehendas
1490 5334 1545 5389 in
1581 5330 1798 5388 vasculo
1846 5326 2152 5383 fastidiosus
2180 5332 2235 5379 et

644 5440 1008 5500 calumniosus
1028 5432 1273 5505 inquiris.

708 5620 722 5651 ί
750 5620 823 5668 sic
844 5611 1062 5663 melioris
1086 5613 1341 5668 notgttss.
1375 5607 1431 5653 At
1448 5599 1585 5660 ΒΜ..
1611 5605 1682 5648 De
1702 5591 1836 5648 nobis
1866 5591 1984 5657 quid
2018 5586 2239 5645 dicitur?

643 5678 735 5731 sed
756 5664 911 5738 flama
930 5678 1074 5723 estote
1095 5664 1330 5734 ﬁdelium.

706 5745 722 5771 τ
749 5748 876 5798 3185.,
900 5749 1032 5786 cura.

1804 361 1863 419 S.
1904 346 2271 415 AUGUSTI!“
2312 346 2610 403 EPISCOPI

3775 334 3874 391 598

2638 574 2718 636 IN
2762 571 3141 637 PSALMUM
3184 570 3493 664 xxxvii

2864 688 3283 746 ENARRATIO.
3304 723 3305 727 η

2791 816 2964 860 εειιιιο
3000 817 3068 857 ΔΙ)
3107 815 3367 857 νοευιυιι.

2368 940 2425 995 l.
2465 937 2861 1008 Opportunead
2887 936 2939 991 id
2972 935 3113 1008 quod
3155 934 3507 1001 enatavimus,
3550 932 3878 1005 Iniquitatem

2300 1047 2461 1086 meam
2512 1045 2605 1100 ego
2653 1028 2944 1099 pronuntio,
2984 1038 3031 1083 et
3069 1044 3245 1082 curam
3276 1043 3445 1097 geram
3482 1026 3500 1057 ⁸
3545 1042 3639 1095 pro
3682 1038 3880 1095 peccato

2299 1137 2430 1187 meo,
2457 1119 2730 1190 respondit
2749 1119 2866 1173 haec
2888 1117 3079 1175 mulier
3104 1116 3174 1172 de
3197 1116 3424 1172 lectione
3453 1115 3749 1187 Evangelii.
3779 1116 3880 1169 lni-

2300 1210 2533 1282 quitates
2560 1210 2703 1265 enim
2736 1208 2854 1278 ejus
2879 1207 3092 1262 intuens
3118 1206 3405 1274 Dominus,
3432 1221 3619 1261 canem
3646 1204 3880 1276 appella-

2300 1302 2375 1356 vit
2400 1301 2585 1354 dicens
2608 1316 2621 1345 τ
2653 1298 2775 1352 Non
2803 1307 2874 1352 est
2898 1297 3104 1362 bonum,
3133 1313 3315 1367 panem
3338 1295 3559 1365 ﬁliarum
3583 1297 3779 1349 mittere
3800 1312 3883 1347 ea-

2302 1393 2448 1447 nibus
2470 1388 2682 1466 (Manli.
2712 1406 2799 1452 xv,
2817 1389 2930 1459 ευ).
2961 1390 3030 1444 At
3052 1388 3136 1443 illa
3154 1403 3274 1459 qua:
3299 1396 3527 1442 noverat
3546 1386 3875 1456 iniquitatem

2301 1500 2451 1542 suam
2484 1485 2850 1554 pronuntiare,
2880 1492 2934 1537 et
2960 1496 3141 1535 curam
3171 1493 3359 1550 gerere
3396 1492 3495 1549 pro
3524 1487 3744 1548 peccata
3764 1493 3882 1543 suo,

2303 1595 2409 1633 non
2437 1576 2649 1648 negavit
2693 1575 2834 1646 quod
2876 1574 3073 1629 veritas
3111 1571 3274 1638 dixit;
3320 1571 3415 1628 sed
3457 1568 3725 1626 miseriam
3755 1584 3885 1625 con-

2304 1668 2462 1729 fessa.
2498 1664 2919 1721 misericordiam
2952 1664 3129 1735 potius
3156 1662 3458 1733 impetravit
3493 1662 3537 1728 ί,
3576 1675 3759 1716 curam
3792 1675 3889 1730 ge-

2302 1775 2431 1815 rens
2458 1773 2550 1829 pro
2578 1766 2796 1827 peccato
2816 1771 2933 1810 suo.
2959 1754 3089 1809 Nam
3120 1764 3176 1809 et
3198 1752 3375 1810 curari
3419 1754 3675 1823 petiverat
3726 1752 3889 1806 filiani

2304 1865 2479 1915 suam,
2521 1848 2761 1904 fortassis
2791 1849 2842 1901 in
2892 1846 3001 1901 tilia
3029 1845 3334 1917 significans
3359 1846 3519 1901 vitam
3546 1857 3720 1900 suam.
3740 1844 3895 1898 Psal:

2306 1959 2449 1999 mum
2477 1956 2603 2012 ergo
2625 1951 2822 2007 totum,
2852 1945 3108 2009 quantum
3139 1952 3439 2008 possumus,
3463 1936 3587 1992 dum
3634 1936 3895 1992 conside-

2305 2046 2491 2089 ramus
2532 2039 2588 2086 et
2645 2040 3050 2101 pertractamus,
3104 2027 3386 2083 advertite.
3436 2025 3589 2083 Adsit
3625 2025 3898 2081 Dominus

2308 2123 2561 2180 cordibus
2589 2122 2806 2188 nostris,
2840 2130 2897 2177 ut
2937 2119 3221 2175 salubriter
3248 2120 3335 2176 hic
3380 2117 3712 2174 inveniamus
3734 2131 3899 2173 voces

2309 2225 2543 2282 nostras,
2574 2223 2625 2270 et
2666 2213 2935 2284 quomodo
2974 2212 3335 2266 invenerimus
3392 2208 3744 2281 proferamus,
3792 2222 3900 2262 nec

2305 2309 2597 2364 difﬁculter
2626 2304 2965 2371 inveniendo,
2999 2320 3097 2361 nec
3124 2303 3368 2373 imperite
3394 2298 3733 2373 proferendo.

2380 2398 2437 2454 2.
2466 2397 2618 2471 [vers.
2648 2395 2726 2470 1.]
2751 2396 2962 2451 Titulus
2989 2395 3106 2464 ejus
3132 2404 3235 2459 est,
3271 2392 3512 2448 Psalmus
3530 2392 3631 2463 ipsi
3657 2389 3828 2446 David
3849 2392 3900 2443 in

2310 2489 2710 2545 recordationem
2758 2486 2971 2542 sabbati.
3012 2486 3312 2555 Quaerimus
3351 2501 3473 2556 qua:
3511 2484 3667 2540 nobis
3700 2481 3901 2560 scripta

2311 2592 2437 2639 sunt
2462 2582 2529 2636 de
2552 2590 2739 2637 sancto
2765 2577 2931 2635 David
2961 2580 3244 2652 propheta,
3275 2594 3342 2634 ex
3367 2577 3519 2649 cujus
3554 2578 3760 2634 semine
3790 2574 3901 2633 De-

2314 2674 2492 2729 minus
2517 2682 2702 2729 noSter
2725 2672 2880 2730 Jesus
2895 2672 3138 2729 Christus
3158 2671 3451 2727 secundum
3470 2684 3685 2726 carnem
3714 2669 3872 2743 (Rara
3887 2707 3899 2719 .

2317 2782 2360 2834 ι,
2382 2768 2441 2840 5)
2473 2768 2489 2821 :‘
2514 2782 2567 2824 et
2596 2768 2737 2823 inter
2766 2767 2902 2823 bona
2934 2782 3053 2837 quae
3078 2765 3146 2822 de
3192 2765 3283 2819 illo
3308 2765 3461 2819 nobis
3499 2773 3621 2818 nota
3664 2771 3789 2817 sunt
3808 2752 3904 2831 per

2314 2859 2648 2929 Scriptores,
2679 2872 2784 2912 non
2832 2857 3135 2913 invenimus
3163 2869 3285 2911 eum
3323 2853 3607 2925 aliquando
3651 2850 3904 2907 recorda-

2314 2949 2750 3005 tnm‘sabbatum.
2783 2947 2920 3017 Quid
2940 2947 3081 3002 enim
3100 2947 3171 3001 ita
3197 2945 3586 3009 recordaretur,
3608 2941 3902 2998 secundum

2317 3040 2462 3096 illam
2519 3039 2949 3095 observationem
3009 3037 3315 3093 Iudaeorum
3374 3049 3477 3104 qua
3551 3031 3906 3090 observabant

2319 3134 2637 3199 sabbatum;
2666 3132 2792 3203 quid
2835 3131 2906 3186 ita
2937 3130 3333 3193 recordaretur,
3368 3128 3507 3200 quod
3535 3128 3676 3183 inter
3698 3138 3902 3196 septem

2316 3223 2435 3277 dies
2489 3223 2794 3279 necessario
2842 3220 3124 3277 veniebat?
3171 3218 3573 3276 Observandum
3601 3232 3729 3290 ergo
3766 3228 3901 3278 erat.

2320 3329 2429 3368 non
2470 3314 2550 3368 sic
2588 3312 3001 3368 recordandum.
3022 3310 3193 3366 Nemo
3224 3318 3403 3365 autem
3430 3308 3769 3372 recordatur,
3804 3310 3904 3361 nisi

2320 3404 2460 3475 quod
2492 3405 2542 3459 in
2574 3404 2857 3475 praesentia
2886 3417 2992 3458 non
3017 3409 3103 3457 est
3122 3400 3373 3471 positum.
3407 3399 3564 3456 Verbi
3604 3400 3773 3470 gratia
3809 3416 3821 3451 :
3855 3400 3906 3454 iu

2322 3496 2423 3551 hac
2448 3495 2663 3550 civitate
2706 3491 3007 3549 recordaris
3032 3490 3410 3561 Carthaginem
3430 3530 3447 3555 ,
3478 3488 3568 3543 ubi
3614 3488 3757 3543 fuisti
3807 3490 3909 3544 ali-

2320 3586 2650 3657 quando;'et
2681 3585 2941 3640 hodierno
2966 3584 3055 3640 die
3074 3582 3373 3640 recordaris
3399 3580 3709 3637 hesternum
3740 3580 3907 3645 diem,

2322 3680 2405 3737 vel
2437 3680 2631 3750 prioris
2649 3680 2791 3742 anni,
2817 3677 2900 3733 vel
2929 3675 3221 3747 quemlibet
3248 3673 3591 3739 anteriorem,
3612 3681 3667 3727 et
3693 3671 3907 3741 aliquod

2324 3774 2519 3829 factum
2545 3784 2692 3827 tuum
2721 3770 2860 3842 quod
2886 3769 2996 3840 jam
3026 3767 3219 3832 fecisti,
3248 3776 3341 3822 aut
3376 3762 3575 3836 aliquid
3609 3764 3698 3819 ubi
3740 3763 3908 3827 fuisri,

2324 3861 2410 3921 vel
2433 3862 2516 3920 cui
2546 3865 2621 3918 rei
2650 3856 2954 3918 interfuisti.
3003 3860 3140 3929 Quid
3190 3859 3290 3915 sibi
3330 3858 3444 3914 vult
3478 3859 3575 3913 ista
3606 3855 3911 3913 recordatio

2325 3956 2553 4018 sabbati,
2584 3954 2776 4010 fratres
2806 3938 2950 4009 mei?
2979 3966 3100 4024 quas
3129 3951 3307 4006 anima
3339 3950 3416 4006 sic
3450 3949 3763 4007 recordatur
3783 3951 3908 4006 sab-

2326 4045 2708 4117 batum?quod
2752 4054 2834 4100 est
2880 4044 2982 4099 hoc
3008 4041 3324 4100 sabbatum?
3364 4040 3496 4097 Cum
3534 4042 3731 4115 gemitu
3770 4042 3912 4096 enim

2329 4138 2658 4194 recordatur.
2701 4136 2766 4192 Et
2816 4150 2937 4192 cum
2983 4135 3229 4191 Psalmus
3274 4133 3560 4205 legeretur,
3588 4132 3833 4194 audistis.
3863 4144 3914 4188 et

2329 4230 2490 4286 modo
2513 4244 2633 4284 cum
2666 4228 3038 4292 retexerimus,
3072 4224 3299 4280 audietis
3334 4232 3563 4295 quantus
3590 4223 3660 4278 sit
3689 4238 3910 4285 mazror,

2330 4335 2559 4394 quantus
2579 4322 2828 4392 gemitus,
2882 4329 3110 4390 quantus
3156 4318 3333 4381 ﬂetus,
3377 4331 3495 4387 qua:
3534 4316 3767 4371 miseria.
3813 4316 3913 4371 Sed

2334 4416 2458 4471 felix
2503 4424 2605 4478 est,
2660 4413 2749 4482 qui
2800 4413 2880 4467 sic
2934 4412 3097 4466 miser
3139 4418 3240 4464 est.
3272 4407 3428 4464 Unde
3469 4414 3525 4464 et
3574 4406 3835 4463 Dominus
3866 4407 3915 4461 in

2332 4507 2623 4579 Evangelia
2646 4506 2828 4559 beatos
2848 4502 3135 4574 appellavit
3154 4500 3413 4573 quosdam
3435 4501 3677 4570 lugentes
3701 4498 3913 4573 (Matth.

2335 4616 2391 4659 ν,
2414 4598 2489 4672 5).
2518 4598 2672 4655 Unde
2694 4598 2898 4663 beatus,
2926 4598 2969 4651 si
2998 4594 3220 4664 lugens?
3248 4592 3386 4649 unde
3412 4594 3618 4661 beatus,
3635 4592 3681 4656 si
3707 4594 3866 4649 miser
3897 4590 3917 4648 2

2335 4691 2448 4746 lmo
2474 4691 2635 4744 miser
2672 4698 2816 4744 esset
2844 4689 2889 4742 si
2920 4688 3110 4758 lugens
3130 4703 3234 4742 non
3261 4695 3424 4741 esset.
3466 4685 3650 4742 Talem
3693 4701 3824 4756 ergo
3868 4696 3919 4742 ct

2336 4782 2422 4837 hic
2452 4782 2771 4851 accipiamus
2806 4780 3081 4835 sabbatum
3127 4778 3519 4846 recordantem,
3552 4777 3733 4834 nescio
3760 4794 3916 4847 quem

2337 4877 2607 4947 lugentem
2640 4891 2654 4927 :
2687 4883 2741 4928 et
2762 4873 2960 4926 utinam
2985 4887 3082 4925 nos
3102 4872 3267 4925 simus
3305 4872 3417 4939 ipse
3443 4871 3628 4925 nescio
3642 4870 3798 4940 quis!
3830 4871 3916 4928 Est

2336 4969 2479 5025 enim
2505 4968 2720 5038 quidam
2748 4966 2956 5028 dolens,
2988 4970 3227 5034 gemens,
3256 4963 3463 5032 lugens,
3486 4962 3782 5019 recordans
3799 4965 3916 5017 sab-

2336 5061 2541 5115 batum.
2565 5056 2875 5119 Sabbatum,
2900 5056 3110 5124 requies
3130 5065 3228 5109 est.
3260 5052 3388 5109 Siue
3420 5052 3579 5109 dubio
3619 5053 3718 5107 iste
3753 5054 3805 5107 in
3836 5071 3921 5109 ne-

2339 5154 2455 5207 scio
2497 5164 2601 5221 qua
2627 5146 2997 5219 inquietudine
3022 5155 3159 5212 erat,
3188 5145 3279 5216 qui
3304 5160 3424 5201 cum
3452 5144 3655 5216 gemitu
3686 5148 3919 5217 requiem

2340 5244 2739 5303 recordabatur.

2412 5336 2467 5390 5.
2495 5331 2647 5408 [υεη.
2686 5330 2770 5403 2.]
2796 5329 2914 5401 Ipse
2961 5329 3142 5399 itaque
3167 5326 3587 5396 inquietudinem
3629 5341 3790 5398 quam
3834 5345 3917 5397 pa-

2344 5426 2594 5490 tiebatur,
2625 5430 2810 5478 narrat
2839 5429 2894 5476 et
2922 5418 3263 5476 commendat
3290 5418 3420 5484 Deo,
3450 5418 3632 5473 nescio
3658 5420 3784 5489 quid
3810 5432 3917 5490 gra-

2344 5520 2461 5573 vius
2489 5517 2685 5571 timens
2703 5527 2859 5583 quam
2881 5519 2997 5567 erat
3023 5511 3108 5566 ubi
3142 5509 3418 5566 erat.Nam
3447 5492 3577 5580 quia.
3596 5510 3648 5564 in
3667 5513 3808 5565 malo
3829 5519 3917 5568 est.

2410 5677 2426 5707 ¹
2454 5682 2528 5723 Er.
2550 5682 2600 5722 et
2622 5678 2758 5731 lion,
2774 5683 2905 5734 gero.
2932 5676 2985 5718 Αι
3010 5679 3086 5736 Ain
3131 5674 3183 5735 et
3204 5664 3370 5736 plures
3391 5672 3515 5736 γει,
3540 5677 3729 5736 gerem.

2356 5799 2367 5810 .
2411 5743 2432 5768 ⁴·
2455 5747 2634 5848 ιιιιιιιεῗ
2656 5728 2806 5797 prope
2842 5742 2968 5791 Mss,
2994 5732 3077 5779 sui
3118 5728 3497 5777 niiseit'co.‘dt'..m
3532 5728 3749 5789 confesso
3784 5738 3919 5793 potius

2356 5808 2600 5848 mmetravt
2623 5827 2638 5842 .

2348 5808 2638 5860 impetravit.
