3978 6320
133 272 228 328 397

135 393 317 457 aperte
340 380 492 447 dicit,
522 391 628 434 nec
655 374 949 444 interprete
975 383 1109 441 opus
1147 376 1250 434 est,
1279 379 1379 421 nec
1401 362 1727 432 suspicione,

138 454 234 532 nec
280 473 591 544 coitjectura
623 465 654 522 :'
671 467 724 523 in
754 481 861 536 quo
907 461 1048 519 malo
1091 460 1181 522 sit,
1228 473 1335 512 non
1372 454 1644 510 dubitatur
1669 466 1734 504 cx

136 571 253 640 ejus
279 541 482 632 verbis,
520 577 622 618 nec
647 574 784 631 opus
812 565 899 613 est
922 565 980 609 ut
1013 565 1340 623 quaeramus,
1371 546 1464 602 sed
1495 557 1551 599 ut
1593 541 1737 613 quod

138 636 271 719 dicit
328 658 706 728 intelligamus.
765 651 832 706 Et
881 647 985 702 nisi
1033 643 1186 714 pejus
1230 638 1430 710 aliquid
1482 636 1737 698 timeret,

142 773 302 828 quam
325 763 447 810 crat
475 749 607 806 illud
650 760 757 816 quo
799 740 1119 802 tenebatur,
1161 749 1270 789 non
1309 731 1390 786 sic
1431 729 1736 828 inciperet:

151 816 384 912 Dandae,
410 861 473 900 ne
497 843 551 897 in
571 833 918 909 indignatione
937 839 1025 884 tua
1051 842 1238 904 arguas
1264 838 1364 888 me,
1394 835 1554 888 neque
1580 818 1632 870 in
1659 816 1739 868 ira

148 957 236 1000 tua
260 911 496 998 attendes
529 953 624 990 me.
659 932 916 990 Futurum
962 935 1044 980 est
1071 923 1212 978 enim
1243 929 1302 980 ut
1325 914 1543 988 quidam
1573 913 1628 966 in
1662 911 1741 962 ira

147 1039 243 1094 Dei
293 1031 664 1092 emendentur,
713 1032 768 1079 et
813 1022 866 1076 in
918 1016 1281 1088 indignatione
1331 1016 1643 1079 arguantur.

148 1093 289 1185 t‘orte
324 1141 430 1179 non
455 1135 644 1178 omnes
685 1115 776 1187 qui
815 1119 1110 1182 arguuntur
1149 1101 1575 1161 emendabuntur
1603 1112 1617 1148 :
1650 1093 1744 1148 sed

150 1235 332 1276 tamen
365 1213 526 1271 futuri
548 1219 680 1266 sunt
715 1208 771 1261 in
797 1200 1176 1260 emendatione
1201 1188 1427 1267 quidam'
1458 1189 1612 1244 salvi.
1643 1187 1748 1241 Fu-

155 1417 334 1459 tamen
377 1371 527 1471 quasi
570 1408 664 1464 per
709 1393 905 1460 ignem.
948 1381 1136 1438 Futuri
1167 1388 1346 1434 autem
1397 1373 1611 1446 quidam
1656 1371 1746 1442 qui

153 1467 470 1565 arguuntur,
500 1495 554 1541 et
580 1499 684 1538 non
704 1476 1150 1534 emendabuntur.
1196 1469 1326 1524 Nam
1358 1467 1540 1536 utique
1562 1470 1749 1533 arguet

154 1556 254 1642 eos
281 1582 477 1656 quibus
505 1575 665 1640 dicet,
699 1569 924 1630 Esurivi,
946 1576 994 1622 et
1021 1580 1120 1618 non
1145 1561 1360 1615 dedistis
1377 1557 1500 1612 mihi
1533 1556 1751 1610 mandu-

155 1693 276 1732 rare
288 1647 314 1737 ;’
332 1672 488 1735 sitiri,
517 1679 563 1723 et
590 1683 691 1720 non
723 1663 929 1729 potasti:
948 1674 1026 1711 me
1050 1673 1068 1710 :
1093 1664 1149 1710 et
1173 1663 1366 1708 cartera
1392 1664 1510 1718 qum
1533 1647 1602 1702 ibi
1631 1661 1752 1716 pro-

157 1780 413 1838 sequens,
431 1757 717 1834 quamdam
743 1750 1184 1811 inbnmanitatem
1214 1755 1266 1798 et
1307 1741 1640 1796 sterilitatem
1665 1736 1751 1790 in-

156 1829 392 1930 crepitat
420 1829 574 1910 malis
596 1850 663 1905 ad
690 1829 963 1903 sinistram
989 1838 1314 1899 constitutis,
1331 1829 1751 1930 quibttsdicitn‘r,

160 1952 243 2006 Ite
258 1920 322 2004 'in
349 1948 514 2018 ignem
541 1951 805 2001 (sternunt,
834 1935 921 2002 qui
951 1937 1158 2002 paratus
1186 1936 1260 1980 est
1281 1924 1483 1978 diabolo
1507 1920 1755 1992 ctaugclis

160 2010 501 2114 ejuswatth.
517 2034 646 2096 'xxv,
667 2030 757 2095 il,
782 2027 892 2096 ΑΞ).
911 2023 1035 2078 ιιωο
1056 2021 1156 2074 iste
1183 2017 1424 2090 graviora
1440 2010 1752 2078 formidans,

161 2105 390 2204 excepta
428 2128 534 2183 vita
583 2125 705 2187 ista,
757 2121 809 2174 in
851 2116 1003 2186 cujus
1043 2111 1197 2167 malis
1229 2109 1428 2181 plangit
1463 2115 1517 2162 et
1555 2105 1753 2178 gemit,

165 2202 320 2300 rogat
345 2232 402 2281 et
438 2219 568 2276 dicit
604 2237 618 2271 :
645 2213 884 2278 Domine,
912 2225 973 2264 ne
992 2209 1044 2262 in
1073 2202 1421 2294 indignatione
1459 2210 1546 2254 tua
1569 2213 1760 2300 arguas

164 2289 266 2374 ut;
303 2316 421 2373 Non
451 2312 553 2368 sim
595 2309 733 2364 inter
775 2289 1130 2372 illosquibus
1177 2297 1420 2351 dicturus
1453 2307 1512 2347 es
1541 2307 1558 2343 :
1591 2289 1674 2344 Ite
1703 2289 1760 2342 in

165 2416 336 2486 ignem
363 2387 629 2468 wternum,
650 2401 736 2472 qui
761 2407 971 2470 paratus
997 2403 1068 2449 est
1097 2389 1302 2486 diabolo
1322 2396 1369 2441 et
1404 2382 1599 2486 angelis
1625 2381 1756 2452 ejus.

168 2475 347 2574 dieque
373 2501 427 2553 in
453 2498 531 2550 ira
567 2505 655 2548 tua
697 2489 929 2546 emendes
950 2501 1028 2539 me
1056 2500 1076 2538 :
1110 2491 1165 2536 ut
1193 2480 1244 2536 in
1275 2478 1377 2532 hac
1417 2475 1523 2529 vita
1561 2485 1761 2574 purges

164 2564 273 2656 me;
323 2600 382 2648 et
410 2589 567 2644 talem
600 2598 688 2638 me
735 2579 950 2643 reddas,
977 2575 1063 2631 cui
1107 2573 1213 2643 jam
1245 2564 1613 2624 emendatorio
1640 2564 1763 2634 igne

167 2702 273 2740 non
305 2696 442 2752 apus
467 2677 558 2742 sit,
589 2681 808 2745 propter
837 2669 959 2724 illos
975 2666 1064 2737 qui
1095 2663 1229 2719 salvi
1257 2668 1450 2720 erunt,
1479 2659 1555 2712 sic
1585 2665 1762 2710 tamen

162 2773 318 2845 quasi
343 2747 440 2840 per
463 2768 664 2838 ignem.
687 2763 900 2830 Quare;
932 2756 1033 2812 nisi
1059 2755 1180 2825 quia
1204 2751 1292 2805 hic
1309 2747 1574 2845 a'diiifa-nt
1601 2758 1761 2815 supra

165 2837 572 2920 fundamentum
615 2855 752 2926 ligna
777 2894 792 2918 ,
842 2849 1020 2905 fenum
1045 2888 1062 2914 ,
1091 2841 1383 2915 stipulam?
1411 2837 1766 2896 Editicarent

164 2969 348 3014 autem
395 2965 607 3015 aurum,
647 2953 959 3016 argentum,
1007 2936 1216 3008 lapides
1265 2933 1552 3005 pretiosos,
1598 2937 1655 2985 et
1697 2927 1767 2983 de

168 3057 399 3117 utroque
426 3043 550 3113 igne
576 3037 749 3094 securi
777 3039 997 3103 essent;
1021 3044 1126 3084 non
1149 3026 1323 3082 solum
1349 3025 1418 3080 de
1447 3023 1541 3077 illo
1561 3030 1766 3075 aeterno

165 3142 258 3214 qui
286 3113 344 3196 in
368 3146 629 3194 :etcrnum
660 3130 996 3186 cruciaturus
1019 3131 1101 3179 est
1128 3120 1318 3190 impios
1340 3160 1356 3184 ,
1393 3114 1486 3171 sed
1513 3113 1769 3214 etiam-fle

170 3203 260 3288 iilo
280 3229 374 3300 qui
393 3223 699 3284 emendabit
722 3234 817 3276 ens
840 3215 929 3288 qui
958 3229 1052 3286 per
1091 3213 1269 3283 ignem
1296 3207 1428 3264 salvi
1469 3215 1657 3300 erunt:
1676 3203 1769 3258 Di-

169 3293 312 3378 citur
333 3319 500 3379 enim,
534 3313 657 3386 Ipse
681 3320 849 3365 autem
874 3306 1044 3360 saluus
1069 3303 1184 3365 erit,
1209 3301 1280 3355 sic
1311 3307 1480 3353 tamen
1513 3293 1658 3366 quasi
1681 3308 1771 3362 per

170 3417 338 3484 ignem
363 3410 379 3471 ί
403 3404 560 3463 lCor.
587 3420 663 3470 ιιι,
699 3399 782 3463 l2,
809 3397 935 3468 t5).
968 3395 1033 3450 Et
1059 3392 1186 3464 quia
1216 3389 1433 3484 dicitur,
1460 3386 1768 3484 salvus-erit,

171 3477 536 3560 contemnitur
565 3497 653 3549 ille
684 3490 842 3563 ignis.
901 3488 974 3543 lta
1023 3486 1180 3555 plane
1219 3480 1466 3552 quamvis
1513 3477 1644 3532 salvi
1675 3489 1774 3545 per

174 3597 353 3667 ignem
376 3633 391 3654 ,
431 3589 644 3660 gravior
671 3595 848 3637 tamen
878 3579 983 3634 erit
1009 3577 1100 3631 ille
1131 3574 1296 3644 ignis,
1325 3585 1484 3642 quam
1516 3566 1772 3642 quidquid

175 3659 358 3758 {uitest
388 3659 548 3739 homo
578 3677 682 3750 pati
729 3677 782 3730 in
830 3673 930 3727 hac
979 3671 1106 3724 vita.
1159 3668 1228 3722 Et
1257 3666 1426 3719 nostis
1462 3671 1657 3732 quanta
1690 3659 1776 3716 hic

175 3751 318 3853 passi
361 3785 485 3833 sunt
530 3773 677 3837 mali,
698 3778 753 3824 et
782 3773 1005 3837 possunt
1036 3760 1142 3833 pati
1175 3777 1188 3812 :
1221 3769 1397 3812 tamen
1446 3765 1591 3809 tanta
1631 3751 1777 3824 passi

177 3845 320 3934 sunt,
347 3877 546 3941 quanta
581 3869 869 3935 pntttcrttltl
899 3858 1006 3929 pati
1029 3864 1084 3912 et
1114 3853 1259 3909 boni.
1291 3849 1426 3920 Quid
1453 3848 1595 3903 enim
1625 3845 1776 3918 quis-

176 3980 280 4034 que
312 3939 610 4020 maleﬁcus,
640 3956 798 4019 latro,
827 3949 1039 4004 adulter
1059 3988 1074 4012 ,
1113 3943 1408 4002 sceleratus
1429 3983 1447 4009 ,
1487 3939 1780 4008 sacrilegus

181 4029 400 4127 pertulit
429 4049 656 4119 legibus,
683 4043 826 4114 quod
870 4057 974 4096 non
1007 4037 1222 4109 pertulit
1255 4043 1458 4105 martyr
1485 4032 1538 4086 in
1565 4029 1781 4088 confes-

179 4121 334 4200 sione
377 4139 614 4198 Christi?
642 4139 740 4192 Ista
769 4149 898 4204 ergo
937 4145 1055 4202 qua:
1083 4129 1171 4183 bic
1215 4135 1342 4181 sunt
1368 4124 1506 4179 mala
1529 4123 1548 4154 ί
1567 4164 1584 4189 ,
1614 4121 1784 4176 ιιιιιΙιο

180 4240 424 4298 faciliora
469 4241 640 4289 sunt:
679 4240 732 4283 et
779 4238 958 4282 tamen
1001 4221 1181 4276 videte
1221 4213 1671 4289 quemadmodum
1720 4228 1784 4269 ea

184 4329 436 4386 homines
491 4339 560 4378 ne
615 4320 922 4391 patiantur,
976 4310 1234 4384 quidquid
1286 4307 1514 4378 jusseris
1559 4304 1782 4361 faciunt.

181 4423 398 4490 Quanto
431 4415 623 4470 melius
654 4411 853 4466 iaciunt
881 4404 1024 4477 quod
1047 4402 1202 4474 jubet
1244 4401 1405 4466 Deus,
1442 4413 1509 4453 ne
1553 4397 1639 4451 illa
1665 4410 1788 4467 gra-

183 4516 333 4569 viora
364 4504 672 4581 patiantur?

253 4608 310 4662 ι.
343 4603 503 4676 (vers.
531 4595 614 4670 3.]
642 4595 819 4662 Quare
858 4598 1037 4646 autem
1065 4587 1199 4659 petit
1223 4585 1326 4639 lste
1365 4598 1432 4638 ne
1465 4583 1518 4637 in
1549 4581 1791 4650 indigna-

187 4701 332 4753 tione
348 4673 652 4763 arguatur,
683 4701 855 4756 neque
905 4684 957 4738 in
999 4682 1075 4735 ira
1115 4673 1469 4734 emendetur?
1509 4673 1788 4742 Tanquam

187 4791 377 4843 dicens
409 4785 544 4848 Deo,
575 4777 838 4848 Quoniam
858 4774 967 4843 jam
997 4773 1097 4825 ista
1119 4785 1238 4839 qua:
1260 4767 1434 4837 patior
1459 4764 1621 4818 multa
1641 4773 1789 4827 sunt,

189 4891 380 4948 magna
408 4880 558 4938 sunt,
588 4882 770 4941 quatso
795 4877 853 4920 nt
889 4861 1178 4918 sul‘ticiant.
1226 4857 1292 4912 Et
1322 4856 1508 4926 incipit
1552 4855 1636 4908 illa
1661 4869 1794 4908 enu-

191 4983 405 5027 merare
431 4962 769 5020 satisfaciens
803 4959 934 5019 Deo,
965 4954 1206 5009 oti'ercns
1235 4951 1322 5004 illa
1349 4965 1467 5020 quae
1493 4947 1707 5017 patitur,
1729 4961 1796 4999 ne

194 5065 378 5135 pejora
427 5057 663 5131 patiatur
702 5069 716 5106 :
776 5050 1029 5117 Quoniam
1066 5047 1266 5116 sagitta:
1310 5051 1409 5096 tum
1455 5040 1629 5109 inﬁxa:
1682 5046 1798 5090 sunt

196 5155 342 5217 mihi,
372 5161 424 5207 et
442 5144 756 5217 conﬁrmasti
777 5157 929 5210 super
945 5153 1024 5192 me
1049 5152 1252 5190 manum
1281 5145 1438 5187 tuam.

267 5246 322 5302 5.
357 5243 516 5318 [eam
546 5234 627 5310 4.]
659 5233 780 5290 Non
801 5242 874 5288 est
899 5231 1093 5285 sanitas
1113 5229 1164 5280 in
1187 5242 1339 5279 carne
1365 5240 1476 5276 utea
1497 5239 1527 5274 a
1554 5221 1693 5274 vultu
1713 5219 1804 5273 ira!

201 5346 318 5392 tute.
352 5315 478 5389 iam
518 5328 635 5384 ltzec
662 5323 874 5381 dicebat
900 5336 1018 5391 qnze
1059 5319 1147 5373 hic
1175 5315 1516 5387 patiebatur:
1543 5321 1596 5366 et
1625 5321 1803 5364 tanu-n

204 5431 307 5486 hoc
332 5429 448 5498 jam
471 5421 540 5478 de
566 5421 643 5475 ira
686 5415 921 5476 Domini,
965 5413 1085 5484 quia
1117 5420 1172 5464 et
1199 5411 1265 5463 de
1311 5406 1540 5460 vindicta
1577 5401 1807 5457 Domini.

207 5525 284 5581 Dc
313 5494 422 5592 qua
449 5513 723 5571 vindicta?
750 5511 919 5576 Quam
954 5504 1167 5576 excepit
1196 5502 1262 5557 de
1291 5500 1482 5556 Adam.
1513 5497 1628 5552 Non
1665 5494 1807 5549 enim

208 5618 262 5674 in
291 5589 448 5670 illum
479 5624 583 5665 non
614 5615 694 5661 est
717 5601 1063 5664 vindicatum,
1091 5607 1180 5651 aut
1208 5595 1401 5650 frustra
1417 5589 1808 5652 dixeratDens,

274 5731 293 5762 ¹
318 5735 422 5778 Vox
441 5763 452 5774 .
481 5721 628 5780 muta,
654 5713 795 5769 abest
815 5728 844 5764 a
867 5720 974 5762 \tss.
1001 5725 1004 5729 ‘

1169 243 1568 309 ENARRATIC)
1609 245 1671 300 IN
1714 241 2034 312 PSALMUM
2075 239 2338 298 XXXVII.

3332 244 3440 302 598

1849 356 2016 413 Morte
2034 358 2265 414 morieris
2297 359 2317 430 (
2343 358 2467 414 Gen.
2502 375 2557 427 tt,
2599 361 2704 432 Π)
2737 377 2749 414 :
2782 367 2871 414 ant
2899 359 3096 431 aliquid
3124 361 3360 434 patimur
3383 365 3436 417 in

1847 448 1945 503 ista
1975 451 2079 504 vita
2105 490 2120 511 ,
2155 449 2255 506 nisi
2287 465 2353 505 cx
2395 451 2482 505 illa
2513 462 2686 506 morte
2713 467 2870 521 quam
2921 452 3214 506 meruimus
3264 454 3439 522 primo

1845 549 2088 609 peccato.
2124 540 2334 595 Etenim
2364 549 2641 610 portamus
2664 556 2860 612 corpus
2888 543 3116 598 mortale
3139 543 3310 614 (quod
3336 547 3442 597 uti-

1845 647 1952 701 que
1982 648 2086 686 non
2107 642 2253 688 esset
2273 633 2501 688 mortale
2533 633 2600 703 ¹),
2637 634 2850 700 plenum
2879 636 3286 700 tentationibus,
3321 637 3440 705 plc-

1850 742 1975 779 num
2009 725 2481 789 sollicitudinibus,
2511 727 2802 781 obnoxium
2844 725 3117 781 doloribus
3139 728 3441 795 corporali«

1852 817 1973 880 bus,
2004 817 2296 872 obnoxium
2351 817 2681 888 indigentiis,
2729 814 3007 884 mutabile,
3040 817 3346 888 languidum
3385 827 3442 875 et

1847 923 1968 960 eum
1995 923 2185 962 sanum
2215 917 2316 974 est,
2362 909 2484 978 quia
2525 908 2706 978 utique
2734 909 2970 964 nondum
3014 908 3172 979 plene
3215 926 3433 966 sanum.

1850 999 1979 1052 Nam
2010 999 2153 1054 unde
2177 999 2409 1064 dicebat,
2442 999 2563 1053 Non
2593 1010 2668 1054 est
2687 1000 2879 1054 sanitas
2911 1001 2964 1055 in
2992 1017 3146 1055 carne
3172 1018 3306 1068 mea,
3340 1001 3446 1065 nisi

1850 1093 1972 1160 quia
2002 1092 2103 1145 ista
2129 1109 2249 1161 qua:
2275 1093 2436 1160 hujus
2461 1093 2583 1146 vita:
2623 1091 2820 1149 dicitur
2846 1096 3068 1160 sanitas,
3098 1097 3234 1150 bene
3283 1098 3443 1153 intel-

1851 1183 2137 1253 ligi-mitius
2163 1194 2218 1239 et
2243 1183 2522 1238 sabbatum
2553 1183 2960 1240 recordantibus
2990 1203 3094 1240 non
3129 1198 3214 1243 est
3262 1190 3446 1261 utique

1853 1273 2100 1329 sanitas?
2143 1275 2199 1330 Si
2252 1275 2396 1330 enim
2465 1290 2569 1332 non
2640 1276 3130 1341 mandumveritis,
3183 1279 3448 1350 inquietat

1855 1367 2038 1420 fames.
2062 1366 2165 1422 lste
2193 1365 2449 1421 naturalis
2474 1365 2688 1436 quidam
2719 1369 2937 1421 morbus
2954 1377 3038 1423 est
3063 1385 3079 1421 :
3109 1372 3232 1442 quia
3257 1381 3446 1428 natura

1857 1458 2007 1512 ttobis
2033 1457 2165 1515 facta
2185 1466 2268 1512 est
2298 1472 2452 1529 pana
2473 1473 2538 1514 cs
2563 1458 2793 1514 vindicta
2821 1461 2863 1512 ί.
2883 1460 3063 1516 Primo
3083 1461 3283 1518 bomini
3301 1465 3443 1536 quod

1855 1559 1973 1603 erat
2010 1566 2186 1613 ιτωιιςι,
2221 1559 2405 1602 natura
2436 1549 2588 1604 nobis
2615 1560 2716 1604 est.
2754 1549 2906 1606 Unde
2935 1549 3071 1607 dicit
3103 1553 3393 1624 Apostolus
3425 1571 3443 1611 :

1858 1637 2075 1693 Fuimus
2105 1653 2151 1692 et
2179 1656 2270 1692 uos
2292 1650 2475 1692 natura
2504 1641 2599 1705 [iiii
2621 1643 2730 1702 ine,
2767 1642 2897 1694 sicut
2924 1651 2972 1696 et
3011 1643 3183 1697 atteri
3205 1643 3222 1714 (
3253 1643 3445 1714 Epltes.

1857 1746 1916 1792 ιι,
1944 1731 2023 1794 5).
2067 1728 2270 1784 Natura
2319 1731 2414 1799 ﬁlii
2461 1731 2573 1797 iraa,
2605 1732 2655 1784 id
2704 1741 2808 1796 est,
2842 1741 3114 1802 portantes
3137 1735 3446 1791 vindictam.

1858 1824 1964 1877 Sed
1989 1839 2156 1892 quare
2180 1822 2333 1886 dicit,
2377 1819 2635 1881 Fuimus?
2659 1822 2792 1888 Quia
2833 1838 2929 1892 spe
2955 1824 3065 1892 jam
3092 1841 3197 1880 non
3227 1842 3448 1882 sumus:

1861 1930 1982 1970 nam
2013 1929 2072 1969 re
2102 1912 2277 1968 adhuc
2304 1927 2510 1968 sumus.
2541 1912 2648 1970 Sed
2678 1913 2802 1968 illud
2827 1913 3019 1970 melius
3041 1915 3276 1971 dicimus
3307 1919 3452 1989 quod

1859 2022 1955 2080 spe
1976 2021 2180 2064 sumus.
2200 2006 2321 2076 quia
2347 2007 2478 2060 certi
2505 2020 2691 2063 sumus
2717 2005 2784 2062 de
2811 2021 2926 2078 spe.
2949 2007 3064 2063 Non
3085 2009 3229 2065 enim
3251 2010 3454 2066 incerta

1860 2109 1946 2156 est
1959 2104 2088 2169 spes
2106 2108 2313 2160 nostra,
2337 2106 2393 2151 nt
2416 2096 2486 2153 de
2507 2096 2596 2154 illa
2618 2096 2944 2154 dubitemus.
2977 2099 3115 2154 Audi
3147 2100 3312 2169 ipsam
3338 2100 3457 2172 glo-

1862 2191 1996 2246 riam
2040 2191 2093 2244 in
2124 2204 2240 2259 spe.
2285 2186 2354 2246 In
2398 2188 2793 2256 nobismetipsis,
2837 2189 3027 2260 inquit,
3058 2189 3455 2262 ingemiscimus,

1861 2286 2187 2358 adoptionem
2214 2283 2238 2316 ³
2264 2291 2631 2353 exspectantes,
2661 2283 3056 2353 redetuptionem
3092 2286 3323 2355 corporis
3363 2301 3457 2339 no-

1862 2379 1976 2434 stri.
2020 2377 2162 2445 Quid
2212 2375 2399 2433 enim?
2441 2373 2690 2430 Nondum
2735 2373 3044 2446 redemptus
3072 2391 3154 2439 es,
3198 2391 3233 2430 ο
3259 2371 3458 2439 Paule?

1866 2469 2101 2526 nondum
2132 2484 2230 2540 pro
2255 2477 2307 2525 te
2336 2468 2566 2538 pretium
2594 2469 2924 2538 persolutum
2954 2469 3081 2523 est?
3105 2468 3294 2525 Nonne
3329 2484 3460 2526 san-

1865 2561 2212 2633 guisillejam
2245 2562 2392 2616 [usus
2416 2559 2534 2616 est?
2561 2574 2742 2615 nonne
2770 2558 2945 2629 ipsum
2972 2571 3055 2618 cst
3079 2563 3306 2632 pretium
3329 2579 3450 2619 om-

1868 2655 2013 2710 nium
2043 2654 2325 2710 nostrum?
2348 2653 2510 2709 Plane
2553 2654 2748 2722 ipsum.
2772 2652 2881 2709 Sed
2906 2653 3033 2711 vide
3057 2654 3184 2731 quid
3213 2655 3284 2712 ait
3314 2675 3328 2710 :
3354 2655 3464 2728 Spe

1869 2747 2002 2803 enim
2044 2744 2173 2800 salvi
2215 2744 2338 2815 facti
2378 2761 2554 2802 sumus
2579 2759 2599 2800 :
2627 2761 2741 2818 spes
2764 2755 2934 2800 autem
2954 2743 3071 2818 qua
3093 2747 3312 2813 videtur,
3359 2765 3464 2802 non

1868 2849 1940 2892 est
1960 2854 2094 2907 spes.
2125 2836 2279 2904 Quod
2306 2837 2440 2891 enim
2477 2836 2612 2891 videt
2634 2837 2768 2907 quis,
2814 2836 2939 2908 quid
2955 2837 3168 2907 sperat?
3196 2836 3259 2892 Si
3294 2849 3466 2894 autent

1868 2931 2006 3002 quod
2035 2946 2136 2984 non
2162 2929 2387 2984 videmus
2429 2945 2717 2999 speramus,
2746 2945 2837 3000 per
2863 2930 3158 3000 patientiam
3197 2944 3466 3002 exspecta-

1872 3022 2036 3095 mus(
2062 3023 2214 3079 Rom.
2245 3037 2362 3086 νιιι,
2387 3020 2559 3077 23-25
2586 3017 2630 3094 ).
2655 3020 2796 3088 Quid
2826 3031 3006 3079 autem
3043 3031 3321 3093 exspectat
3371 3038 3468 3093 per

1873 3112 2222 3187 patientiam?
2243 3112 2504 3170 Salutem.
2533 3110 2700 3182 Cujus
2727 3112 2805 3168 rei
2835 3112 3108 3167 salutem?
3147 3113 3313 3183 Ipsius
3344 3129 3468 3168 enr-

1874 3207 2021 3279 poris
2054 3224 2070 3261 :
2099 3205 2223 3278 quia
2252 3204 2356 3259 hoc
2378 3202 2552 3272 dixit,
2583 3203 2979 3275 redemptionem
3021 3205 3248 3276 corporis
3287 3205 3468 3261 nostri.

1874 3301 1934 3356 Si
1952 3299 2179 3358 salutem
2201 3295 2445 3368 corporis
2474 3292 2840 3367 exspectabat,
2868 3309 2974 3349 non
3021 3305 3139 3348 erat
3179 3295 3328 3348 salus
3376 3295 3468 3349 illa

1875 3407 2036 3462 quam
2065 3389 2316 3446 habebat.
2345 3385 2587 3456 Esuries,
2629 3386 2744 3442 sitis
2771 3385 3042 3451 interficit,
3079 3388 3124 3441 si
3152 3388 3470 3444 subventum

1878 3502 1984 3542 non
2013 3484 2194 3541 fuerit.
2226 3481 2674 3538 Medicamentum
2710 3481 2854 3536 enim
2901 3478 3057 3535 famis
3091 3488 3177 3535 est
3217 3480 3389 3546 cibus,
3417 3491 3477 3537 et

1880 3580 2330 3638 medicamentum
2361 3575 2482 3631 sitis
2505 3581 2593 3630 est
2616 3583 2795 3645 potus,
2834 3581 2891 3628 et
2921 3571 3371 3648 medicamentum
3399 3573 3479 3628 iu-

1880 3669 2152 3742 tigationis
2177 3676 2262 3727 est
2279 3681 2523 3729 somnus.
2541 3663 2774 3721 Detrahe
2789 3665 2887 3720 ista
2914 3663 3327 3728 medicamenta,
3354 3663 3480 3719 vide

1881 3763 1927 3817 si
1950 3777 2057 3821 non
2077 3758 2409 3818 interﬁciunt
2435 3757 2529 3812 illa
2556 3771 2677 3827 quze
2704 3754 2963 3810 existunt.
2997 3754 3052 3809 Si
3083 3755 3334 3828 sepositis
3362 3756 3481 3811 istis

1883 3869 1989 3910 non
2019 3859 2146 3910 sunt
2169 3849 2368 3916 morbi,
2393 3855 2479 3908 est
2503 3847 2727 3903 sanitas.
2761 3845 2820 3902 Si
2855 3855 3034 3901 autem
3068 3845 3236 3902 babes
3274 3846 3481 3913 aliquid

1883 3943 2028 4016 quod
2069 3951 2124 4001 te
2172 3939 2342 4014 possit
2386 3936 2710 4006 interﬁcere,
2754 3936 2858 3993 nisi
2903 3919 3480 4005 manducavcrisjnoli

1885 4036 2103 4111 gloriari
2128 4037 2198 4093 de
2217 4036 2468 4102 sanitate,
2496 4033 2591 4089 sed
2614 4047 2841 4103 gemens
2869 4041 3121 4101 exspecta
3154 4031 3484 4103 redemptio.

1889 4147 2011 4187 nem
2033 4129 2278 4200 corporis
2305 4128 2401 4182 tui.
2435 4124 2622 4182 Gaude
2645 4135 2698 4180 te
2719 4123 3094 4194 redemptum;
3119 4123 3214 4183 sed
3245 4125 3484 4180 nondum

1888 4243 1971 4289 re,
2016 4241 2113 4296 spe
2153 4235 2378 4280 securus
2416 4228 2534 4277 esto
2561 4217 2603 4272 ⁸.
2644 4218 2858 4274 Etenim
2894 4219 2942 4272 si
2975 4233 3082 4271 non
3120 4215 3390 4298 gctnueris
3432 4219 3488 4275 in

1889 4335 2006 4391 spe,
2040 4333 2147 4374 non
2176 4313 2457 4391 pervenies
2481 4312 2549 4367 ad
2594 4328 2730 4372 rem.
2783 4311 2894 4366 Hoc
2921 4326 3049 4382 ergo
3077 4325 3181 4367 nou
3223 4319 3305 4369 est
3342 4311 3492 4366 sani-

1891 4423 1995 4478 tas,
2026 4410 2102 4464 ait
2128 4427 2143 4462 :
2170 4405 2293 4462 Non
2313 4415 2387 4460 est
2414 4404 2608 4460 sanitas
2634 4402 2687 4456 in
2709 4418 2861 4456 carne
2888 4419 2996 4454 mea
3032 4418 3063 4454 α
3091 4401 3229 4455 vultu
3249 4401 3342 4454 ira:
3367 4410 3487 4456 tua.

1893 4501 2047 4560 Unde
2075 4515 2204 4572 ergo
2231 4498 2438 4569 sagitta:
2468 4494 2685 4552 inlisas?
2717 4495 2888 4562 Ipsam
2922 4508 3156 4562 pmnam,
3183 4492 3349 4564 ipsam
3373 4493 3493 4545 rin-

1893 4596 2114 4658 dictam,
2143 4601 2197 4649 ct
2220 4589 2358 4648 forte
2379 4587 2595 4645 dolores
2620 4601 2756 4657 quos
2786 4585 2870 4639 hic
2906 4599 3128 4642 necesse
3170 4594 3252 4642 est
3279 4584 3407 4654 pati,
3440 4593 3494 4642 et

1895 4685 2059 4742 animi
2100 4692 2156 4740 et
2197 4681 2462 4756 corporis,
2513 4679 2653 4750 ipsas
2681 4676 2813 4732 dicit
2836 4676 3078 4746 sagittas.
3126 4674 3201 4732 De
3244 4675 3325 4730 bis
3349 4676 3495 4731 enim
3576 4718 3578 4721 .

1897 4778 2106 4849 sagittis
2151 4785 2206 4831 et
2256 4781 2477 4830 sanctus
2515 4768 2618 4825 Job
2649 4769 2772 4823 fecit
2803 4766 3398 4828 commemorationem,
3435 4777 3493 4823 et

1899 4846 2021 4928 cum
2051 4877 2196 4926 esset
2221 4869 2272 4921 in
2302 4865 2409 4926 illis
2436 4861 2734 4922 doloribus,
2753 4861 2888 4914 dixit
2908 4859 3128 4933 sagittas
3170 4857 3380 4914 Domini
3407 4846 3508 4915 in?

1903 4965 2035 5019 ﬁxas
2059 4959 2158 5015 sibi
2187 4958 2206 5028 (
2238 4956 2340 5010 Job
2367 4971 2439 5013 Vl.
2467 4955 2501 5008 4
2524 4955 2564 5022 ).
2609 4952 2860 5007 Solemus
2911 4959 3089 5003 tamen
3117 4956 3171 5002 et
3207 4949 3371 5004 verba
3398 4948 3492 5004 Dei

1903 5056 2123 5124 Sagittas
2151 5050 2395 5118 accipere
2426 5063 2441 5098 :
2465 5043 2558 5101 sed
2587 5041 2842 5109 ttttmquirl
2870 5040 2938 5094 ab
2965 5040 3048 5093 his
3089 5049 3269 5109 posset
3300 5043 3397 5094 iste
3424 5039 3502 5118 sic

1905 5149 2092 5204 dolere
2119 5160 2176 5198 se
2209 5138 2458 5212 percuti?
2497 5135 2674 5192 Verba
2709 5134 2803 5189 Dei
2830 5144 3083 5202 tanquam
3116 5135 3326 5200 sagitta:
3355 5132 3504 5186 exci-

1909 5248 2024 5297 tant
2046 5249 2305 5295 amorem,
2337 5246 2443 5287 non
2472 5227 2834 5283 dolorem.An
2864 5225 2986 5289 quia
3010 5230 3064 5277 et
3092 5223 3205 5292 ipse
3222 5238 3372 5274 amur
3400 5235 3505 5273 non

1913 5339 2090 5402 potest
2121 5341 2242 5384 esse
2280 5325 2399 5387 sine
2425 5320 2649 5376 dolore?
2679 5315 2944 5388 Quidquid
2983 5315 3128 5370 enim
3178 5328 3424 5369 amamus
3453 5323 3511 5369 et

1980 5447 1996 5477 ³
2027 5450 2074 5493 tn
2097 5439 2212 5496 ΓΜ.
2249 5438 2458 5488 deerant
2496 5433 2664 5483 isthmc
2698 5429 2868 5488 verba,
2900 5424 3027 5496 quod
3061 5423 3223 5488 utique
3259 5435 3353 5475 non
3391 5427 3514 5480 esset

1914 5489 2125 5559 mort—(ti;
2314 5499 2362 5547 in
2385 5497 2610 5566 omnibus
2631 5495 2808 5542 nostris
2828 5499 2932 5538 ams.
2952 5489 3200 5550 leguntur.

1981 5571 1999 5600 ³
2027 5557 2252 5627 ῐοιρτίίιιῖε
2273 5568 2403 5618 7485.,
2428 5565 2474 5627 et
2497 5557 2787 5627 madida.”

1985 5632 2004 5662 ³
2022 5613 2230 5687 tutamin-
2251 5632 2377 5681 Mss,
2393 5613 2699 5683 adoptionem
2716 5613 2928 5679 {dic-rum
2952 5616 3299 5666 ca'smrtames.

1985 5694 2006 5722 ⁸
2031 5699 2156 5749 Mssa,
2180 5699 2249 5736 es.
2271 5713 2276 5719 -
