3978 6316
468 209 558 261 39!)
1704 204 1761 256 S.
1805 199 2171 256 AUGUSTINI
2213 201 2514 258 EPISCOPI

466 346 571 383 non
614 327 894 391 habemus,
921 335 1143 379 necesse
1169 331 1252 377 est
1283 330 1338 374 ut
1377 319 1675 373 doleamus.
1708 316 1842 371 Nam
1888 317 1975 371 ille
2003 326 2057 370 et

465 429 608 473 amat
635 429 687 472 et
716 433 821 471 non
852 415 1015 479 dolet,
1048 413 1140 484 qui
1170 412 1332 468 habet
1358 410 1499 482 quod
1531 419 1713 462 amat:
1745 409 1835 479 qui
1879 416 2057 462 autem

465 521 628 570 amat.
659 519 716 563 ιιι
751 507 884 573 dixi,
930 515 985 561 et
1015 505 1251 560 nondum
1285 503 1445 558 habet
1467 501 1608 572 quod
1639 511 1802 562 amat,
1837 515 2058 556 necesse

462 614 544 655 est
583 611 640 656 ut
666 601 718 654 in
745 600 933 653 dolore
955 606 1154 668 gemat.
1184 594 1457 650 lndeillud
1479 596 1531 648 in
1551 606 1774 662 persona
1805 590 2059 646 Ecclesia}

462 707 655 761 sponsa
684 690 884 745 Christi
915 689 966 742 in
998 687 1222 740 Cantico
1257 685 1591 740 canticm'um
1626 699 1638 735 :
1671 680 1924 746 Quoniam
1946 681 2058 734 vul-

464 792 638 835 nerata
668 781 915 834 charitate
939 795 1028 848 ego
1048 793 1159 830 sum
1182 774 1354 846 (Cant.
1380 790 1436 832 ll.
1459 773 1516 836 5,
1538 782 1584 825 et
1612 787 1667 836 v,
1700 770 1780 840 8).
1800 771 2059 825 Vulnera-

470 884 577 926 tam
626 886 686 926 se
726 871 859 924 dixit
893 868 1154 923 charitate
1183 865 1433 920 :amabat
1478 863 1620 919 enim
1674 861 1958 931 quiddam,
2002 869 2058 913 et

467 962 699 1017 nondum
759 959 1001 1019 tenebat;
1048 958 1298 1019 dolebat,
1352 952 1758 1025 quia'nondum
1804 951 2054 1006 habebat.

465 1056 607 1125 Ergo
633 1055 677 1108 si
706 1053 941 1113 dolebat,
966 1051 1246 1104 vulnerata
1274 1056 1391 1102 erat
1439 1064 1452 1100 :
1494 1045 1588 1101 sed
1639 1045 1741 1100 hoc
1770 1044 1964 1098 vulnus
1989 1043 2054 1096 ad

465 1160 644 1201 veram
672 1145 954 1199 sanitatem
977 1140 1214 1211 rapiebat
1236 1140 1275 1192 ί.
1303 1139 1402 1206 Qui
1422 1137 1526 1191 hoc
1549 1136 1770 1190 vulnere
1799 1149 1904 1188 non
1937 1133 2054 1186 fue-

464 1240 529 1293 rit
558 1239 891 1294 vulneratus.
919 1233 985 1288 ad
1015 1248 1195 1286 veram
1222 1231 1504 1285 sanitatem
1530 1243 1635 1282 non
1669 1234 1844 1304 potest
1867 1241 2057 1295 perre-

461 1332 598 1384 nire.
642 1326 908 1397 Numquid
939 1341 1066 1395 ergo
1096 1324 1404 1377 vulneratus
1446 1333 1662 1390 semper
1699 1318 1804 1373 erit
1845 1318 1896 1371 in
1943 1317 2056 1373 vul-

459 1421 624 1477 nere?
678 1421 970 1474 Possumus
1023 1417 1209 1486 itaque.
1253 1414 1414 1468 etiam
1468 1413 1546 1468 sic
1599 1411 1788 1466 inﬁxas
1835 1410 2054 1478 sagittas

457 1514 725 1583 accipere,
750 1511 800 1565 id
828 1520 932 1574 est,
958 1508 1120 1564 verba
1160 1515 1246 1561 tua
1291 1505 1448 1560 inﬁxa
1483 1513 1608 1558 sunt
1634 1502 1782 1557 cordi
1828 1517 1969 1565 meo,
2001 1510 2055 1554 et

457 1622 523 1660 ex
555 1604 684 1672 ipsis
712 1602 894 1657 verbis
923 1601 1030 1654 tuis
1073 1599 1268 1652 factum
1301 1605 1385 1652 est
1423 1605 1481 1649 ut
1519 1592 1832 1649 recordarer
1857 1592 2052 1646 sabba—

459 1707 601 1757 tum;
630 1704 686 1750 et
709 1696 823 1765 ipsa
853 1690 1155 1748 recordatio
1180 1687 1408 1749 sabbati,
1439 1697 1495 1742 et
1533 1684 1766 1740 nondum
1797 1684 2050 1747 retentio,

459 1786 582 1841 facit
608 1799 695 1840 me
723 1782 960 1838 nondum
985 1778 1308 1851 gaudere,et
1325 1790 1620 1848 agnoscere
1647 1789 1747 1829 nec
1768 1773 2050 1828 sanitatem

457 1893 577 1933 esse
604 1879 657 1932 in
701 1876 815 1948 ipsa
853 1889 1035 1938 carne,
1067 1886 1242 1940 neque
1265 1869 1370 1924 dici
1394 1867 1614 1930 debere,
1642 1882 1766 1922 cum
1793 1879 2051 1935 comparo

457 1969 614 2022 istam
646 1966 927 2020 sanitatem
961 1961 1036 2016 illi
1061 1959 1276 2014 sanitati
1328 1972 1488 2028 quam
1534 1954 1744 2010 habebo
1771 1954 1821 2008 in
1865 1953 2050 2023 requie

456 2057 803 2128 sempiterna.
826 2053 920 2108 ubi
962 2049 1314 2119 oorruptibile
1338 2047 1443 2103 hoc
1482 2045 1668 2101 induet
1697 2044 2050 2116 incorruptio-

458 2163 601 2210 nem,
631 2156 685 2201 et
710 2144 938 2200 mortale
969 2143 1070 2196 hoc
1117 2138 1300 2195 induet
1340 2135 1792 2194 immortalitatem
1832 2133 2045 2206 (lCor.

456 2254 550 2300 xv.
580 2237 670 2308 53)
690 2253 704 2302 ;
737 2244 792 2290 et
812 2234 964 2290 video
981 2233 1103 2304 quia
1127 2231 1182 2286 in
1203 2230 1345 2286 illius
1364 2229 1608 2286 sanitatis
1622 2228 2046 2298 comparatione,

456 2330 553 2384 ista
580 2328 781 2383 sanitas
807 2325 1022 2380 morbus
1047 2332 1152 2378 est.

526 2421 580 2475 6.
612 2417 734 2473 Non
765 2427 838 2472 est
879 2433 983 2486 pax
1029 2415 1223 2469 ossibus
1294 2412 1416 2467 meis
1471 2429 1504 2466 a
1541 2412 1673 2481 facie
1728 2421 2047 2480 peccatorum

453 2530 700 2568 ineorum.
730 2511 904 2578 Qua-ri
935 2509 1074 2564 solet
1121 2508 1275 2574 cujus
1316 2506 1387 2560 sit
1410 2518 1554 2569 vox;
1615 2513 1671 2560 et
1720 2504 1879 2574 aliqui
1906 2505 2047 2559 accio

462 2612 612 2679 piunt
644 2606 862 2667 Christi,
894 2613 1112 2674 pr0pter
1138 2601 1382 2672 quaedam
1417 2615 1535 2670 quae
1561 2599 1647 2654 hic
1686 2598 1936 2654 dicuntur
1978 2598 2045 2655 de

459 2705 708 2773 passione
735 2700 958 2764 Christi,
1009 2698 1076 2753 ad
1120 2714 1240 2768 qua:
1269 2697 1428 2767 paulo
1475 2705 1593 2764 post
1622 2697 1900 2751 veniemus
1922 2738 1935 2757 ,
1990 2703 2045 2750 et

455 2811 553 2848 nos
580 2807 937 2864 agnoscamus
980 2792 1100 2859 quia
1150 2789 1217 2843 de
1246 2788 1495 2856 passione
1539 2786 1738 2841 Christi
1769 2787 2040 2842 dicuntur.

449 2885 577 2949 Sed,
610 2883 731 2938 Non
751 2893 821 2936 est
845 2897 947 2952 pax
971 2879 1165 2934 ossibus
1204 2878 1327 2931 meis
1352 2895 1383 2929 a
1413 2878 1543 2944 {acie
1564 2889 1880 2947 peccatorum
1909 2894 2042 2930 tneo-

451 2993 587 3037 rum,
620 2971 890 3044 quomodo
908 2971 1112 3025 diceret
1139 2969 1227 3038 qui
1272 2967 1475 3022 nullum
1508 2979 1781 3036 peccatum
1810 2967 2040 3022 habebat

449 3070 467 3135 (
501 3067 516 3118 l
548 3064 690 3118 Petr.
721 3079 778 3125 Il,
813 3061 951 3129 2:2)?
978 3061 1228 3113 Coarctat
1259 3074 1356 3111 nos
1399 3074 1530 3128 ergo
1579 3057 1909 3135 intelligendi
1943 3074 2038 3113 ne-

447 3155 672 3211 cessitas
698 3155 763 3206 ad
787 3149 1220 3219 cognoscendum
1250 3159 1499 3218 tanquam
1535 3149 1748 3216 plenum
1785 3157 1839 3202 et
1869 3157 2036 3202 totum

444 3247 718 3301 Christum
744 3285 760 3309 ,
794 3242 845 3296 id
877 3251 961 3297 cst
987 3250 1147 3310 caput
1189 3250 1245 3294 et
1283 3253 1500 3307 corpus.
1534 3238 1669 3292 Cum
1701 3238 1844 3293 enim
1870 3237 2031 3294 Chri-

445 3347 559 3390 stus
583 3333 839 3404 loquitur,
862 3330 1147 3401 aliquando
1176 3345 1243 3384 ex
1276 3343 1502 3400 persona
1535 3329 1706 3383 solius
1735 3329 1924 3398 capitis
1953 3331 2035 3382 lo-

441 3427 644 3496 qttitnr,
676 3424 817 3495 quod
839 3431 924 3478 est
951 3423 1064 3491 ipse
1089 3420 1367 3484 Salvator,
1406 3431 1562 3473 natus
1584 3435 1648 3474 ex
1677 3419 1841 3473 Maria
1872 3419 2034 3490 virgi-

445 3536 545 3581 ne;
592 3516 881 3587 aliquando
933 3530 999 3570 ex
1053 3527 1282 3582 persona
1342 3512 1584 3582 corporis
1616 3512 1717 3576 sui,
1772 3512 1913 3581 quod
1953 3523 2035 3566 est

438 3618 625 3664 sancta
653 3606 914 3669 Ecclesia,
939 3604 1130 3658 ditiusa
1162 3611 1272 3657 toto
1298 3602 1428 3657 orbe
1458 3613 1738 3656 terrarum.
1768 3602 1832 3656 Et
1853 3617 1949 3656 nos
1980 3603 2031 3656 in

437 3715 665 3770 corpore
695 3696 861 3768 ipsius
882 3710 1100 3758 sumus,
1132 3695 1174 3748 si
1206 3704 1382 3747 tamen
1425 3693 1559 3748 ﬁdes
1589 3703 1770 3747 nostra
1823 3691 2029 3748 sincera

438 3794 509 3848 sit
536 3793 586 3846 in
619 3790 730 3854 illo,
763 3798 817 3844 et
840 3804 964 3858 spes
984 3796 1163 3848 certa,
1193 3796 1247 3840 et
1269 3785 1504 3840 Charitas
1542 3800 1769 3840 accensa
1803 3803 1818 3840 :
1846 3801 2032 3840 sumus

434 3886 488 3941 in
517 3899 745 3953 corpore
779 3882 980 3953 ipsius,
1022 3889 1076 3935 et
1111 3878 1348 3934 membra
1389 3877 1558 3948 ipsius
1583 3919 1598 3943 ,
1640 3888 1695 3933 ct
1728 3878 2029 3933 invenimus

432 3990 535 4032 nos
560 3973 633 4029 ibi
660 3971 841 4042 loqui,
870 3971 1125 4041 Apostqu
1155 3969 1386 4034 dicente,
1421 3968 1674 4036 Quoniam
1698 3968 1920 4022 membra
1939 3985 2027 4023 su-

432 4083 546 4122 mus
574 4063 801 4135 corporis
830 4063 942 4133 ejus
973 4060 1190 4131 (liphcs.
1220 4075 1253 4111 v
1278 4101 1294 4119 .
1323 4056 1415 4129 ’50)
1443 4078 1456 4117 ;
1486 4068 1539 4112 et
1585 4059 1766 4112 multis
1790 4059 1920 4113 locis
1944 4060 2028 4112 di-

431 4158 507 4214 cit
536 4144 638 4212 hoc
666 4153 973 4225 Aposmlus.
1000 4151 1131 4206 Nam
1160 4152 1204 4204 si
1241 4151 1536 4205 dixerimus
1565 4152 1725 4204 verba
1757 4165 1860 4204 non
1906 4166 2028 4205 esse

430 4249 629 4307 Christi
650 4290 666 4316 ,
691 4265 795 4302 non
819 4255 976 4302 erunt
997 4253 1050 4300 et
1078 4245 1164 4299 illa
1196 4245 1356 4299 verba
1386 4243 1586 4299 Christi
1616 4262 1629 4297 :
1662 4243 1798 4298 Deus
1844 4263 1985 4300 meus
2008 4289 2023 4311 ,

429 4341 570 4396 Deus
597 4355 770 4403 meus,
792 4337 970 4407 utquid
999 4351 1078 4388 me
1097 4334 1410 4404 dereliquisti
1424 4334 1450 4386 .9
1474 4333 1543 4388 Et
1569 4333 1639 4388 ibi
1664 4334 1804 4388 enim
1838 4335 2023 4402 habes,

431 4433 570 4486 Deus
600 4447 743 4485 meus
761 4471 776 4494 ,
813 4428 952 4482 Deus
984 4443 1123 4480 meus
1147 4469 1161 4490 ,
1186 4425 1365 4494 utquid
1389 4441 1468 4479 me
1500 4423 1850 4495 dereliquisti.’
1878 4426 2027 4498 longe

426 4542 457 4576 (ι
489 4524 650 4577 salute
675 4537 787 4574 mea
806 4519 953 4573 verba
975 4519 1274 4570 delictorum
1301 4533 1527 4570 meorum
1559 4515 1728 4586 (Psal.
1755 4534 1846 4572 χχι
1871 4559 1886 4582 ,
1912 4518 1971 4586 2)
2005 4538 2019 4574 :

433 4611 705 4685 quomodo
730 4611 815 4666 hic
849 4611 1012 4664 babes
1033 4652 1045 4672 ,
1075 4627 1105 4661 a
1130 4610 1261 4679 {acie
1305 4619 1625 4679 peccatorum
1655 4626 1877 4663 meorum
1901 4628 1920 4675 ;
1945 4612 2022 4666 sic

424 4714 479 4758 et
502 4704 573 4758 ibi
605 4703 771 4758 habes
796 4743 810 4764 ,
841 4702 989 4754 verba
1010 4700 1305 4753 delictorum
1338 4715 1582 4754 meorum.
1617 4699 1684 4753 Et
1704 4700 1745 4752 si
1777 4700 2022 4756 Christus

425 4799 608 4866 utique
635 4794 749 4848 sine
777 4802 995 4862 peccato
1024 4801 1079 4845 et
1107 4792 1223 4845 sine
1245 4791 1463 4854 delicto,
1484 4789 1769 4860 incipimus
1800 4808 1905 4845 non
1933 4809 2020 4862 puo

424 4900 540 4942 tare
561 4885 722 4940 verba
752 4883 839 4937 illa
866 4883 1065 4935 Psalmi
1096 4882 1239 4934 illius
1261 4896 1400 4935 esse.
1429 4881 1496 4935 Et
1541 4880 1696 4936 valde
1725 4881 1917 4936 durum
1967 4893 2020 4937 et

422 4981 749 5032 contrarium
791 4984 911 5039 est,
970 4983 1023 5027 ut
1076 4974 1163 5027 ille
1215 4973 1449 5041 psalmus
1492 4989 1597 5028 non
1643 4977 1906 5044 pertineat
1950 4975 2016 5030 ad

422 5069 719 5132 Christum,
741 5066 833 5120 ubi
858 5065 1114 5119 habemus
1147 5076 1254 5118 tam
1283 5075 1522 5136 apertam
1542 5067 1845 5136 passionem
1875 5068 2013 5137 ejus,

424 5169 676 5228 tanquam
705 5174 768 5212 ex
803 5156 1094 5225 Evangelio
1127 5157 1398 5210 recitctur.
1429 5155 1504 5209 lbi
1547 5158 1687 5210 enim
1719 5157 1977 5212 habemus
1997 5199 2012 5221 ,

427 5250 719 5303 Diviserunt
767 5247 860 5301 sibi
899 5247 1192 5300 vestimenta
1232 5263 1376 5311 mea,
1416 5256 1464 5300 et
1493 5263 1646 5316 super
1674 5249 2017 5301 vestimentum

425 5358 592 5395 meum
613 5341 857 5393 miserunt
882 5349 1064 5393 sortem
1095 5338 1402 5408 (lbid.,l9).
1431 5339 1566 5406 Quid
1594 5340 1736 5409 quod
1767 5341 1880 5409 ipse
1910 5340 2014 5395 Do-

421 5435 598 5487 minus
625 5432 676 5484 in
701 5445 860 5484 cruce
896 5429 1169 5499 pendens,
1225 5431 1449 5498 primum
1471 5445 1683 5484 versum
1721 5433 1908 5499 psalmi
1937 5437 2016 5501 ip-

420 5524 528 5577 sius
553 5537 651 5576 ore
677 5536 774 5575 suo
807 5522 1046 5589 protulit,
1071 5530 1124 5574 et
1149 5519 1282 5573 dixit
1309 5538 1323 5575 :
1349 5520 1484 5575 Deus
1501 5537 1659 5589 mens,
1687 5520 1822 5576 Deus
1843 5540 2010 5591 mens,

484 5666 497 5691 ³
527 5671 701 5709 omnes
727 5657 832 5707 fere
855 5665 976 5706 Mss.
998 5656 1134 5705 antlri.
1153 5658 1241 5704 bat-

3657 213 3765 269 ιοθ

2175 320 2354 387 utquid
2373 336 2452 373 me
2471 321 2780 393 dereliquiin
2799 321 3011 393 (Matth.
3039 340 3185 380 xxvu
3205 364 3222 388 ,
3260 325 3399 396 46)?
3428 326 3565 398 Quid
3596 331 3768 385 voluit

2172 408 2431 478 intelligi,
2459 411 2559 465 nisi
2593 412 2739 467 illum
2761 414 3023 482 psalmum
3056 423 3226 470 totum
3249 415 3316 470 ad
3350 432 3412 474 se
3438 419 3711 488 pertinere
3743 462 3762 487 ,

2169 499 2291 567 quia
2322 511 2482 569 caput
2512 502 2679 570 ipsius
2706 504 2821 574 ipse
2873 507 3271 574 pronuntiavit?
3316 508 3415 566 Ubi
3446 520 3626 566 autem
3672 526 3764 569 Se-

2167 590 2348 660 quitur
2377 601 2432 647 et
2459 592 2622 660 dicit,
2663 593 2822 649 Verba
2860 597 3160 652 delictorum
3214 617 3474 668 meorum,
3527 619 3632 658 non
3683 614 3766 659 est

2167 683 2388 737 dubium
2419 685 2542 754 quia
2573 702 2672 739 vox
2700 686 2900 743 Christi
2926 700 3028 744 est.
3055 690 3204 746 Unde
3227 705 3361 762 ergo
3379 705 3628 772 peccata,
3657 697 3764 751 nisi

2165 773 2234 826 de
2261 788 2488 844 corpore
2518 779 2662 847 quod
2687 789 2770 833 est
2799 779 3079 835 Ecclesia?
3102 780 3238 850 Quia
3288 781 3524 854 loquitur
3561 801 3762 856 corpus

2166 862 2365 920 Christi
2387 875 2444 921 et
2467 876 2645 937 caput.
2679 867 2857 936 Quare
2883 876 3132 940 tanquam
3157 887 3294 927 unus
3314 872 3550 945 loquitur
3568 875 3596 930 2
3623 875 3763 945 Quia

2163 969 2339 1026 erunt,
2369 959 2558 1029 inquit,
2581 960 2683 1014 duo
2708 961 2761 1015 in
2794 977 2947 1015 carne
2971 978 3093 1016 una.
3117 961 3505 1019 Sacramentum
3531 965 3628 1021 hoc
3649 984 3762 1020 ma-

2163 1066 2318 1119 gnum
2341 1060 2444 1115 est,
2466 1051 2541 1104 ait
2569 1052 2889 1120 Apostolus,
2938 1069 3030 1123 ego
3070 1062 3238 1107 autem
3265 1055 3378 1109 dico
3404 1056 3457 1110 in
3486 1056 3687 1112 Christo
3717 1067 3762 1112 (Ι

2161 1141 2215 1194 in
2244 1139 2474 1196 Ecclesia
2498 1141 2714 1211 (Ephes.
2745 1159 2778 1193 v
2797 1186 2811 1210 ,
2842 1145 2929 1209 5i,
2958 1144 3069 1216 52).
3093 1144 3246 1202 Unde
3270 1147 3429 1203 etiam
3473 1165 3595 1205 cum
3643 1153 3757 1223 ipse

2162 1231 2471 1302 loqueretur
2497 1235 2546 1286 in
2571 1235 2857 1305 Evangelio
2880 1277 2894 1298 ,
2927 1237 3259 1304 rc5pondens
3279 1240 3356 1295 eis
3383 1240 3470 1312 qui
3498 1245 3754 1313 qumstio-

2163 1341 2284 1380 nem
2309 1326 2598 1380 intulerant
2623 1328 2689 1382 dc
2722 1344 2888 1385 uxore
2913 1329 3250 1398 dimittenda,
3273 1333 3349 1388 ait
3375 1351 3389 1389 :
3415 1334 3536 1390 Non
3562 1337 3756 1408 legistis

2159 1419 2296 1488 quod
2322 1421 2565 1488 scriptum
2590 1430 2690 1482 est,
2723 1423 2859 1489 quod
2883 1421 3016 1477 Deus
3039 1423 3101 1478 ab
3126 1427 3270 1480 initio
3296 1431 3574 1484 masculum
3603 1441 3650 1485 et
3679 1437 3754 1505 fe-

2161 1510 2349 1561 minam
2377 1509 2494 1578 fecit
2510 1527 2623 1577 eos,
2647 1521 2692 1566 et
2719 1514 2962 1584 relinquet
2983 1514 3133 1570 homo
3162 1527 3355 1586 patrem
3376 1528 3422 1574 et
3445 1531 3676 1587 matrem,
3703 1533 3758 1577 et

2158 1600 2435 1653 adhwrebit
2461 1604 2609 1656 uxori
2626 1620 2762 1670 stne,
2805 1616 2852 1659 et
2877 1618 3024 1661 erunt
3049 1608 3150 1662 duo
3178 1611 3231 1664 in
3256 1628 3410 1667 carne
3428 1615 3565 1668 una?
3586 1614 3612 1668 Ι
3617 1618 3753 1688 gitur

2148 1690 2264 1759 jam
2285 1707 2386 1744 non
2411 1693 2512 1746 duo
2535 1735 2550 1758 ,
2577 1694 2666 1748 sed
2706 1712 2808 1749 una
2837 1708 2911 1750 est
2935 1714 3059 1752 caro
3093 1698 3305 1771 (Matth.
3359 1718 3451 1758 χιχ
3474 1744 3491 1770 ,
3522 1705 3663 1778 4-6).
3692 1705 3751 1763 Si

2159 1798 2287 1852 ergo
2315 1782 2429 1852 ipse
2449 1784 2616 1849 dixit,
2644 1784 2764 1839 Jam
2787 1804 2886 1841 non
2915 1789 3016 1843 duo
3039 1832 3054 1857 ,
3083 1791 3173 1844 sed
3199 1809 3302 1847 una
3327 1805 3400 1848 est
3438 1813 3596 1863 caro;
3620 1799 3750 1868 quid

2157 1877 2352 1930 mirum
2379 1879 2423 1932 si
2455 1894 2557 1932 una
2579 1895 2740 1948 caro,
2773 1896 2876 1936 una
2923 1882 3130 1953 lingua,
3155 1885 3341 1941 eadem
3389 1889 3580 1955 verba,
3631 1899 3752 1946 tan-

2154 1983 2313 2037 quam
2337 1969 2493 2024 nnins
2516 1973 2721 2039 carnis,
2753 1974 2943 2044 capitis
2965 1986 3018 2031 et
3043 1978 3329 2049 corporis?
3359 1980 3446 2038 Sic
3467 1983 3751 2041 audiamus

2157 2068 2407 2132 tanquam
2431 2079 2594 2118 unum
2628 2080 2644 2119 :
2672 2065 2767 2120 sed
2799 2075 2976 2122 tamen
3004 2079 3163 2138 caput
3191 2079 3441 2142 tanquam
3463 2084 3655 2144 caput,
3692 2087 3752 2133 et

2154 2169 2352 2224 corpus
2373 2163 2622 2226 tanquam
2646 2173 2863 2228 corpus.
2892 2159 3007 2214 Non
3038 2161 3348 2218 dividuntur
3366 2179 3630 2236 personae,
3648 2168 3750 2224 sed

2153 2248 2500 2320 distinguitur
2524 2251 2755 2321 dignitas
2778 2271 2791 2306 :
2820 2254 2942 2323 quia
2965 2265 3124 2324 caput
3144 2257 3343 2322 salvat,
3377 2259 3615 2314 salvator
3634 2276 3750 2317 cor

2154 2355 2274 2409 pus.
2302 2340 2473 2411 Caput
2516 2342 2768 2398 exhibeat
2820 2345 3240 2402 misericordiam
3262 2392 3278 2413 ,
3324 2365 3518 2422 corpus
3551 2353 3751 2412 deﬂeat

2160 2431 2456 2486 miseriam.
2487 2432 2658 2504 Caput
2683 2443 2766 2488 est
2810 2435 2877 2489 ad
2931 2437 3199 2508 purganda
3224 2482 3241 2505 ,
3264 2454 3458 2512 corpus
3486 2443 3552 2498 ad
3577 2446 3748 2500 conii-

2154 2520 2310 2575 tenda
2335 2534 2550 2590 peccata
2585 2542 2598 2576 :
2633 2540 2735 2578 una
2766 2535 2941 2580 tamen
2970 2543 3093 2594 vos,
3127 2529 3212 2583 ubi
3245 2546 3348 2584 non
3376 2533 3632 2603 scriptum
3659 2547 3748 2593 est

2151 2612 2365 2681 quando
2385 2613 2527 2668 dicat
2553 2630 2748 2685 corpus
2767 2659 2782 2681 ,
2808 2617 3022 2685 qnamlo
3046 2628 3205 2688 caput
3229 2635 3245 2683 ;
3288 2621 3384 2677 sed
3414 2639 3513 2679 nos
3563 2625 3612 2680 in
3639 2642 3744 2681 au-

2149 2702 2346 2758 diendo
2366 2704 2776 2776 distinguimus;
2811 2708 2899 2761 ille
2917 2719 3095 2764 autem
3127 2720 3377 2781 tanquam
3404 2731 3540 2770 unus
3570 2717 3747 2789 loqui-

2149 2804 2254 2850 tur.
2286 2796 2461 2863 Quare
2489 2799 2630 2852 enim
2660 2814 2763 2852 non
2794 2799 2969 2866 dicat,
2994 2814 3311 2870 peccatorum
3341 2821 3566 2861 meorum
3585 2849 3602 2876 ,
3646 2811 3743 2879 qui

2148 2887 2280 2941 dixit
2304 2929 2320 2953 ,
2357 2887 2557 2942 Esnriri
2575 2930 2590 2954 ,
2618 2900 2784 2943 etnon
2807 2891 3016 2946 dedistis
3045 2893 3169 2948 mihi
3189 2896 3535 2964 manducare;
3567 2900 3701 2954 silici
3720 2942 3740 2969 ,

2148 2989 2196 3032 st
2218 2997 2318 3033 non
2339 2979 2547 3033 dedistis
2570 2981 2690 3034 mihi
2717 2991 2922 3052 potum;
2943 2983 3122 3054 hospes
3151 2987 3259 3057 fui,
3286 2997 3333 3041 et
3354 3005 3454 3043 non
3482 2991 3742 3061 recepistis

2145 3087 2265 3136 me;
2292 3072 2526 3134 inﬁrmus
2555 3072 2632 3140 [ui
2691 3082 2737 3124 et
2763 3073 2813 3125 in
2837 3090 3072 3141 carcere,
3119 3085 3290 3130 etnon
3330 3078 3567 3135 visitastis
3609 3099 3690 3135 me
3711 3084 3743 3137 .9

2143 3160 2302 3216 Certe
2328 3163 2584 3216 Dominus
2607 3179 2709 3217 non
2743 3163 2838 3218 fuit
2865 3165 2914 3219 in
2938 3180 3173 3224 carcere.
3197 3169 3373 3238 Quare
3398 3188 3504 3227 non
3533 3173 3635 3230 hoc
3655 3176 3743 3230 di-

2143 3263 2323 3320 ceret,
2358 3256 2441 3309 cui
2466 3270 2587 3310 cum
2611 3255 2810 3310 dictum
2845 3268 3021 3321 esset.
3056 3259 3278 3328 Quando
3307 3273 3354 3318 te
3380 3265 3594 3322 uidimus
3616 3285 3739 3323 esu-

2142 3345 2351 3398 rientem
2373 3354 2419 3400 et
2442 3346 2690 3400 sitientem
2710 3388 2723 3409 ,
2753 3358 2838 3400 aut
2868 3349 2919 3401 in
2944 3365 3175 3417 carcere,
3197 3361 3245 3406 et
3283 3353 3386 3407 non
3427 3357 3738 3413 ministravi-

2142 3452 2254 3488 mus
2281 3435 2413 3489 tibi?
2438 3436 2748 3504 respoadit,
2774 3439 2852 3492 sic
2879 3454 2943 3493 ex
2997 3455 3222 3509 persona
3270 3445 3512 3513 corporis
3553 3447 3634 3502 sui
3673 3463 3736 3505 se

2139 3527 2374 3593 dixisse,
2407 3527 2532 3582 Cum
2561 3529 2653 3581 uni
2697 3546 2760 3582 ex
2801 3532 3022 3586 minimis
3068 3534 3190 3587 meis
3231 3552 3332 3588 non
3370 3536 3591 3604 fecistis,
3638 3557 3734 3594 nec

2140 3619 2264 3671 mihi
2293 3619 2478 3689 fecistis
2524 3618 2634 3688 (Id.
2671 3636 2776 3673 xxv
2799 3663 2814 3684 ,
2846 3621 2917 3675 42
2951 3623 3088 3690 45)?
3126 3625 3302 3691 Quare
3334 3643 3439 3682 non
3491 3629 3665 3696 dicat,
3698 3650 3734 3686 ιι

2138 3711 2270 3777 facie
2297 3720 2620 3782 peccatorum
2663 3729 2920 3779 meorum,
2969 3716 3056 3783 qui
3094 3715 3227 3772 dixit
3265 3719 3461 3784 Saulo,
3519 3721 3681 3778 Sanle
3708 3766 3727 3795 ,

2139 3803 2332 3866 Saule,
2362 3803 2484 3873 quid
2512 3819 2590 3857 me
2620 3806 2932 3874 persequeris
2963 3806 3096 3875 (Act.
3140 3823 3189 3862 tx
3211 3849 3229 3876 ,
3275 3810 3375 3879 ψ
3397 3813 3496 3878 Qui
3543 3816 3730 3885 utique

2135 3896 2189 3949 in
2216 3895 2356 3950 etelo
2381 3895 2491 3965 jam
2520 3897 2788 3950 neminem
2823 3912 3220 3968 persecutorem
3265 3905 3586 3972 patiebatur.
3616 3909 3725 3965 Sed

2134 3985 2404 4055 quomodo
2436 3986 2502 4039 ibi
2532 3997 2690 4056 caput
2719 3987 3035 4057 loquebatur
3065 4007 3161 4060 pro
3187 4008 3437 4064 corpore,
3462 3997 3539 4052 sic
3559 4009 3613 4053 et
3641 4000 3728 4056 hic

2133 4088 2292 4148 caput
2316 4078 2444 4133 dicit
2469 4081 2712 4150 corporis
2731 4095 2889 4136 voces
2914 4122 2929 4148 ,
2958 4098 3079 4138 cum
3105 4093 3161 4139 et
3199 4087 3390 4157 capitis
3423 4105 3585 4146 voces
3622 4108 3726 4148 au~

2133 4171 2279 4226 ditis.
2309 4171 2414 4227 Sed
2441 4188 2611 4243 neque
2634 4186 2754 4227 cum
2785 4175 3024 4243 corporis
3049 4191 3209 4233 voces
3229 4179 3504 4236 audieritis
3521 4223 3538 4249 ,
3566 4198 3722 4254 sepao

2133 4265 2262 4318 retis
2305 4273 2501 4335 caput;
2554 4280 2726 4334 neque
2773 4280 2895 4320 cum
2947 4267 3136 4336 capitis
3182 4286 3344 4326 voces
3401 4275 3672 4331 audieritis
3704 4319 3720 4342 ,

2131 4355 2393 4422 separetis
2420 4370 2615 4425 corpus
2649 4374 2661 4409 :
2695 4357 2821 4426 quia
2854 4357 2964 4428 jam
2995 4376 3098 4414 non
3124 4360 3230 4416 duo
3255 4405 3270 4427 ,
3317 4364 3409 4418 sed
3441 4382 3542 4420 una
3574 4383 3722 4421 caro.

2203 4447 2255 4502 7.
2288 4445 2409 4501 Non
2438 4458 2510 4500 est
2531 4448 2735 4502 sanitas
2753 4451 2805 4501 in
2831 4467 2985 4504 carne
3006 4468 3118 4508 mea
3141 4471 3172 4506 a
3196 4459 3334 4509 vultu
3360 4458 3451 4511 ira:
3477 4470 3594 4514 tum.
3615 4461 3723 4517 Sed

2129 4536 2354 4592 fortasse
2385 4538 2576 4608 injuste
2607 4539 2699 4593 tibi
2731 4540 2869 4594 Deus
2897 4541 3061 4597 iratus
3083 4554 3185 4608 est,
3214 4561 3247 4600 ο
3276 4549 3467 4614 Adam,
3491 4568 3524 4604 ο
3553 4568 3725 4622 genus

2131 4627 2420 4682 humanum
2443 4669 2458 4691 ,
2492 4628 2687 4698 injuste
2715 4631 2883 4686 iratus
2904 4643 2985 4686 est
3025 4635 3199 4691 Deus!
3234 4641 3353 4708 quia
3384 4641 3564 4698 dixisti
3607 4645 3720 4712 jam

2127 4737 2427 4793 agnoscens
2453 4723 2620 4791 ipsam
2641 4738 2852 4792 ptenam
2876 4726 3165 4796 tuam,jam
3194 4729 3243 4784 in
3271 4744 3498 4802 corpore
3521 4733 3720 4792 Chrisu

2125 4816 2443 4870 constitutus
2474 4815 2676 4870 homo:
2713 4814 2837 4870 Non
2873 4827 2949 4871 est
2995 4821 3184 4875 sanitas
3222 4823 3277 4876 in
3331 4842 3483 4880 carne
3528 4845 3640 4882 mea
3689 4851 3723 4885 (ι

2123 4909 2264 4963 vultu
2291 4909 2383 4962 ine
2403 4919 2521 4962 tum.
2545 4909 2767 4979 Expone
2793 4911 3053 4978 justitiam
3084 4914 3176 4968 iraa
3215 4915 3309 4972 Dei
3339 4934 3353 4972 :
3384 4934 3452 4974 ne
3475 4929 3526 4974 te
3551 4937 3718 4977 excn-

2123 5015 2243 5054 sare
2274 5000 2532 5064 videaris,
2564 5000 2712 5054 illttm
2741 5016 2996 5056 accusare
3024 5005 3062 5056 ³.
3088 5003 3348 5076 Sequere,
3382 5020 3436 5063 et
3460 5009 3547 5066 die
3577 5017 3721 5067 unde

2126 5091 2200 5145 ira
2225 5092 2454 5145 Domini.
2486 5089 2610 5146 Non
2635 5103 2708 5145 est
2736 5094 2929 5147 sanitas
2958 5093 3010 5149 in
3049 5112 3204 5151 carne
3243 5115 3355 5153 mea
3398 5119 3430 5153 a
3457 5105 3596 5156 vultu
3625 5106 3718 5159 ira:

2123 5192 2222 5237 tum
2241 5201 2260 5237 :
2289 5201 2388 5236 non
2418 5193 2488 5237 est
2516 5200 2618 5254 pax
2643 5184 2837 5238 ossibus
2859 5186 2998 5240 meis.
3026 5187 3290 5258 Repetivit
3317 5193 3367 5246 id
3390 5195 3529 5262 quod
3557 5195 3715 5260 dixit,

2126 5272 2246 5326 Non
2265 5283 2339 5327 est
2371 5274 2564 5328 sanitas
2589 5275 2640 5328 in
2667 5291 2819 5328 carne
2858 5293 2968 5330 mea
2996 5293 3016 5330 :
3047 5279 3146 5332 hoc
3171 5290 3256 5335 est
3300 5284 3440 5337 enim
3462 5326 3476 5348 ,
3519 5303 3618 5341 non
3643 5297 3717 5342 est

2121 5381 2225 5435 pax
2241 5364 2433 5418 ossibus
2463 5366 2606 5418 meis.
2629 5365 2745 5420 Non
2763 5378 2940 5422 autem
2961 5370 3224 5438 repetivit.
3242 5391 3273 5426 a
3296 5376 3432 5429 vultu
3459 5377 3668 5433 ira-tua:
3697 5423 3710 5435 .

2120 5456 2212 5510 sed
2235 5472 2448 5511 causam
2477 5457 2610 5510 dixit
2632 5459 2725 5511 irze
2753 5459 2844 5513 Dei
2869 5500 2885 5524 ,
2915 5459 3037 5514 Non
3068 5473 3138 5516 est
3169 5481 3272 5532 pax
3296 5507 3312 5530 ,
3346 5468 3550 5537 inquit,
3583 5473 3717 5526 essi-

2125 5548 2215 5601 bus
2242 5547 2364 5600 meis
2385 5563 2415 5598 a
2446 5547 2575 5616 facie
2599 5558 2918 5618 peccatorum
2950 5568 3191 5607 meorum.

2190 5661 2203 5690 ί
2234 5656 2454 5721 Plerique
2478 5665 2603 5718 Mss,
2625 5671 2684 5710 ne
2705 5666 2755 5709 tu
2773 5660 2946 5714 debere
2967 5661 3176 5715 videaris
3189 5664 3326 5717 illum
3347 5682 3595 5725 accusare.
