3978 6352
179 520 280 578 401

248 636 303 691 8.
337 634 489 708 [κη.
525 635 609 712 5.]
659 636 912 702 Quattiam
962 630 1246 708 iniquitates
1287 654 1413 692 mea:
1457 640 1767 693 sustulerunt

171 737 328 796 caput
354 745 540 795 meant,
571 731 701 782 sicut
730 730 882 800 fascis
910 729 1076 800 gravis
1102 738 1329 799 gravata
1353 737 1471 782 sunt
1499 745 1651 796 super
1673 744 1772 781 me.

175 819 246 874 Et
276 819 362 876 hic
389 837 612 876 causam
647 823 907 893 prtemisit
928 865 943 885 ,
975 832 1030 876 et
1067 821 1318 876 el'fectum
1347 821 1611 890 subjecit;
1645 821 1773 891 quid

175 912 322 970 unde
347 914 633 986 contigerit
659 914 794 970 dixit
822 931 838 972 :
871 913 1176 984 Iniquitates
1197 930 1322 968 mea:
1341 914 1654 967 sustulerunt
1679 931 1774 967 ca-

173 1013 268 1072 put
293 1020 482 1059 mna.
508 1005 678 1060 Nemo
703 1006 847 1060 enim
888 1005 1153 1075 superbus
1177 1046 1194 1071 ,
1245 1003 1353 1059 nisi
1390 1005 1636 1074 iniquus,
1684 1004 1771 1060 cui

169 1096 474 1153 sustollitur
499 1106 680 1169 caput.
721 1098 946 1154 Sursum
994 1099 1232 1165 tollitur,
1265 1098 1355 1169 qui
1407 1099 1563 1168 erigit
1611 1107 1773 1166 caput

168 1189 436 1242 adversus
473 1188 664 1243 Deum.
696 1187 934 1244 AudiStis
983 1203 1103 1243 cum
1147 1188 1305 1244 lectio
1351 1188 1618 1258 legeretur
1648 1187 1769 1242 libri

175 1277 563 1344 Eeclesiastici,
599 1276 813 1333 Initium
839 1278 1091 1348 superbia:
1111 1278 1328 1332 hominis
1348 1319 1364 1344 ,
1405 1288 1699 1348 apostatare
1727 1293 1759 1330 a

174 1368 286 1424 Deo
317 1367 505 1440 (Eccti.
531 1387 566 1426 ι
591 1413 606 1437 ,
638 1371 747 1442 Η).
777 1371 874 1428 llle
912 1371 1002 1442 qui
1034 1372 1182 1441 prior
1211 1371 1381 1425 noluit
1407 1371 1594 1424 audire
1632 1386 1770 1440 pra:-

168 1471 408 1531 eeptum,
425 1463 640 1518 sustulit
657 1462 907 1533 iniquitas
929 1462 1096 1532 ipsius
1114 1472 1272 1532 caput
1293 1461 1551 1517 adversus
1576 1461 1766 1516 Deum.

173 1551 243 1606 Et
270 1553 393 1622 quia
420 1553 730 1624 iniquitates
757 1554 1094 1609 sustulerunt
1118 1561 1282 1620 caput
1324 1552 1477 1623 ejus,
1527 1552 1653 1623 quid
1693 1548 1770 1607 illi

169 1641 300 1697 fecit
331 1642 514 1698 Deus?
537 1643 684 1699 Sicut
710 1644 867 1713 fascis
884 1644 1052 1715 gravis
1072 1652 1296 1714 grauata
1312 1651 1430 1698 sunt
1470 1659 1624 1714 super
1666 1658 1765 1696 me.

169 1732 428 1790 Levitatis
457 1743 543 1790 est
566 1736 775 1805 erigere
795 1742 974 1804 caput.
999 1734 1149 1804 quasi
1180 1733 1311 1788 nihil
1343 1743 1517 1803 portat
1545 1735 1634 1805 qui
1660 1735 1764 1788 eri-

165 1825 246 1894 git
272 1833 456 1896 caput.
485 1825 616 1894 Quia
640 1841 769 1897 ergo
793 1826 912 1882 leve
936 1834 1020 1881 est
1047 1826 1190 1896 quod
1218 1834 1396 1896 petcst
1424 1826 1591 1896 erigi,
1623 1826 1767 1880 acci-

166 1916 246 1985 pjt
271 1915 483 1985 pondus
513 1915 652 1970 unde
683 1917 853 1986 possit
897 1915 1201 1984 comprimi.
1228 1915 1574 1972 Convertitur
1619 1917 1765 1975 enim

166 2005 322 2060 labor
339 2006 459 2074 ejus
481 2006 531 2061 in
554 2015 714 2076 caput
734 2006 852 2077 ejus
873 2047 887 2070 ,
917 2015 971 2062 et
997 2007 1250 2076 iniquitas
1279 2007 1396 2078 ejus
1423 2009 1475 2064 iu
1501 2014 1762 2068 verticem

162 2098 283 2167 ejus
307 2098 584 2154 descendit
615 2098 785 2170 (Psnl.
813 2115 885 2155 vn
906 2142 921 2168 ,
953 2097 1063 2172 l7).
1094 2099 1240 2154 Sicut
1276 2101 1431 2176 [ustis
1454 2105 1622 2176 gravis
1643 2121 1766 2176 gra-

162 2200 296 2244 ratte
317 2200 435 2244 sunt
462 2208 616 2260 super
642 2208 739 2246 me.

236 2286 290 2338 9.
309 2281 458 2356 [υεη.
489 2281 568 2356 6.]
605 2284 1034 2358 Comptttruerunt
1071 2301 1117 2347 et
1144 2291 1617 2363 putueruntlioores
1640 2292 1760 2346 mei.

161 2375 285 2431 Jam
315 2383 407 2453 qui
432 2384 626 2438 livores
655 2383 834 2448 habet,
866 2399 972 2439 non
996 2392 1083 2440 est
1107 2399 1291 2440 sanus.
1325 2383 1474 2437 Adde
1511 2385 1632 2454 quia
1659 2382 1760 2452 ipsi

166 2475 364 2530 livores
390 2484 831 2544 computruerunt
854 2485 909 2530 et
932 2483 1243 2547 putueruut.
1275 2473 1427 2531 Unde
1449 2475 1762 2544 putuerunt?

162 2565 299 2632 QuEa
327 2574 784 2636 computruerunt.
807 2565 923 2621 Jam
951 2565 1222 2638 quomodo
1249 2564 1352 2621 hoc
1380 2564 1676 2636 explicetur
1703 2564 1758 2619 in

161 2659 270 2712 vita
304 2657 532 2712 humana
561 2658 681 2728 quis
708 2657 810 2713 hoc
838 2673 943 2714 non
971 2658 1121 2713 novit
1145 2658 1204 2711 ‘?
1235 2657 1438 2712 Habeat
1462 2657 1653 2728 aliquis
1673 2671 1761 2712 sa-

163 2765 292 2803 num
331 2749 584 2803 olfactum
631 2749 857 2814 animm,
885 2750 1047 2804 sentit
1083 2749 1354 2819 quomodo
1393 2759 1607 2818 puteant
1633 2765 1762 2819 pce-

159 2851 303 2895 cata.
335 2839 430 2894 Cui
462 2840 639 2910 putori
664 2849 1002 2909 peccatorum
1029 2839 1329 2894 contrarius
1353 2850 1468 2895 erat
1495 2840 1628 2894 odor
1647 2840 1754 2906 ille,

161 2933 231 2985 de
259 2947 368 3002 quo
391 2931 521 2986 dicit
547 2932 835 3001 Apostolus
860 2947 876 2984 :
899 2930 1087 2985 Christi
1107 2930 1268 2985 bonus
1285 2931 1412 2984 odor
1427 2947 1602 2984 sumus
1626 2931 1753 2998 Deo,

157 3023 374 3077 inomni
403 3024 534 3091 loco,
566 3024 630 3078 iis
656 3024 745 3093 qui
773 3022 901 3077 salvi
920 3024 1048 3094 ﬁunt
1070 3023 1135 3097 (ΙΙ
1155 3022 1274 3079 Cor.
1303 3039 1360 3090 tt,
1380 3022 1493 3096 15).
1521 3024 1625 3078 Sed
1653 3039 1756 3077 nn-

158 3113 253 3180 de,
279 3113 381 3168 nisi
408 3113 478 3170 de
516 3115 652 3183 spe?
679 3112 853 3176 Unde.
893 3114 994 3167 nisi
1025 3113 1092 3186 de
1118 3112 1487 3169 recordatione
1511 3113 1757 3168 sabbati?

161 3206 322 3262 Aliud
351 3206 494 3262 enim
525 3206 826 3277 plangimus
847 3205 900 3259 in
927 3204 1028 3260 hac
1058 3205 1185 3271 vita,
1217 3203 1358 3259 aliud
1382 3205 1755 3274 praesumimus

161 3299 215 3352 in
243 3297 331 3352 illa
361 3297 489 3351 vita.
522 3295 674 3363 Quod
700 3296 982 3366 plangitur,
1014 3304 1161 3364 putet
1184 3313 1200 3365 ς
1223 3294 1366 3365 quod
1391 3294 1751 3364 praesumitur,

159 3391 380 3459 fragrat.
410 3387 550 3458 Ergo
575 3387 674 3442 nisi
711 3398 855 3441 esset
884 3387 975 3441 ille
1007 3387 1129 3441 talis
1157 3385 1291 3440 odor
1319 3385 1406 3456 qui
1440 3400 1538 3439 nos
1560 3385 1754 3439 invita-

159 3492 262 3547 tet,
293 3496 562 3552 nunquam
602 3479 880 3536 sabbatum
909 3479 1334 3534 recordaremur.
1378 3477 1483 3533 Sed
1511 3478 1632 3548 quia
1659 3479 1755 3531 ha-

158 3574 347 3628 bemus
397 3588 493 3643 per
537 3571 835 3643 Spiritum'
885 3570 1059 3641 ipsum
1116 3570 1360 3636 odorem,
1409 3579 1466 3624 ut
1512 3568 1752 3624 dicamus

156 3677 360 3734 sponsu
388 3671 593 3727 nostro,
618 3659 745 3716 Post
775 3661 982 3716 odorem
1005 3670 1374 3731 unguentorum
1405 3669 1608 3714 tuarum
1628 3677 1751 3714 cur-

155 3774 326 3811 remus
358 3754 529 3827 (Cant.
563 3770 602 3820 t,
643 3753 732 3826 3);
761 3753 1050 3809 avertimus
1073 3768 1103 3807 a
1133 3753 1413 3823 potoribus
1443 3753 1643 3806 nostris
1669 3751 1753 3806 ol-

157 3848 377 3915 l'actum,
410 3855 465 3902 et
491 3855 865 3901 convertentes
892 3859 990 3898 nos
1013 3843 1079 3898 ad
1109 3844 1282 3913 ipsum
1315 3843 1644 3913 aliquantum
1669 3859 1754 3897 re-

155 3940 445 4009 Spiramus.
469 3935 577 3994 Sed
598 3936 700 3992 nisi
723 3935 792 3991 ad
813 3951 912 3990 nos
939 3935 1120 3990 oleant
1142 3943 1197 3990 et
1217 3934 1355 3988 mala
1383 3944 1586 3994 nostra.
1615 3950 1755 3989 nun-

155 4047 316 4103 quam
357 4028 474 4086 istis
519 4027 807 4100 gemitibus
851 4026 1190 4091 conﬁtentur,
1238 4024 1664 4096 Compntruerunt
1707 4034 1755 4078 et

156 4129 432 4193 patuerunt
453 4120 634 4174 livores
666 4118 782 4173 mei.
816 4117 1006 4174 Unde?
1031 4117 1074 4170 A
1104 4118 1233 4189 faeie
1267 4117 1572 4188 insipientia:
1606 4134 1749 4172 metr.

157 4214 313 4271 Unde
338 4213 473 4268 dixit
499 4211 764 4282 superius,
795 4211 839 4264 A
860 4209 990 4280 facie
1018 4219 1340 4279 peccatorum
1367 4225 1591 4262 meorum
1623 4225 1641 4263 :
1671 4211 1751 4262 in-

155 4307 222 4362 de
252 4321 417 4374 nunc,
441 4306 481 4359 Α
504 4306 635 4376 {acie
653 4303 1115 4373 insipientitemeae.

228 4399 318 4454 10.
360 4395 512 4470 [verm
541 4393 620 4468 7.]
649 4393 870 4450 Miseriis
899 4395 1108 4466 aﬁiictus
1143 4411 1272 4460 sum,
1302 4405 1346 4447 et
1369 4404 1601 4447 curvatus
1640 4411 1754 4448 sum

153 4506 314 4562 usque
353 4491 409 4544 in
434 4489 607 4558 finem.
655 4486 805 4544 Unde
834 4495 1082 4541 curvatus
1111 4485 1231 4540 est?
1258 4486 1389 4552 Quia
1417 4486 1587 4540 elatus
1614 4493 1748 4540 erat.

155 4584 210 4637 Si
242 4581 412 4637 fueris
437 4580 675 4646 humilis,
703 4580 960 4650 erigeris;
992 4577 1036 4633 si
1068 4579 1230 4634 lueris
1259 4581 1451 4644 elatus,
1489 4579 1751 4633 curvabe-

156 4675 232 4730 ris
258 4690 275 4726 :
310 4688 417 4727 non
443 4673 585 4727 enim
612 4670 788 4726 deerit
816 4671 923 4724 Deo
963 4669 1166 4739 pondus
1193 4668 1334 4723 unde
1360 4677 1411 4724 te
1441 4678 1646 4724 curvet.
1678 4669 1750 4724 ll-

157 4766 247 4822 lnd
277 4765 384 4821 erit
409 4763 653 4837 pondus,
697 4761 860 4817 fascis
885 4771 1222 4828 peccatorum
1252 4770 1461 4815 tuorum
1492 4777 1505 4812 :
1540 4759 1641 4814 hoc
1669 4777 1754 4815 rc-

158 4856 444 4927 plicabitur
469 4857 522 4910 in
549 4862 710 4924 caput
732 4861 902 4919 tuum,
935 4863 990 4906 et
1023 4851 1348 4907 curvaberis.
1379 4850 1516 4917 Quid
1543 4860 1625 4906 est
1654 4867 1750 4905 au.

160 4959 268 5003 tem
295 4947 541 5004 curvari?
565 4946 681 5002 Non
704 4961 763 5000 se
788 4959 944 5015 posse
963 4944 1188 5014 erigere.
1218 4943 1400 4997 Talem
1427 4942 1628 4998 invenit
1652 4944 1755 4996 Do—

158 5044 338 5097 minus
370 5039 646 5096 mulierem
692 5053 787 5108 per
823 5037 1008 5090 decem
1040 5045 1094 5090 et
1135 5044 1258 5089 octo
1294 5049 1463 5088 annos
1493 5050 1748 5089 curvam:

158 5153 264 5189 nou
298 5149 358 5189 se
384 5140 597 5203 poterat
619 5131 826 5200 erigere
868 5128 1018 5200 (Luc.
1047 5141 1162 5194 xm,
1193 5125 1303 5195 ll).
1328 5127 1483 5181 Tales
1511 5135 1635 5182 sunt
1662 5127 1750 5196 qui

158 5229 212 5280 in
243 5237 385 5280 terra
409 5239 506 5277 cor
540 5221 758 5276 habent.
799 5221 869 5274 At
895 5235 1043 5282 vero,
1072 5220 1192 5288 quia
1221 5219 1423 5274 invenit
1451 5220 1639 5272 mulier
1665 5219 1751 5274 illa

160 5321 470 5379 hominum,
487 5325 539 5370 et
561 5315 767 5368 sanavit
783 5329 922 5375 cam,
945 5312 1133 5365 habeat
1153 5326 1361 5364 sursum
1380 5326 1492 5364 eor.
1513 5309 1566 5364 ιη
1585 5327 1755 5380 quan-

157 5422 270 5463 tum
304 5419 482 5463 tamen
502 5415 774 5468 curvatur,
805 5402 980 5457 adhuc
999 5401 1182 5472 gemit.
1205 5401 1468 5456 Curvatur
1492 5402 1634 5456 enim
1665 5402 1754 5458 ille

153 5503 247 5572 qui
295 5501 426 5555 dicit
457 5517 471 5553 :
504 5497 701 5570 Corpus
738 5497 872 5552 enim
912 5495 1049 5567 quod
1085 5495 1467 5564 corrumpitur,
1514 5505 1756 5566 aggravet

155 5599 404 5654 animum,
437 5604 482 5648 et
512 5593 752 5663 deprimit
783 5601 981 5644 terrena
1014 5589 1315 5642 inltabitatio
1349 5604 1552 5642 sensum
1594 5588 1756 5642 multa

155 5692 464 5761 cogitantem
495 5685 650 5758 (Sap.
686 5698 765 5752 Ix,
794 5683 904 5754 l5).
936 5682 991 5736 lu
1033 5680 1115 5736 his
1143 5689 1339 5752 gemat,
1375 5691 1432 5735 ut
1464 5681 1590 5735 illud
1617 5681 1756 5736 acci-

224 5867 248 5929 '_
270 5873 369 5914 Am.
396 5871 472 5929 ετ.
493 5870 546 5912 et
568 5861 791 5929 plerique
810 5868 916 5909 Mss.
942 5865 1111 5910 carent
1131 5856 1380 5920 particula,
1396 5870 1504 5908 non.
1524 5857 1758 5918 Quidam:

161 5925 380 5994 Quisquis
403 5925 652 5974 Itocuot'il.
818 5992 826 5994 _
919 5991 961 5994 μ
989 5989 1007 5994 Α
1031 5981 1060 5994 ,,
1097 5979 1109 5994 ,

222 5995 242 6022 ⁸
267 5992 454 6052 aliquot
477 5995 584 6037 Mss.
610 5987 852 6045 omittunt,
873 5991 962 6048 per
981 5987 1223 6045 spiritum.

1252 523 1652 579 ENARRATlO
1691 522 1756 576 IN
1797 522 2123 580 PSALMUM
2160 526 2420 581 XXXVII.

3378 540 3482 595 402

1881 637 2014 708 piat,
2042 641 2353 695 recordetur
2378 641 2680 707 sabbatum,
2715 654 2770 699 ut
2797 646 2861 700 ad
2892 647 3168 705 sabbatum
3197 656 3480 721 pervenire

1883 741 2170 784 mereatur.
2195 732 2346 797 Quod
2366 735 2507 786 enim
2528 735 2874 791 celebrabant
2893 738 3086 804 .ludmi,
3105 743 3312 812 signum
3337 759 3455 800 erat

1881 819 2042 890 Cujus
2073 822 2146 875 rei
2178 823 2432 891 signum?
2460 825 2630 890 Quam
2670 826 2771 880 iste
2811 830 3154 897 recordatur,
3183 835 3273 902 qui
3303 836 3431 889 dicit
3468 857 3479 886 :

1882 912 2104 967 Miseriis
2125 916 2337 985 afﬂictus
2357 933 2497 983 sum,
2535 928 2592 972 et
2608 931 2846 973 curvatus
2873 939 2987 975 sum
3009 940 3165 994 usque
3197 927 3249 978 in
3303 927 3476 994 ﬁm'ttt.

1879 1001 2017 1068 Quid
2045 1013 2147 1068 est,
2181 1022 2336 1075 usque
2369 1007 2422 1061 in
2452 1010 2645 1077 finem?
2670 1010 2849 1079 Usque
2881 1014 2931 1066 in
2961 1025 3212 1070 mortem.
3239 1015 3366 1070 Tota
3394 1019 3480 1071 die

1877 1095 2201 1149 cantristatus
2225 1098 2566 1152 ambulabam.
2602 1100 2728 1155 Tota
2756 1103 2867 1163 die,
2913 1107 3027 1158 sine
3056 1106 3474 1164 intenuissione.

1877 1185 1990 1240 Hoc
2009 1188 2136 1242 dicit
2161 1198 2264 1242 tota
2286 1191 2387 1257 die,
2416 1201 2522 1244 tota
2553 1195 2682 1247 vita.
2716 1194 2820 1249 Sed
2850 1213 2912 1249 ex
2941 1213 3046 1266 quo
3076 1201 3365 1267 cognovit?
3397 1203 3473 1255 Ex

1875 1292 1982 1346 quo
2010 1278 2290 1333 sabbatum
2321 1282 2591 1336 recordari
2622 1285 2803 1351 coepit.
2839 1287 3097 1350 Quamdiu
3126 1289 3268 1342 enim
3291 1305 3476 1344 recor-

1873 1366 2032 1422 datur
2050 1370 2194 1438 quod
2222 1371 2455 1426 nondum
2482 1373 2662 1442 habet,
2695 1391 2800 1430 nou
2836 1379 2911 1431 vis
2945 1389 2998 1430 ut
3026 1383 3369 1436 contristatus
3393 1384 3474 1436 in-

1873 1459 2068 1514 cedat?
2096 1460 2228 1516 Tota
2256 1462 2340 1517 die
2363 1467 2688 1520 contristatus
2716 1468 3062 1522 ambulabant.

1945 1550 2032 1605 Η.
2062 1548 2213 1623 [verm
2245 1552 2326 1628 8.]
2357 1556 2609 1621 Quoniam
2646 1558 2820 1612 anima
2845 1577 2954 1612 mea
2979 1561 3229 1628 completa
3249 1572 3322 1616 est
3342 1564 3471 1617 illu~

1871 1639 2117 1708 sianibus,
2146 1651 2193 1698 et
2233 1662 2335 1698 non
2360 1655 2432 1699 est
2460 1648 2653 1701 sanitas
2682 1649 2735 1701 in
2759 1666 2911 1702 carne
2940 1668 3072 1704 mea.
3107 1651 3202 1707 Ubi
3229 1668 3360 1723 ergo
3386 1662 3472 1708 est.

1875 1740 2018 1789 totus
2047 1733 2243 1802 homo,
2270 1739 2447 1792 anima
2478 1749 2534 1795 et
2574 1755 2701 1794 caro
2725 1752 2829 1797 est.
2874 1743 3062 1798 Anima
3094 1746 3358 1814 completa
3389 1756 3472 1800 est

1872 1821 2230 1893 illusionibus,
2258 1843 2385 1883 caro
2405 1829 2689 1886 sanitatem
2715 1846 2821 1886 non
2844 1832 3003 1888 habet
3033 1853 3045 1887 :
3077 1837 3202 1904 quid
3228 1847 3472 1892 remanet

1873 1917 2012 1973 unde
2040 1918 2106 1971 sit
2137 1918 2363 1975 lzetitia?
2391 1920 2578 1976 Nonne
2601 1932 2816 1992 oportet
2844 1933 2901 1978 ut
2923 1927 3309 1980 contristetur?
3342 1927 3471 1981 Tota

1871 2007 1954 2063 die
1975 2012 2298 2066 ccntriuatus
2324 2012 2670 2067 ambulabam.
2713 2013 2952 2070 Tristitia
2992 2019 3146 2072 nobis
3172 2019 3262 2085 sit,
3297 2019 3471 2074 donec

1869 2107 1926 2154 et
1950 2101 2122 2154 anima
2166 2111 2348 2157 nostra
2374 2113 2603 2160 exuatur
2643 2104 3009 2174 illusionibus,
3053 2118 3105 2163 et
3132 2125 3328 2180 corpus
3367 2127 3468 2164 nn-

1868 2196 2039 2244 strum
2066 2191 2315 2248 induatur
2343 2194 2590 2251 sanitate.
2624 2194 2715 2251 illa
2757 2207 2842 2252 est
2880 2200 3021 2253 enim
3065 2216 3188 2254 vera
3232 2203 3465 2269 sanitas,

1867 2296 1988 2351 quze
2025 2292 2108 2338 est
2147 2284 2542 2342 immortalitas.
2573 2286 2800 2355 Quanta:
2845 2290 2952 2345 sint
2977 2303 3158 2345 autem
3191 2293 3466 2351 illusinncs

1866 2371 2094 2438 animae,
2138 2373 2183 2428 si
2224 2375 2448 2432 voluero
2473 2375 2694 2447 dicere,
2723 2390 2935 2448 tempus
2978 2382 3192 2450 quando
3219 2383 3465 2439 sufﬁcit?

1865 2461 2029 2535 Cujus
2057 2466 2200 2520 enim
2238 2467 2420 2523 anima
2463 2469 2563 2523 ista
2604 2485 2710 2524 non
2743 2472 2982 2540 patitur?
3023 2473 3190 2527 Breve
3214 2483 3296 2528 est
3321 2477 3463 2545 quod

1864 2557 2149 2622 admoneo,
2177 2560 2446 2629 quomodo
2464 2561 2640 2616 anima
2663 2571 2841 2617 nostra
2863 2564 3125 2633 completa
3148 2575 3230 2619 est
3251 2565 3457 2621 illusio-

1864 2649 2043 2704 uibus.
2072 2651 2118 2705 A
2149 2649 2283 2706 facie
2312 2651 2546 2724 ipsarum
2577 2653 2907 2723 illusionum,
2935 2656 3223 2727 aliquando
3243 2659 3328 2712 vix
3351 2676 3463 2712 ora-

1864 2757 1924 2796 re
1953 2742 2332 2811 permittimur.
2361 2744 2438 2799 De
2465 2745 2782 2816 corporibus
2811 2747 3046 2818 cogitare
3081 2764 3187 2803 non
3217 2750 3463 2806 novimus

1864 2834 1968 2888 nisi
1990 2826 2289 2905 imagines;
2331 2847 2385 2891 et
2412 2853 2558 2908 saepe
2600 2837 2816 2894 irruunt
2841 2855 2974 2910 quas
3011 2858 3115 2895 non
3145 2843 3458 2913 quzcrimus,

1861 2934 1917 2980 et
1941 2926 2263 2982 volumusex
2287 2928 2454 2984 hacin
2479 2929 2618 2985 hanc
2638 2930 2736 2999 ire,
2758 2940 2814 2986 et
2841 2933 2908 2986 ab
2930 2934 3016 2987 illa
3040 2934 3091 2988 in
3117 2934 3259 2988 illam
3285 2945 3460 2990 tratts~

1865 3017 1979 3080 ire;
2008 3026 2065 3073 et
2113 3017 2402 3087 aliquando
2442 3021 2518 3075 vis
2562 3021 2738 3077 redire
2764 3020 2830 3076 ad
2873 3022 2924 3076 id
2973 3023 3114 3092 quod
3158 3026 3457 3095 cogitabas,

1859 3115 1916 3162 ct
1947 3107 2217 3162 dimittere
2242 3109 2384 3163 unde
2408 3110 2647 3181 cogitas,
2686 3120 2740 3167 et
2775 3111 2919 3167 aliud
2950 3113 3043 3185 tibi
3070 3117 3303 3170 occurrit
3333 3136 3347 3169 :
3381 3119 3460 3171 vis

1859 3197 2130 3254 recordari
2161 3200 2302 3270 quod
2324 3201 2522 3255 oblitus
2544 3217 2694 3268 eras;
2721 3212 2776 3258 et
2799 3218 2906 3257 non
2930 3204 3025 3258 tibi
3047 3206 3199 3260 venit
3229 3208 3280 3261 in
3306 3224 3457 3262 men-

1860 3298 1990 3357 tem,
2016 3298 2074 3345 et
2112 3291 2259 3345 venit
2294 3292 2468 3362 potius
2510 3293 2650 3347 aliud
2690 3294 2832 3364 quod
2877 3295 3103 3351 nolebas
3156 3297 3294 3354 Ubi‘
3340 3312 3457 3356 erat

1858 3380 2000 3451 quod
2022 3382 2217 3437 oblitus
2233 3384 2391 3438 eras?
2410 3383 2541 3438 Nam
2560 3401 2726 3454 quare
2749 3397 2930 3455 postea
2950 3389 3096 3443 venit
3116 3390 3170 3443 in
3193 3402 3446 3456 mentem,

1858 3487 1978 3526 cum
2014 3471 2124 3541 jam
2167 3489 2273 3527 non
2303 3477 2668 3544 qttazrcretur?
2695 3474 2828 3531 Cum
2873 3487 3052 3534 autem
3094 3491 3447 3551 quatrcrctur,

1858 3575 2205 3618 occurrerunt
2233 3580 2327 3634 pro
2356 3565 2450 3620 illo
2491 3566 2900 3623 innumerabilia
2944 3585 3063 3640 quze
3095 3585 3200 3626 non
3242 3588 3453 3643 qnzcre-

1859 3654 2070 3708 bantur.
2093 3655 2227 3709 Rem
2242 3655 2349 3710 dixi
2373 3656 2612 3725 brevem,
2643 3657 2867 3714 fratres:
2892 3663 3096 3731 aspersi
3125 3663 3305 3718 nescio
3329 3667 3456 3735 quid

1858 3744 2029 3812 vobis,
2057 3761 2162 3816 quo
2189 3755 2411 3815 accepto
2440 3759 2634 3803 ca-tera
2677 3765 2771 3803 vos
2812 3751 2910 3820 ipsi
2937 3753 3232 3822 cogitantes
3253 3795 3268 3822 ,
3303 3757 3453 3812 inve-

1859 3835 2017 3890 niatis
2041 3836 2166 3906 quid
2193 3836 2262 3889 sit
2287 3838 2538 3906 plangere
2569 3838 2844 3894 illttsiuttes
2871 3840 3065 3895 animae
3092 3853 3311 3898 nostrai.
3347 3849 3451 3899 Ac-

1857 3928 1998 3997 cepit
2021 3943 2150 3996 ergo
2192 3943 2405 3998 ptenam
2438 3930 2731 3997 illusionis,
2759 3933 2937 3986 amisit
2970 3935 3272 3990 veritatem.
3305 3936 3455 3992 Sicut

1858 4018 2000 4073 enim
2026 4033 2178 4088 ptena
2203 4028 2285 4074 est
2309 4020 2503 4074 animae
2526 4021 2723 4088 illusio,
2743 4022 2821 4078 sic
2848 4025 3123 4092 prmmium
3147 4028 3342 4081 anima:
3365 4046 3454 4084 ve.

1859 4110 2008 4164 ritas.
2031 4109 2135 4164 Sed
2166 4111 2216 4164 in
2247 4111 2329 4163 bis
2356 4111 2692 4167 illusionibus
2722 4115 2995 4169 constituti
3022 4132 3142 4170 cum
3175 4134 3453 4188 essemus,

1858 4203 2003 4255 venit
2030 4202 2096 4255 ad
2124 4217 2222 4255 nos
2243 4203 2463 4267 veritas,
2493 4211 2546 4256 et
2571 4202 2774 4258 invenit
2813 4219 2911 4258 nos
2934 4219 3218 4276 coopertos
3246 4209 3453 4262 illusio-

1860 4296 2036 4358 nibus,
2069 4296 2302 4364 suscepit
2331 4310 2548 4350 carnem
2585 4306 2846 4362 nostram,
2877 4299 2961 4352 vel
2993 4302 3168 4368 potius
3194 4319 3220 4354 a
3255 4285 3406 4356 nobis
3434 4343 3447 4369 ,

1859 4384 1911 4439 id
1938 4397 2017 4438 est
2048 4403 2077 4438 ιι
2103 4403 2296 4455 genere
2326 4389 2578 4441 humano.
2619 4389 2877 4457 Apparuit
2912 4391 3114 4444 oculis”
3158 4395 3334 4446 Carnis
3355 4435 3370 4456 ,
3399 4405 3446 4446 ut

1857 4492 1954 4548 per
1991 4479 2147 4533 tidem
2189 4488 2403 4533 sanaret
2434 4497 2529 4535 eos
2564 4481 2758 4551 quibus
2791 4485 3067 4538 veritatem
3099 4489 3268 4541 inerat
3297 4505 3452 4542 meu-

1859 4579 2164 4624 straturus:
2202 4583 2256 4623 ut
2298 4582 2486 4625 sanato
2524 4572 2682 4626 oculo
2726 4575 2922 4628 veritas
2963 4587 3281 4646 putesceret.
3335 4580 3452 4649 Ipse

1857 4660 1998 4713 enim
2030 4670 2111 4714 est
2135 4662 2349 4725 veritas,
2383 4676 2541 4731 quam
2569 4663 2723 4717 nobis
2749 4667 3008 4734 promisit,
3037 4683 3156 4722 cum
3185 4686 3310 4724 caro
3337 4673 3445 4738 ejus

1861 4752 2149 4812 videretur,
2183 4763 2237 4804 ιιι
2265 4751 2396 4807 fides
2427 4753 2790 4821 inchoarctur,
2821 4757 2974 4825 cuius
3008 4762 3288 4829 prnmtitun
3315 4768 3446 4818 ιρι-ί-

1861 4855 1940 4897 tas
1970 4855 2134 4897 esset.
2160 4842 2275 4898 Non
2305 4845 2446 4897 enim
2485 4861 2545 4899 se
2574 4847 2686 4915 ipse
2712 4847 2959 4903 Christus
2983 4852 3370 4910 demonstravit
3401 4859 3451 4911 in

1861 4945 2034 4999 terra,
2075 4935 2167 4988 sed
2207 4935 2596 4990 dentonstravit
2633 4953 2849 4991 carnem
2882 4954 3051 4994 suam.
3097 4943 3229 4997 Nam
3280 4946 3328 4999 si
3365 4964 3450 5002 se-

1860 5026 2031 5095 ipsum
2070 5028 2482 5093 demonstraret,
2514 5029 2758 5084 viderent
2796 5032 2943 5086 illum
2971 5033 3139 5091 Judaei
3165 5049 3216 5090 et
3251 5053 3452 5108 cogno~

1860 5127 2071 5172 soerent
2108 5137 2120 5173 :
2155 5120 2247 5174 sed
2293 5119 2337 5173 si
2384 5122 2794 5189 cognovissent,
2847 5140 3116 5194 nunquam
3173 5128 3452 5186 Dominum

1860 5212 2044 5282 gloriae
2073 5213 2469 5267 crucilixissent
2491 5213 2533 5282 (l
2567 5212 2685 5269 Cor.
2711 5231 2768 5280 ιι,
2797 5214 2874 5287 8).
2903 5215 3009 5271 Sed
3049 5218 3184 5274 forte
3210 5220 3456 5291 discipuli

1862 5304 2133 5366 viderunt,
2165 5304 2380 5373 quando
2411 5305 2483 5359 illi
2506 5305 2789 5361 dicebant:
2819 5307 3038 5363 Ostende
3055 5312 3200 5365 nobis
3223 5311 3454 5376 Patrem,

1862 5406 1908 5450 et
1951 5397 2127 5466 stt/ﬁcit
2158 5395 2322 5450 nobis.
2359 5397 2424 5451 Et
2465 5396 2553 5451 ille
2596 5409 2653 5452 ut
2677 5399 2748 5453 ab
2784 5400 2862 5454 eis
2891 5416 2951 5456 se
2989 5419 3095 5457 non
3137 5405 3307 5458 visum
3339 5421 3457 5464 esse

1863 5499 2203 5554 monstraret,
2237 5489 2501 5557 subjecit:
2531 5489 2698 5544 Tanto
2723 5501 2948 5562 tempore
2977 5495 3231 5550 vobiscum
3252 5515 3385 5561 sum,
3411 5509 3457 5552 et

1863 5597 1963 5635 non
1985 5582 2284 5649 cognovistis
2310 5581 2427 5634 me?
2452 5580 2715 5651 Philippe,
2744 5586 2831 5654 qui
2857 5603 2933 5638 mc
2954 5586 3104 5652 videt,
3132 5589 3262 5643 videt
3291 5602 3332 5641 ει
3366 5589 3458 5642 Pa.

1866 5681 2009 5724 trem.
2041 5671 2098 5725 Si
2125 5685 2251 5740 ergo
2276 5670 2545 5726 Christum
2568 5673 2838 5738 videbant,
2866 5677 3134 5746 quomodo
3159 5678 3331 5734 adhuc
3357 5680 3459 5732 Pa-

1867 5771 2001 5816 trem
2033 5762 2385 5831 qumrebant?
2415 5762 2471 5817 Si
2504 5765 2646 5818 enim
2678 5767 2926 5821 viderent
2967 5767 3236 5826 Christum
3266 5812 3279 5836 ,
3311 5770 3456 5825 vide-

1933 5921 1948 5951 ί
1978 5917 2163 5979 Aliquot
2186 5923 2318 5979 Mss,
2345 5918 2428 5970 Ibi.

1937 5984 1958 6014 ³
1983 5987 2047 6029 tta
2073 5981 2118 6029 in
2271 5991 2325 6032 Λι
2348 5983 2395 6031 in
2418 5981 2552 6042 ma,
2579 5982 2772 6047 Aperuit
2790 5986 2967 6038 omitas.
