3978 6336
449 553 556 610 4οὸ

457 679 575 727 rent
604 674 658 720 et
695 662 925 718 Patrem.
962 648 1212 709 Nondum
1245 645 1428 713 itaque
1448 634 1722 694 Christum
1759 627 2049 686 videbant,

460 762 547 829 qui
577 757 788 810 Patrem
814 747 916 804 sibi
939 739 1151 799 ostendi
1181 733 1487 807 cupiebant.
1512 723 1651 782 Audi
1670 721 1791 792 quia
1815 715 2054 773 nondum

462 809 712 902 audebant
742 861 754 894 ε
785 841 844 896 lu
874 833 1094 908 praemio
1123 827 1253 885 illud
1281 820 1525 896 promisit
1549 816 1653 871 alio
1680 814 1817 874 loco,
1849 809 2056 870 dicens,

470 939 571 1005 Qui
603 934 766 1004 diligit
789 901 890 992 me;
910 925 1160 1006 mandata
1187 934 1296 972 mea
1323 911 1542 968 custodit
1563 917 1642 963 εει
1666 906 1751 975 qui
1775 901 1940 973 diligit
1961 914 2061 964 me,

473 995 720 1099 diligetur:
741 1041 770 1076 a
808 998 963 1075 Patre
988 1031 1116 1078 meo,
1140 1021 1187 1066 et
1213 1024 1302 1081 ego
1323 1005 1534 1075 diligam
1558 1015 1689 1054 eum.
1722 995 1789 1049 Et
1812 1003 2063 1060 tanquam

475 1083 746 1175 dicdr-etur
769 1113 819 1169 ei
837 1154 854 1179 ,
889 1109 1028 1178 Quid
1055 1105 1128 1158 illi
1157 1100 1327 1162 dabis,
1355 1095 1586 1163 diligens
1614 1086 1776 1143 eum?
1806 1083 1876 1137 Et
1895 1091 2065 1135 osten-

477 1171 630 1274 ἆξιᾶιί,
686 1171 1190 1275 ίηίιυῑὶῘηιοίρευηι
1241 1190 1316 1244 illi
1350 1186 1544 1258 (Joan.
1589 1195 1701 1244 xiv,
1728 1178 1793 1242 8,
1830 1176 1898 1238 9,
1930 1173 1993 1226 ει
2024 1171 2065 1238 ).

481 1307 535 1356 Si
579 1315 708 1369 ergo
751 1267 1095 1364 diligentibus
1121 1300 1243 1341 eum
1290 1284 1394 1335 boc
1442 1279 1496 1331 in
1538 1271 1760 1346 pi'ainiio
1791 1267 2068 1338 promisit,

479 1398 602 1468 quia
636 1391 882 1447 ostendet
913 1385 1146 1451 seipsum
1177 1376 1324 1439 illis;
1349 1368 1690 1426 manifestum
1716 1373 1820 1427 est,
1845 1356 2071 1428 quiailla

484 1489 619 1542 visio
662 1481 899 1538 veritatis
935 1476 1054 1531 talis
1100 1471 1257 1526 nobis
1301 1462 1662 1538 promittitur,
1694 1471 1796 1526 qua
1829 1455 1939 1508 visa
1966 1451 2078 1520 jam

486 1596 592 1635 non
617 1579 879 1636 dicamus,
914 1567 1132 1638 (inpleta
1157 1571 1228 1618 est
1254 1561 1428 1615 animo
1455 1569 1566 1607 mea
1593 1545 1934 1605 illusionibns.

561 1631 649 1726 i2.
682 1666 832 1740 [vers.
856 1631 938 1734 it]
967 1631 1266 1728 Inﬁrmata:
1280 1665 1396 1706 sum
1415 1655 1460 1702 et
1473 1643 1775 1699 “humiliatus
1792 1654 1904 1693 sum
1917 1631 2086 1702 usque

489 1762 662 1819 nimis.
684 1724 790 1827 Qui
820 1724 1135 1809 recordatur
1159 1742 1498 1800 altitudinem
1527 1733 1775 1798 sabbati,
1801 1731 1916 1800 ipse
1940 1724 2089 1781 videt

493 1821 752 1927 quantum
780 1850 850 1902 sit
879 1842 1212 1899 humiliatus.
1236 1834 1368 1892 Nam
1397 1830 1489 1904 qui
1514 1844 1622 1884 non
1653 1832 1830 1897 potest
1853 1821 2090 1892 cogitare

496 1910 617 2014 quia
642 1942 713 1995 sit
739 1937 826 1994 illa
857 1934 1051 2006 quietis
1077 1927 1324 1991 altitudo,
1358 1939 1465 1980 non
1505 1919 1652 1974 videt
1680 1916 1769 1972 ubi
1797 1926 1939 1968 nunc
1959 1910 2090 1966 sit‘.

498 2003 791 2104 Dropterea
816 2003 951 2083 alius
977 2021 1214 2095 psalmus
1240 2016 1399 2077 dixit,
1428 2011 1543 2085 Ego
1561 2009 1668 2063 disi
1695 2008 1748 2060 in
1763 2003 1944 2060 ecstasi
1960 2015 2093 2054 mea:

501 2129 772 2198 Projectns
815 2137 930 2175 sum
953 2134 986 2173 a
1014 2115 1147 2187 {acie
1172 2110 1437 2167 oculorum
1467 2115 1671 2158 tuorum
1709 2099 1727 2171 (
1756 2097 1898 2152 Psat.
1948 2108 2052 2149 xxx
2076 2132 2093 2157 ,

502 2223 578 2277 9.5
664 2221 953 2284 Assumpta
975 2185 1118 2265 enim
1145 2212 1328 2261 mente
1345 2197 1478 2255 vidit
1499 2194 1682 2251 nescio
1701 2189 1828 2262 quid
1845 2185 2096 2247 sublime,

595 2275 738 2382 quod
770 2275 902 2362 vidit
928 2300 1168 2357 nondum
1196 2295 1270 2349 ibi
1315 2300 1458 2348 totus
1481 2295 1601 2342 erat
1630 2303 1644 2340 :
1674 2293 1730 2339 et
1771 2278 2022 2352 quadam.
2053 2275 2101 2330 si

508 2367 630 2461 dici.
645 2410 845 2474 potest,
873 2394 1026 2468 quasi
1058 2386 1431 2448 coruscatione
1472 2380 1613 2436 facta
1637 2374 1855 2431 luminis
1878 2367 2064 2426 :eterni
2086 2410 2102 2433 ,

513 2499 602 2553 ubi
629 2463 801 2552 sensit
825 2463 930 2545 non
963 2503 1022 2542 se
1046 2486 1117 2542 ibi
1142 2493 1264 2540 esse
1283 2523 1299 2545 ,
1323 2474 1477 2550 quod
1505 2472 1676 2546 potuit
1700 2478 1993 2536 utcumque
2018 2463 2107 2518 in-

516 2589 784 2658 telligere,
813 2582 948 2638 vidit
974 2581 1062 2634 ubi
1084 2584 1250 2641 esset,
1282 2583 1338 2628 et
1365 2564 1816 2640 quemadmodum
1847 2559 2000 2613 malis
2021 2558 2113 2609 bu-

518 2645 694 2740 nmnis
722 2677 1020 2733 inﬁrmatus
1049 2681 1103 2725 et
1122 2672 1424 2724 coarctatus
1446 2667 1595 2716 esset
1620 2670 1636 2711 ε
1666 2664 1722 2711 et
1749 2651 1844 2720 ait,
1873 2649 1984 2722 Ego
2003 2645 2114 2701 dixi

518 2777 574 2829 in
601 2770 778 2828 ecstasi
806 2783 917 2822 utea
938 2780 958 2818 :
985 2762 1252 2834 Prujectus
1275 2771 1385 2810 sunt
1411 2768 1442 2806 a
1464 2751 1594 2823 facie
1605 2747 1869 2803 oculorum
1888 2752 2112 2795 tuorum.

522 2867 655 2923 'l'ale
697 2872 778 2918 est
825 2858 1009 2915 nescio
1052 2826 1189 2924 quid.
1208 2849 1353 2921 quod
1396 2845 1504 2900 vidi
1551 2843 1604 2898 in
1634 2839 1870 2902 ecstasi,
1904 2843 1964 2889 ut
1992 2826 2117 2886 inde

525 2960 752 3016 sentiam
784 2966 941 3025 quam
971 2950 1132 3017 longe
1168 2958 1312 3006 sum,
1342 2940 1431 3010 qui
1460 2934 1698 2991 nondum
1730 2929 1803 2986 ibi
1829 2943 1970 2983 sum.
2000 2920 2118 2978 1am

527 3043 601 3107 ibi
623 3058 739 3104 erat
765 3046 855 3115 qui
881 3043 1016 3097 dixit
1040 3043 1374 3104 assumptum
1404 3046 1465 3086 se
1492 3030 1546 3082 in
1573 3024 1785 3081 tertium
1816 3019 2035 3080 celum,
2065 3025 2120 3069 et

531 3105 602 3197 ibi
644 3105 894 3193 :iudiebat
936 3127 1224 3186 incll’abilia
1253 3122 1436 3185 verba,
1466 3131 1586 3190 qua:
1613 3128 1718 3170 non
1751 3112 1876 3167 licet
1917 3105 2123 3163 homini

534 3230 699 3301 loqui.
741 3225 847 3281 Sed
897 3227 1180 3277 revocatus
1209 3221 1293 3270 est
1333 3210 1399 3266 ad
1430 3224 1529 3265 nos
1552 3251 1568 3268 .
1600 3214 1659 3261 ut
1694 3209 1936 3274 gemeret
1980 3197 2128 3269 prius

536 3317 976 3394 perliciendusin
1006 3309 1351 3371 inﬁrmitate,
1391 3313 1446 3359 et
1480 3303 1558 3356 sic
1596 3306 1786 3370 pcatea
1813 3293 2131 3350 lodueretur

536 3419 732 3471 virtute
761 3430 776 3467 :
808 3409 1072 3464 animatus
1095 3413 1294 3464 tamen,
1324 3397 1444 3467 quia
1470 3392 1604 3448 vidit
1639 3386 1838 3465 aliquid
1862 3395 2039 3440 rerum
2062 3381 2130 3435 il-

539 3508 712 3562 larum
754 3517 851 3572 pro
893 3492 1293 3568 diSpensatione
1321 3483 1485 3542 ofﬁcii
1528 3481 1651 3544 sui,
1677 3477 1876 3548 adjecit
1917 3473 2126 3535 dicens,

542 3595 728 3653 Audiui
758 3562 1051 3659 'inell'abiiia
1085 3585 1271 3646 verba,
1317 3594 1431 3650 qua:
1460 3592 1562 3631 non
1608 3573 1722 3627 licet
1761 3566 1953 3623 homini
1999 3562 2137 3633 loqui

543 3691 562 3760 (
583 3690 623 3744 ll
655 3688 772 3742 Cur.
803 3700 875 3740 xu
895 3725 912 3749 ,
940 3679 1066 3735 Q-lO
1087 3678 1127 3750 ).
1168 3675 1284 3730 Jam
1313 3685 1442 3741 ergo
1470 3666 1596 3738 quid
1622 3678 1757 3735 Opus
1785 3670 1869 3717 est
1908 3667 1964 3713 nt
1993 3668 2025 3712 a
2052 3672 2140 3712 me

546 3748 640 3836 aut
670 3797 697 3833 a
726 3789 993 3848 quoquam
1017 3748 1271 3842 quaeratis
1291 3775 1411 3832 qua!
1441 3776 1547 3815 non
1575 3758 1700 3813 licet
1723 3752 1928 3809 homini
1951 3748 2097 3819 loqui
2121 3764 2136 3801 :

547 3873 593 3929 si
627 3871 700 3926 illi
729 3843 836 3923 im.
856 3843 1022 3919 licuit
1050 3858 1237 3931 loqui,
1269 3856 1354 3911 cui
1382 3852 1533 3908 licuit
1569 3845 1793 3903 audire?
1821 3843 2143 3912 Plangamus

551 3975 731 4019 tamen
763 3967 820 4013 et
859 3967 1136 4026 gemamus
1165 3951 1219 4004 in
1249 3943 1588 4002 confessione
1610 3980 1624 4006 ,
1655 3945 2010 4008 agnoscamus
2051 3931 2142 3985 ubi

550 4057 741 4115 simus,
775 4044 1124 4103 recordemur
1156 4039 1462 4095 sabbatum,
1490 4043 1544 4086 ct
1573 4029 1836 4101 patienter
1860 4029 2147 4094 exspecte-

553 4160 674 4200 mus
694 4140 837 4213 quod
863 4138 953 4194 ille
983 4131 1248 4205 promisit,
1278 4129 1369 4199 qui
1395 4125 1549 4182 nobis
1575 4132 1629 4179 et
1657 4120 1710 4177 in
1740 4136 1800 4174 se
1831 4120 1948 4190 ipso
1972 4129 2150 4173 exem-

556 4210 1002 4310 plum—patientiae
1028 4221 1436 4280 demonstravit.
1460 4216 1761 4286 lii/innatus
1781 4226 1893 4266 sum
1915 4217 1961 4264 et
1982 4210 2151 4264 humi-

555 4328 708 4384 liatus
737 4339 848 4378 sum
870 4335 1026 4388 usque
1050 4317 1236 4371 nimis-

629 4417 718 4473 13.
752 4410 1035 4484 Rngiebam
1052 4425 1082 4460 a
1099 4405 1284 4478 gemitu
1305 4401 1471 4456 cordis
1488 4399 1604 4453 mei.
1627 4395 1911 4451 Attenditis
1928 4393 2157 4464 plerum-

560 4523 664 4580 qne
692 4483 1036 4573 interpellare
1081 4494 1368 4567 gemitibus
1413 4503 1600 4545 servos
1641 4488 1768 4548 Dei,
1815 4494 1871 4538 et
1898 4483 2157 4553 qumritur

560 4611 723 4653 causa
755 4613 767 4648 :
791 4603 847 4648 et
874 4607 980 4646 non
1003 4595 1223 4658 apparet
1245 4583 1344 4638 nisi
1371 4581 1599 4648 gemitus
1628 4575 1853 4644 alicujus
1873 4572 2013 4627 scrvi
2038 4571 2154 4634 Dei;

567 4692 613 4746 si
642 4699 818 4743 tamen
843 4684 909 4739 ad
938 4698 1095 4736 aures
1120 4676 1354 4733 hominis
1378 4674 1521 4728 circa
1550 4671 1698 4724 illum
1728 4666 1882 4736 positi
1909 4678 2159 4734 pervene-

567 4782 654 4838 rit.
688 4780 783 4832 Est
805 4776 948 4832 enim
975 4771 1204 4843 gemitus
1225 4765 1466 4821 occultus
1496 4761 1585 4831 qui
1613 4760 1680 4814 ab
1711 4757 1926 4812 liomine
1948 4769 2051 4807 non
2073 4768 2162 4807 au-

571 4874 713 4928 ditur
748 4887 761 4922 :
797 4877 978 4923 tamen
1002 4861 1046 4916 si
1075 4870 1216 4914 tanta
1248 4855 1589 4924 occupaverit
1618 4867 1710 4905 cor
1737 4847 1989 4918 cogitatio
2019 4845 2163 4900 desi-

573 4964 710 5020 derii
746 4957 1022 5027 cujusdam
1043 4996 1060 5020 ,
1097 4964 1155 5006 ut
1185 4965 1315 5004 voce
1342 4946 1572 5002 clariore
1602 4942 1933 5013 exprimatur
1972 4938 2165 4991 vulnus

572 5051 846 5113 interioris
884 5046 1158 5106 hominis,
1205 5041 1464 5112 quaeritur
1493 5050 1684 5094 causa;
1735 5042 1788 5086 et
1831 5030 1962 5085 dicit
2005 5030 2168 5083 homo

576 5147 714 5217 apud
742 5141 1114 5210 semetipsum,
1145 5134 1307 5190 Forte
1333 5129 1462 5184 illud
1489 5137 1572 5182 est
1601 5126 1743 5179 unde
1774 5122 1959 5194 gemit,
1987 5131 2042 5174 et
2067 5119 2169 5173 l‘or-

577 5251 628 5293 tu
659 5235 788 5292 illud
836 5232 909 5288 illi
943 5231 1140 5284 factum
1185 5234 1286 5280 est.
1318 5222 1450 5291 Quis
1481 5228 1656 5290 potest
1701 5215 2033 5284 intelligere,
2067 5212 2168 5265 nisi

579 5332 670 5386 illo
701 5330 754 5383 in
793 5325 946 5395 cujus
976 5320 1145 5376 oculis
1180 5324 1236 5370 et
1263 5314 1483 5368 auribus
1519 5307 1727 5379 gemit?
1757 5305 2044 5372 Propterea
2075 5320 2168 5355 ru-

575 5420 806 5496 giebam,
836 5394 1026 5485 inquit,
1061 5427 1095 5463 α
1120 5409 1307 5481 gemitu
1331 5403 1500 5458 cordis
1529 5401 1626 5454 mei
1655 5417 1673 5453 :
1696 5399 1823 5468 quia
1851 5394 2096 5449 homines
2124 5394 2168 5447 si

579 5490 796 5581 quando
833 5506 1056 5562 audiunt
1105 5500 1360 5573 gemitum
1401 5493 1674 5559 hominis,
1722 5490 2038 5561 plerumque
2075 5502 2173 5556 ge-

581 5606 768 5662 mitum
828 5602 1007 5657 carnis
1061 5594 1314 5656 audiunt;
1362 5601 1666 5663 gementem
1720 5603 1747 5639 a
1806 5585 2004 5656 gemitu
2050 5597 2175 5638 cor-

580 5698 666 5752 dis
693 5699 805 5750 non
827 5691 1069 5746 audiunt.
1099 5685 1330 5741 Abstulit
1359 5681 1541 5736 nescio
1566 5680 1685 5750 quis
1735 5691 1826 5731 res
1866 5674 2054 5745 hujus;
2088 5689 2177 5727 ru-

584 5788 780 5861 gieliat,
807 5782 902 5839 sed
927 5796 1036 5837 non
1061 5794 1091 5833 a
1121 5778 1325 5848 gemitu
1352 5772 1530 5828 cordis
1557 5788 1572 5822 :
1605 5768 1772 5834 alius,
1799 5767 1919 5837 quia
1949 5766 2175 5820 extulit'

642 5905 662 5935 ί
683 5897 766 5949 Sic
785 5903 861 5946 Er.
877 5901 934 5946 et
963 5901 1072 5956 llas.
1085 5896 1153 5956 _A_t.
1173 5895 1305 5946 tam,
1321 5898 1413 5936 non
1437 5884 1567 5956 uidet
1587 5882 1780 5956 ubinon
1797 5886 1877 5956 sit.

850 5940 1247 6017 abstulit’ﬁtitmt.
1262 5940 1435 6000 verius
1457 5955 1582 6006 διεδ..
1605 5945 1776 5999 extulit
1801 5955 1817 5992 τ
1838 5943 1884 5992 id
1906 5947 1999 6002 est,
2023 5940 2082 5990 ad
2101 5952 2179 5989 se-

1704 515 1764 572 S.
1806 503 2174 568 AUGUSTINI
2196 498 2504 563 EPISCOI‘I

3649 467 3758 526 408

2167 619 2366 681 tilium;
2418 614 2574 672 alius.
2624 609 2748 679 quia
2786 617 3047 667 uxorem;
3077 597 3236 664 allus,
3277 595 3400 663 quia
3441 588 3758 663 grandinata

2167 719 2250 764 est
2270 709 2446 770 vinea,
2491 702 2614 773 quia
2641 713 2810 768 cuppa
2854 695 3014 757 acuit,
3037 689 3160 761 quia
3196 685 3417 756 diripuit
3457 683 3763 752 jumentum

2170 802 2337 873 ipsius
2394 767 2576 852 nescio
2627 767 2781 862 quis;
2833 787 3002 848 alius,
3061 781 3182 852 quia
3241 777 3496 832 damnum
3547 767 3766 843 aliquod

2172 907 2362 967 passus
2405 900 2525 951 est;
2577 886 2748 943 alius.
2777 881 2899 952 quia
2948 879 3098 932 timet
3128 870 3402 926 hominem
3449 862 3726 920 inimicum
3752 899 3778 912 ..

2172 993 2376 1040 omnes’
2401 983 2488 1037 isti
2522 995 2551 1033 a
2589 976 2790 1049 gemitu
2829 968 3009 1028 carnis
3049 965 3286 1037 rugiunt.
3320 963 3387 1016 At
3413 970 3542 1014 vero
3577 964 3772 1010 servus

2178 1075 2295 1139 Dei,
2325 1072 2446 1144 quia
2486 1085 2551 1125 ex
2595 1047 2968 1122 recordatione
2995 1056 3202 1113 sabbati
3230 1051 3372 1122 rugit
3392 1090 3408 1116 ,
3441 1047 3529 1103 ubi
3569 1054 3653 1100 est
3682 1059 3774 1097 re-

2177 1133 2471 1238 gnu'm.Dci
2496 1203 2510 1226 ,
2553 1156 2694 1229 quod
2729 1168 2860 1208 caro
2899 1161 2954 1205 et
2997 1147 3216 1218 sanguis
3265 1158 3372 1197 non
3426 1133 3781 1209 possidebunt

2183 1224 2223 1330 ξι
2245 1255 2363 1311 Cur.
2393 1269 2483 1311 xv.
2499 1224 2607 1320 750-)
2637 1267 2650 1302 :
2671 1243 2974 1316 Rugiebam,
2997 1237 3190 1309 inquit,
3209 1252 3240 1288 α
3256 1232 3445 1306 gemitu
3464 1226 3631 1282 cordis
3653 1224 3776 1277 mei.

2258 1347 2345 1400 14.
2387 1343 2539 1417 [rem
2736 1311 2804 1392 Fit
2829 1333 2951 1404 quis
2979 1327 3304 1402 agnoscebat
3329 1320 3470 1378 unde
3495 1311 3782 1389 rugiebat?

2186 1403 2424 1504 Subjecit
2453 1450 2466 1485 :
2506 1430 2569 1484 Et
2592 1403 2708 1482 ante
2733 1435 2782 1479 te
2813 1403 2887 1476 est
2912 1435 3060 1476 omne
3093 1414 3400 1470 desiderium
3436 1425 3624 1464 meum.
3663 1403 3783 1460 Non

2193 1528 2335 1582 enim
2366 1533 2490 1577 ante
2524 1520 2791 1581 homines,
2821 1513 2912 1585 qui
2942 1526 3038 1566 eor
3057 1507 3239 1564 videre
3265 1519 3372 1559 non
3399 1506 3660 1571 possunt:
3688 1492 3787 1550 sed

2189 1629 2306 1672 ante
2329 1626 2376 1670 te
2395 1624 2467 1668 est
2488 1627 2638 1667 omne
2655 1607 2960 1662 desiderium
2977 1614 3164 1654 meum.
3185 1596 3268 1651 Sit
3283 1591 3608 1650 desiderium
3635 1595 3789 1642 tuum

2192 1720 2316 1764 ante
2344 1706 2527 1770 illum;
2555 1711 2610 1756 et
2634 1700 2794 1755 Pater
2821 1695 2912 1766 qui
2939 1691 3088 1747 videt
3128 1690 3182 1744 in
3211 1684 3446 1748 occulto,
3474 1677 3669 1736 reddet
3690 1673 3792 1731 tibi

2197 1796 2424 1874 (Matth.
2449 1767 2533 1858 vi,
2561 1792 2654 1862 6).
2686 1790 2861 1860 Ipsum
2892 1784 3035 1840 enim
3060 1777 3385 1836 desiderium
3413 1782 3581 1835 tuum,
3611 1767 3792 1824 oratio

2197 1903 2286 1948 tua
2314 1900 2399 1946 est
2427 1907 2439 1943 :
2470 1898 2524 1943 et
2551 1887 2598 1940 si
2618 1883 2928 1939 continuum
2954 1873 3306 1933 desiderium,
3329 1864 3580 1922 continua
3597 1857 3794 1916 oratio.

2199 1986 2317 2041 Non
2343 1982 2488 2039 enim
2521 1979 2715 2033 frustra
2744 1973 2879 2029 dixit
2909 1965 3200 2039 Apostolus
3220 2005 3237 2029 ,
3263 1960 3391 2017 Sine
3429 1951 3802 2011 intermissione

2202 2083 2404 2131 orantes
2433 2071 2490 2141 (ι
2518 2069 2560 2123 Τ
2561 2068 2696 2122 heu.
2726 2080 2778 2128 v,
2812 2063 2877 2117 i7
2895 2062 2937 2131 ).
2967 2052 3235 2125 Numquid
3261 2052 3378 2105 sine
3401 2041 3804 2104 intermissione

2204 2182 2344 2238 genu
2365 2161 2650 2220 ﬂectimus.
2678 2169 2873 2223 corpus
2896 2146 3305 2222 prosternimus,
3327 2148 3420 2195 aut
3446 2150 3637 2193 manus
3657 2133 3808 2189 leva-

2207 2220 2350 2322 umus,
2375 2263 2432 2308 ut
2455 2252 2618 2314 dicat,
2647 2220 3165 2303 Sine’intermiuione
3189 2232 3367 2289 orate?
3395 2231 3504 2286 Aut
3528 2226 3572 2282 si
3589 2223 3700 2278 sic‘
3717 2220 3811 2276 di-

2209 2349 2386 2405 cimus
2424 2357 2523 2399 uos
2551 2354 2738 2405 orare,
2783 2334 2887 2391 hoc
2928 2340 3059 2404 puto
3105 2329 3224 2386 sine
3261 2318 3661 2380 intermissione
3699 2329 3811 2370 non

2215 2452 2502 2511 possumus
2529 2435 2724 2488 facere.
2753 2430 2849 2485 Est
2874 2426 2978 2482 alia
3006 2420 3234 2482 interior
3261 2417 3380 2472 sine
3407 2407 3815 2470 intermissione

2215 2498 2425 2597 oratio,
2462 2544 2582 2600 quae
2617 2532 2701 2580 est
2725 2517 3074 2577 desiderium.
3102 2508 3371 2581 Quidquid
3397 2504 3542 2561 aliud
3566 2515 3729 2574 agas,
3769 2498 3822 2553 si

2218 2591 2498 2682 desideras
2534 2617 2666 2675 illud
2705 2613 3022 2678 sabbatum,
3052 2621 3160 2662 non
3191 2599 3502 2660 intermittis
3529 2609 3713 2652 orare.
3755 2591 3822 2646 Si

2221 2731 2330 2772 non
2351 2713 2432 2767 vis
2455 2707 2811 2766 intermittere
2828 2715 3009 2768 orare,
3035 2696 3144 2754 noli
3172 2693 3525 2751 intermittere
3542 2684 3825 2742 desidera.

2223 2822 2304 2880 re.
2356 2802 2681 2859 Continuam
2717 2791 3048 2851 desiderium
3089 2798 3239 2844 tuum
3260 2826 3276 2850 ,
3305 2780 3558 2838 continua
3596 2790 3704 2832 vox
3731 2784 3828 2830 tua

2225 2875 2328 2953 est.
2354 2889 2613 2956 Tacebis,
2654 2889 2717 2944 si.
2737 2878 3240 2946 amaredestiteris.
3263 2875 3367 2945 Qui
3397 2867 3716 2930 tacuerunt?
3747 2866 3831 2922 De

2229 2989 2424 3060 quibus
2444 2985 2646 3040 dictum
2667 2988 2783 3036 est:
2806 2975 3064 3044 Quoniam
3088 2966 3362 3027 abundavit
3382 2962 3648 3035 iniquitas,
3670 2957 3832 3029 rafri-g

2231 3049 2395 3154 in...
2438 3075 2662 3131 Charitas
2699 3070 2976 3125 multorum
3023 3061 3252 3139 (Matth.
3282 3072 3445 3124 xxiv,
3473 3050 3604 3125 te).
3635 3049 3835 3120 Frigus

2232 3139 2532 3229 elisi-italis,
2558 3162 2830 3220 silentium
2857 3157 3038 3215 cordis
3060 3162 3145 3211 est
3177 3170 3192 3206 :
3217 3147 3496 3220 ﬂagrantia
3523 3139 3833 3202 cbaritatis,

2237 3263 2442 3318 clamor
2465 3254 2647 3312 cordis
2673 3261 2778 3308 est.
2803 3249 2861 3306 Si
2888 3261 3106 3318 semper
3134 3251 3317 3300 manet
3335 3238 3596 3299 cbaritas,
3616 3244 3837 3301 semper

2238 3353 2476 3413 clamas;
2504 3347 2550 3402 si
2572 3358 2786 3413 semper
2819 3341 3043 3402 clamas,
3080 3348 3299 3403 semper
3324 3327 3629 3390 desideras;
3661 3321 3709 3378 si
3738 3321 3840 3376 de-

2240 3444 2466 3508 sideras,
2493 3438 2732 3507 requiem
2755 3430 3080 3491 recordaris.
3107 3429 3176 3483 Et
3202 3425 3410 3496 rugitus
3433 3419 3614 3476 cordis
3637 3417 3710 3471 tui
3739 3431 3844 3469 an-

2244 3547 2296 3591 te
2325 3549 2485 3605 quem
2514 3531 2619 3596 sit,
2649 3534 2863 3597 oportet
2888 3533 2948 3578 ut
2975 3521 3263 3592 intelligas.
3290 3516 3408 3572 Jam
3436 3512 3595 3585 quale
3619 3508 3840 3565 deside-

2243 3627 2384 3683 rium
2427 3623 2618 3680 debeat
2649 3635 2772 3676 esse
2805 3625 2932 3672 ante
2969 3613 3156 3670 oculos
3193 3609 3308 3674 Dei,
3340 3604 3641 3662 considera.
3673 3595 3844 3654 Num-

2245 3716 2373 3789 quid
2403 3726 2463 3770 ut
2499 3712 2760 3781 moriatur
2791 3708 3037 3763 inimicus
3075 3711 3293 3766 noster,
3321 3695 3466 3770 quod
3504 3692 3656 3766 quasi
3692 3690 3845 3761 justo

2246 3780 2465 3878 optant1|
2495 3780 2781 3858 homines?
2819 3797 2954 3853 Nam
2983 3780 3517 3863 aliquando'oramus
3544 3782 3688 3854 quod
3733 3795 3845 3834 non

2249 3874 2526 3956 debemus.
2556 3892 2692 3950 Illud
2730 3890 2872 3961 quod
2910 3887 3063 3960 quasi
3102 3886 3250 3955 justo
3273 3886 3434 3936 orant
3469 3876 3739 3947 homines,
3767 3874 3849 3926 vi-

2251 3992 2494 4049 deamus.
2523 3987 2656 4042 Nam
2693 3992 2850 4039 orant
2880 3990 2942 4037 ut
2972 3979 3235 4034 moriatur
3263 3972 3456 4042 aliquis
3474 4011 3493 4034 ,
3534 3977 3590 4024 et
3621 3966 3702 4031 ad
3725 3964 3854 4022 illos

2254 4079 2543 4138 baireditas
2567 4075 2772 4133 veniat.
2798 4071 2905 4131 Sed
2933 4080 2989 4127 et
3030 4068 3106 4124 illi
3140 4066 3230 4138 qui
3258 4072 3415 4119 orant
3454 4070 3512 4116 ut
3552 4057 3853 4114 moriantur

2255 4172 2495 4238 inimici,
2525 4168 2746 4225 audiant
2775 4164 3057 4221 Dominum
3096 4158 3364 4215 dicentem
3391 4169 3407 4206 :
3444 4152 3598 4208 Orate
3626 4165 3717 4219 pro
3747 4148 3856 4214 ini.

2257 4266 2403 4320 micis
2437 4263 2612 4319 restria
2640 4258 2752 4331 (Id.
2783 4273 2836 4325 ν,
2868 4256 2957 4321 ﬂ,
2982 4263 3029 4309 et
3053 4251 3183 4307 Luc.
3210 4266 3287 4316 Vl,
3313 4247 3430 4317 27).
3453 4244 3569 4301 Non
3592 4258 3722 4313 ergo
3749 4240 3857 4296 hoc

2259 4365 2436 4418 orent.
2465 4363 2525 4407 ut
2551 4351 2851 4407 moriantur
2879 4339 3126 4402 inimici:
3154 4341 3250 4398 sed
3277 4340 3382 4395 hoc
3405 4345 3581 4402 orent,
3605 4341 3664 4401 ut
3687 4332 3860 4387 corri-

2259 4451 2488 4519 gantur;
2515 4453 2570 4498 et
2595 4438 2792 4496 mortui
2822 4443 2981 4493 erunt
3006 4429 3244 4498 inimici;
3271 4429 3383 4500 jam
3417 4427 3558 4482 enim
3583 4422 3814 4479 correcti
3840 4461 3859 4487 ,

2266 4518 2377 4592 non
2405 4542 2566 4592 erunt
2593 4529 2816 4587 inimici.
2845 4527 2913 4582 Et
2935 4535 3053 4581 ante
3087 4534 3137 4580 te
3162 4536 3309 4577 omne
3334 4518 3640 4574 desiderium
3668 4529 3862 4567 meum

2263 4626 2403 4696 Quid
2431 4628 2476 4680 si
2507 4621 2835 4680 desiderium
2872 4627 2999 4674 ante
3027 4617 3177 4671 illum
3207 4621 3328 4678 est,
3372 4620 3425 4665 et
3471 4609 3585 4679 ipse
3628 4606 3866 4677 gemitus

2266 4736 2376 4776 non
2405 4726 2483 4773 est
2522 4723 2648 4770 ante
2673 4711 2859 4768 illum?
2896 4707 3048 4766 Unde
3073 4705 3189 4761 ﬁeri
3219 4712 3414 4774 potest,
3443 4697 3657 4769 quando
3689 4696 3865 4763 ipsum

2267 4809 2594 4867 desiderium
2616 4806 2637 4838 ³
2659 4819 2845 4860 vocem
2865 4817 3018 4858 suam
3039 4798 3202 4854 habet
3215 4795 3469 4866 gemitum
3488 4793 3512 4845 ?
3541 4790 3662 4846 Ideo
3689 4790 3868 4858 sequi.

2271 4913 2378 4972 tur,
2408 4901 2474 4956 Et
2508 4903 2721 4971 gemitus
2762 4911 2904 4951 mea:
2933 4911 3035 4948 non
3076 4901 3148 4946 est
3179 4872 3500 4943 absconditus
3538 4902 3569 4937 a
3612 4895 3676 4936 te.
3729 4885 3768 4936 Α
3822 4893 3870 4933 t-z

2272 5011 2380 5052 non
2433 5003 2517 5049 est
2541 4987 2905 5053 absconditus,
2933 5001 2962 5039 a
2993 4984 3176 5039 multis
3210 4990 3388 5035 autem
3419 4976 3723 5032 hominibus
3748 4975 3870 5027 abs-

2273 5088 2528 5146 conditus
2563 5094 2667 5142 est.
2697 5083 2923 5137 Videtur
2961 5075 3246 5147 aliquando
3302 5072 3517 5126 humilis
3559 5084 3750 5123 servus
3783 5065 3871 5122 υιεὶ

2275 5181 2455 5236 dicere
2482 5194 2497 5232 :
2531 5176 2595 5230 Et
2628 5175 2840 5247 gemitus
2867 5186 3007 5224 meus
3036 5183 3136 5222 non
3171 5174 3244 5220 est
3277 5162 3598 5216 absconditur
3628 5174 3658 5209 a
3691 5168 3754 5211 te.
3789 5155 3870 5208 Vi-

2276 5273 2434 5326 detur
2455 5263 2738 5337 aliquando
2761 5273 2815 5316 ct
2851 5260 3030 5316 ridere
3056 5271 3245 5312 servus
3283 5253 3374 5308 Dei
3403 5269 3417 5304 :
3449 5248 3704 5318 numquid
3730 5247 3871 5300 desi-

2278 5363 2485 5417 derium
2528 5356 2655 5412 illud
2683 5357 2951 5409 mortuum
2989 5358 3074 5415 est
3101 5348 3154 5402 in
3183 5344 3385 5403 corde?
3415 5343 3469 5395 Si
3514 5350 3694 5393 antur.
3744 5340 3877 5391 inea

2279 5450 2623 5510 desiderium.
2646 5449 2786 5503 inest
2803 5457 2858 5501 et
2877 5443 3106 5514 gemitus
3133 5456 3145 5492 :
3171 5453 3278 5494 non
3303 5450 3519 5505 semper
3545 5441 3787 5503 pervenit
3815 5448 3874 5483 at.

2281 5559 2440 5600 aures
2487 5542 2786 5603 hominum,
2832 5535 2929 5591 sed
2971 5548 3240 5604 nunquam
3286 5527 3487 5585 recedit
3539 5525 3607 5580 ab
3657 5525 3875 5578 aui-ibus

2285 5638 2400 5694 Dei.

2349 5753 2364 5782 ³
2391 5758 2521 5816 bovi”
2545 5752 2630 5797 aut
2652 5743 2936 5816 affligimur.
2968 5749 3045 5791 Er.
3071 5748 3124 5790 et
3147 5739 3316 5803 plures
3339 5742 3470 5796 κει,
3497 5738 3585 5784 Att!
3615 5733 3742 5784 sicut
3765 5729 3874 5782 diri-

2285 5827 2408 5863 mns.
2435 5810 2536 5869 alii,
2563 5816 2656 5858 .mt
2674 5805 2818 5858 sisic.

2355 5877 2371 5905 ε
2397 5872 2564 5921 Plures
2584 5879 2714 5928 3155.,
2737 5873 2893 5918 orant.

2326 5939 2372 6008 f
2396 5915 3084 6003 Γιβτίῳιέῖῖὲέςᾷᾱεέίάεήωη
3105 5928 3156 5979 in
3179 5937 3338 5976 vocem
3359 5933 3514 5973 suam.
3540 5926 3641 5970 Duo
3655 5953 3672 5982 ,
3699 5915 3876 5970 itaita.

2292 6011 2417 6046 "mli
2436 6011 2485 6046 ul
2507 6009 2613 6048 l‘OCC
2635 6009 2742 6047 διαί.
