3978 6356
113 385 216 442 606

181 513 271 566 15.
321 511 472 584 (vers.
523 512 636 581 ll.)
683 512 782 567 Cor
823 529 989 567 meum
1024 512 1373 566 conturbatum
1417 519 1509 568 eu.
1558 512 1712 568 Unde

105 607 488 658 conturbatum
516 606 639 660 est?
670 605 738 659 Et
777 605 996 660 deseruit
1031 621 1113 658 me
1157 605 1403 675 fortitudo
1430 619 1562 657 mea.
1594 603 1712 658 Ple«

106 714 338 768 rumque
368 699 521 752 irruit
541 699 721 754 nescio
742 693 870 770 quid
896 699 1235 769 repentinum
1258 716 1273 764 ;
1299 698 1355 752 lit
1374 694 1714 754 centurbatio

105 787 289 845 cordis
325 808 340 845 :
372 791 738 846 contremiseit
773 798 948 856 terra,
982 789 1209 845 tobitrds
1250 787 1409 843 datur
1447 787 1514 844 de
1538 788 1712 851 etelo,

102 879 389 936 horribilis
419 882 478 937 llt
520 882 749 951 impetus
776 882 859 938 vel
899 882 1190 953 strepitus,
1222 883 1310 938 leo
1346 881 1483 938 forte
1505 880 1716 936 videtur

100 971 155 1023 in
191 972 318 1035 via;
353 970 417 1027 ﬁt
440 973 778 1028 conturbatio
805 990 819 1026 :
852 972 1086 1027 latrones
1111 971 1464 1037 insidiantur;
1497 971 1554 1026 lit
1581 985 1712 1026 con-

102 1063 350 1119 turbatio
370 1063 571 1130 cordis,
592 1073 836 1135 pavetur,
856 1063 1094 1134 undique
1111 1061 1414 1119 sollicitudo
1437 1063 1712 1118 incutitur.

101 1154 266 1210 Unde
306 1156 448 1212 hoc?
479 1157 612 1225 Quia
644 1157 863 1212 deseruit
899 1173 980 1212 me
1022 1156 1267 1228 fortitudo
1296 1173 1429 1210 mea.
1476 1154 1534 1212 Si
1571 1155 1715 1210 enim

100 1258 357 1304 maneret
385 1249 470 1304 illa
497 1248 775 1317 fortitudo,
801 1249 926 1321 quid
953 1249 1268 1306 timeretur?
1287 1249 1555 1320 Quidquid
1579 1265 1688 1303 nun
1703 1280 1717 1290 -

101 1342 372 1407 tiaretur,
409 1333 665 1413 quidquid
691 1342 981 1407 frenderet,
1007 1342 1264 1414 quidquid
1293 1350 1530 1407 sonaret,
1558 1341 1716 1411 quid-

99 1434 232 1502 quid
265 1435 523 1501 caderet,
566 1435 823 1506 quidquid
867 1435 1144 1500 horreret,
1177 1452 1282 1490 non
1314 1445 1560 1490 terreret.
1608 1434 1712 1489 Sed

105 1525 257 1579 unde
287 1526 380 1580 illa
417 1527 778 1595 perturbatio?
803 1525 1034 1580 Deseruit
1074 1542 1154 1579 me
1175 1525 1423 1596 fortitudo
1442 1542 1574 1581 mea.
1599 1524 1712 1581 Un-

103 1615 172 1671 de
202 1616 450 1670 deseruit
473 1615 766 1672 fortitudo?
795 1617 860 1671 Et
888 1617 1054 1671 lumen
1079 1619 1342 1672 oculorum
1367 1633 1590 1671 meorum
1613 1633 1715 1670 non

105 1717 178 1760 est
225 1724 452 1762 mecum.
497 1708 746 1762 Latuerat
774 1709 790 1740 ⁸
833 1721 962 1777 ergo
1001 1706 1171 1762 Adam
1212 1706 1392 1762 lumen
1433 1707 1712 1761 oculorum

105 1797 299 1865 ipsius.
329 1796 464 1852 Nam
492 1798 673 1853 lumen
713 1798 988 1853 oculorum
1028 1792 1196 1868 ipsius
1225 1797 1339 1866 ipse
1379 1798 1521 1865 Deus
1547 1805 1664 1852 erat
1695 1814 1712 1852 :

104 1879 268 1957 quem
292 1903 418 1944 cum
448 1888 779 1951 oﬁ'endisset,
811 1887 1029 1958 fugitad
1057 1888 1324 1953 umbram,
1353 1896 1410 1942 et
1428 1886 1713 1943 abscondit

103 1994 165 2033 se
205 1977 351 2033 inter
376 1979 515 2050 ligna
543 1978 775 2048 paradisi
818 1977 988 2050 (Gen.
1015 1995 1092 2045 ιιι,
1123 1978 1217 2050 8).
1260 1979 1494 2033 Pavebat
1522 1994 1552 2032 a
1579 1979 1712 2033 faeie

106 2070 228 2137 Dei,
255 2079 317 2126 et
339 2071 589 2141 qua-sivit
611 2072 854 2125 umbram
883 2072 1153 2126 arborum.
1181 2071 1298 2125 .lam
1329 2073 1467 2126 inter
1487 2071 1713 2127 arbores

107 2164 290 2218 lumen
323 2164 602 2218 oculorum
631 2179 737 2219 non
764 2158 1013 2227 habebat,
1045 2161 1111 2220 ad
1155 2164 1297 2235 quod
1324 2165 1556 2234 gaudere
1582 2179 1714 2220 con-

103 2264 380 2310 suevcrat.
403 2255 458 2312 Si
480 2272 606 2326 ergo
638 2256 726 2312 ille
747 2257 813 2312 de
836 2257 1061 2328 origine,
1089 2267 1143 2312 et
1174 2273 1269 2311 nos
1295 2258 1363 2312 de
1391 2259 1709 2329 propagine;

103 2359 158 2402 ct
188 2347 422 2403 redeunt
440 2348 507 2403 ad
548 2349 695 2404 illum
721 2350 1013 2405 secundum
1039 2349 1123 2403 vel
1160 2349 1505 2404 novissimum
1537 2349 1708 2405 Adam

106 2442 351 2497 membra
377 2443 495 2506 ista,
527 2443 649 2512 quia
683 2440 1003 2498 novissimus
1032 2443 1199 2498 Adam
1223 2443 1274 2497 in
1301 2444 1549 2513 spiritum
1577 2444 1708 2498 vivi-

107 2536 361 2586 ticantem
387 2533 407 2603 (
432 2533 449 2587 Ι
471 2531 591 2589 Cor.
618 2549 707 2598 xv,
736 2533 839 2602 45)
864 2552 878 2598 ;
909 2543 964 2588 et
992 2536 1224 2589 clamant
1245 2534 1314 2590 de
1340 2550 1565 2605 corpore
1592 2535 1710 2604 ejus

105 2627 156 2678 in
186 2625 288 2679 ista
314 2625 688 2693 confessione,
731 2627 796 2679 Et
825 2628 992 2681 lumen
1034 2629 1296 2682 oculorum
1334 2644 1565 2682 meorum
1608 2645 1710 2683 non

101 2730 173 2770 est
195 2735 398 2772 mecum
418 2736 436 2772 :
459 2718 570 2789 jam
593 2718 875 2783 conﬁtens,
897 2717 1004 2789 jam
1031 2719 1359 2788 redemptus,
1382 2720 1492 2789 jam
1515 2720 1567 2775 in
1589 2735 1708 2775 cor-

104 2828 235 2875 pure
280 2811 482 2865 Christi
512 2821 633 2879 est,
672 2820 725 2865 et
757 2813 935 2865 lumen
964 2813 1238 2866 oculorum
1274 2811 1438 2882 ipsius
1486 2827 1593 2865 non
1625 2823 1709 2868 est

101 2920 222 2956 cum
263 2904 417 2973 ipso?
455 2903 621 2959 Plane
651 2920 754 2957 non
785 2913 868 2957 est
895 2918 1015 2958 cum
1049 2904 1163 2973 ipso
1190 2920 1203 2955 :
1251 2902 1344 2957 sed
1376 2912 1459 2958 est
1487 2903 1706 2972 quidem

102 3008 361 3066 tanquam
398 2995 575 3050 adhuc
612 2996 1006 3051 recordantium
1045 2995 1364 3049 sabbatum’
1388 3038 1403 3062 ,
1453 3005 1704 3066 tanquam

99 3088 442 3142 venientium
479 3089 530 3142 in
570 3103 699 3156 spe;
737 3088 830 3142 sed
870 3087 1108 3141 nondum
1149 3096 1233 3142 est
1263 3087 1388 3142 illud
1435 3089 1611 3143 lumen
1639 3089 1707 3143 de

99 3198 208 3250 quo
236 3181 456 3245 dicitur,
498 3181 773 3235 Ostendam
815 3181 1060 3250 meipsum
1103 3180 1184 3234 illi
1221 3179 1398 3248 (Joan.
1435 3196 1542 3246 xlv,
1586 3180 1702 3248 ill).

105 3272 202 3326 list
231 3271 494 3342 quiddam
524 3272 761 3338 luminis,
791 3272 912 3341 quia
944 3271 1034 3325 lilii
1084 3272 1176 3325 Dei
1206 3285 1411 3337 sumus,
1445 3280 1497 3324 et
1526 3273 1707 3340 utique

102 3363 205 3417 hoc
249 3363 308 3417 in
345 3361 450 3416 ﬁde
480 3362 772 3417 retinemus
806 3378 821 3410 :
854 3356 948 3416 sed
980 3362 1214 3416 nondum
1242 3371 1324 3415 est
1363 3361 1493 3416 illud
1524 3363 1702 3418 lumen

101 3451 247 3521 quod
274 3453 597 3508 videbimus.
628 3451 872 3506 Nondum
894 3453 1025 3506 enim
1051 3454 1292 3523 apparuit
1318 3453 1454 3522 quod
1479 3455 1662 3507 erimus
1684 3472 1701 3508 :

103 3546 292 3598 scimus
311 3544 430 3616 quia
456 3561 570 3597 cum
595 3544 914 3614 apparuerit,
943 3543 1132 3598 similes
1154 3545 1200 3597 ei
1227 3540 1435 3604 erimus.
1465 3547 1703 3614 quoniam

102 3635 384 3689 uidebimus
410 3652 521 3688 eum
556 3635 708 3689 sicuti
740 3643 812 3689 est
860 3633 878 3707 (
905 3634 921 3687 l
951 3635 1110 3688 Joan.
1145 3651 1223 3698 nt,
1251 3635 1287 3689 2
1311 3636 1350 3705 ).
1380 3636 1511 3690 Nam
1545 3635 1706 3690 modo

104 3729 286 3782 lumen
315 3728 438 3783 ﬁdei
465 3736 521 3783 et
539 3729 717 3782 lumen
739 3728 852 3797 spei
873 3737 975 3782 est.
1003 3727 1258 3792 Quamdiu
1285 3729 1418 3781 enim
1447 3745 1620 3782 sumus
1650 3729 1704 3781 in

103 3837 337 3890 corpore,
377 3821 757 3891 peregrinamur
782 3837 814 3872 a
843 3819 1064 3872 Domino
1086 3836 1105 3870 :
1133 3835 1222 3888 per
1248 3819 1401 3886 [idem
1436 3820 1568 3872 enim
1589 3837 1702 3871 am-

102 3912 356 3976 bulamus,
384 3927 484 3964 non
502 3927 592 3981 per
620 3914 833 3979 speciem
854 3908 921 3979 (II
936 3907 1057 3964 Cor.
1099 3925 1152 3971 γ,
1179 3911 1233 3974 6,
1267 3907 1344 3979 7).
1371 3906 1437 3961 Ει
1462 3909 1705 3980 quamdiu

102 4005 237 4072 quod
257 4022 359 4057 non
385 4003 608 4057 videmus
625 4019 910 4072 speramus,
940 4019 1028 4072 per
1043 4001 1337 4071 patientiam
1357 4012 1705 4070 exspectamus

104 4095 281 4156 (Rom.
317 4111 430 4159 vni,
452 4094 568 4164 25).
593 4094 761 4149 Voces
778 4103 902 4147 sunt
929 4109 1056 4162 ergo
1079 4094 1193 4146 istae
1221 4093 1700 4162 peregrinantium,

104 4188 340 4240 nondum
387 4187 438 4239 in
485 4187 651 4255 patria
696 4185 1131 4240 constitutorum.
1179 4185 1244 4237 Et
1284 4195 1429 4239 recte
1466 4185 1615 4251 dicit,
1648 4197 1703 4239 et

101 4293 227 4333 vere
255 4278 406 4343 dicit,
441 4287 495 4332 et
521 4277 566 4332 si
593 4291 696 4331 non
729 4278 799 4330 sit
825 4276 1065 4340 dolosus,
1097 4277 1360 4330 veraciter
1379 4279 1697 4331 conﬁtetur:

107 4371 165 4424 tit
193 4371 367 4424 lumen
393 4367 651 4423 oculorum
679 4385 903 4422 meorum
929 4385 1030 4422 non
1055 4377 1127 4422 est
1160 4385 1373 4421 mecum.
1411 4368 1537 4421 llaec
1569 4368 1705 4437 pati-
1753 4434 1755 4436 _

103 4473 184 4514 tur
212 4462 380 4516 homo
409 4459 569 4524 intus,
601 4461 666 4514 ibi
697 4477 899 4524 secum,
924 4461 976 4514 in
1000 4460 1200 4530 seipse,
1224 4467 1279 4514 et
1299 4460 1533 4529 seipsmn
1560 4461 1602 4525 ³,
1634 4461 1703 4516 de

107 4553 318 4606 nomine
345 4551 410 4604 ad
445 4551 713 4604 nemiuem
748 4561 941 4622 praeter
974 4565 1034 4605 se
1064 4569 1078 4604 :
1113 4551 1225 4605 ha:c
1257 4551 1355 4604 sibi
1388 4552 1500 4621 ipse
1544 4567 1704 4621 paena

101 4664 125 4697 s
149 4665 191 4697 ιιι
222 4659 346 4698 esse
377 4644 591 4707 meruit,
624 4643 876 4714 quidquid
905 4644 1151 4714 superius
1175 4645 1527 4698 enumeravit.

173 4738 261 4792 l6.
305 4736 470 4810 [vers.
503 4736 590 4800 12,
623 4734 736 4808 15.]
781 4735 884 4791 Sed
936 4736 1192 4806 numquid
1243 4736 1346 4806 hoc
1395 4737 1571 4792 solum
1618 4748 1702 4792 est

105 4828 239 4896 quod
265 4828 464 4897 patitur
493 4826 694 4881 homo?
723 4828 927 4881 Patitur
965 4827 1107 4882 enim
1147 4843 1213 4881 ex
1255 4843 1314 4880 se
1358 4827 1698 4894 intrinsecus,

103 4923 399 4975 forinsecus
438 4930 618 4975 autem
671 4936 735 4974 ex
780 4922 859 4974 eis
909 4919 1047 4972 inter
1090 4935 1224 4989 quos
1277 4919 1452 4972 vivit:
1500 4922 1698 4987 patitur

103 5011 236 5064 mala
265 5026 386 5074 sua,
415 5012 625 5080 cogitur
653 5011 757 5080 pati
789 5020 844 5064 et
882 5010 1075 5065 aliena.
1108 5009 1235 5064 Inde
1273 5021 1396 5064 sunt
1439 5012 1543 5066 illa:
1583 5015 1701 5065 dire

105 5118 290 5157 uices:
312 5100 388 5156 Ab
408 5101 616 5156 occultis
640 5101 762 5154 meis
792 5101 982 5154 munda
1011 5118 1108 5165 me,
1145 5100 1379 5164 Domine,
1411 5111 1457 5154 et
1487 5103 1549 5154 ab
1575 5103 1704 5155 alie-

104 5199 176 5248 nis
223 5209 379 5264 parce
403 5209 547 5248 servo
578 5203 666 5246 tuo
695 5191 865 5264 (Psal.
902 5208 1052 5256 xvm,
1092 5193 1177 5255 l3,
1220 5192 1329 5262 14).
1360 5192 1478 5247 .Iani
1509 5193 1578 5247 de
1605 5210 1700 5247 oc-

103 5287 254 5341 mltis
278 5285 394 5340 suis
415 5284 699 5340 confessus
724 5292 831 5348 est,
865 5299 893 5337 a
925 5285 1116 5354 quibus
1145 5301 1200 5338 se
1242 5286 1387 5354 cupit
1416 5286 1696 5339 mundat'i:

99 5381 241 5432 dicat
286 5386 342 5432 et
386 5376 455 5431 de
498 5375 690 5429 alienis
720 5391 748 5428 a
778 5375 970 5444 quibus
1017 5375 1116 5429 sibi
1164 5375 1278 5429 vult
1321 5376 1489 5446 parci.
1538 5376 1701 5430 Amici

103 5471 210 5524 mei.
231 5467 370 5536 Quid
386 5465 563 5523 dicam
586 5466 697 5537 jam
718 5467 782 5520 de
810 5465 1073 5520 inimicis?
1104 5465 1271 5519 Amici
1292 5468 1389 5520 mei
1410 5475 1456 5520 et
1475 5469 1700 5537 proximi

163 5614 174 5641 ¹
202 5617 300 5659 Duo
325 5617 452 5666 Mss,
475 5603 730 5673 habuerat.
763 5670 767 5673 _

161 5675 179 5703 ³
209 5663 449 5735 Tanquam
469 5667 635 5735 adhuc
657 5665 1019 5735 recordtuuium
1040 5663 1304 5714 sabbatum.
1333 5671 1427 5714 ttoc
1463 5664 1514 5713 in
1545 5665 1701 5715 omni-

103 5735 187 5780 bus
202 5729 431 5783 fere'htss.
459 5739 512 5780 et
537 5732 588 5778 in
610 5737 711 5776 Am.
734 5729 1058 5778 desideratur.

111 5861 115 5864 .
161 5797 178 5827 ³
200 5801 265 5846 Fr.
299 5805 351 5847 et
388 5793 620 5857 plerique
657 5798 794 5851 atas,
819 5790 930 5849 sitt,
954 5801 1136 5848 secum,
1159 5788 1207 5836 in
1247 5785 1402 5850 seipse
1437 5796 1481 5838 et
1519 5787 1584 5836 ad
1621 5801 1697 5838 se-

102 5870 258 5920 ipsum.

1168 391 1575 450 ENARRA‘TIO
1607 392 1673 449 IN
1714 392 2039 450 PS.\I..\IU.\i
2085 396 2349 452 XXXVII.

3329 406 3433 461 406

1820 514 1916 565 mei
1943 512 2210 568 aduersum
2237 531 2315 568 me
2336 514 2895 585 approﬁnquaveruut,
2925 526 2971 568 et
2996 526 3264 575 steterunt.
3313 521 3422 578 Iluc

1822 603 1963 672 quod
1992 605 2088 670 ait,
2117 606 2386 658 adversum
2432 622 2513 658 me
2554 615 2819 674 steterunt,
2860 607 3118 678 intelligo.
3175 611 3227 666 Si
3281 617 3424 668 enim

1823 695 2107 750 adversum
2178 713 2266 752 me
2319 706 2616 763 steterunt,
2672 697 2935 754 adversus
2983 714 3044 753 se
3095 704 3421 760 ceciderunt.

1825 787 1987 842 Amici
2012 789 2110 842 mei
2135 799 2180 842 et
2207 790 2430 858 proximi
2458 790 2556 843 mei
2586 790 2851 845 adversum
2881 806 2960 843 me
2989 795 3426 864 appmpiuquave-

1822 888 1963 940 runt,
1995 889 2040 932 et
2065 889 2325 932 steterunt.
2355 878 2474 934 Jam
2503 879 2868 950 intelligamus
2896 882 3089 949 capitis
3115 900 3293 950 voces,
3313 886 3424 957 jam

1824 967 2042 1037 incipiat
2073 969 2388 1026 illucescere
2426 978 2588 1046 caput
2630 982 2873 1026 nostrum
2919 971 2970 1024 in
3018 976 3288 1041 passione.
3319 979 3424 1036 Sed

1822 1073 2035 1113 rursum
2063 1075 2185 1114 cum
2213 1060 2439 1130 coeperit
2468 1072 2630 1132 caput
2658 1063 2858 1128 dicere,
2891 1062 2998 1116 noli
3026 1064 3150 1120 inde
3176 1081 3429 1138 separare

1823 1164 2039 1220 corpus.
2086 1151 2140 1208 Si
2190 1164 2351 1222 caput
2400 1155 2568 1210 noluit
2613 1171 2672 1211 se
2716 1171 3023 1227 Separarea
3053 1161 3274 1215 vocibus
3300 1179 3424 1217 Cur-

1822 1242 1989 1313 poris,
2019 1259 2217 1313 corpus
2243 1263 2300 1301 se
2331 1247 2529 1302 audeat
2571 1263 2827 1319 separare
2851 1267 2880 1304 a
2910 1253 3248 1321 passionibus
3273 1259 3422 1326 capi-
3460 1303 3462 1305 .

1823 1338 1930 1392 tis?
1957 1339 2150 1395 Patere
2183 1341 2234 1393 in
2265 1339 2516 1406 Christo;
2547 1342 2670 1411 quia
2699 1351 2948 1411 tanquam
2983 1347 3219 1414 peccavit
3250 1347 3300 1401 in
3344 1350 3423 1402 iu-
3471 1374 3474 1375 ν

1821 1429 2074 1486 ﬁrmitate
2105 1442 2192 1486 tua
2231 1431 2496 1487 Christus.
2544 1431 2704 1487 Modo
2740 1435 2884 1490 enim
2929 1446 3146 1505 peccata
3187 1449 3274 1493 tua
3305 1452 3421 1495 tan-

1821 1537 1982 1593 quam
2011 1537 2077 1580 ex
2108 1540 2202 1580 ore
2232 1541 2330 1580 suo
2372 1525 2607 1594 dicebat,
2639 1535 2693 1581 et
2723 1541 2784 1582 ea
2813 1527 3024 1584 dicebat
3051 1545 3168 1586 sua.
3204 1533 3419 1588 Dicebat

1819 1616 1986 1682 enim,
2002 1616 2045 1669 Α
2062 1618 2192 1686 facie
2207 1625 2524 1688 peccatorum
2541 1634 2790 1685 nieorum,
2809 1635 2927 1688 qute
2939 1635 3044 1674 non
3063 1632 3216 1677 erant
3230 1624 3414 1693 ipsius.

1819 1708 2102 1777 Quomodo
2123 1724 2250 1780 ergo
2283 1720 2500 1780 peccata
2532 1722 2712 1764 nostra
2736 1726 2830 1766 sua
2854 1727 2976 1767 esse
3004 1715 3172 1770 voluit
3201 1728 3419 1786 propter

1818 1814 2016 1870 corpus
2045 1814 2222 1863 suum,
2251 1801 2332 1856 sic
2357 1809 2413 1856 et
2450 1816 2548 1854 nos
2582 1802 2860 1869 passiones
2898 1802 3014 1871 ejus
3061 1814 3272 1861 nostras
3297 1823 3418 1863 esse

1818 1893 2047 1946 velimus
2089 1905 2308 1961 pr0pter
2349 1903 2512 1961 caput
2559 1888 2821 1946 uestrum.
2869 1893 2986 1948 Non
3031 1896 3175 1951 enim
3228 1898 3316 1952 ille
3352 1916 3417 1954 ex

1818 1983 2007 2038 amicis
2043 1999 2231 2054 passus
2257 1994 2341 2039 est
2366 1981 2633 2050 inimicos,
2676 1995 2731 2039 et
2771 1999 2870 2040 nos
2913 2001 3038 2048 non.
3073 1987 3186 2044 lmo
3222 1999 3279 2044 et
3320 2008 3418 2048 nos

1815 2082 1883 2136 ad
1917 2083 2016 2137 hoc
2059 2097 2311 2152 paremus
2341 2082 2394 2137 in
2426 2083 2616 2138 eodem
2658 2085 2930 2139 convivari
2963 2103 2977 2139 :
3010 2085 3168 2140 talem
3196 2086 3416 2141 calicem

1817 2190 1925 2227 non
1970 2188 2308 2244 respuamus,
2330 2186 2392 2229 ut
2433 2175 2768 2230 celsitudinis
2808 2177 2925 2246 ejus
2967 2177 3291 2233 desiderium
3323 2192 3418 2248 per

1818 2265 2172 2321 humilitatem
2199 2266 2318 2335 ejus
2347 2266 2702 2321 inveniamus.
2736 2268 3034 2337 Respondit
3069 2269 3212 2323 enim
3251 2271 3412 2326 celsi-

1819 2355 1986 2410 tudini
2014 2355 2132 2426 ejus
2158 2356 2365 2410 lucrare
2391 2357 2716 2420 volentibus,
2757 2358 2849 2426 qui
2879 2357 2997 2427 ejus
3025 2358 3202 2414 adhuc
3239 2358 3412 2414 humi-

1816 2447 2018 2502 litatem
2060 2465 2166 2502 non
2213 2449 2540 2518 cogitabant.
2575 2459 2629 2503 et
2666 2450 2742 2503 ait
2786 2451 2890 2505 illis
2927 2468 2940 2501 :
2991 2446 3210 2505 Potestis
3254 2451 3417 2506 bibere

1815 2541 2025 2594 calicem
2051 2557 2195 2607 quem
2229 2557 2320 2611 ego
2351 2540 2598 2593 bibiturus
2626 2558 2739 2593 sum
2770 2541 2986 2610 (Matth.
3010 2541 3249 2610 xx,22)?
3275 2543 3414 2613 Ergo

1813 2641 1871 2687 et
1896 2633 1998 2686 illa:
2045 2634 2323 2701 passiones
2367 2631 2598 2693 Domini,
2633 2634 2910 2702 passiones
2940 2644 3134 2687 nostra:
3164 2645 3290 2688 sunt
3317 2653 3333 2690 :
3363 2647 3416 2690 et

1815 2725 2181 2793 unusquisque
2217 2724 2260 2777 si
2301 2722 2437 2777 bene
2462 2723 2661 2778 serviat
2686 2725 2828 2791 Deo,
2861 2724 3000 2780 bene
3025 2733 3204 2780 servet
3231 2727 3412 2793 tidem,

1813 2813 2062 2869 exhibeat
2092 2815 2232 2885 quod
2254 2815 2432 2877 debet.
2459 2825 2514 2871 et
2543 2824 2789 2870 versetur
2815 2817 2954 2870 inter
2981 2815 3227 2870 homines
3245 2816 3408 2885 justo,

1813 2909 1936 2962 γυιο
1962 2907 2146 2963 videre
2181 2907 2224 2961 si
2271 2924 2376 2960 non
2407 2907 2626 2977 patitur,
2659 2911 2820 2962 etiam
2849 2908 2990 2976 quod
3019 2908 3104 2962 hic
3129 2919 3410 2966 enumerat

1813 2999 1868 3053 in
1898 3000 2146 3068 passione
2175 3017 2268 3055 sua
2296 3000 2560 3056 Christus.

1871 3090 1972 3143 'l'l.
2005 3091 2169 3143 Amici
2192 3092 2291 3144 mei
2317 3102 2362 3144 et
2387 3093 2608 3160 proximi
2629 3093 2727 3144 mei
2746 3091 3012 3145 adversum
3034 3109 3112 3144 me
3125 3094 3409 3162 appropin-

1808 3192 2111 3252 quaverunt,
2126 3193 2171 3236 et
2188 3192 2462 3237 steterunt:
2479 3194 2526 3237 et
2554 3184 2772 3251 proximi
2799 3199 2832 3236 a
2860 3184 3008 3253 longe
3030 3191 3288 3236 steterunt.
3312 3183 3412 3250 Qui

1813 3273 2040 3341 proximi
2057 3273 2640 3342 appropinquaverunt,
2655 3284 2707 3326 et
2726 3274 2814 3341 qui
2836 3273 3061 3342 proximi
3079 3288 3109 3325 a
3128 3273 3284 3342 longe
3299 3283 3414 3326 stc-

1813 3363 2022 3417 terunt?
2049 3362 2285 3417 Proximi
2316 3373 2470 3416 erant
2492 3361 2686 3429 .Iuda:i,
2705 3363 2829 3433 quia
2859 3363 3072 3432 cognati
3100 3373 3253 3416 erant
3277 3381 3290 3416 :
3315 3379 3410 3430 ap-

1811 3454 2320 3523 propinquaverunt,
2339 3463 2395 3508 et
2423 3455 2639 3522 quando
2665 3454 3068 3509 crueilixerunt.
3098 3452 3331 3508 Proximi
3361 3465 3414 3512 ct

1809 3546 2054 3614 Apostoli
2077 3564 2092 3600 :
2113 3555 2166 3601 et
2189 3555 2366 3599 tamen
2403 3545 2499 3613 ipsi
2529 3560 2558 3598 a
2587 3546 2744 3613 longe
2770 3553 3047 3607 steterunt,
3083 3560 3150 3598 ne
3176 3559 3296 3598 cum
3323 3546 3413 3597 lllu

1811 3647 2138 3707 paterentur.
2170 3638 2354 3692 Potest
2380 3637 2542 3690 etiam
2578 3637 2681 3690 hoc
2705 3638 2785 3690 sic
2814 3636 3068 3705 intelligi:
3103 3636 3264 3690 Amici
3292 3639 3409 3700 mei,

1811 3729 1864 3783 id
1888 3736 1990 3792 est,
2019 3729 2110 3797 qui
2141 3743 2200 3782 se
2231 3728 2502 3782 tinxerunt
2547 3728 2750 3780 amicos
2795 3741 2966 3780 meos.
2997 3727 3217 3781 Amicos
3263 3728 3407 3782 enim

1810 3835 1870 3873 se
1896 3820 2186 3878 tinxerunt.
2228 3817 2446 3887 quando
2484 3818 2754 3871 dixerunt.
2802 3816 3006 3870 Scimus
3033 3816 3154 3888 quia
3183 3817 3237 3869 in
3277 3819 3411 3870 ueri-

1810 3920 1910 3963 tate
1944 3910 2080 3962 uiam
2121 3907 2217 3960 Dei
2260 3908 2409 3962 doces
2456 3907 2569 3979 (Id.
2617 3922 2756 3972 xxii,
2797 3907 2890 3976 lii)
2935 3923 2949 3960 :
3000 3906 3216 3976 quando
3262 3907 3410 3961 illum

1812 4009 2017 4055 tentare
2045 4000 2346 4059 voluerunt,
2382 4007 2560 4052 utrum
2603 3995 2923 4052 solvendum
2968 4006 3116 4052 esset
3154 3998 3410 4053 tributum

1809 4092 2042 4154 Caesari,
2089 4090 2304 4160 quando
2356 4090 2477 4144 illos
2523 4090 2757 4144 convicit
2795 4104 2892 4143 ore
2948 4089 3209 4157 ipsorum,
3253 4091 3411 4144 amici

1809 4182 1979 4236 videri
2009 4181 2298 4237 volebant:
2340 4181 2436 4235 sed
2485 4197 2589 4234 non
2622 4180 2695 4233 illi
2724 4189 2842 4234 erat
2869 4194 3004 4248 epus
3047 4188 3104 4234 ut
3129 4183 3411 4250 quisquam

1808 4275 1858 4329 ei
1907 4273 2268 4328 testimonium
2321 4272 2632 4340 perhiberet
2677 4271 2744 4325 de
2801 4270 3049 4333 homine;
3104 4272 3219 4339 ipse
3267 4273 3410 4325 enim

1809 4365 2014 4419 sciebat
2040 4363 2166 4434 quid
2196 4375 2342 4417 esset
2371 4363 2424 4415 in
2471 4363 2688 4416 homine
2733 4360 2911 4431 (Joan.
2943 4377 2998 4425 ll,
3027 4362 3119 4432 9.5)
3146 4379 3159 4415 :
3192 4362 3329 4416 adeo
3356 4373 3416 4414 ut

1809 4471 1931 4510 cum
1960 4457 2131 4509 antica
2180 4455 2339 4509 verba
2383 4452 2679 4515 dixissent,
2729 4452 3081 4522 reSpouderet
3125 4452 3226 4515 eis,
3277 4452 3415 4520 Quid

1809 4565 1908 4612 me,
1940 4546 2132 4616 inquit,
2165 4546 2370 4598 tentatis
2402 4544 2685 4614 hypocrita:
2715 4542 2928 4613 (Matth.
2953 4559 3088 4607 xxn,
3115 4543 3245 4611 l8)?
3274 4544 3414 4612 Ergo

1814 4637 1978 4690 Amici
2008 4637 2106 4689 mei
2143 4645 2186 4689 et
2217 4635 2441 4704 proximi
2469 4634 2566 4687 mei
2607 4634 2875 4687 adversum
2904 4651 2982 4686 me
3025 4635 3411 4704 appropinqua-

1808 4733 2006 4791 verunt,
2025 4737 2072 4781 et
2102 4735 2342 4780 steterunt
2363 4743 2378 4780 :
2402 4735 2449 4778 et
2477 4725 2695 4793 proximi
2719 4741 2750 4776 a
2777 4725 2924 4795 longe
2946 4734 3209 4780 steterunt.
3232 4725 3416 4782 Nostis

1810 4819 1934 4888 quid
1963 4819 2094 4872 dixi.
2131 4819 2413 4872 Proximos
2451 4817 2560 4871 dixi
2588 4819 2679 4886 qui
2719 4818 3336 4888 appropinquavei'uut',
3363 4828 3417 4873 et

1814 4918 1994 4962 tamen
2040 4909 2256 4978 alonge
2299 4917 2588 4964 steterunt.
2641 4909 3223 4979 Appropinquaverunt
3267 4910 3413 4964 enim

1809 5016 2054 5070 corpore,
2087 5001 2181 5056 sed
2213 5003 2369 5069 longe
2398 5008 2664 5055 steterunt
2693 5001 2876 5054 corde.
2907 5000 3008 5066 Qui
3038 5010 3144 5055 tam
3176 5003 3400 5071 propin-

1809 5093 1897 5162 qui
1936 5107 2180 5162 corpore,
2225 5107 2384 5161 quam
2423 5091 2514 5161 qui
2555 5090 2610 5145 in
2650 5106 2866 5146 crucem
2911 5092 3264 5148 levaverunt?
3308 5094 3414 5162 Qui

1811 5193 1916 5236 tam
1947 5184 2102 5253 longe
2143 5182 2326 5246 corde,
2361 5196 2521 5251 quasi
2571 5182 2662 5250 qui
2703 5181 3255 5250 blasphemaverunt?
3304 5186 3415 5238 An-

1808 5275 1918 5328 dite
1964 5275 2118 5328 istam
2161 5274 2607 5344 longinquitatem
2653 5273 2722 5327 ab
2763 5274 2895 5328 Isaia
2927 5274 3209 5344 propheta,
3235 5276 3410 5331 videte

1808 5368 1965 5421 istam
1997 5365 2450 5436 prepinquitatetn
2479 5375 2533 5421 et
2557 5365 3003 5437 longinquitatem
3029 5385 3043 5418 :
3074 5367 3310 5439 Populus
3329 5370 3411 5422 hic

1807 5456 1955 5511 labiis
1982 5473 2062 5512 me
2087 5457 2304 5512 honorat
2326 5472 2346 5511 :
2371 5471 2502 5512 ecce
2527 5455 2851 5526 propinquat
2880 5471 3110 5526 corpore
3136 5475 3149 5511 :
3179 5457 3281 5512 Cor
3315 5475 3409 5512 au-

1809 5559 1906 5606 tem
1939 5567 2116 5606 eorum
2136 5552 2285 5621 longe
2308 5560 2380 5607 est
2405 5565 2438 5605 α
2458 5534 2541 5605 me
2566 5547 2718 5622 (1εαὶ.
2748 5565 2900 5616 nix,
2934 5552 3043 5620 15).
3086 5550 3250 5607 Iidem
3283 5567 3408 5621 pro-

1872 5665 1888 5696 ³
1913 5669 2017 5714 Duo
2039 5672 2166 5736 atas,
2190 5663 2347 5736 Nostis
2368 5663 2481 5736 quia
2495 5663 2628 5735 ,αἰτίη
2641 5663 2889 5736 ρνᾳςάῃιοδ
2910 5665 3023 5736 Dei,
3043 5667 3412 5736 quiappronin-

1807 5732 2089 5792 minuerunt.
2113 5734 2205 5776 sex
2231 5726 2311 5792 alii
2334 5739 2347 5774 :
2375 5725 2530 5777 Nostis
2547 5725 2661 5792 quia
2684 5726 2793 5792 diri
2815 5725 3078 5792 proximus,
3105 5725 3411 5792 diri'appro-

1809 5786 2173 5855 pinmta'verunt.
2193 5787 2332 5855 .Alius
2345 5786 2681 5855 utroqne‘loco
2704 5786 2850 5840 habet
2872 5825 2883 5850 ,
2907 5787 3052 5840 dixi».
3068 5793 3174 5838 min
3209 5786 3410 5842 tandem

1811 5848 2054 5904 emittunt.
2075 5848 2226 5900 Nostis
2251 5848 2366 5914 quid
2391 5848 2501 5901 (liii
2518 5848 2777 5914 proximos.
