3978 6320
611 364 710 429 4οἳ

614 481 817 551 piuqui,
846 478 1008 534 iidem
1048 478 1322 548 longinqui
1355 497 1368 530 :
1403 477 1686 549 propinqui
1729 477 1903 543 labiis,
1931 478 2205 549 longinqui

616 572 796 626 corde.
839 570 1219 626 Verumtamen
1260 569 1381 639 quia
1446 568 1605 638 longe
1649 577 1913 624 steterunt
1958 571 2208 625 timentes

616 663 877 733 Apostoli,
903 662 1201 717 absolutius
1240 671 1297 717 et
1335 661 1544 730 planius
1569 661 1638 716 de
1665 661 1770 716 illis
1810 661 2124 730 accipimus,
2153 670 2209 715 ut

613 757 746 809 alios
776 755 1184 824 prepiuquassc,
1209 753 1342 806 alios
1385 753 1544 822 longe
1573 753 1785 808 stetisse
1814 753 2203 822 intelligamus:

613 844 1046 915 quandoquidem
1072 852 1126 898 et
1153 843 1340 898 Petrus
1365 842 1453 912 qui
1481 843 1737 897 audacius
1765 853 1982 897 secutus
2011 842 2204 906 fuerat,

615 936 686 987 ita
727 938 903 989 adhuc
931 936 1088 1004 longe
1127 943 1262 997 erat,
1292 943 1350 988 ut
1380 935 1735 1003 interrogatus
1760 944 1812 987 et
1844 933 2204 1002 perturbatus.

614 1036 699 1079 tcr
727 1035 945 1094 negaret
977 1025 1282 1089 Dominum,
1322 1040 1444 1079 cum
1489 1041 1595 1092 quo
1628 1040 1688 1078 se
1728 1025 2046 1079 moriturum
2088 1038 2207 1078 esse

615 1119 934 1185 promiserat
962 1115 1174 1189 (Matth.
1203 1133 1350 1179 sxw,
1376 1118 1487 1182 70).
1517 1115 1617 1185 Qui
1670 1126 1852 1186 postea
1895 1132 1960 1170 ex
2001 1116 2209 1186 longiu-

611 1223 722 1277 quo
761 1216 822 1261 ut
869 1208 1201 1278 propinquus
1247 1207 1420 1269 ﬂeret.
1449 1207 1652 1261 audivit
1698 1215 1818 1275 post
1855 1206 2206 1262 resurrectio-

612 1313 760 1364 nem,
801 1299 955 1354 Amas
993 1299 1114 1352 me?
1150 1307 1205 1353 et
1249 1298 1481 1362 dicebat,
1525 1297 1890 1368 Αηιο(.1οαη.
1933 1313 2046 1362 ut,
2092 1296 2205 1369 l7).

600 1389 684 1445 Et
716 1391 944 1445 dicendo
981 1391 1394 1460 propinquabat,
1427 1391 1516 1461 qui
1550 1389 1792 1461 negando
1835 1390 1992 1459 longe
2034 1389 2208 1444 factus

613 1490 750 1547 erat,
769 1481 942 1536 donec
974 1483 1110 1536 trina
1137 1498 1270 1538 voce
1295 1483 1514 1545 amoris,
1539 1483 1774 1537 solveret
1800 1484 1992 1540 trinam
2019 1498 2205 1538 vocem

613 1573 966 1641 negationis‘.
999 1571 1067 1626 Et
1090 1574 1311 1643 proximi
1331 1575 1430 1628 mei
1449 1591 1481 1628 a
1511 1572 1660 1646 longe
1677 1585 1943 1630 steterunt.

687 1664 772 1718 l8.
819 1662 883 1716 Et
909 1664 1008 1715 vim
1047 1664 1304 1731 faciebant
1329 1665 1418 1733 qui
1447 1665 1740 1732 quaebant
1768 1667 1992 1720 animant
2019 1682 2203 1723 nteant.

609 1752 728 1808 Jam
760 1753 1100 1809 manifestum
1145 1762 1230 1808 est
1253 1755 1341 1825 qui
1383 1756 1695 1825 quatiebant
1737 1757 1970 1811 animam
2001 1757 2203 1827 ipsius:

611 1844 702 1914 qui
747 1859 854 1898 non
883 1843 1151 1905 habebant
1185 1846 1419 1900 animam
1466 1845 1604 1915 ejus,
1645 1848 1770 1916 quia
1815 1864 1921 1902 non
1967 1850 2206 1904 erantin

610 1950 838 2003 corpore
883 1935 1021 2002 ejus.
1072 1935 1170 2002 Qui
1203 1936 1515 2006 qua-rebant
1565 1937 1802 1992 animam
1853 1938 1992 2009 ejus,
2048 1939 2208 2010 longe

612 2037 766 2080 erant
793 2027 862 2081 ab
898 2027 1074 2084 anima
1104 2027 1220 2096 ejus
1252 2045 1268 2082 :
1299 2028 1394 2087 scd
1440 2030 1754 2098 quaerebant
1795 2039 1854 2088 ut
1896 2032 2209 2088 occiderent

611 2134 752 2177 eauu
797 2119 1067 2187 Quaeritur
1111 2123 1254 2177 eiiim
1300 2123 1478 2175 anima
1509 2121 1629 2191 ejus
1657 2133 1708 2177 et
1738 2125 1895 2183 bene.
1925 2125 2057 2186 Nam
2099 2128 2206 2181 alio

611 2208 730 2264 loco
755 2209 929 2278 arguit
961 2191 1220 2279 quosdam
1261 2210 1449 2264 dicens
1479 2228 1494 2266 :
1546 2210 1617 2265 Et
1647 2229 1748 2267 non
1773 2223 1847 2269 est
1869 2216 1959 2285 qui
1983 2217 2206 2280 requirat

606 2299 834 2352 animam
873 2317 1036 2353 nteant
1071 2299 1242 2371 (Psal.
1273 2314 1412 2360 cxu.
1452 2304 1534 2374 5).
1563 2304 1754 2374 Arguit
1796 2307 2055 2373 quosdam
2097 2324 2204 2364 non

607 2398 912 2457 qumreutes
936 2390 1167 2445 animam
1195 2391 1335 2462 ejus,
1366 2403 1422 2447 et
1451 2409 1637 2450 rursus
1676 2397 1852 2464 arguit
1889 2397 2025 2452 alios
2053 2414 2203 2469 qua:-

608 2488 790 2540 reutes
810 2481 1042 2539 animam
1068 2481 1350 2550 ejus.Quis
1375 2494 1456 2538 est
1473 2485 1561 2555 qui
1582 2487 1776 2556 qumrit
1809 2486 1947 2544 bene
1969 2489 2202 2544 animam

610 2570 818 2637 ipsius?
845 2571 945 2640 Qui
988 2574 1107 2639 ejus
1152 2576 1428 2643 passiones
1477 2577 1735 2633 imitatur.
1787 2579 1888 2656 Qui
1939 2588 2066 2635 sunt
2111 2583 2201 2652 qui

608 2662 916 2729 quau-ebant
947 2664 1083 2720 male
1108 2666 1340 2723 animam
1370 2667 1529 2735 ejus?
1566 2669 1668 2740 Qui
1694 2670 1744 2724 ei
1771 2675 1880 2726 vim
1913 2671 2200 2741 faciebant,

607 2761 663 2806 et
685 2752 1069 2824 crttciligebant
1107 2771 1254 2815 enim.

681 2846 771 2900 19.
806 2845 1078 2917 Sequitur,
1111 2848 1210 2915 Qui
1234 2851 1526 2918 quarebant
1553 2853 1692 2914 mala
1718 2870 1850 2920 mea,
1888 2856 2049 2912 locuti
2084 2867 2203 2912 sunt

607 2939 899 2991 vanitatem.
942 2939 1078 3007 Quid
1109 2949 1214 2999 est,
1246 2941 1347 3008 Qui
1370 2944 1658 3006 qna'rebmtl
1695 2947 1834 3000 mala
1853 2947 2007 3002 mea?
2039 2947 2199 3005 Multa

607 3030 942 3096 qua-rebaut,
986 3042 1040 3085 ct
1083 3049 1189 3091 non
1241 3034 1602 3092 inveniebant.
1647 3037 1810 3094 Forte
1853 3039 1955 3095 hoc
1983 3041 2198 3110 dixerit,

608 3120 929 3186 Quwrehaut
971 3123 1192 3180 crimina
1239 3140 1380 3184 mea.
1425 3127 1769 3193 Qumsicrunt
1810 3131 1954 3186 enim
1984 3149 2103 3202 qua:
2145 3134 2199 3190 in

609 3211 758 3264 illum
786 3212 1047 3275 dicereut,
1078 3225 1130 3268 et
1161 3231 1266 3270 non
1310 3217 1653 3274 inveniebant
1685 3218 1900 3293 (Matth.
1931 3239 2075 3288 xxvi,
2105 3225 2197 3288 59,

605 3303 721 3370 60).
763 3305 1085 3372 Qumrebant
1108 3309 1251 3362 enitn
1289 3310 1429 3364 mala
1458 3311 1527 3366 de
1555 3311 1719 3377 bono,
1745 3316 2058 3381 qumrcbant
2081 3333 2197 3373 sce-

609 3396 717 3454 lera
745 3397 813 3452 de
840 3398 1124 3454 innocente
1149 3417 1164 3454 :
1196 3401 1412 3471 quando
1441 3402 1744 3459 invenirent
1769 3406 1822 3460 iu
1863 3424 1930 3463 eo
1958 3409 2046 3477 qui
2075 3411 2196 3463 nul-

607 3490 715 3542 lum
741 3501 1014 3556 peccatum
1037 3493 1301 3551 habebat?
1314 3494 1418 3550 Sed
1437 3493 1560 3564 quia
1579 3507 1796 3566 peccata
1814 3501 2125 3569 quaerebant
2143 3503 2196 3561 iu

602 3597 668 3633 eo
684 3581 771 3647 qui
795 3582 997 3641 nullum
1017 3595 1293 3652 peccatum
1317 3584 1565 3649 habebat,
1586 3589 1824 3642 restabat
1853 3598 1911 3643 ut
1935 3590 2197 3657 ﬁngerent

601 3671 741 3739 quod
767 3688 870 3724 nou
893 3673 1254 3731 inveniebant.
1275 3675 1420 3740 Ideo,
1453 3677 1556 3744 Qui
1582 3680 1870 3748 quwrebant
1898 3684 2034 3734 mala
2060 3699 2192 3744 mea,

602 3761 759 3813 locuti
781 3773 899 3816 sunt
921 3767 1212 3826 vanitatem,
1245 3782 1351 3820 non
1382 3768 1683 3822 veritatem.
1713 3769 1781 3822 Et
1801 3771 1975 3825 dolum
1994 3783 2098 3826 tota
2115 3775 2200 3829 die

601 3852 974 3906 meditabantur
995 3871 1012 3906 :
1035 3854 1136 3910 hoc
1160 3867 1262 3922 est,
1285 3857 1550 3913 fallaciam
1572 3861 1686 3914 sine
1703 3864 2000 3919 cessatione
2027 3867 2196 3927 medi-

606 3941 873 3995 tabantur.
894 3943 1072 3998 Nostis
1099 3957 1296 4014 quanta
1318 3947 1448 4003 falsa
1491 3951 1792 4006 testimonia
1819 3955 1959 4010 dicta
1985 3968 2110 4011 sunt
2138 3960 2192 4012 in

605 4033 910 4093 Dentiiutm.
938 4046 1225 4106 antequam
1273 4051 1566 4108 pateretur.
1612 4043 1791 4100 Nostis
1818 4058 2014 4116 quanta
2060 4048 2191 4104 falsa

602 4128 906 4182 testimonia
937 4128 1077 4184 dicta
1114 4141 1255 4194 sunt,
1288 4134 1451 4188 etiam
1479 4152 1598 4190 cum
1629 4141 2032 4194 resurrexissct.
2061 4142 2192 4197 Nam

599 4217 674 4271 illi
716 4219 912 4274 milites
939 4221 1191 4278 custodes
1226 4226 1478 4292 sepulcri,
1510 4227 1579 4280 de
1617 4230 1812 4296 quibus
1840 4230 2001 4286 Isaias
2030 4233 2187 4297 dixit,

599 4305 802 4363 Ponant
839 4309 1002 4366 malos
1028 4329 1122 4381 pro
1146 4317 1409 4383 sepultura
1449 4320 1559 4387 ejus
1609 4317 1760 4387 (Isai.
1810 4336 1918 4383 LIII,
1943 4321 2040 4393 9)(
2067 4325 2191 4379 mali

595 4398 738 4450 enim
785 4409 958 4462 erant,
1001 4411 1054 4455 et
1084 4405 1360 4458 veritatem
1406 4405 1589 4461 dicere
1637 4409 1944 4475 noluerunt,
1975 4422 2029 4465 et
2069 4428 2191 4467 cor-

595 4488 736 4556 rupti
793 4490 1130 4550 mendacium
1178 4496 1605 4565 seminaverunt)
1638 4516 1650 4551 :
1679 4501 1938 4555 attendite
1978 4505 2189 4571 qualem

593 4581 886 4636 vanitatem
930 4583 1089 4636 locuti
1117 4595 1258 4644 sunt.
1296 4586 1608 4658 Interrogati
1642 4601 1769 4644 sunt
1796 4593 1955 4645 etiam
1985 4593 2106 4663 ipsi,
2135 4606 2191 4649 et

591 4669 846 4724 dixerunt
874 4689 889 4727 :
917 4673 1044 4728 Cum
1090 4674 1446 4741 darmiremus,
1491 4691 1731 4733 venerunt
1771 4683 2010 4750 discipuli
2053 4685 2185 4755 ejus,

592 4773 639 4814 et
661 4761 978 4817 abstulerunt
1007 4781 1122 4819 eum
1157 4765 1369 4838 (Matth.
1405 4785 1597 4834 xxvm,
1630 4771 1744 4843 l3).
1781 4771 1896 4830 Iloc
1933 4787 2014 4830 est
2045 4777 2186 4846 loqui

592 4855 903 4909 vanitatem.
948 4857 1004 4911 Si
1041 4857 1183 4916 enim
1221 4859 1581 4928 dormiebant,
1611 4864 1750 4919 unde
1777 4867 2017 4922 sciebant
2045 4871 2186 4938 quod

591 4954 797 5014 gestuin
842 4949 996 5002 erat?

666 5038 751 5090 ~20.
797 5036 968 5111 vers.
1015 5041 1116 5102 14,
1171 5040 1301 5112 13.1.
1360 5043 1501 5112 Ergo
1543 5046 1640 5111 ait,
1688 5045 1802 5116 Ego
1844 5059 2016 5102 autem
2055 5054 2187 5106 relut

588 5131 774 5184 surdus
816 5148 921 5201 non
945 5133 1232 5188 audiebam.
1263 5135 1365 5200 Qui
1411 5136 1478 5190 ad
1521 5153 1582 5191 ea
1624 5155 1744 5207 qua:
1781 5143 2030 5197 audiebat
2075 5161 2183 5200 non

589 5224 977 5290 reSpoudcbat,
1033 5233 1288 5296 tanquam
1350 5244 1456 5282 non
1515 5231 1784 5287 audiebat.
1853 5233 1965 5304 Ego
2017 5249 2185 5292 autem

587 5316 721 5367 velut
741 5319 930 5369 surdus
957 5333 1057 5370 non
1077 5318 1347 5372 audiebam
1364 5335 1386 5372 :
1405 5328 1454 5373 et
1477 5321 1608 5375 sicut
1633 5333 1802 5378 mutus
1833 5342 1931 5379 non
1954 5331 2185 5396 aperiens

585 5421 644 5460 os
668 5422 834 5459 suum.
870 5407 936 5460 Et
963 5407 1153 5476 repetit
1181 5407 1368 5464 eadem
1398 5426 1413 5461 :
1448 5409 1516 5464 Et
1543 5415 1711 5482 [aetas
1736 5430 1848 5467 sunt
1877 5418 2005 5469 sicut
2035 5419 2185 5473 Immo

587 5512 689 5552 non
731 5496 975 5564 audiens,
1019 5507 1070 5552 et
1111 5513 1215 5552 non
1256 5499 1447 5557 habens
1488 5501 1545 5557 in
1581 5519 1671 5558 ore
1705 5521 1799 5559 suo
1837 5511 2180 5578 argutioncs‘.

651 5652 664 5679 '
692 5653 806 5699 Octo
829 5657 955 5705 διες..
981 5649 1184 5702 timoris.

585 5715 669 5822 ἐἰ
692 5717 758 5832 ita
797 5712 875 5762 hic
915 5722 965 5763 ct
1004 5711 1119 5763 alibi
1156 5715 1333 5776 passim
1356 5724 1457 5768 stu.
1512 5721 1588 5768 Er.
1610 5726 1662 5771 et
1682 5725 1790 5772 uss.
1839 5721 2178 5789 [redargutt'm

1859 362 1915 420 S.
1957 357 2324 418 AUCUSTINI
2359 358 2666 418 EPISCOPI

3815 371 3918 426 408

2317 475 2482 546 Quasi
2523 494 2631 534 non
2661 488 2808 535 esset
2847 479 2990 550 quod
3038 481 3143 538 illis
3185 478 3409 550 diceret,
3436 484 3590 554 quasi
3625 498 3735 539 non
3775 496 3921 541 esset

2319 565 2460 622 unde
2486 567 2609 623 illos
2645 581 2915 639 argueret.
2946 570 3134 628 Nonne
3147 571 3259 643 jam
3293 581 3450 628 antea
3477 574 3648 633 multa
3669 575 3920 646 increpa-

2313 669 2483 726 verat,
2514 661 2682 715 multa
2715 661 2944 730 dixerat,
2974 672 3032 719 et
3069 664 3300 734 dixerat,
3338 663 3431 722 Vat
3453 668 3610 735 vobis,
3641 668 3850 726 Scriba
3886 682 3930 724 et

2319 750 2592 820 Pharisari,
2615 755 2897 824 hypocrita
2921 756 3134 828 (Matth.
3163 774 3319 824 nm,
3343 760 3453 828 15),
3477 770 3534 815 et
3555 763 3722 818 multa
3747 762 3919 819 talia?

2312 841 2518 898 Tamen
2559 847 2775 916 quando
2817 863 3005 917 passus
3045 857 3150 916 est,
3189 849 3324 906 nihil
3367 850 3558 906 horum
3597 852 3775 907 dixit:
3817 869 3927 908 non

2312 941 2436 1008 quia
2468 952 2572 992 non
2607 938 2837 993 habebat
2875 941 3014 1011 quod
3059 941 3280 1009 diceret,
3319 943 3413 998 sed
3459 945 3814 1013 exspectabat
3869 959 3927 1000 nt

2311 1028 2645 1097 complerent
2672 1029 2746 1083 illi
2772 1031 2972 1096 omnia,
3002 1041 3058 1086 et
3083 1032 3436 1102 implerentur
3461 1050 3650 1090 omnes
3675 1033 3911 1106 prepbe-

2312 1119 2401 1172 tia:
2424 1119 2493 1175 de
2523 1119 2634 1186 illo,
2675 1122 2744 1176 de
2771 1137 2879 1192 quo
2903 1122 3104 1178 dictum
3143 1135 3294 1182 erat:
3327 1125 3397 1181 Et
3429 1127 3561 1182 sicut
3588 1129 3696 1183 ouis
3733 1141 3924 1184 eorum

2313 1211 2550 1264 tondente
2571 1228 2626 1265 se
2648 1212 2757 1266 sine
2786 1229 2922 1276 voce,
2953 1230 3055 1268 non
3097 1217 3294 1286 aperuit
3333 1233 3389 1271 os
3415 1234 3562 1271 suum
3606 1217 3764 1290 (Isai.
3796 1235 3908 1283 Lm,

2314 1299 2388 1368 7).
2418 1300 2711 1372 Oportebat
2753 1321 2882 1374 ergo
2906 1315 2966 1360 ut
2999 1317 3197 1362 taceret
3225 1309 3277 1363 in
3319 1312 3586 1380 passione,
3629 1327 3736 1366 non
3779 1314 3909 1368 taci-

2314 1400 2464 1448 turus
2490 1395 2545 1449 in
2564 1395 2786 1465 judicio.
2807 1396 3134 1454 Judicaudus
3161 1401 3303 1454 enim
3332 1412 3574 1464 venerat,
3598 1405 3690 1473 qui
3723 1415 3908 1472 postea

2308 1483 2645 1549 judicaturus
2690 1489 2941 1544 veniret:
2980 1501 3035 1544 ct
3075 1491 3196 1546 ideo
3236 1508 3358 1548 cum
3406 1509 3595 1563 magna
3640 1503 3912 1564 potestate

2307 1573 2668 1643 judicaturns,
2696 1577 2819 1647 quia
2847 1593 2968 1633 cum
3000 1596 3189 1650 magna
3223 1580 3516 1636 humilitate
3540 1583 3838 1651 judicatus.

2380 1664 2470 1719 21.
2514 1663 2678 1737 [νοτε.
2752 1666 2866 1742 16.]
2907 1669 3161 1734 Quoniam
3197 1671 3251 1724 in
3287 1681 3355 1734 te,
3398 1671 3633 1741 Domine,
3671 1676 3899 1744 speravi,

2311 1763 2366 1808 tu
2391 1757 2650 1822 mudies,
2681 1757 2915 1826 Domine,
2944 1759 3086 1816 Deus
3119 1779 3278 1817 meus.
3309 1763 3584 1834 Tanquam
3607 1767 3652 1821 si
3681 1768 3730 1823 ei
3759 1767 3905 1823 dicc-

2310 1857 2480 1913 retur,
2508 1849 2688 1918 Quare
2711 1866 2819 1907 non
2844 1853 3098 1922 aperuisti
3129 1869 3192 1910 os
3227 1856 3416 1912 tuum?
3444 1873 3610 1928 quare
3633 1875 3742 1913 non
3773 1859 3909 1915 dixi-

2309 1938 2398 2003 sti,
2447 1939 2700 1997 Parcite?
2746 1959 2912 2013 quare
2958 1960 3064 1999 non
3106 1945 3162 2000 in
3201 1961 3364 2003 cruce
3411 1950 3650 2018 pendens
3695 1952 3909 2021 iniquos

2309 2030 2576 2099 arguisti?
2615 2034 2870 2102 Sequitur
2905 2044 2960 2091 et
2987 2035 3116 2091 dicit
3145 2054 3160 2090 :
3195 2037 3454 2105 Quoniam
3487 2040 3540 2094 in
3566 2049 3632 2104 te,
3668 2041 3908 2108 Domine,

2307 2125 2508 2193 sperari
2526 2139 2546 2186 ,°
2581 2135 2635 2178 tu
2673 2126 2934 2192 exaudies,
2964 2127 3202 2196 Domine,
3235 2131 3374 2186 Deus
3400 2149 3562 2188 meus.
3606 2133 3817 2190 Monttit
3859 2145 3908 2189 te

2309 2212 2437 2283 quid
2469 2215 2654 2284 facias,
2667 2218 2712 2272 si
2743 2217 2883 2274 forte
2905 2223 3201 2277 occurrerit
3221 2223 3516 2279 tribulatio.
3531 2226 3740 2292 Qumris
3761 2228 3906 2282 enim

2309 2316 2364 2364 te
2383 2307 2697 2377 defendere,
2712 2321 2764 2366 et
2792 2313 2928 2368 forte
2954 2328 3114 2370 nemo
3135 2317 3326 2384 accipit
3340 2317 3710 2374 defensionem
3741 2329 3906 2376 tuam.

2307 2397 2426 2453 Jam
2457 2409 2510 2453 tu
2550 2401 2902 2471 perturbaris,
2934 2404 3086 2470 quasi
3132 2405 3428 2475 perdideris
3469 2422 3687 2464 causam
3739 2420 3906 2477 tuam,

2309 2491 2431 2560 quia
2464 2491 2662 2546 iutilius
2693 2493 2856 2547 habes
2881 2494 3245 2551 defensionem
3271 2507 3361 2552 aut
3389 2500 3783 2556 testimonium.
3814 2501 3908 2556 Cu.

2310 2582 2450 2637 stodi
2503 2582 2647 2638 intus
2698 2585 3058 2640 innocentiam
3109 2596 3272 2650 tuam,
3311 2589 3398 2641 ubi
3445 2605 3606 2644 nemo
3650 2593 3908 2659 opprimit

2307 2686 2524 2727 causam
2555 2685 2720 2730 tuam.
2754 2675 3041 2730 Praevaluit
3088 2678 3139 2730 in
3181 2687 3234 2734 te
3279 2678 3468 2734 fal~nm
3516 2683 3908 2750 testimonium,

2310 2761 2406 2817 sed
2435 2764 2572 2832 apud
2599 2764 2880 2820 homines:
2915 2769 3170 2836 tuuuquid
3199 2771 3338 2837 apud
3375 2771 3538 2826 Deum
3571 2775 3795 2840 valebit,
3820 2776 3908 2831 ubi

2306 2871 2467 2910 causa
2491 2866 2576 2910 tua
2601 2857 2827 2917 dicenda
2858 2860 2978 2913 est?
3003 2860 3230 2928 Quando
3259 2863 3398 2917 Detts
3418 2863 3582 2931 judex
3616 2867 3742 2926 erit,
3769 2867 3907 2923 alius

2308 2947 2461 3001 testis
2492 2964 2653 3017 quam
2690 2951 3017 3005 conscientia
3054 2961 3140 3006 tua
3184 2969 3288 3007 non
3319 2954 3444 3008 erit.
3480 2955 3625 3011 Inter
3663 2957 3907 3024 judicent

2301 3034 2505 3106 justqu
2527 3048 2575 3092 et
2604 3039 2988 3096 conscientiam
3029 3053 3174 3098 tuam
3199 3044 3306 3098 noli
3340 3045 3530 3101 timere
3559 3047 3661 3102 nisi
3685 3065 3906 3105 causam

2306 3136 2453 3187 tuam
2487 3146 2502 3184 :
2533 3129 2577 3184 si
2606 3146 2820 3188 elusam
2851 3133 3044 3188 malam
3074 3149 3180 3191 non
3209 3135 3484 3202 habueris,
3517 3140 3722 3194 ttullum
3755 3158 3907 3197 accn-

2305 3231 2538 3274 satorem
2585 3223 2951 3289 pertimesees,
2980 3224 3184 3278 nullum
3215 3225 3404 3283 falsum
3438 3238 3629 3284 testem
3664 3233 3902 3299 refelles,

2304 3309 2510 3363 nullum
2546 3326 2727 3365 verum
2755 3313 3016 3383 requires.
3045 3314 3127 3369 Tu
3165 3327 3367 3373 tantum
3399 3318 3592 3374 bonam
3621 3325 3904 3379 conscien-

2306 3399 2432 3452 tiam
2463 3399 2619 3466 atl‘er,
2649 3410 2708 3455 ut
2742 3404 2916 3472 possis
2943 3404 3124 3460 dicere
3155 3423 3171 3462 :
3202 3407 3454 3474 Quoniam
3481 3411 3534 3464 in
3559 3421 3627 3477 te,
3661 3413 3900 3479 Domine,

2301 3490 2497 3557 speravi
2513 3507 2532 3553 ;
2560 3500 2614 3541 tu
2639 3493 2897 3559 exaudies,
2927 3493 3163 3562 Domine,
3198 3495 3333 3552 Deus
3371 3518 3531 3555 meus.

2371 3577 2462 3631 22.
2493 3577 2643 3652 [νει-ε.
2677 3581 2790 3654 17.]
2835 3584 2969 3650 Quia
3011 3584 3121 3640 dixi
3153 3603 3173 3641 :
3204 3587 3491 3658 Nequando
3533 3594 3781 3650 insultent
3805 3600 3821 3630 ¹
3849 3601 3898 3652 iu

2301 3685 2381 3722 nte
2409 3671 2600 3724 inimici
2629 3675 2754 3736 mei,
2778 3685 2823 3727 et
2851 3674 2974 3728 dunt
2999 3691 3374 3735 commoventur
3405 3683 3559 3752 pedes
3587 3688 3706 3752 mei,
3732 3688 3786 3742 in
3818 3708 3897 3744 nte

2300 3775 2487 3829 magna
2517 3760 2672 3815 locuti
2699 3775 2838 3818 sunt.
2875 3765 3067 3826 Iterum
3098 3769 3235 3824 redit
3262 3773 3328 3825 ad
3367 3774 3731 3833 infirmitatem
3769 3798 3892 3836 cor-

2303 3852 2448 3920 poris
2473 3854 2577 3915 sui,
2609 3862 2664 3910 et
2686 3871 2872 3910 rursus
2909 3871 3068 3926 caput
3107 3861 3232 3916 ilhul
3261 3866 3495 3920 attendit
3519 3871 3687 3938 pedes
3716 3889 3844 3927 suos
3879 3894 3891 3929 :

2306 3956 2413 3995 non
2445 3943 2522 3997 sic
2548 3954 2631 3998 est
2661 3944 2714 3999 in
2739 3949 2898 4011 casio,
2931 3959 2987 4002 ut
3010 3951 3224 4007 deserat
3262 3957 3402 4023 quod
3437 3957 3597 4015 habet
3623 3962 3676 4015 in
3707 3975 3847 4020 terra
3877 3984 3891 4018 :

2303 4035 2535 4087 attendit
2566 4036 2744 4108 plane,
2776 4048 2832 4092 et
2851 4039 2996 4094 videt
3025 4055 3144 4096 nos.
3176 4044 3476 4114 Aliquando
3500 4053 3643 4104 enim
3665 4093 3680 4115 ,
3717 4065 3777 4108 ut
3812 4068 3892 4111 est

2299 4123 2398 4176 ista
2434 4125 2560 4187 vita,
2588 4139 2995 4185 eonuuoventur
3039 4133 3203 4201 pedes
3253 4139 3439 4200 nostri,
3477 4151 3532 4195 et
3562 4141 3814 4199 labuntur
3842 4149 3892 4202 iu

2296 4212 2480 4284 aliquo
2509 4226 2729 4284 peccato
2756 4235 2771 4272 :
2804 4218 2875 4274 ibi
2895 4234 3189 4293 exsurgunt
3211 4225 3403 4297 lingua:
3426 4232 3772 4301 nequissima:
3793 4238 3892 4293 iui-

2297 4303 2582 4361 micorum.
2615 4307 2751 4365 llinc
2774 4324 2903 4380 ergo
2933 4313 3296 4385 intelligimus,
3321 4320 3482 4375 etiam
3503 4337 3622 4378 cum
3649 4331 3892 4388 tacebant

2295 4391 2421 4489 quid
2452 4395 2779 4463 quaerebant.
2802 4398 3120 4470 Loquuutur
3137 4415 3262 4461 tunc
3277 4423 3469 4480 aspere
3486 4411 3741 4481 immites,
3757 4435 3886 4489 gau-

2296 4482 2485 4537 dentes
2514 4487 2535 4514 ¹
2559 4501 2617 4539 se
2646 4487 2915 4544 invenisse
2939 4495 3080 4562 quod
3106 4495 3290 4552 dolere
3313 4499 3637 4559 debuerunt.
3661 4508 3724 4561 Et
3741 4482 3848 4565 dixi
3869 4530 3886 4566 :

2299 4571 2382 4627 Ne
2408 4575 2682 4643 aliquando
2715 4579 2954 4635 insultent
2979 4584 3032 4637 in
3063 4603 3142 4638 nte
3168 4587 3361 4643 inimici
3395 4593 3509 4646 mei.
3545 4596 3661 4649 Dixi
3691 4600 3812 4666 hoc,
3837 4615 3886 4658 ut

2298 4672 2479 4726 tamen
2503 4666 2636 4723 forte
2662 4670 2728 4723 ad
2752 4675 3177 4732 entetulatiouem
3208 4680 3377 4736 fecisti
3401 4699 3496 4740 eos
3522 4704 3708 4758 magna
3746 4694 3884 4762 loqui

2294 4756 2361 4808 de
2389 4773 2473 4811 me
2495 4798 2508 4820 ,
2544 4759 2663 4811 dum
2691 4777 3006 4817 moverentur
3036 4768 3185 4836 pedes
3223 4774 3341 4835 mei,
3377 4774 3426 4828 id
3454 4787 3536 4829 est
3567 4756 3695 4835 elati
3724 4756 3846 4838 sunt
3868 4830 3881 4850 ,

2295 4847 2459 4900 multa
2491 4849 3047 4919 maladixerunhcum
3066 4874 3455 4920 commm'erer.
3477 4867 3714 4927 Misereri
3745 4847 3888 4931 enim

2295 4936 2595 4993 tlt‘itllt‘rllltl
2623 4943 2865 5008 inﬁrmis,
2900 4963 3003 5001 non
3035 4950 3322 5019 insultare;
3355 4963 3628 5027 quomodo
3657 4970 3882 5038 Aposto.

2295 5028 2375 5080 lus
2411 5028 2536 5081 dicit
2570 5048 2581 5081 :
2618 5031 2846 5090 Fratres.
2869 5038 2914 5088 si
2941 5054 3324 5111 pratot't'upntus
3358 5053 3512 5114 fuerit
3537 5052 3690 5107 homo
3707 5028 3762 5111 in
3787 5064 3880 5113 nli-

2291 5134 2388 5181 qno
2415 5119 2616 5184 delicto,
2648 5139 2733 5175 vos
2752 5130 2838 5191 qui
2858 5129 3150 5195 spirituulvs
3175 5135 3314 5201 ustis,
3338 5139 3569 5195 instruitc
3593 5145 3880 5216 hujustttodi

2291 5209 2345 5260 in
2371 5210 2553 5279 spiritu
2586 5218 3006 5273 mansuetudinis.
3052 5220 3114 5275 Et
3153 5229 3526 5293 complectitur
3559 5209 3727 5302 quare
3760 5284 3771 5295 .
3801 5243 3878 5295 iu-

2291 5300 2520 5364 tendcns,
2572 5301 2761 5372 inquit,
2796 5309 3032 5378 teipsum,
3061 5329 3124 5366 ne
3150 5327 3195 5367 et
3229 5327 3283 5368 tu
3309 5324 3509 5376 tenten's
3538 5300 3681 5391 (Cal.
3707 5346 3776 5386 vr.
3812 5335 3874 5398 Ι).

2290 5387 2404 5442 Non
2435 5403 2588 5445 erant
2611 5395 2695 5449 isti
2725 5399 2877 5463 tales,
2908 5401 2976 5454 de
2999 5404 3189 5468 quibus
3219 5407 3378 5476 dicit,
3417 5411 3482 5465 lt't
3507 5387 3632 5470 dum
3661 5387 3873 5478 cornuto;

2291 5491 2517 5534 uerentur
2537 5485 2687 5552 pedes
2714 5488 2829 5550 mei,
2849 5491 2998 5544 inme
3019 5509 3206 5560 magna
3233 5499 3388 5555 locuti
3414 5515 3531 5559 sunt
3560 5522 3582 5562 :
3613 5512 3710 5566 sed
3733 5525 3874 5571 erant

2354 5673 2368 5740 ξ
2396 5671 2640 5740 (τωῒιᾷθιδ.
2667 5690 2695 5723 c
2713 5686 2944 5728 mstanter
2969 5683 3116 5735 habet
3137 5690 3393 5740 exsultent.

2352 5735 3071 5829 1513;,"['5‘"Ei.."§i§f‘.‘.'t¥ffﬂ-
3091 5748 3648 5829 (Ψξῖφτεὲυπσβδνεῖίν
3664 5763 3869 5829 imm

2286 5794 2497 5858 gaudent
2519 5794 2585 5856 se,
2615 5807 2706 5848 etc.
2736 5804 2954 5853 Samum
2972 5794 3538 5873 ass'.,‘rt§ﬁéﬂ"ai7£tiz§f
