3978 6330
315 434 419 493 609

314 553 448 606 tales
475 550 544 606 de
569 552 762 621 quibus
789 552 919 608 alibi
943 552 1092 621 dicit,
1145 551 1248 619 Qui
1286 570 1366 608 tne
1394 562 1648 626 premunt,
1673 552 1900 608 exsulta~

311 640 435 697 bunt
459 645 504 698 si
528 655 690 699 motus
717 648 862 716 fuero
889 643 1060 718 (Psol.
1087 661 1186 709 xu,
1216 645 1295 716 5).

383 734 474 790 25.
505 735 657 809 [t-ers.
694 737 786 804 l8,
821 736 935 812 l9.]
967 737 1219 804 Quoniam
1247 755 1338 810 ego
1365 740 1417 792 in
1443 740 1649 810 flagella
1692 750 1903 809 paratus

309 845 443 883 sum.
473 829 704 886 Omnino
746 831 1047 900 magnifice,
1094 841 1340 902 tanquam
1385 831 1588 886 diceret
1638 851 1653 888 :
1690 833 1771 887 Ad
1800 831 1901 887 hoc

313 931 470 978 natus
494 937 613 978 sum
638 963 658 990 ,
697 933 756 979 ut
783 923 989 994 ﬂagella
1019 924 1292 979 salictam.
1330 923 1444 980 Non
1475 925 1616 980 enim
1647 940 1902 980 nascere—

311 1023 402 1069 tur
428 1013 448 1046 ί
475 1014 576 1070 nisi
601 1015 670 1070 de
705 1015 874 1070 Adam
895 1056 912 1080 ,
954 1017 1039 1070 cui
1086 1016 1290 1085 ﬂagella
1321 1016 1604 1072 debentur.
1647 1016 1749 1070 Sed
1793 1016 1898 1070 alio

309 1104 523 1171 quando
552 1114 862 1174 peccatores
899 1106 951 1160 in
983 1105 1082 1160 hac
1121 1109 1223 1161 vita
1255 1117 1345 1161 ant
1381 1124 1486 1162 non
1511 1148 1527 1172 ,
1579 1116 1672 1162 aut
1724 1108 1899 1162 minus

313 1194 680 1267 ﬂagellantur:
709 1197 834 1268 quia
857 1199 966 1265 jam
999 1199 1276 1269 desperata
1308 1211 1390 1255 est
1433 1201 1654 1254 intentio
1681 1216 1890 1255 eorum.

310 1289 380 1344 Αι
403 1303 533 1344 vero
559 1288 633 1344 illi
662 1289 856 1360 quibus
897 1300 1110 1358 paratur
1139 1291 1244 1345 vita
1275 1292 1598 1360 sempiterna
1624 1331 1640 1354 ,
1677 1305 1895 1345 necesse

305 1391 392 1434 est
421 1388 478 1435 ut
507 1379 594 1434 hic
617 1377 985 1449 ﬂagellentur;
1011 1381 1134 1450 quia
1173 1397 1293 1436 vcm
1335 1393 1419 1435 est
1454 1381 1542 1434 illa
1579 1382 1841 1436 sententia
1878 1398 1892 1434 :

305 1468 437 1538 Fili,
467 1487 532 1528 tte
572 1471 781 1542 deﬁcias
814 1473 870 1527 in
899 1472 1169 1543 disciplina
1201 1472 1440 1536 Domini,
1484 1489 1642 1543 neque
1669 1473 1894 1544 [aligeris

227 1608 230 1612 .
301 1580 420 1619 non
445 1564 510 1618 ob
549 1563 641 1620 illo
675 1565 956 1636 increporis
986 1580 1006 1619 :
1029 1557 1179 1636 quem
1221 1565 1358 1620 enim
1395 1565 1562 1634 diligit
1604 1563 1891 1630 Dominus,

298 1656 553 1727 corripit;
591 1655 822 1728 ﬂagellat
855 1667 1025 1713 autem
1068 1674 1267 1712 onmem
1310 1659 1473 1726 ﬁlium
1521 1675 1667 1729 quem
1715 1659 1894 1728 recipit

303 1745 491 1818 (Prov.
522 1763 604 1816 ut,
636 1749 725 1812 ll,
759 1747 875 1821 l2).
918 1747 1043 1805 Ideo
1083 1765 1213 1819 ergo
1258 1764 1365 1804 non
1410 1748 1663 1803 insultent
1692 1748 1891 1804 inimici

300 1837 433 1903 inci,
463 1853 571 1895 non
601 1853 790 1910 magna
834 1837 1121 1910 loquantur
1154 1856 1169 1893 :
1197 1849 1256 1894 et
1283 1839 1328 1895 si
1362 1839 1590 1910 ﬂagellat
1618 1855 1706 1894 me
1736 1839 1894 1895 Pater

300 1945 476 1998 ututs,
525 1931 581 1985 in
606 1929 818 2002 ﬂagella
846 1941 1061 2001 paratus
1086 1947 1231 1996 sum;
1268 1931 1392 2000 quia
1432 1930 1561 1985 mihi
1605 1930 1891 1986 ltmniditas

300 2035 652 2096 praparatur.
684 2011 912 2080 Non‘vis
939 2023 1233 2095 ﬂagellum.
1268 2038 1374 2078 non
1406 2023 1497 2078 tibi
1524 2023 1682 2077 datur
1713 2023 1886 2078 luere-

299 2115 464 2171 ditas.
509 2114 699 2172 Omnis
741 2115 885 2172 enim
921 2115 1061 2170 ﬁlius
1103 2129 1326 2171 necesse
1361 2124 1445 2168 est
1485 2123 1543 2168 ut
1572 2113 1885 2183 ﬂagelletur.

304 2209 487 2282 Usque
525 2209 662 2266 adeo
703 2209 892 2284 omnis.
927 2207 1246 2278 ﬂagellatur,
1278 2216 1334 2262 ut
1362 2222 1461 2261 nec
1489 2205 1565 2261 illi
1594 2204 1889 2275 pepercerit

301 2306 321 2371 ξ
332 2305 479 2360 Rom.
504 2319 593 2358 vttt
615 2345 630 2367 ,
662 2303 754 2374 52)
787 2302 875 2371 qui
903 2310 1178 2370 peccatum
1219 2316 1324 2354 non
1357 2297 1538 2354 habuit
1563 2297 1610 2371 (l
1638 2288 1778 2354 Patr.
1807 2315 1882 2365 ιι,

298 2396 414 2465 22).
445 2395 698 2463 Quoniam
718 2411 808 2464 ego
829 2395 880 2446 in
903 2392 1110 2464 ﬂagella
1141 2403 1350 2462 paratus
1368 2409 1500 2448 sum.

371 2490 463 2546 Si.
500 2487 566 2543 Et
595 2488 742 2542 dolor
770 2503 911 2540 mens
943 2496 1061 2540 ante
1086 2503 1165 2540 me
1187 2497 1260 2540 est
1286 2503 1498 2558 semper.
1531 2484 1661 2554 Quis
1685 2484 1886 2540 dolor?

301 2583 464 2640 Forte
509 2582 580 2638 de
621 2580 847 2652 ﬂagello.
880 2580 949 2635 Et
974 2595 1118 2641 vere.
1153 2578 1344 2634 fratres
1388 2579 1532 2646 mei,
1560 2594 1686 2634 vere
1709 2577 1884 2633 dicam

302 2675 480 2742 vobis,
513 2673 720 2744 ﬂagella
764 2687 861 2726 sua
887 2671 1071 2726 dolent
1098 2671 1376 2733 homines;
1418 2685 1584 2738 quare
1615 2669 1886 2739 ﬂagellau-

301 2775 387 2821 tur
406 2781 512 2820 non
535 2764 737 2819 dolent.
762 2761 878 2818 Non
897 2771 1015 2817 erat
1037 2763 1137 2817 iste
1156 2761 1254 2816 sic.
1278 2761 1492 2824 Audite,
1521 2761 1714 2816 fratres
1739 2761 1878 2815 mei:

297 2857 490 2914 Nescio
533 2855 654 2926 quis
695 2854 740 2911 si
793 2853 1045 2909 damnum
1097 2853 1318 2924 patitur,
1362 2851 1648 2921 proclivior
1697 2861 1780 2908 est
1825 2861 1886 2908 ut

295 2950 462 3012 dicat,
489 2947 705 3017 lndigne
728 2961 916 3015 passus
940 2959 1082 3009 sum,
1113 2958 1274 3014 quam
1305 2951 1363 2998 ut
1384 2942 1689 2998 consideret
1714 2957 1884 3012 quare

297 3055 488 3110 passus
537 3038 642 3103 sit;
683 3036 875 3092 dolens
911 3037 1165 3090 damnum
1214 3035 1452 3103 pecunia:
1475 3074 1492 3097 ,
1535 3048 1643 3087 non
1697 3033 1884 3088 dolens

293 3129 533 3203 iustitiae.
555 3129 611 3186 Si
629 3128 881 3197 peccasti,
895 3126 1201 3182 thesaurum
1219 3135 1364 3179 tuum
1393 3124 1699 3179 interiorem
1723 3123 1879 3179 dole:

298 3219 432 3277 nillil
463 3219 629 3276 habes
653 3218 704 3274 in
733 3219 915 3281 domo,
943 3215 1036 3278 sed
1068 3214 1205 3290 forte
1231 3215 1440 3269 inanior
1463 3230 1524 3269 es
1552 3216 1573 3246 ⁸
1601 3214 1762 3270 corde
1789 3233 1804 3270 :
1836 3216 1882 3270 si

292 3323 474 3366 autem
510 3309 726 3378 plenum
752 3317 836 3363 est
862 3321 956 3361 cor
979 3306 1120 3361 bono
1149 3319 1270 3370 suo,
1301 3304 1408 3358 Deo
1433 3314 1552 3369 tuo;
1575 3319 1740 3374 quare
1775 3319 1881 3359 non

291 3403 430 3459 dit-is
457 3419 476 3457 :
503 3399 758 3457 Dominus
783 3398 959 3463 dedit,
999 3397 1255 3453 Dominus
1295 3396 1542 3459 abstulit;
1587 3397 1725 3452 sicut
1775 3398 1882 3453 Do-

293 3495 442 3548 tnino
473 3491 692 3563 placuit,
722 3488 1017 3546 ita‘ﬁactuttt
1056 3498 1173 3553 est;
1205 3490 1276 3543 sit
1312 3503 1504 3543 nomen
1543 3488 1752 3544 Domini
1785 3489 1883 3544 bc-

293 3588 563 3642 nedictntn
615 3582 738 3656 (Job
804 3599 843 3646 t,
880 3581 1013 3651 ειν
1056 3580 1208 3636 Unde
1235 3596 1364 3651 ergo
1393 3580 1494 3636 istc
1531 3579 1784 3637 dolebat?
1812 3581 1884 3638 de

293 3681 506 3749 ﬂagello
533 3693 640 3748 quo
683 3674 1091 3746 ﬂagellabaer
1117 3672 1291 3729 Absit.
1323 3670 1391 3727 Et
1431 3669 1580 3727 dolor
1611 3688 1772 3738 meus,
1799 3673 1882 3728 in.

290 3770 429 3841 quit,
457 3779 576 3824 ante
596 3785 678 3822 me
700 3776 773 3822 est
796 3782 1011 3837 semper.
1041 3764 1108 3820 Et
1128 3761 1282 3834 quasi
1309 3761 1633 3828 diceremus,
1649 3764 1771 3833 quis
1785 3761 1888 3818 do-

293 3862 410 3917 lor?
437 3860 578 3916 unde
603 3859 795 3915 dolor?
826 3857 1081 3926 Quoniam
1107 3856 1422 3926 iniquitatem
1447 3871 1610 3909 meant
1636 3871 1730 3927 ego
1758 3872 1882 3926 pro-

291 3955 489 4020 nuntio,
516 3963 566 4009 et
592 3967 768 4008 curam
806 3966 979 4022 gerant
1014 3966 1109 4020 pro
1136 3959 1342 4020 peccato
1382 3964 1515 4004 meo.
1570 3947 1712 4003 Ecce
1743 3948 1884 4004 unde

289 4046 467 4101 dolor.
498 4043 616 4100 Non
643 4045 711 4099 de
737 4041 948 4112 ﬂagello
970 4040 1164 4096 dolor:
1191 4038 1261 4095 de
1276 4039 1520 4105 vulnere,
1546 4053 1653 4093 non
1679 4036 1748 4094 de
1767 4053 1886 4094 mc-

290 4138 490 4194 tlicina.
543 4135 677 4192 Nam
725 4133 994 4206 ﬂagellum
1041 4131 1491 4190 medicamentum
1549 4140 1634 4187 est
1696 4142 1883 4187 contra

292 4240 534 4302 precata.
561 4227 779 4292 Audite,
807 4226 998 4281 fratres
1029 4243 1043 4280 :
1070 4223 1349 4280 christiani
1375 4238 1593 4285 sumus;
1620 4231 1676 4279 et
1703 4231 1883 4278 tamen

290 4323 608 4394 plerumque
628 4319 672 4373 si
703 4318 842 4372 Illius
859 4315 1176 4387 cujusquam
1193 4312 1469 4378 moriatur.
1488 4313 1693 4386 plangit
1713 4312 1882 4378 illum;

290 4413 338 4469 si
383 4421 584 4481 peccet,
622 4426 728 4464 non
772 4409 920 4464 illum
969 4406 1188 4476 plangit.
1219 4405 1370 4461 Tunc
1409 4404 1707 4476 plangeret,
1760 4414 1888 4460 tunc

289 4503 522 4561 doleret.
554 4517 676 4556 eum
709 4509 1016 4567 peccantem
1047 4497 1284 4559 videret;
1319 4504 1444 4551 tunc
1467 4495 1683 4550 modum
1714 4495 1887 4565 impo-

292 4603 469 4656 neret.
519 4607 646 4647 tunc
695 4605 936 4646 normam
991 4587 1201 4642 vivendi
1246 4587 1496 4651 doceret.
1549 4585 1884 4656 disciplinam

290 4688 450 4744 daret
478 4703 494 4741 :
522 4692 618 4738 aut
651 4683 697 4738 si
752 4681 906 4744 fecit.
949 4689 1005 4735 et
1051 4680 1140 4734 ille
1168 4695 1273 4732 non
1311 4677 1548 4741 audivit.
1600 4685 1728 4732 tunc
1769 4685 1888 4733 erat

296 4774 658 4850 plangendus;
698 4781 822 4829 tunc
870 4772 1022 4842 pejus
1066 4779 1312 4825 mortuus
1357 4768 1634 4824 luxuriose
1658 4767 1844 4824 vivens
1867 4809 1883 4834 ,

293 4885 456 4924 ruam
475 4865 754 4922 moriendo
789 4864 1052 4937 luxuriam
1096 4861 1286 4916 finiens
1315 4878 1328 4914 :
1360 4867 1490 4916 tunc
1511 4874 1643 4929 ergo
1671 4858 1887 4930 quando

297 4971 398 5017 ista
427 4957 656 5014 faciebat
682 4956 736 5011 in
769 4954 930 5010 domo
966 4962 1050 5007 tua
1068 4995 1084 5017 ,
1130 4967 1234 5006 non
1263 4951 1440 5005 solum
1469 4957 1710 5005 mortuus
1728 4959 1845 5005 erat
1863 4988 1883 5015 ,

291 5052 390 5109 scd
417 5062 471 5108 et
501 5050 738 5124 putebat.
767 5047 896 5104 llaec
935 5045 1165 5101 dolenda
1212 5053 1356 5106 sunt.
1403 5043 1490 5098 illa
1531 5041 1884 5097 sustinenda:

293 5148 383 5202 illa
414 5142 658 5209 ferenda,
691 5142 789 5195 ista
821 5137 1138 5210 plangenda.
1161 5132 1470 5204 Plangenda
1491 5143 1670 5187 autem
1701 5173 1717 5196 ,
1749 5147 1888 5202 quo-

294 5234 460 5290 modo
481 5232 706 5288 audistis
729 5231 982 5301 plangere
1023 5227 1182 5282 istum
1231 5243 1248 5281 :
1293 5223 1546 5292 Quoniam
1571 5223 1890 5293 iniquitatem

293 5341 461 5381 meam
488 5339 582 5394 ego
606 5319 900 5392 pronuntio,
938 5330 984 5371 et
1006 5332 1183 5370 curam
1210 5329 1384 5385 geram
1411 5329 1505 5383 pro
1527 5321 1729 5383 peccato
1752 5327 1884 5365 meo.

294 5415 377 5473 Ne
403 5427 632 5470 securus
651 5412 749 5478 sis.
777 5425 902 5467 cum
927 5407 1207 5465 confessus
1233 5404 1398 5461 fueris
1423 5413 1696 5475 peccatum
1713 5411 1885 5470 tuum,

297 5521 551 5580 tanquam
578 5519 793 5573 semper
818 5510 1147 5573 praeparatus
1167 5497 1234 5554 ad
1262 5493 1624 5552 conﬁtendum
1654 5504 1708 5549 et
1732 5509 1888 5550 com-

295 5597 616 5656 mittendum
686 5602 984 5665 peccatum.
1044 5590 1136 5646 Sic
1201 5587 1484 5661 pronuntia
1549 5585 1884 5656 iniquitatem

362 5751 380 5782 ι
407 5747 672 5798 Duodecim
694 5750 822 5800 ηδε..
847 5745 1109 5804 Pulcra"?-
1364 5797 1379 5804 -
1426 5797 1442 5804 -
1531 5802 1540 5804 ρ
1606 5791 1617 5802 ·
1741 5795 1750 5804 -

358 5814 380 5843 ⁸
405 5819 512 5871 vro,
533 5806 723 5860 inanior
751 5797 971 5858 est-"orae
988 5837 1004 5864 ,
1023 5801 1194 5867 plures
1224 5807 1329 5851 Mss.
1364 5797 1576 5860 habent,
1597 5797 1648 5847 in
1671 5797 1830 5848 animo
1847 5799 1894 5847 et

292 5875 460 5926 write.

1362 433 1764 494 ENAIiRATlO
1801 430 1866 487 ΙΝ
1907 429 2229 493 PSALMUM
2270 439 2535 501 XXXVII.

3499 464 3607 522 ιω

2017 558 2184 620 tuam,
2207 567 2266 610 ιιι
2292 571 2475 614 curam
2496 577 2652 632 geras
2663 579 2762 637 pro
2783 578 3003 637 peccato
3025 580 3134 628 tuo.
3152 573 3288 642 Quid
3299 583 3600 636 cst.curant

2010 657 2201 740 gerere
2242 663 2339 740 pro
2386 649 2603 724 pecco-“eg
2657 657 2790 712 tuo?
2823 657 3015 718 Curam
3041 680 3227 734 gerere
3253 681 3348 740 pro
3376 669 3601 727 vulnere

2011 749 2133 832 tuo.
2147 738 2204 832 Si
2231 739 2463 812 diceres,
2489 744 2686 801 Curam
2716 764 2897 820 geram
2925 768 3021 823 pro
3045 738 3268 814 vulnere
3283 775 3439 828 meo;
3469 763 3596 832 quid

2011 828 2417 901 intelligeretur.
2447 837 2570 905 nisi,
2596 839 2743 902 Dabo
2768 859 2985 912 operam
3010 855 3070 901 ut
3094 853 3350 905 sanetur?
3375 828 3500 910 lloc-
3513 865 3598 910 est

2008 924 2154 979 enim
2182 940 2365 983 curant
2394 945 2582 1000 gerere
2608 948 2704 1003 pro
2728 935 2944 1004 delicto.
2974 953 3188 1010 semper
3224 945 3318 999 niti
3340 985 3356 1009 ,
3382 960 3601 1016 semper

2009 1017 2310 1086 intendere,
2335 1037 2549 1095 semper
2577 1027 2815 1085 studiose
2844 1042 2899 1085 et
2923 1033 3113 1089 sedulo
3150 1049 3308 1105 agere
3341 1048 3397 1092 ut
3438 1052 3611 1094 sanes

2009 1121 2307 1178 peccatum.
2358 1115 2496 1172 Ecce
2530 1117 2600 1174 de
2646 1120 2736 1176 die
2773 1121 2826 1176 in
2871 1121 3014 1178 diem
3060 1126 3266 1197 plangis
3317 1140 3595 1200 peccatum

2009 1211 2178 1267 tuum,
2209 1206 2301 1257 sed
2333 1207 2468 1260 forte
2506 1207 2756 1281 lattryma:
2773 1226 3014 1280 currunt,
3046 1227 3100 1271 et
3136 1233 3324 1274 manus
3358 1232 3592 1277 cessant.

2004 1293 2162 1350 Fiant
2190 1297 2544 1372 electum-ymo
2569 1345 2582 1364 ,
2616 1303 2942 1360 redimantur
2970 1321 3183 1376 peccata
3205 1353 3220 1374 ,
3248 1314 3476 1381 gaudeat
3513 1315 3594 1367 in-

2002 1386 2187 1455 digens
2211 1387 2278 1443 de
2301 1389 2426 1444 dato
2457 1402 2568 1454 tuo,
2613 1406 2668 1448 ut
2704 1403 2760 1449 et
2807 1405 2860 1449 tu
2909 1397 3142 1467 gaudeas
3181 1401 3250 1456 de
3299 1405 3424 1458 dato
3471 1404 3586 1460 Dei.

2003 1477 2134 1549 Eget
2168 1479 2291 1546 ille,
2325 1497 2450 1551 eges
2478 1495 2528 1536 ct
2563 1493 2615 1538 ιιι
2647 1503 2660 1538 :
2688 1496 2810 1556 eget
2839 1489 2926 1543 ille
2956 1489 3022 1543 ad
3055 1501 3141 1554 te,
3174 1507 3298 1562 eges
3328 1504 3382 1548 et
3428 1505 3483 1548 tu
3519 1495 3586 1549 ad

2003 1570 2168 1626 Deum
2201 1574 2242 1626 ¹.
2280 1573 2358 1642 Tu
2390 1577 2690 1634 contemnis
2732 1590 2976 1649 egentem
3031 1582 3148 1648 tui,
3201 1585 3339 1640 Deus
3388 1603 3494 1642 non
3535 1598 3588 1644 te

1999 1674 2303 1722 contemnet
2326 1679 2569 1738 egentem
2595 1671 2722 1726 sui?
2751 1673 2888 1742 Ergo
2913 1675 3133 1742 impleto
3175 1687 3230 1731 tu
3268 1681 3471 1748 egentis
3500 1679 3585 1734 in-

1998 1755 2197 1824 opiam,
2226 1769 2282 1812 ut
2310 1759 2526 1829 impleat
2561 1763 2697 1817 Deus
2727 1765 2976 1821 interiora
2999 1774 3109 1822 tua.
3140 1767 3250 1823 lloc
3277 1778 3381 1833 est.
3400 1768 3588 1825 Curam

1996 1863 2169 1917 geram
2189 1866 2282 1917 pro
2307 1861 2511 1920 peccato
2534 1870 2666 1914 meo.
2690 1855 2877 1910 iaciam
2905 1858 3084 1913 omnia
3118 1874 3470 1930 quaecumque
3511 1863 3588 1917 la-

1996 1938 2183 1994 cienda
2227 1952 2372 2007 sunt,
2418 1943 2484 1997 ad
2516 1946 2834 2001 abolendum
2881 1959 2935 2002 et
2974 1951 3269 2006 sanandum
3310 1965 3583 2022 peccatum

1996 2045 2194 2086 meum.
2215 2031 2283 2086 Et
2307 2051 2481 2087 curam
2512 2053 2681 2106 geram
2706 2054 2799 2106 pro
2819 2049 3022 2107 peccato
3051 2057 3179 2094 meo.

2064 2121 2156 2178 23.
2187 2122 2338 2195 [νει-ι.
2370 2125 2489 2200 20.]
2523 2127 2726 2182 Inimici
2769 2141 2936 2184 autem
2965 2133 3062 2185 mei
3088 2133 3278 2188 visunt.
3320 2134 3463 2190 Bene
3501 2148 3580 2191 est

1992 2215 2092 2275 eis.
2120 2217 2353 2286 gaudent
2398 2217 2449 2272 in
2501 2220 2679 2273 smculi
2732 2221 3000 2287 felicitate,
3035 2223 3122 2276 ubi
3160 2239 3260 2294 ego
3289 2223 3495 2289 laboro.
3523 2236 3580 2282 et

1995 2308 2145 2376 rugio
2173 2324 2202 2363 a
2230 2311 2427 2379 gemitu
2456 2312 2634 2365 cordis
2665 2317 2787 2365 mei.
2820 2313 3100 2378 Quomodo
3140 2317 3326 2371 vivunt
3373 2318 3573 2374 inimici

1993 2401 2157 2468 illius,
2188 2403 2311 2472 quia
2337 2403 2446 2472 jam
2476 2403 2611 2456 dixit
2652 2404 2718 2458 de
2767 2405 2891 2468 illis,
2937 2407 3188 2476 quoniam
3235 2407 3399 2463 locuti
3451 2419 3579 2465 sunt

1991 2497 2314 2550 vanitatem?
2342 2497 2476 2550 Audi
2503 2507 2552 2550 cl
2585 2497 2635 2550 in
2663 2498 2765 2550 alio
2798 2499 3000 2563 psalmo
3025 2517 3039 2552 :
3070 2499 3298 2565 Quorum
3325 2499 3421 2568 ﬁlii
3447 2502 3576 2555 sicut

1990 2587 2206 2642 novella:
2233 2589 2582 2642 constabilitm.
2631 2588 2736 2645 Sed
2781 2590 3029 2656 superius
3055 2590 3264 2646 dixerat
3295 2609 3308 2645 :
3346 2592 3578 2659 Quorum

1989 2697 2045 2733 os
2073 2681 2294 2735 locutum
2323 2691 2396 2734 est
2424 2681 2715 2742 vanitatem,
2745 2683 2868 2750 [ilice
2896 2696 3073 2742 eorum
3108 2686 3403 2752 composita:
3445 2687 3572 2740 sicut

1988 2773 2268 2827 similitudo
2293 2774 2498 2843 templi;
2535 2773 2745 2828 cellaria
2782 2792 2958 2829 eorum
2995 2777 3176 2846 plena,
3204 2779 3486 2833 eructantia
3512 2796 3575 2834 ea:

1989 2867 2086 2918 hoc
2115 2867 2166 2918 in
2197 2866 2324 2930 hoc;
2353 2867 2499 2922 boves
2537 2883 2713 2921 eorum
2741 2870 2938 2934 crassi;
2962 2886 3076 2923 oves
3102 2886 3278 2924 eorum
3319 2871 3568 2941 fecunda,

1988 2959 2136 3012 multi
2139 2959 2380 3028 plicantes
2397 2960 2449 3012 in
2465 2959 2678 3013 exitibus
2697 2961 2803 3014 suis
2825 2975 2844 3014 :
2867 2977 2966 3013 non
2981 2971 3057 3014 est
3075 2961 3225 3014 ruina
3245 2961 3398 3030 scpis,
3417 2977 3575 3032 neque

1985 3050 2182 3107 clamor
2200 3053 2252 3106 in
2281 3052 2460 3120 plateis
2486 3068 2677 3106 eorum.
2703 3051 2901 3106 Vivunt
2919 3069 3046 3123 ergo
3072 3053 3268 3107 inimici
3287 3053 3391 3107 mei
3415 3071 3429 3109 :
3454 3051 3572 3108 bzcc

1987 3144 2095 3198 vita
2117 3152 2222 3211 est,
2263 3143 2398 3198 hanc
2438 3143 2674 3208 laudant,
2705 3143 2843 3198 hanc
2870 3153 3072 3210 amant,
3121 3143 3259 3199 hanc
3300 3145 3444 3200 male
3470 3159 3572 3200 suo

1989 3234 2205 3292 habent.
2232 3237 2368 3304 Quid
2403 3237 2544 3291 enim
2576 3236 2860 3304 sequitur?
2897 3235 3112 3290 Beatmn
3143 3237 3381 3291 dixerunt
3408 3253 3574 3308 popu-

1987 3328 2132 3392 lum,
2174 3327 2258 3380 cui
2284 3327 2394 3380 lucc
2427 3335 2562 3378 sunt.
2593 3325 2936 3392 Quid~autent
2969 3337 3056 3389 tu,
3096 3327 3185 3395 qui
3220 3340 3402 3380 curam
3430 3328 3575 3395 geris

1989 3433 2086 3486 pro
2114 3427 2331 3488 peccato
2360 3417 2485 3470 ttto?
2511 3417 2636 3486 quid
2666 3427 2741 3481 tu,
2773 3417 2862 3486 qui
2899 3421 3212 3486 pronuntias
3238 3417 3568 3488 iniquitatem

1989 3508 2170 3560 tuam?
2193 3506 2400 3568 Beatus.
2431 3507 2619 3576 inquit.
2652 3508 2868 3576 populus
2889 3509 3034 3575 cuius
3059 3519 3132 3562 est
3157 3507 3408 3561 Dominus
3435 3507 3573 3562 Deus

1987 3599 2146 3669 ipsius
2171 3597 2343 3667 (Psnl.
2373 3613 2555 3664 cum,
2588 3598 2796 3668 lS-lS).
2821 3597 3028 3652 Inimici
3047 3608 3214 3653 autem
3236 3600 3333 3653 mei
3353 3599 3523 3653 vivunt
3554 3613 3577 3656 :

1987 3701 2035 3746 et
2057 3691 2348 3760 conﬁrmati
2373 3699 2493 3744 sunt
2518 3705 2672 3760 super
2696 3705 2793 3755 me,
2821 3698 2868 3744 et
2893 3689 3215 3761 multiplicati
3241 3699 3360 3744 sunt
3382 3690 3470 3761 qui
3495 3705 3578 3745 me

1987 3782 2201 3836 oderunt
2226 3780 2419 3853 inique.
2447 3779 2584 3849 Quid
2605 3788 2710 3846 est,
2729 3779 2817 3849 qui
2842 3779 3058 3835 oderunt
3076 3779 3285 3851 inique?
3303 3779 3448 3836 Bona
3470 3779 3576 3836 sibi

1986 3876 2256 3929 volentem
2281 3870 2533 3927 oderunt.
2559 3870 2662 3939 Qui
2687 3870 2734 3925 si
2762 3869 3052 3928 redderent
3072 3871 3213 3926 mals
3237 3885 3336 3941 pro
3375 3871 3533 3927 malis
3553 3912 3574 3939 ,

1987 3966 2114 4022 boni
2141 3980 2246 4021 non
2271 3971 2455 4020 essent
2485 3966 2615 4034 :qui
2652 3963 2698 4018 si
2728 3978 2836 4018 non
2874 3962 3162 4019 redderent
3185 3962 3324 4019 bona
3353 3977 3452 4034 pro
3474 3963 3575 4019 bo-

1989 4057 2106 4122 nis.
2137 4055 2330 4127 ingrati
2367 4065 2551 4110 essent
2589 4071 2604 4110 :
2641 4053 2873 4125 reddunt
2903 4063 3083 4110 autem
3123 4055 3262 4111 mala
3297 4070 3397 4126 pro
3421 4055 3576 4112 bonis

1987 4149 2080 4220 qui
2116 4147 2346 4204 oderunt
2375 4146 2575 4217 inique.
2620 4145 2780 4202 Tales
2820 4145 3037 4202 fuerunt
3077 4143 3250 4202 Judtei
3281 4163 3299 4202 :
3330 4149 3477 4203 venit
3507 4146 3577 4203 ad

1989 4239 2112 4295 illos
2135 4236 2377 4293 Christus
2403 4251 2525 4292 cum
2570 4235 2745 4301 bonis,
2787 4233 3134 4292 reddiderunt
3177 4235 3252 4291 illi
3296 4236 3438 4291 mala
3479 4251 3578 4306 pro

1990 4328 2166 4386 bonis.
2210 4327 2409 4384 Cavete
2451 4327 2553 4382 hoc
2595 4328 2794 4382 malum
2824 4367 2843 4395 ,
2888 4325 3123 4382 fratres:
3152 4326 3262 4382 cito
3289 4327 3576 4383 subintrat.

1989 4421 2123 4488 Quia
2152 4419 2402 4485 diximus,
2431 4417 2590 4472 Tales
2633 4426 2786 4472 erant
2828 4416 2996 4472 Judmi
3043 4433 3059 4472 :
3109 4432 3178 4472 ne
3232 4425 3382 4486 putet
3415 4431 3580 4472 unus.

1989 4513 2217 4584 quisque
2263 4521 2498 4567 vestrum
2541 4510 2698 4580 longe
2739 4526 2801 4564 se
2849 4517 3152 4578 exceptum.
3205 4506 3471 4578 Corripiat
3526 4519 3578 4565 te

1989 4604 2182 4674 aliquis
2211 4604 2374 4658 frater
2402 4613 2527 4658 tuus
2547 4641 2561 4666 ,
2596 4602 2791 4657 bonum
2820 4599 2914 4655 tibi
2941 4600 3162 4666 volens;
3191 4599 3372 4656 oderis
3401 4601 3574 4666 illum,

1990 4706 2046 4752 et
2071 4695 2193 4751 talis
2219 4710 2298 4750 es.
2331 4695 2394 4749 Et
2426 4693 2602 4748 videte
2628 4708 2788 4763 quam
2825 4693 2933 4747 cito
2965 4692 3076 4756 fiat,
3104 4709 3262 4763 quam
3292 4692 3444 4749 facile
3475 4709 3490 4748 :
3521 4704 3578 4750 et

1991 4792 2214 4844 vitatotc
2235 4791 2256 4821 ⁸
2281 4797 2387 4841 tam
2417 4802 2665 4856 maguum
2691 4785 2913 4851 malum,
2943 4795 3049 4840 tam
3095 4786 3235 4857 agile
3277 4795 3575 4857 peccatum.

2061 4881 2151 4936 26.
2183 4879 2334 4955 [vers.
2364 4879 2480 4952 2L]
2510 4877 2854 4933 Detrahebant
2881 4879 3006 4931 mihi
3026 4879 3114 4949 qui
3139 4878 3416 4933 retribunnt
3441 4880 3578 4934 mala

1992 4991 2086 5044 pro
2112 4972 2273 5031 bonis.
2299 4971 2537 5041 quoniam
2560 4979 2849 5041 persecutus
2868 4985 2980 5022 sum
2997 4968 3274 5038 justitiam.
3293 4968 3417 5024 Ideo
3440 4971 3576 5023 mala

1994 5080 2093 5135 pro
2124 5063 2297 5118 bonis.
2345 5061 2482 5131 Quid
2518 5071 2622 5125 est,
2668 5071 2958 5131 persecutus
3000 5076 3110 5113 sum
3133 5059 3434 5130 justitiam?
3462 5058 3577 5116 Non

1993 5158 2169 5214 dimisi
2203 5174 2218 5212 :
2249 5172 2316 5211 ne
2343 5157 2479 5210 forte
2503 5154 2931 5225 persecutionem
2960 5167 3194 5221 semper
3237 5153 3288 5207 in
3319 5153 3462 5207 malo
3492 5153 3577 5206 iu-

1995 5250 2222 5319 telligas,
2252 5255 2539 5318 persecutus
2577 5245 2731 5311 dixit,
2764 5245 2996 5315 perfecte
3031 5256 3290 5301 secutus:
3323 5245 3578 5312 Quoniam

1997 5349 2282 5411 persecutus
2306 5355 2422 5392 sum
2439 5337 2718 5409 justitiam.
2749 5336 2816 5391 Et
2839 5335 2962 5390 audi
2985 5345 3146 5407 caput
3181 5347 3423 5391 nostrum
3462 5337 3580 5404 eju-

1994 5431 2112 5486 lans
2139 5429 2162 5461 ³
2191 5431 2246 5484 in
2295 5428 2545 5497 passione
2588 5445 2604 5481 :
2648 5426 2718 5480 Et
2758 5426 3100 5497 proiecerunt
3149 5441 3236 5480 me
3275 5425 3529 5481 dilectum
3557 5463 3578 5492 ,

2061 5610 2077 5640 ⁸
2103 5613 2203 5655 Duo
2222 5610 2352 5660 Mss,
2373 5609 2479 5666 eget
2497 5599 2577 5652 ille
2599 5615 2630 5650 η
2653 5609 2715 5660 te,
2740 5608 2916 5665 egestu
2938 5615 2968 5651 (ι
2991 5609 3102 5666 Deo.

2059 5669 2080 5700 ί
2103 5669 2176 5716 sic
2211 5665 2378 5728 plures
2401 5663 2522 5714 "Mss.
2558 5672 2612 5714 Αι
2645 5663 2776 5722 Lota,
2800 5676 2946 5725 quam
2978 5663 3124 5726 facile
3156 5669 3320 5712 currat
3359 5671 3458 5712 tum
3479 5674 3578 5712 mos

2061 5736 2297 5839 ίηὲἀιῗιέι
2314 5795 2442 5843 Mss,
2457 5787 2651 5837 "ridens
2679 5798 2697 5836 :
2723 5793 2934 5847 excepto
2956 5785 3245 5837 Fuliensium
3269 5791 3422 5834 veteri
3449 5782 3579 5841 codio

1998 5867 2077 5914 ce,
2095 5853 2233 5915 cuius
2253 5864 2347 5915 ope
2366 5851 2683 5908 rcstituimus,
2705 5847 2907 5907 citl'lmts.
