3978 6324
402 360 511 419 4M

402 491 655 548 tanquam
702 486 969 546 mortuum
1012 467 1399 527 abominatum.
1451 463 1645 518 Parum
1684 466 1801 514 erat
1843 468 1993 509 mor-

404 584 552 627 tnutn
574 615 591 637 ,
621 588 785 642 quare
832 564 1237 633 abominatum?
1264 562 1394 627 Quia
1421 557 1759 615 cruciﬁxum.
1786 550 1999 608 Etenim

404 665 521 719 hazc
571 677 715 716 mors
743 659 919 716 crucis
946 672 1134 728 magna
1174 653 1315 724 apud
1348 665 1444 707 eos
1489 649 1815 705 abominatin
1842 651 1960 698 erat
1981 680 2000 706 ,

405 773 514 812 non
545 753 905 824 intelligentes
922 750 973 804 itt
998 745 1275 819 prophetia
1295 744 1495 800 dictum
1516 755 1674 836 esse:
1698 734 2004 836 oledictus

410 847 574 899 omnis
602 847 687 914 qui
736 843 916 913 pendet
949 842 1004 894 in
1046 840 1183 912 ligno
1210 836 1387 910 (Deut.
1421 849 1508 888 1m
1526 875 1542 897 ,
1566 832 1685 902 25).
1712 827 1829 883 Non
1856 827 2000 880 enim

413 936 529 1005 ipse
560 936 737 988 attulit
781 942 1029 998 mortem,
1079 930 1174 984 sed
1224 926 1315 982 hic
1360 925 1563 981 invenit
1606 922 1674 976 de
1719 917 2006 973 maledicto

412 1028 573 1097 primi
606 1027 836 1081 hominis
868 1033 1207 1095 prapagatam
1235 1018 1374 1090 (Gal.
1406 1034 1487 1085 ιιι,
1519 1016 1611 1084 10)
1644 1031 1657 1066 :
1691 1021 1744 1066 ct
1760 1009 2002 1067 eamdem

415 1131 648 1175 mortem
700 1127 940 1171 nostram
985 1114 1282 1183 suscipiens
1307 1110 1360 1165 in
1388 1111 1535 1179 ligno
1560 1103 1857 1174 suspendit,
1886 1114 2007 1171 qua:

416 1221 637 1265 venerat
668 1208 736 1262 de
780 1217 1020 1278 peccato.
1058 1207 1198 1275 Ergo
1244 1219 1311 1257 ne
1350 1208 1596 1271 putarent
1635 1196 1819 1260 aliqui,
1870 1193 2011 1246 sicut

415 1310 607 1372 putant
631 1299 846 1369 quidam
874 1297 1105 1351 IMEPCIICI
1125 1290 1221 1366 (tt),
1249 1291 1532 1347 Dominum
1560 1298 1800 1342 nostrum
1822 1284 2007 1339 Jesum

417 1390 689 1444 Christum
715 1388 902 1443 falsam
925 1402 1140 1440 carnem
1166 1383 1434 1445 habuisse,
1458 1389 1637 1436 etnon
1664 1390 1845 1431 veram
1867 1388 2013 1426 mur-

418 1490 527 1534 tem
560 1481 609 1533 in
640 1493 799 1533 cruce
825 1477 1079 1539 solvisse;
1110 1473 1336 1529 intendit
1362 1472 1461 1525 hoc
1493 1469 1771 1538 pr0plteta,
1803 1473 1858 1519 et
1886 1463 1961 1516 ait
1992 1479 2007 1516 :

420 1571 728 1627 Maledictus
771 1569 934 1622 omnis
957 1569 1043 1638 qui
1072 1565 1252 1637 pendet
1295 1564 1351 1617 in
1394 1564 1551 1633 tigno.
1600 1554 1847 1613 Ostendit
1883 1567 2017 1622 ergo

424 1664 549 1732 quia
576 1671 630 1717 et
655 1660 825 1717 Filius
848 1659 942 1715 Dei
974 1674 1099 1712 vera
1121 1667 1298 1713 morte
1321 1664 1563 1709 mortuus
1585 1660 1688 1715 est,
1714 1662 1835 1719 qua:
1864 1661 2010 1701 mor-

338 1774 341 1775 '
424 1756 517 1810 tali
554 1753 700 1808 carni
746 1752 1043 1808 debebatur
1071 1767 1087 1804 :
1122 1765 1190 1804 ne
1224 1762 1331 1803 non
1379 1743 1718 1800 maledictum
1748 1781 1762 1805 ,
1797 1746 2016 1810 putares

428 1863 535 1901 non
571 1860 697 1899 vere
732 1852 1022 1899 mortuum.
1081 1840 1213 1908 Qnia
1256 1854 1384 1893 vero
1430 1837 1521 1891 illa
1562 1848 1709 1889 mors
1751 1847 1858 1887 non
1902 1838 2023 1883 erat

428 1937 584 2001 falsa,
612 1935 707 1990 sed
734 1950 803 1989 ex
834 1934 919 1987 illa
947 1930 1239 2001 prepagine
1261 1927 1637 1993 descenderat,
1658 1941 1778 1995 quae
1798 1931 2017 1977 venerat

428 2028 498 2083 de
531 2026 850 2086 maledicto.
890 2039 1011 2079 cum
1061 2022 1262 2077 diceret
1309 2021 1485 2085 Deus,
1535 2016 1704 2073 Morte
1739 2012 2025 2087 moriemini

432 2115 588 2189 (Gen.
616 2132 676 2180 ιι,
701 2116 833 2178 17);
863 2113 1083 2168 omnino
1110 2119 1166 2167 et
1184 2111 1249 2165 ad
1274 2113 1447 2180 ipsum
1475 2108 1595 2177 quia
1623 2105 1868 2175 pervenit
1894 2119 2019 2159 vera

430 2216 599 2267 mors,
633 2209 692 2256 ut
713 2199 782 2254 ad
807 2212 906 2253 nos
926 2195 1229 2269 perveniret
1252 2210 1376 2250 vera
1404 2193 1544 2259 vita;
1571 2193 1732 2248 etiam
1753 2190 1818 2245 ad
1848 2190 2020 2257 ipsum

432 2292 675 2364 pervenit
698 2289 887 2345 mortis
920 2287 1247 2354 maledictio,
1270 2294 1330 2341 ut
1355 2284 1423 2339 ad
1449 2299 1547 2339 nos
1571 2284 1876 2353 perveniret
1901 2281 2026 2334 vita:

432 2383 757 2441 benedictio.
803 2382 867 2437 Et
920 2380 1262 2453 proiecerunt
1305 2393 1395 2433 me
1450 2376 1729 2442 dilectum,
1772 2383 2024 2444 tanquam
2080 2364 2083 2367 ’

436 2486 708 2531 mortuum
743 2472 1131 2529 abominatum.

413 2552 416 2556 Δ
505 2567 597 2622 27.
641 2564 792 2638 [vers.
836 2562 957 2636 22]
1012 2560 1094 2616 Ne
1139 2560 1459 2630 derelinquas
1497 2574 1611 2624 me,
1648 2556 1864 2611 Domine
1888 2554 2029 2609 Deus

434 2674 577 2716 meus
600 2700 617 2725 ,
658 2675 721 2712 ne
761 2656 1046 2712 discesseris
1070 2673 1104 2708 a
1130 2670 1230 2709 me.
1259 2654 1512 2709 Dicamus
1541 2652 1594 2705 in
1620 2647 1736 2714 illo.
1786 2650 2029 2703 dicamus

437 2767 538 2825 per
584 2750 761 2814 illum;
817 2750 933 2819 ipse
984 2747 1126 2801 enim
1168 2744 1473 2814 interpellat
1522 2757 1623 2813 pro
1666 2740 1820 2795 nobis
1850 2739 2027 2811 (Rom.

382 2844 387 2848 ’
438 2841 661 2913 vnum)
687 2859 702 2897 :
729 2851 784 2896 et
810 2841 1071 2902 dicamus,
1098 2833 1178 2895 Ne
1191 2837 1513 2909 derelinquas
1535 2853 1634 2902 me,
1651 2830 1872 2889 Domine
1892 2831 2037 2887 Deus

438 2951 602 2990 meus.
630 2932 696 2989 Et
713 2940 889 2987 tamen
916 2931 1145 2997 dixerat,
1166 2925 1309 2983 Deus
1335 2942 1495 2991 meus,
1513 2925 1650 2980 Deus
1674 2940 1832 2989 meus,
1855 2923 2037 2986 utquid

438 3041 521 3079 me
543 3022 852 3093 dereliquisti
880 3020 1094 3091 (Matth.
1136 3034 1303 3086 xxv",
1332 3018 1433 3084 46,
1473 3027 1520 3073 et
1546 3014 1694 3071 Psal.
1726 3032 1837 3081 XXI,
1860 3017 1916 3087 2)
1935 3016 1958 3069 ?
1980 3024 2037 3069 et

357 3164 360 3167 .
440 3116 589 3177 dicit,
618 3107 761 3168 Deus
787 3129 948 3178 meus,
975 3127 1040 3166 ne
1067 3110 1355 3165 discesseris
1382 3126 1415 3163 α
1439 3125 1537 3163 tne.
1554 3107 1611 3164 Si
1631 3123 1660 3162 a
1677 3122 1902 3191 corpore
1927 3124 2059 3170 non,

441 3205 666 3270 recedit.
688 3205 913 3260 recessit
943 3218 975 3258 a
1002 3200 1217 3272 capite?
1243 3196 1408 3271 Cujus
1448 3216 1579 3272 ergo
1616 3215 1717 3255 vox
1754 3209 1892 3266 erat,
1932 3200 2035 3256 nisi

444 3296 600 3367 primi
624 3295 877 3352 hominis.
907 3294 983 3351 Ex
1016 3294 1108 3349 illo
1136 3308 1266 3364 ergo
1293 3308 1354 3347 se
1382 3291 1675 3347 ostendens
1710 3306 1891 3346 veram
1920 3307 2041 3346 car-

443 3406 568 3447 nem
594 3400 831 3460 portare,
853 3388 982 3443 dicit
1012 3406 1027 3443 :
1056 3386 1199 3441 Deus
1225 3403 1388 3451 meus,
1418 3383 1555 3440 Deus
1580 3401 1741 3451 meus,
1762 3384 1941 3452 utquid
1961 3399 2042 3437 me

442 3478 798 3549 deretiquisti.’
825 3477 941 3534 Non
971 3478 1121 3532 illum
1143 3475 1596 3533 dimisitDeus.Si
1618 3484 1669 3530 te
1688 3491 1792 3530 non
1819 3474 2042 3530 dimittit

444 3571 753 3628 credentem
782 3571 835 3625 in
862 3586 944 3631 se.
967 3570 1238 3625 Christum
1277 3568 1575 3625 dimitteret
1609 3568 1766 3623 Pater
1789 3577 1845 3625 et
1874 3567 2043 3624 Filius

443 3672 503 3718 et
527 3662 759 3732 Spiritus
801 3669 1019 3717 sanctus
1059 3676 1196 3714 unus
1229 3656 1411 3714 Deus?
1437 3656 1545 3714 Sed
1573 3672 1859 3729 personam
1888 3657 1942 3713 in
1982 3673 2044 3713 se

444 3757 920 3829 :mnsﬁguraverat
949 3756 1104 3825 primi
1142 3754 1395 3810 hominis.
1424 3753 1639 3808 Scimus
1660 3752 1872 3808 dicente
1902 3753 2047 3822 Apo-

446 3848 611 3912 stnln,
641 3847 761 3919 quia
794 3856 935 3902 uetus
978 3847 1130 3899 homo
1159 3853 1330 3899 noster
1355 3844 1589 3913 con/ints
1627 3852 1699 3897 est
1742 3839 1882 3897 cruci
1928 3858 2045 3895 cum

448 3939 543 3993 illo
570 3940 750 4011 (Rom.
780 3954 851 4003 vn,
884 3936 963 4010 6).
996 3937 1112 3992 Non
1158 3946 1338 3991 autem
1386 3950 1696 3990 careremus
1738 3942 2001 3989 vetustate
2024 3975 2042 4002 ,

452 4030 555 4085 nisi
580 4028 987 4100 cruciﬁgeretur
1007 4030 1062 4084 in
1085 4028 1394 4084 inﬁrmitate
1413 4028 1453 4080 '.
1471 4026 1551 4081 Ad
1580 4025 1682 4082 hoc
1701 4024 1845 4081 enim
1875 4023 2044 4091 venit,

449 4132 511 4179 ut
539 4136 861 4178 renovemur
894 4119 947 4176 in
977 4121 1107 4175 illo:
1140 4120 1263 4190 quia
1301 4116 1661 4173 desiderando
1688 4132 1810 4172 eum
1837 4126 1892 4172 et
1918 4131 2045 4187 pas-

450 4215 659 4271 sionem
687 4212 803 4286 ejus
832 4210 1090 4267 imitando
1116 4225 1461 4266 renovamur.
1498 4208 1642 4279 Ergo
1681 4224 1783 4263 vox
1810 4217 1929 4265 erat
1966 4210 2049 4264 in.

456 4305 744 4369 ﬁrmitatis,
778 4320 879 4360 vox
906 4313 1024 4360 erat
1052 4313 1255 4369 nostra,
1278 4319 1379 4372 qua
1406 4301 1608 4356 dictmn
1639 4311 1743 4368 est,
1770 4300 1944 4368 Quare
1971 4317 2051 4356 me

452 4396 809 4470 dercliquisti?
834 4396 962 4450 Inde
1011 4394 1083 4449 ibi
1132 4393 1332 4448 dictum
1379 4401 1483 4456 est,
1543 4389 1729 4481 Verba;
1738 4390 2048 4481 delictorum

454 4503 679 4542 meorum
710 4484 882 4560 (Psal.
911 4501 1024 4550 ut,
1049 4484 1108 4554 2)
1141 4501 1156 4538 :
1186 4492 1437 4551 tanquam
1459 4480 1681 4544 diceret,
1714 4478 1840 4535 Ilzec
1885 4478 2050 4535 verba

452 4596 521 4634 ex
569 4593 797 4650 persona
840 4574 1141 4647 peccatoris
1184 4574 1238 4629 in
1266 4588 1354 4629 me
1384 4571 1755 4642 transﬁgurata
1784 4580 1929 4655 sunt.
1966 4570 2052 4627 Ne

453 4671 741 4733 discesseris
766 4687 798 4724 α
821 4686 918 4723 me.

528 4763 620 4819 28.
678 4760 844 4833 (vers.
891 4756 1026 4832 23.]
1086 4750 1301 4812 Intende
1354 4757 1408 4810 in
1462 4750 1777 4827 adjutorium
1841 4768 2008 4809 meum
2034 4795 2051 4820 ,

461 4854 682 4914 Domine
734 4852 916 4907 salutis
982 4867 1124 4905 mete.
1172 4846 1290 4918 Ipsa
1353 4857 1437 4903 est
1483 4848 1664 4915 salus,
1723 4845 1952 4915 fratres,
1984 4846 2055 4902 de

455 4962 557 5015 qua
575 4944 745 4999 salute
783 4942 1150 5012 exquisierunt
1199 4939 1518 5010 Propheta,
1571 4939 1708 4995 sicut
1743 4937 1873 4995 dicit
1923 4955 2054 5010 apo-

459 5038 632 5090 stolus
686 5035 925 5089 Petrus:
979 5040 1035 5088 et
1096 5048 1203 5086 non
1264 5040 1589 5101 acceperunt
1638 5030 1730 5100 qui
1788 5032 2058 5101 exquisie-

460 5139 636 5194 runt;
699 5127 791 5183 sed
860 5126 1217 5198 inquisierunt
1280 5133 1336 5180 et
1401 5125 1931 5194 prmuuntiavcrnnt,
2000 5129 2057 5179 et

458 5218 703 5274 venimus
766 5232 866 5272 nos
925 5226 978 5271 ct
1039 5210 1339 5270 invenimus
1375 5214 1518 5285 quod
1572 5211 1648 5269 illi
1690 5211 2057 5284 exquisierunt

458 5310 505 5377 (l
534 5307 680 5371 Petr.
706 5324 743 5374 t,
765 5306 978 5378 10-12).
1009 5306 1078 5361 Et
1098 5320 1228 5362 ecce
1256 5320 1355 5360 nos
1383 5303 1617 5360 nondum
1638 5304 1975 5374 accepimus;
2002 5313 2059 5360 ct

458 5408 749 5455 nascentur
776 5408 898 5470 post
924 5413 1055 5463 nos,
1095 5406 1149 5451 et
1176 5395 1449 5452 invenient
1474 5394 1618 5466 quod
1662 5408 1762 5451 ncc
1786 5396 1885 5465 ipsi
1912 5395 2057 5451 acci-

461 5492 607 5562 pient
636 5498 692 5546 et
727 5488 1031 5543 transient:
1059 5497 1117 5542 ut
1158 5486 1536 5551 omnessimul
1573 5487 1625 5541 in
1659 5486 1762 5541 ﬁne
1787 5486 1894 5541 diei
1932 5502 2056 5543 cum

461 5580 820 5650 Patriatchis,
846 5592 900 5636 ct
923 5579 1199 5651 Pmphetis
1222 5619 1240 5647 ,
1287 5589 1343 5636 et
1371 5579 1642 5649 Apastolis
1667 5578 1946 5637 denarium
1973 5594 2059 5635 sa-

529 5692 545 5723 ι
571 5690 841 5753 ‘l‘rcdecitn_
859 5698 985 5747 ωδε..
1018 5688 1112 5740 nisi
1134 5702 1217 5753 nos
1239 5685 1543 5753 cruciﬁgeret
1576 5687 1627 5741 in
1649 5685 1943 5753 inﬁmitate.
1964 5687 2057 5740 alii

465 5755 683 5818 quinque
707 5767 720 5802 :
743 5750 842 5818 nisi
863 5762 990 5818 pctus
1010 5750 1394 5817 cruci/tavrele
1411 5750 1512 5802 διον

537 5814 613 5883 (α)

1656 344 1713 399 S.
1757 330 2123 397 AUGUSTINI
2166 334 2468 393 EPISCOI’I

3596 343 3705 397 412

2111 447 2237 502 Iutis
2262 451 2606 521 accipiamus.
2635 451 2847 509 Etenim
2875 453 3044 510 nostis
3070 456 3432 513 mercenarius
3456 460 3540 514 vel
3566 475 3700 530 ope-

2107 541 2279 595 rarios
2301 540 2529 597 diversis
2559 544 2892 613 temporibus
2916 544 3108 614 ductos
3132 546 3199 602 ad
3230 549 3464 615 vineam,
3496 566 3705 606 merce-

2107 630 2229 685 dem
2279 643 2456 687 tamen
2496 634 2702 703 pariter
2735 646 3058 705 acceperunt
3100 636 3314 709 (Matth.
3358 654 3462 707 xx,
3506 640 3584 713 9).
3640 641 3708 696 Et
3747 704 3751 706 _

2110 723 2392 793 Propheta
2417 740 2575 795 ergo,
2609 735 2664 780 rt
2695 727 2967 796 Apostoli,
2996 738 3052 784 et
3076 724 3365 802 Martyres,
3395 741 3449 787 et
3475 747 3610 803 nos,
3652 746 3707 788 et

2111 816 2200 884 qui
2231 825 2349 884 post
2370 832 2468 871 nos
2492 828 2650 872 erunt
2679 834 2845 888 usque
2871 820 2923 874 in
2951 818 3111 875 ﬁnem
3139 822 3343 887 saeculi,
3374 824 3427 877 in
3454 824 3573 894 ipso
3602 826 3709 899 fine

2112 908 2381 977 accepturi
2424 924 2610 965 sumus
2651 910 2880 965 Salutem
2907 913 3287 983 sempiternam
3312 925 3420 981 ;.ut
3457 925 3705 972 contem-

2114 999 2322 1068 plantes
2363 999 2583 1067 gloriam
2617 1000 2747 1068 Dei,
2786 1011 2842 1058 et
2881 1002 2998 1073 ejus
3026 1002 3213 1061 faciem
3255 1006 3553 1069 intuentes.
3585 1025 3708 1065 eum

2116 1089 2394 1144 laudemus
2417 1091 2466 1143 in
2489 1100 2770 1159 mternum,
2797 1094 2912 1149 sine
2936 1095 3172 1164 defectu,
3202 1098 3320 1153 sine
3342 1099 3519 1170 aliqua
3547 1117 3709 1170 paena

2116 1179 2411 1249 iniquitatis
2432 1224 2448 1247 ,
2479 1182 2595 1236 sine
2622 1184 2798 1253 aliqua
2839 1187 3188 1255 perversitate
3213 1190 3449 1260 peccati,
3480 1191 3709 1247 laudan-

2118 1279 2200 1325 tes
2226 1271 2429 1337 Deum,
2469 1281 2527 1326 et
2552 1287 2660 1328 non
2697 1273 2808 1343 jam
2848 1276 3214 1346 suSpirantes,
3245 1281 3339 1335 sed
3385 1281 3715 1338 iulia-rentes

2118 1363 2229 1429 illi,
2273 1365 2356 1419 cui
2400 1380 2568 1433 usque
2615 1366 2667 1419 in
2707 1366 2867 1422 ﬁnem
2907 1370 3293 1440 suspiravimus
3318 1374 3333 1405 ⁸
3366 1414 3384 1439 .
3428 1385 3485 1430 et
3515 1376 3568 1429 in
3616 1392 3717 1447 spe

2119 1452 2281 1507 laetati
2312 1469 2516 1508 sumus.
2552 1456 2605 1510 In
2633 1456 2721 1511 illa
2740 1459 2883 1513 enim
2908 1461 3123 1518 civitate
3141 1465 3369 1532 erimus,
3398 1466 3487 1521 ulti
3508 1468 3714 1524 bonum

2120 1550 2361 1597 nostrum
2393 1544 2534 1599 Deus
2560 1556 2671 1609 est,
2703 1548 2883 1604 lumen
2924 1551 3065 1607 Deus
3088 1564 3210 1623 est,
3248 1555 3400 1629 panis
3430 1556 3572 1613 Deus
3595 1568 3712 1625 est.
3761 1586 3769 1591 -

2122 1636 2227 1686 vita
2273 1634 2410 1689 Deus
2438 1646 2521 1691 est
2549 1653 2566 1690 :
2593 1637 2850 1708 quidquid
2891 1650 2974 1695 est
2997 1642 3196 1699 bonum
3223 1655 3502 1711 nostrum,
3549 1664 3580 1702 a
3608 1664 3721 1718 quo

2126 1726 2527 1809 peregrinantes
2555 1727 2893 1798 laboramus,
2926 1730 2979 1786 in
3030 1732 3122 1789 illo
3153 1720 3504 1796 inveniemus.
3540 1739 3597 1794 In
3628 1740 3719 1809 illo

2124 1821 2227 1875 erit
2272 1805 2456 1899 quies,
2498 1837 2658 1894 quam
2690 1824 2851 1881 modo
2880 1827 3225 1884 recordantes
3269 1845 3496 1891 stersisse
3538 1843 3623 1888 cst
3662 1806 3722 1890 nt

2124 1910 2422 1967 doleanms.
2449 1913 2579 1975 Illud
2610 1916 2754 1971 enim
2783 1917 3063 1975 sabbatum
3090 1923 3459 1993 recordamur,
3486 1928 3539 1983 in
3566 1929 3723 1997 cujus

2127 2004 2496 2062 recordatione
2522 2015 2667 2063 tanta
2694 2007 2836 2064 dicta
2867 2018 3011 2077 sunt,
3044 2020 3101 2067 et
3124 2029 3223 2067 nos
3248 2021 3393 2071 tanta
3422 2015 3602 2073 dicere
3621 2018 3725 2075 de-

2127 2095 2337 2164 bemus,
2389 2098 2718 2161 etdicentes
2755 2118 3026 2173 nunquam
3067 2114 3273 2174 tacere,
3316 2124 3423 2163 non
3460 2126 3598 2183 ore,
3627 2111 3725 2166 sed

2130 2190 2293 2245 corde
2321 2208 2336 2244 :
2368 2193 2493 2263 quia
2515 2194 2594 2249 sic
2619 2208 2716 2250 ore
2744 2203 2984 2253 tacemus
3001 2239 3021 2265 ,
3050 2206 3111 2253 ut
3134 2200 3298 2256 corde
3335 2202 3570 2263 clamare
3596 2220 3728 2274 pos-

2130 2295 2320 2338 Stmus.

2128 2410 3721 2446 _._____.______________,____

2463 2514 2545 2576 IN
2589 2513 2973 2591 PSALMUM
3012 2519 3354 2583 XXXVIII

2732 2658 3154 2717 ENARRATIO.

2777 2802 2952 2849 sentio
2995 2793 3092 2862 (α).

2216 2912 2266 2971 i.
2310 2917 2471 2991 [rem
2512 2920 2601 2993 1.]
2642 2922 2836 2977 Dsahni
2868 2923 3063 2992 hujus,
3114 2942 3273 2996 quem
3306 2927 3466 2983 modo
3490 2932 3736 2987 cantavi~

2143 3028 2262 3067 ntus
2281 3053 2296 3077 ,
2319 3022 2375 3067 et
2399 3014 2733 3068 tractandum
2765 3017 3119 3087 suscepimus,
3146 3020 3331 3075 titulus
3350 3031 3435 3076 cst
3462 3040 3477 3077 :
3505 3022 3559 3077 in
3580 3025 3740 3092 ﬁnem

2148 3121 2241 3173 pro
2281 3104 2529 3171 Iditlnm,
2577 3106 2842 3162 Canticum
2886 3109 2988 3180 ipsi
3028 3109 3221 3168 David.
3247 3111 3534 3182 Cujusdam
3563 3132 3697 3188 ergo
3720 3158 3739 3186 ,

2142 3197 2234 3266 qui
2285 3206 2509 3251 vocatur
2556 3196 2798 3264 Idithun,
2833 3214 2993 3255 voces
3021 3203 3397 3271 exspectandae
3420 3214 3475 3259 et
3513 3206 3742 3262 audien-

2143 3287 2228 3342 da:
2265 3298 2431 3344 sunt:
2461 3298 2518 3344 et
2564 3290 2610 3343 si
2655 3305 2776 3345 esse
2819 3292 3183 3363 unusquisque
3224 3304 3462 3351 nostrum
3507 3303 3745 3367 potuerit

2146 3378 2359 3435 ldithnn
2383 3421 2401 3445 ,
2446 3382 2500 3435 in
2540 3394 2609 3436 eo
2652 3382 2793 3451 quod
2818 3393 2998 3437 cantat
3027 3384 3231 3441 invenit
3257 3401 3351 3451 se.
3393 3397 3449 3444 et
3477 3389 3623 3445 audit
3658 3406 3743 3446 se.

2148 3469 2359 3524 Videris
2385 3471 2528 3525 enim
2553 3472 2672 3542 quis
2701 3481 2919 3527 vocatus
2952 3471 3111 3530 fuerit
3132 3478 3153 3507 ²
3178 3476 3388 3543 ldititun
3442 3481 3744 3536 secundum

2149 3562 2423 3617 hominum
2455 3564 2684 3634 priscam
2714 3567 3046 3623 nativitatem
3078 3586 3092 3621 :
3126 3584 3225 3624 nos
3255 3580 3432 3627 autem
3463 3573 3747 3629 audiamus

2149 3657 2277 3728 quid
2305 3657 2688 3728 interpretetur
2714 3657 2816 3714 hoc
2842 3675 3037 3715 nomen
3057 3701 3075 3727 ,
3104 3671 3159 3716 et
3189 3662 3240 3716 in
3273 3664 3384 3732 ipsa
3425 3664 3747 3737 interpreta-

2150 3749 2295 3803 tinne
2322 3750 2553 3805 nominis
2582 3766 2885 3821 quaeramus
2906 3754 3308 3825 intelligentiam
3337 3758 3598 3814 veritatis.
3630 3760 3750 3815 Sic-

2158 3850 2216 3895 ut
2243 3856 2374 3912 ergo
2396 3842 2727 3912 iuquirentes
2754 3845 2996 3915 repet-ire
3033 3847 3301 3915 potuimus
3324 3849 3377 3903 in
3402 3850 3481 3904 eis
3511 3852 3749 3907 numiui-

2152 3931 2292 3997 hus,
2332 3948 2452 4001 quae
2477 3934 2630 3989 nobis
2665 3949 2696 3989 a
2738 3935 2993 3992 studiosis
3020 3938 3315 3993 litterarum
3353 3939 3653 3996 divinarum
3681 3959 3749 3997 ex

2155 4021 2371 4077 hebrtco
2396 4023 2609 4095 eloquio
2638 4024 2692 4079 in
2720 4025 2941 4081 latinum
2973 4027 3341 4098 interpretata“
3361 4015 3508 4096 sunt,
3536 4030 3753 4088 Iditltun
3781 4095 3788 4100 η

2156 4114 2557 4185 interpretatur,
2588 4115 2915 4173 Transiliens
2935 4133 3050 4174 eos.
3075 4120 3205 4188 Quis
3224 4132 3306 4177 est
3329 4138 3458 4193 ergo
3484 4124 3585 4179 iste
3605 4135 3755 4180 tran-

2154 4205 2373 4261 sitiens?
2402 4206 2486 4261 vel
2521 4223 2658 4278 quos
2689 4209 3013 4265 transilivit't
3040 4212 3162 4281 quia
3185 4254 3201 4279 ,
3235 4213 3602 4280 Transiliens,
3638 4233 3748 4271 non

2155 4297 2299 4354 nude
2320 4296 2552 4369 positum
2578 4309 2692 4366 est;
2722 4300 2816 4356 sed
2838 4344 2852 4365 ,
2881 4302 3219 4360 Tmnsiliens
3236 4319 3352 4360 eos.
3376 4306 3756 4364 Transiliendn

2156 4392 2299 4446 enim
2321 4400 2535 4458 cantat,
2565 4406 2634 4445 an
2662 4392 2929 4448 cantando
2957 4396 3220 4451 transilit?
3245 4395 3371 4453 Sive
3400 4400 3757 4471 transilienda

2155 4490 2367 4545 cantet.
2409 4481 2525 4537 sive
2563 4484 2831 4538 cantando
2858 4487 3150 4550 transiliat,
3187 4489 3536 4545 transilientis
3576 4500 3757 4547 tamen

2158 4575 2433 4629 Canticum
2462 4574 2621 4643 paulo
2662 4586 2787 4630 ante
2813 4578 3148 4633 cantavitnus
3176 4598 3191 4633 :
3220 4592 3397 4635 ntrttm
3443 4592 3497 4636 et
3534 4598 3629 4636 nus
3677 4585 3754 4637 si-

2160 4681 2279 4720 mus
2307 4667 2661 4722 transilientes
2682 4708 2700 4734 ,
2746 4669 2941 4725 viderit
2973 4671 3111 4725 Deus
3136 4673 3220 4727 cui
3249 4674 3609 4729 cantavimns.
3641 4678 3755 4733 Sed

2160 4758 2205 4811 si
2228 4758 2348 4827 quis
2371 4757 2672 4813 transiliens
2696 4761 2960 4826 cantavit,
2988 4762 3217 4831 gaudeat
3240 4778 3300 4818 se
3319 4781 3441 4819 eSse
3461 4768 3604 4836 qnnd
3626 4783 3757 4822 ean-

2162 4849 2292 4902 tavit
2321 4866 2335 4902 :
2365 4848 2408 4901 si
2437 4848 2555 4917 quis
2580 4857 2758 4904 autem
2791 4862 2949 4905 terrae
2975 4852 3148 4907 adhuc
3187 4853 3457 4925 inhaerens
3485 4860 3757 4925 cantavit,

2160 4948 2311 5011 optet
2337 4953 2457 4993 esse
2480 4939 2623 5009 quod
2661 4942 2913 4995 cantavit.
2953 4942 3223 5010 Quosdam
3248 4945 3393 5000 enim
3425 4947 3759 5004 inhaerentes

2163 5031 2327 5085 hunto
2355 5041 2608 5093 curvatos
2638 5032 2691 5085 in
2719 5041 2945 5101 terram,
2977 5051 3040 5089 ea
3080 5051 3199 5106 qua:
3227 5037 3333 5092 iuta
3359 5048 3485 5093 sunt
3509 5042 3760 5111 cogitan-

2164 5132 2242 5178 tes
2267 5168 2282 5187 ,
2316 5123 2367 5177 in
2393 5122 2554 5179 rebus
2583 5126 2978 5180 transeuntibus
3003 5142 3154 5195 spem
3187 5139 3447 5198 ponentes
3466 5168 3482 5195 ,
3512 5134 3759 5187 transili-

2227 5298 2397 5373 ξων..
2420 5294 2737 5361 exspirantis.
2762 5296 2878 5346 Edd.
2903 5295 2984 5348 alii
3011 5306 3064 5348 et
3098 5296 3324 5364 plerique
3346 5309 3476 5363 Mss,
3494 5302 3762 5366 suspirapi.

2162 5369 2517 5489 ’f‘iisgic‘nosni
2539 5432 2711 5489 omnes
2734 5427 2839 5469 Mss.
2873 5426 2931 5470 At
2950 5420 3085 5482 Edd.,
3116 5418 3339 5474 Viderint
3365 5422 3494 5474 enim
3526 5424 3613 5489 qui
3645 5433 3762 5477 tut'c

2162 5481 2377 5548 (uerum,
2399 5481 2508 5544 quis
2523 5487 2731 5541 vocatus,
2758 5489 2854 5532 etc.

2231 5563 2306 5632 (tt)
2331 5565 2531 5632 Habitus
2549 5564 2840 5627 Carthagine
2862 5562 2921 5615 ad
2944 5578 3163 5632 mensam
3184 5575 3230 5620 s.
3252 5568 3489 5632 Cypriani.
3532 5577 3631 5621 Iste
3651 5586 3761 5623 ser.

2166 5626 2251 5677 mo
2270 5628 2320 5676 in
2343 5626 2501 5693 tribus
2522 5634 2626 5693 Mss.
2647 5626 2948 5693 praenotatur
2958 5626 3147 5693 habitus
3167 5626 3461 5693 Cartitltgme
3476 5632 3542 5682 ad
3561 5632 3763 5685 ηιίςδίειη

2168 5696 2214 5759 ξ.
2241 5684 2492 5759 Cyprian
2515 5688 2608 5759 sed
2634 5684 2798 5759 veritis
2821 5688 3015 5759 maliis,
3039 5690 3105 5740 ad
3127 5684 3373 5759 "tamen:
3386 5702 3605 5759 erectam
3628 5684 3764 5745 vide;

2167 5746 2356 5862 ὶξὲιίίη
2381 5746 2632 5861 ‘ipsonlofo
2653 5751 2738 5800 ubi
2776 5746 3035 5815 Cyprianus
3074 5764 3246 5817 passus
3282 5746 3462 5805 fuerat.
3490 5754 3590 5806 \‘id.
3618 5763 3757 5809 Euax.

2277 5845 2291 5861 .
2315 5824 2391 5861 ιχ.
2416 5824 2467 5862 x.
2528 5844 2541 5860 .
2566 5842 2571 5849 -
2599 5846 2612 5859 .

2277 5845 2291 5861 .
2315 5824 2467 5870 txxx,
2489 5824 2541 5861 ιι.
2566 5824 2612 5859 -ι.
