3978 6370
225 483 328 539 ωδ

227 598 303 650 vit
329 598 426 651 istc
452 596 540 666 qui
567 606 787 652 vocatur
814 595 1143 652 Transiliens
1166 610 1279 650 eos.
1309 599 1455 662 Quos
1499 594 1640 650 enim
1674 606 1819 650 trait-

225 690 411 748 siiivit.
443 690 542 744 nisi
573 689 954 745 remanentes?

296 781 353 834 9..
395 782 573 835 Nostis
602 781 860 851 quosdam
885 781 1118 850 psalmos
1149 780 1366 834 inscribi
1393 779 1664 833 Canticum
1695 793 1821 848 gra-

225 873 392 925 duum
422 890 435 925 :
466 882 520 927 et
564 871 635 925 ibi
671 872 884 942 quidem
917 873 968 926 in
1008 885 1178 940 gra'ca
1209 870 1384 939 lingua
1428 871 1556 923 satis
1603 869 1822 923 evidens

223 976 332 1028 est,
361 965 486 1032 quid
535 964 678 1018 dicat
726 967 1028 1031 ἀναϐαθμῶν.
1075 962 1393 1017 Anabatlnni
1443 961 1583 1015 enim
1626 961 1822 1029 gradus

222 1065 382 1120 sont,
432 1057 526 1109 scd
556 1055 958 1110 ascendentium
986 1096 998 1117 ,
1034 1071 1136 1107 non
1166 1053 1624 1107 descemlentimn.
1681 1052 1823 1105 Lati-

223 1162 330 1204 nus
359 1150 479 1217 quia
511 1164 616 1200 non
641 1147 808 1214 potuit
831 1146 1044 1216 proprie
1065 1145 1276 1208 dicere,
1304 1143 1627 1212 generaliter
1648 1142 1779 1196 dixit
1806 1161 1817 1195 :

222 1255 279 1296 et
331 1241 584 1311 quoniam
632 1241 831 1309 gradus
880 1239 1209 1308 appellavit,
1259 1238 1562 1305 ambiguum
1612 1235 1822 1304 reliquit

223 1348 406 1389 utrum
435 1332 838 1388 ascendentium
869 1340 1082 1394 essent,
1116 1346 1181 1382 an
1227 1329 1689 1399 descendentium.
1715 1326 1820 1382 Sed

221 1428 351 1496 quia
378 1440 483 1478 non
512 1434 636 1478 sunt
667 1422 892 1493 loquela:
919 1437 1092 1490 neque
1123 1436 1422 1484 sermones,
1455 1436 1682 1490 quorum
1714 1435 1819 1472 non

220 1517 510 1570 audiantur
534 1529 696 1569 .voces
724 1529 909 1569 eorum
943 1513 1114 1581 (Psal.
1146 1527 1274 1565 xvm
1293 1553 1310 1578 ,
1339 1511 1397 1580 4)
1425 1553 1439 1577 ,
1470 1511 1688 1581 exponit
1730 1525 1818 1564 se-

221 1616 477 1677 quentcm
511 1605 689 1676 lingua
740 1605 1086 1674 praecedens;
1137 1612 1190 1658 et
1235 1605 1292 1656 lit
1338 1613 1540 1656 certum
1588 1602 1639 1655 in
1676 1602 1818 1669 alia,

221 1697 366 1766 quod
391 1698 698 1766 ambiguum
723 1695 909 1751 eratin
931 1695 1053 1749 alia.
1084 1694 1364 1761 Quomodo
1380 1709 1507 1763 ergo
1535 1693 1602 1748 ibi
1629 1708 1820 1747 ascen-

219 1788 358 1841 dens
386 1787 603 1858 quidam
629 1794 809 1840 cantat
835 1826 850 1849 ,
899 1785 979 1839 sic
1001 1795 1055 1838 et
1088 1784 1175 1837 hic
1217 1783 1544 1838 transiliens.
1594 1783 1688 1837 Est
1726 1799 1824 1837 au-

221 1889 332 1932 tem
364 1879 483 1931 h'JPC
522 1877 767 1932 ascensio
812 1884 867 1931 et
893 1875 991 1929 ista
1036 1873 1320 1928 transilitio
1344 1915 1358 1938 ,
1406 1888 1511 1927 non
1554 1874 1775 1943 pedibus
1801 1916 1817 1942 ,

221 1987 332 2025 non
360 1970 553 2035 scalis,
598 1985 704 2022 non
733 1967 955 2038 pennis;
983 1975 1038 2020 et
1067 1975 1244 2019 tamen
1276 1965 1323 2019 si
1367 1965 1675 2020 interiorem
1720 1965 1819 2020 bo-

219 2063 424 2117 minem
450 2060 713 2124 attendas,
744 2070 797 2114 et
821 2059 1064 2130 pedibus,
1090 2068 1144 2112 et
1169 2058 1328 2113 scalis
1347 2099 1362 2121 ,
1381 2059 1656 2127 etpeimis.
1688 2057 1821 2114 Nam

219 2155 266 2209 si
290 2171 398 2210 non
421 2153 648 2225 pedibus
663 2192 680 2220 ,
695 2150 964 2224 quomodo
977 2149 1106 2205 dicit
1126 2156 1287 2204 homo
1315 2150 1554 2214 interior,
1597 2150 1717 2204 Non
1739 2167 1821 2203 re-

221 2248 332 2301 niat
354 2247 479 2300 milii
503 2263 590 2316 pes
615 2245 866 2314 superbiat
888 2241 1059 2312 (Ρωι.
1092 2258 1252 2308 xxxv,
1277 2241 1364 2312 l2)
1387 2240 1410 2294 ?
1436 2242 1491 2296 Si
1515 2257 1619 2296 non
1636 2241 1814 2306 scalis,

218 2338 351 2406 quid
385 2349 509 2390 sunt
553 2350 688 2405 quas
723 2333 853 2388 vidit
901 2333 1096 2398 .lacob,
1138 2332 1227 2386 ubi
1269 2340 1422 2386 erant
1468 2331 1820 2387 ascendentes

222 2431 412 2500 Angeli
441 2440 495 2483 et
517 2427 906 2482 descendentes
964 2423 1118 2496 (Gen.
1152 2440 1322 2495 xxviii
1344 2466 1360 2490 ,
1407 2422 1472 2477 l2
1495 2424 1558 2496 )?
1604 2423 1660 2478 Si
1710 2441 1816 2478 non

220 2521 573 2592 renuis,quis
594 2528 676 2574 est
703 2519 788 2587 qui
816 2518 942 2572 dicit
965 2559 979 2581 ,
1012 2517 1137 2581 Quis
1166 2515 1305 2569 dabit
1331 2516 1454 2568 milii
1481 2532 1671 2584 pennas
1690 2515 1820 2569 sicut

218 2613 490 2674 columbae,
529 2620 576 2664 et
602 2611 811 2673 volabo,
848 2619 895 2662 et
926 2609 1234 2674 requiescam
1257 2605 1430 2678 (Psal.
1460 2623 1565 2668 Liv.
1599 2606 1676 2678 7).
1709 2606 1817 2662 Sed

217 2705 274 2757 in
308 2704 471 2757 rebus
492 2699 861 2770 corporalibus
887 2698 1030 2752 aliud
1059 2706 1185 2752 sunt
1218 2698 1416 2767 pedes,
1445 2697 1586 2752 aliud
1618 2699 1775 2753 scala:
1798 2736 1817 2763 ,

216 2793 368 2848 aliud
397 2808 606 2862 peruiae.
639 2792 785 2846 Intus
810 2798 988 2844 autem
1020 2798 1076 2843 et
1102 2787 1284 2854 pedes,
1315 2800 1369 2842 et
1394 2788 1575 2852 scala),
1607 2799 1661 2844 et
1688 2799 1820 2861 pen-

215 2902 304 2940 me
333 2885 554 2940 allectus
574 2892 700 2936 sunt
721 2881 874 2935 bona:
908 2879 1193 2933 voluntatis
1223 2879 1238 2910 ¹
1275 2918 1290 2932 .
1325 2877 1419 2932 llis
1439 2880 1779 2933 ambulemus
1798 2919 1818 2944 ,

217 2977 308 3032 his
336 2976 691 3030 ascendamus
713 3016 728 3039 ,
763 2971 846 3024 bis
875 2971 1136 3026 volemus.
1164 2970 1298 3024 Cum
1337 2984 1465 3039 ergo
1489 2969 1637 3023 audit
1665 2971 1816 3040 quis-

217 3085 327 3137 que
354 3066 738 3121 transilientem
767 3063 911 3118 hunc
935 3105 949 3126 ,
978 3070 1030 3117 et
1057 3063 1252 3114 imitari
1278 3060 1457 3129 eligit,
1483 3077 1590 3116 non
1613 3070 1818 3129 quaerat

217 3161 438 3215 levitate
461 3156 700 3226 corporis
743 3153 1008 3209 transilire
1048 3151 1254 3216 fossas,
1285 3161 1376 3205 aut
1404 3152 1580 3223 aliqua
1627 3154 1815 3206 altius-

215 3250 340 3304 cule
372 3249 667 3318 preevolare
692 3243 930 3300 snliendo
956 3260 969 3295 :
1001 3242 1095 3296 sed
1121 3241 1263 3311 quod
1289 3241 1354 3296 ad
1376 3257 1602 3310 corpora
1627 3244 1816 3297 attinet

213 3343 343 3396 dico
370 3358 384 3393 ε
409 3354 534 3393 nam
556 3337 732 3393 fossas
760 3336 922 3389 etiam
957 3333 1206 3388 transilit.
1240 3331 1502 3387 Succensa
1531 3332 1639 3404 igni
1665 3344 1711 3386 et
1735 3333 1815 3403 ef-

214 3435 332 3506 fosa
358 3477 373 3500 ,
421 3447 537 3502 qua:
572 3432 636 3484 ab
672 3427 1016 3498 increpatione
1051 3427 1215 3480 vultus
1253 3425 1328 3479 tui
1370 3426 1604 3496 peribunt
1640 3425 1813 3494 (Psal.

217 3542 376 3583 uxr:
395 3565 411 3587 ,
450 3523 514 3579 Π
537 3520 579 3594 ).
607 3520 736 3588 Quae
777 3528 900 3574 sunt
925 3518 1068 3572 enim
1096 3533 1337 3570 succensa
1361 3516 1468 3588 igni
1496 3526 1543 3570 et
1585 3516 1770 3582 e/fossa
1799 3557 1814 3584 ,

213 3636 334 3687 qua
378 3618 441 3671 ab
484 3615 829 3683 increpatione
871 3610 1078 3665 Domini
1110 3609 1376 3679 peribunt,
1404 3610 1506 3664 nisi
1555 3609 1816 3679 peccata?

217 3713 488 3768 Sneeensa
521 3707 627 3776 igni
648 3715 792 3767 sunt,
823 3720 944 3773 quae
973 3702 1097 3756 facit
1121 3703 1257 3756 male
1285 3692 1480 3756 ardens
1508 3702 1774 3772 cupiditas
1799 3721 1813 3756 :

216 3813 271 3861 et
297 3801 490 3859 eﬂ'ossa
511 3808 638 3855 sunt
661 3841 676 3865 ,
709 3813 830 3869 qua:
861 3795 987 3852 facit
1014 3795 1153 3850 male
1170 3795 1355 3864 jacens
1383 3795 1654 3850 timiditas.
1683 3794 1819 3850 llinc

216 3898 366 3952 cnitn
416 3902 633 3964 peccata
681 3890 892 3952 omnia,
940 3899 1033 3942 aut
1077 3886 1374 3957 cupiendo,
1421 3897 1512 3938 aut
1555 3887 1815 3942 timendo.

217 3988 512 4045 Transiliat
549 4001 677 4053 ergo
716 3983 816 4038 iste
862 3982 1041 4037 omnia
1078 3983 1272 4051 quibus
1315 3979 1485 4034 teneri
1535 3991 1716 4050 posset
1766 3981 1817 4034 in

220 4093 365 4137 terra
399 4097 413 4133 :
443 4079 616 4146 erigat
658 4076 830 4130 scalas
869 4089 1013 4137 suas,
1067 4081 1279 4127 exserat
1309 4086 1515 4140 pennas
1541 4086 1665 4125 suas
1687 4111 1702 4136 ,
1737 4070 1815 4125 vi-

218 4174 348 4229 deat
387 4180 564 4224 utrum
605 4167 884 4236 quisquam
915 4172 1169 4229 agnoscat
1209 4161 1296 4217 hic
1337 4177 1395 4216 se
1427 4179 1440 4214 :
1473 4163 1579 4216 imo
1607 4176 1736 4216 vero
1765 4162 1817 4215 in

223 4263 436 4321 Domini
465 4260 632 4332 gratia
666 4257 814 4312 multi
839 4272 898 4309 se.
923 4262 1249 4325 agnoscunt,
1282 4255 1373 4322 qui
1402 4252 1539 4306 forte
1577 4252 1690 4321 jam
1734 4252 1816 4306 vi~

222 4357 327 4410 lem
359 4353 621 4407 habentes
660 4347 948 4410 mundum,
980 4354 1035 4400 et
1073 4345 1250 4398 omnia
1291 4361 1412 4413 qua:
1458 4343 1723 4398 delectant
1766 4346 1818 4398 in

223 4446 428 4502 mundo
451 4485 466 4508 ,
496 4443 699 4512 eligunt
728 4450 874 4493 recte
901 4441 1102 4502 vivere,
1135 4439 1260 4491 dum
1286 4437 1370 4490 hic
1401 4437 1582 4490 vivunt
1611 4436 1663 4491 in
1691 4452 1820 4506 gau-

223 4540 326 4595 diis
356 4535 674 4608 quibusdam
719 4532 1104 4603 spiritualibns.
1139 4531 1202 4584 Et
1233 4530 1346 4584 hinc
1377 4531 1514 4584 unde
1540 4541 1697 4584 erunt
1720 4530 1819 4583 atl-

226 4633 330 4686 liue
362 4626 759 4682 ambulantibus
792 4639 953 4692 super
977 4632 1172 4676 tut-ram
1196 4663 1211 4685 ,
1242 4623 1342 4675 nisi
1385 4637 1452 4676 ex
1482 4621 1677 4675 divinis
1704 4623 1820 4676 clo-

226 4723 400 4793 qniis,
431 4735 498 4775 cx
532 4719 694 4773 verbo
739 4717 831 4770 D:-i
856 4695 966 4793 ,ξεῖ
1016 4713 1265 4784 parabola
1306 4713 1480 4782 aliqua
1519 4712 1821 4782 Scriptura-

226 4836 348 4874 rum
371 4825 604 4873 scrutata
631 4824 687 4868 et
710 4811 1045 4880 investigata,
1077 4826 1140 4863 ex
1170 4808 1453 4862 dulcedine
1477 4808 1820 4868 inventionis,

227 4929 389 4982 quam
442 4907 713 4979 pr:rcc.~'sit
758 4905 909 4958 labor
957 4900 1356 4969 inquisitionis?
1398 4898 1535 4953 Sunt
1579 4900 1821 4968 qua‘daltt

228 5004 435 5059 deliciae
460 5008 658 5054 sancta:
689 5009 741 5050 et
772 4996 924 5050 bona:
955 4994 1006 5049 in
1039 4993 1208 5046 libris.
1239 4991 1423 5060 Neque
1449 4993 1590 5044 enim
1622 5000 1747 5045 sunt
1773 4991 1823 5044 in

228 5113 365 5153 auro
389 5106 443 5148 ιιι
493 5104 713 5162 argento
733 5133 748 5154 ,
787 5091 838 5142 in
869 5087 1042 5156 epulis
1069 5095 1230 5154 atque
1258 5083 1467 5136 luxuria
1493 5125 1507 5148 ,
1542 5083 1592 5136 in
1619 5085 1826 5137 venati-

231 5192 331 5244 illis
355 5199 405 5240 rt
440 5183 747 5255 pisealibos,
777 5180 828 5234 in
860 5177 985 5232 ludo
1020 5186 1073 5230 ct
1098 5175 1242 5245 joco,
1272 5176 1324 5226 in
1357 5173 1626 5226 theatricis
1652 5174 1825 5242 nugis,

229 5285 243 5338 i
268 5301 281 5335 ι
310 5277 628 5334 allec-laudis
654 5286 702 5326 cl
733 5267 1195 5342 apprehendendis
1221 5266 1455 5321 ruinosis
1496 5264 1824 5329 honoribus;

233 5391 406 5442 neque
460 5372 604 5423 enim
657 5383 783 5420 rcra
835 5374 962 5417 sunt
1011 5359 1197 5432 gaudia
1255 5359 1306 5412 in
1351 5356 1436 5412 his
1486 5357 1752 5420 omnibus,
1775 5365 1830 5410 et

234 5471 282 5519 iu
328 5466 410 5519 bis
468 5461 614 5515 libris
653 5457 794 5511 nulla
837 5462 962 5508 sunt
1004 5472 1017 5507 :
1054 5453 1162 5506 imo
1197 5466 1324 5504 vero
1369 5449 1545 5501 anima
1585 5447 1669 5499 illa
1726 5447 1827 5499 ima

236 5569 312 5608 ira
357 5553 578 5615 siliens,
627 5557 681 5602 et
735 5549 785 5599 in
834 5545 917 5598 liis
959 5543 1220 5596 delectam
1265 5539 1442 5603 dicat,
1481 5536 1601 5606 quia
1645 5550 1830 5590 verum

235 5652 361 5698 tllt'll
388 5654 442 5697 ct
471 5655 658 5696 secura
688 5638 813 5694 dicit
835 5677 850 5702 ,
891 5633 1237 5689 Narrarerunt
1257 5629 1381 5682 mihi
1408 5625 1585 5696 injusti
1609 5615 1832 5680 delecta-

236 5743 430 5800 tiones,
451 5734 541 5788 sed
560 5750 662 5788 non
687 5731 816 5785 sicut
837 5728 919 5782 lea:
942 5735 1030 5780 tua
1052 5722 1269 5778 Domine
1296 5717 1469 5790 (Paul.
1497 5733 1686 5782 cxvm,
1714 5715 1829 5788 85).

240 5893 320 6004 ὀἱ
349 5897 412 5939 Ita
435 5890 484 5937 in
506 5887 730 5937 undecim
751 5889 856 5934 Mss.
877 5888 926 5930 la
948 5878 1063 5930 add.
1081 5885 1265 5936 autem,
1287 5873 1485 5936 aﬂ'ectus
1501 5875 1609 5922 sunt
1630 5875 1675 5920 et
1697 5867 1834 5919 bona:

315 5959 516 6002 unum

315 5959 516 6002 unum

1295 481 1693 538 ENARRATIO
1731 481 1797 537 IN
1838 481 2163 538 PSALMUM
2205 480 2490 537 XXXVlll.

3421 486 3527 543 ω

1934 594 2122 649 Veniat
2151 593 2326 651 adhuc
2371 597 2471 650 iste
2498 595 2708 652 ldithun
2734 638 2751 664 ,
2795 597 3057 656 transiliat
3096 615 3188 654 eos
3232 600 3320 671 qni
3369 600 3524 656 delo~

1927 695 2138 740 cttntur
2167 686 2321 748 imis;
2351 697 2404 741 et
2423 687 2720 742 delectetur
2740 687 2791 742 in
2819 685 2923 749 his.
2951 701 3002 742 et
3029 693 3252 759 gaudeat
3280 691 3330 744 in
3360 693 3524 745 verbo

1930 775 2136 829 Domini
2163 819 2177 839 ,
2209 777 2260 832 in
2291 777 2649 833 delectatione
2675 778 2806 848 legis
2839 778 3115 833 Altissimi.
3145 780 3248 835 Sed
3281 782 3405 852 quid
3437 785 3519 836 di-

1928 867 2136 922 cimus?
2181 869 2246 923 Et
2285 869 2408 924 hinc
2446 869 2851 927 transiliendum
2883 881 2966 926 est
2993 872 3047 925 in
3075 872 3258 926 aliud?
3290 877 3372 927 An
3419 876 3523 929 huc

1931 973 2096 1026 usque
2125 959 2287 1015 liabet
2313 975 2420 1030 quo
2447 961 2713 1017 transiliat
2754 961 2843 1032 qui
2895 962 3162 1017 transilire
3211 963 3522 1018 desiderat?

1929 1051 2100 1108 Voces
2129 1055 2304 1122 potius
2330 1054 2447 1125 ejus
2466 1055 2765 1109 audiamus.
2791 1055 2909 1110 .lam
2933 1055 3076 1109 enim
3099 1057 3200 1110 iste
3219 1057 3526 1110 transiliens

1927 1144 2294 1200 videturmilii
2322 1145 2465 1216 quod
2510 1146 2783 1201 habitabat
2822 1147 2873 1200 in
2902 1147 3130 1217 eloquiis
3176 1147 3306 1213 Dei,
3353 1157 3406 1202 et
3453 1146 3524 1200 ibi

1928 1236 2112 1289 didicit
2138 1235 2252 1290 ha:c
2271 1277 2284 1303 ,
2305 1252 2422 1306 qua:
2442 1236 2673 1291 audituri
2699 1251 2902 1292 smnus.

2000 1327 2050 1382 5.
2095 1325 2257 1399 [vers.
2295 1328 2350 1384 2.
2376 1327 2395 1401 ]
2423 1327 2566 1391 Dixi,
2595 1327 2890 1383 Custodiam
2912 1329 3016 1382 vias
3039 1345 3198 1392 meas,
3221 1339 3275 1382 ut
3302 1345 3400 1382 non
3430 1328 3520 1381 de—
3556 1347 3562 1354 ·

1928 1419 2154 1487 linquam
2180 1419 2233 1474 in
2270 1419 2445 1490 lingua
2474 1436 2605 1473 mea.
2650 1419 2851 1476 Credas
2879 1420 3020 1490 quod
3048 1421 3307 1491 legendo,
3351 1421 3522 1474 disse-

1929 1511 2116 1574 rendo,
2141 1512 2496 1581 praedicando,
2529 1514 2826 1580 monendo,
2854 1514 3205 1585 objurganda,
3234 1513 3520 1572 hortando.

1926 1617 2048 1656 cum
2078 1615 2380 1659 versaretur
2404 1604 2457 1659 in
2485 1620 2647 1674 opere
2671 1649 2686 1673 ,
2716 1621 2837 1660 cum
2860 1617 3200 1661 exerceretur
3221 1607 3272 1660 in
3294 1605 3524 1660 difficul-

1928 1689 2124 1761 tatibus
2149 1694 2461 1762 quibusdam
2489 1693 2736 1749 humanis
2757 1736 2770 1758 ,
2800 1695 2962 1750 homo
2985 1711 3151 1765 agens
3181 1695 3320 1750 inter
3345 1695 3523 1749 homi-

1928 1796 2054 1844 nes,
2087 1784 2455 1852 quamvisjam
2476 1784 2782 1839 transiliens
2806 1799 2899 1840 eos
2940 1788 3031 1855 qui
3061 1802 3164 1840 non
3188 1785 3523 1840 delectantur

1928 1870 2013 1925 liis
2039 1871 2182 1941 (quia
2211 1873 2426 1929 difﬁcile
2451 1886 2533 1929 est
2563 1886 2619 1930 ut
2642 1877 2870 1946 quisque
2901 1877 3078 1947 lingua
3110 1894 3214 1932 non
3233 1877 3440 1932 labatur
3467 1889 3523 1933 et

1926 1975 2110 2031 pecoet
2131 2006 2144 2026 ,
2177 1973 2230 2018 ct
2257 1966 2344 2034 qui
2386 1966 2561 2036 lingua
2591 1983 2692 2020 non
2719 1968 2973 2035 peccavit.
3021 1977 3079 2021 ut
3103 1967 3358 2038 scriptum
3402 1978 3520 2033 est,

1927 2054 2007 2108 hic
2030 2058 2279 2126 perfectus
2304 2065 2377 2109 est
2404 2058 2478 2110 vir
2505 2056 2708 2128 [Jacobi
2731 2073 2786 2112 tn
2808 2099 2822 2123 ,
2851 2055 2952 2130 (ἢ),
2977 2058 3151 2128 aliqua
3181 2059 3321 2113 forte
3351 2060 3523 2128 pinni-

1927 2147 2084 2201 tcnda
2115 2149 2355 2212 dixerat,
2380 2159 2435 2202 et
2466 2148 2606 2217 lapsa
2639 2159 2793 2204 erant
2816 2148 2884 2203 ab
2911 2164 3005 2204 ore
3031 2165 3151 2219 qua:
3179 2149 3341 2204 vellet
3367 2164 3520 2204 revo-

1926 2255 2048 2294 care
2067 2283 2082 2306 ,
2114 2257 2213 2295 nec
2239 2251 2441 2310 posset.
2463 2241 2578 2296 Non
2602 2242 2745 2296 enim
2769 2242 2943 2313 lingua
2968 2242 3164 2296 frustm
3195 2243 3246 2295 in
3278 2242 3382 2296 ndo
3410 2252 3515 2304 est,

1926 2331 2028 2386 nisi
2057 2333 2175 2401 quia
2209 2332 2366 2388 facile
2394 2333 2610 2388 labitur.
2635 2332 2832 2387 Videns
2857 2348 2987 2404 ergo
3024 2349 3183 2404 quam
3214 2345 3355 2390 esset
3373 2333 3519 2388 diffi-

1923 2425 2060 2487 cile,
2094 2433 2150 2478 ut
2180 2427 2550 2480 necessitatem
2591 2427 2844 2495 loquendi
2887 2426 3107 2481 haberet
3137 2426 3300 2481 homo
3321 2468 3338 2492 ,
3383 2437 3436 2481 et
3466 2428 3519 2481 in

1924 2517 2192 2589 loquendo
2214 2534 2319 2574 non
2346 2518 2544 2590 aliquid
2573 2519 2807 2582 diceret,
2839 2517 2978 2588 quod
3006 2534 3065 2573 se
3089 2517 3288 2574 divisse
3316 2521 3519 2584 nollet;

1923 2619 1977 2664 et
2005 2612 2161 2665 uedio
2187 2610 2409 2666 allectus
2438 2627 2502 2666 ex
2530 2610 2615 2665 liis
2641 2611 2874 2680 peccatis
2893 2653 2909 2675 ,
2937 2611 3188 2681 quatsivit
3213 2613 3415 2667 evitare
3443 2622 3522 2665 ta-

1924 2701 2013 2756 lia.
2046 2700 2247 2755 Patitur
2277 2701 2415 2756 hanc
2441 2701 2808 2756 difﬁcultatem
2832 2701 3155 2756 transiliens.
3187 2701 3301 2756 Non
3329 2718 3415 2757 me
3433 2703 3520 2772 ju-

1921 2793 2062 2848 dicet
2087 2785 2222 2862 ,‘qui
2254 2792 2488 2846 nondum
2528 2802 2608 2847 est
2641 2791 2980 2846 transiliens:
3011 2793 3306 2856 transiliat,
3338 2802 3392 2846 et
3420 2809 3519 2848 ex-

1924 2885 2158 2955 periatur
2178 2884 2316 2952 quod
2344 2883 2533 2953 loquor
2558 2899 2572 2947 ;
2599 2893 2722 2936 tunc
2748 2883 2888 2936 enim
2913 2884 3019 2936 erit
3040 2892 3094 2936 et
3119 2884 3271 2938 testis
3296 2894 3352 2937 et
3378 2884 3518 2937 tilius

1920 2974 2342 3042 veritatis.,Cum
2366 2991 2494 3044 ergo
2521 2974 2632 3028 Inec
2655 2974 2700 3028 ei
2727 2975 3096 3044 contigissent,
3130 2983 3388 3028 statuerat
3411 2989 3516 3028 non

1923 3068 2103 3134 loqui,
2135 3083 2201 3122 ne
2227 3065 2422 3136 aliquid
2448 3067 2652 3120 diceret
2679 3064 2820 3134 quod
2854 3066 3086 3119 locutum
3113 3081 3172 3119 se
3202 3080 3321 3118 esse
3350 3064 3521 3133 pmni-

1921 3167 2079 3216 teret.
2114 3159 2223 3214 lloc
2270 3159 2506 3212 indicant
2550 3157 2716 3226 prima
2748 3155 2908 3208 verba
2949 3154 3097 3224 ejus,
3130 3154 3287 3219 Dixi,
3334 3155 3519 3209 Custo-

1921 3251 2060 3304 diam
2086 3251 2189 3304 ria:
2216 3264 2353 3303 meas
2378 3291 2392 3313 ,
2422 3257 2475 3300 ut
2505 3264 2604 3301 non
2635 3245 2922 3316 delinquant
2963 3246 3014 3298 in
3043 3246 3223 3317 lingua
3256 3262 3386 3298 mea.
3413 3246 3518 3299 Cu—

1921 3340 2060 3396 stodi
2109 3356 2236 3413 ergo
2267 3339 2377 3393 vias
2409 3349 2558 3402 tuas,
2603 3352 2636 3389 o
2667 3336 2912 3398 lditliun,
2961 3344 3015 3390 et
3075 3337 3182 3391 noli
3210 3337 3520 3406 delinquere

1922 3434 1975 3487 in
2004 3433 2181 3503 lingua
2207 3443 2294 3486 tua
2326 3450 2340 3486 :
2374 3430 2645 3500 perpende
2668 3427 2813 3499 quod
2838 3428 3080 3483 dicturus
3106 3445 3164 3482 es
3189 3468 3204 3492 ,
3230 3430 3473 3482 examina
3497 3469 3515 3495 ,

1921 3524 2142 3579 consule
2164 3522 2469 3577 interiorem
2493 3521 2791 3584 veritatem,
2813 3528 2870 3572 et
2892 3517 2970 3572 sic
2993 3516 3172 3588 profer
3191 3517 3256 3572 ad
3282 3517 3520 3572 exterio-

1922 3631 2035 3670 rem
2063 3614 2385 3668 auditorem.
2414 3611 2623 3679 Quaeris
2645 3611 2746 3664 ista
2773 3609 2789 3641 ⁸
2815 3609 3128 3679 plerumque
3156 3610 3206 3663 in
3230 3609 3513 3680 perturba—

1922 3705 2068 3758 tione
2107 3719 2322 3767 rerum,
2366 3703 2418 3756 in
2460 3702 2810 3772 occupatione
2845 3700 3184 3762 animorum,
3233 3698 3359 3752 dum
3404 3699 3518 3768 ipsa

1924 3794 2205 3850 inﬁrmitas
2233 3795 2427 3848 anima:
2447 3836 2462 3859 ,
2513 3809 2673 3863 quam
2701 3802 2950 3864 aggravat
2996 3805 3192 3862 corpus
3222 3790 3363 3860 quod
3394 3807 3520 3845 cor-

1923 3887 2219 3954 rumpitur,
2251 3893 2307 3939 et
2334 3883 2522 3938 audire
2547 3883 2664 3937 vult
2695 3896 2749 3936 et
2772 3883 2980 3945 dicere,
3009 3881 3196 3936 audire
3222 3881 3364 3935 intus
3383 3924 3400 3947 ,
3431 3879 3516 3940 di-

1922 3995 2046 4035 cere
2076 3978 2206 4032 furis
2225 4019 2239 4040 ,
2268 3976 2554 4047 aliquando
2588 3976 2893 4045 perturbata
2918 3974 3096 4028 studio
3124 3973 3337 4028 dicendi
3365 4014 3380 4038 ,
3421 3972 3521 4028 de-

1925 4071 2033 4125 ﬁcit
2063 4068 2390 4137 indiligentia
2411 4069 2433 4097 ³
2459 4066 2784 4136 agnoscendi
2816 4083 2830 4118 :
2863 4075 2916 4118 et
2959 4064 3011 4117 in
3040 4063 3122 4117 his
3147 4061 3278 4117 dicit
3320 4061 3523 4131 aliquid

1923 4164 2064 4236 quod
2112 4162 2247 4216 forte
2279 4176 2385 4215 non
2423 4169 2567 4215 esset
2603 4157 2914 4212 dicendum.
2963 4157 3159 4211 Contra
3191 4155 3306 4210 haec
3346 4169 3526 4209 reme-

1924 4256 2069 4309 dium
2099 4254 2296 4310 melius
2322 4261 2402 4309 est
2430 4249 2724 4307 silentium.
2750 4249 2867 4305 Stat
2893 4247 3038 4303 enim
3079 4257 3364 4316 peccator,
3393 4260 3524 4315 pro-

1927 4348 2039 4416 pria
2067 4343 2294 4417 quadam
2317 4351 2439 4397 nota
2470 4354 2742 4412 peceator,
2770 4341 3034 4411 superbus
3059 4339 3338 4408 quisquam
3365 4349 3419 4393 et
3442 4336 3525 4392 in-

1925 4437 2111 4502 vidus;
2141 4435 2288 4490 audit
2322 4435 2626 4504 loquentem
2660 4431 3057 4486 transilientem
3080 4471 3094 4493 ,
3126 4439 3302 4499 captat
3337 4429 3524 4495 verba,

1928 4529 2178 4601 proponit
2201 4529 2455 4596 laqueos;
2484 4522 2701 4578 difficile
2721 4532 2805 4578 est
2834 4534 2892 4577 ut
2921 4539 3028 4576 non
3062 4522 3298 4577 inveniat
3324 4519 3526 4588 aliquid

1929 4639 2031 4677 non
2053 4623 2120 4675 ita
2142 4619 2367 4684 dictum,
2395 4625 2452 4669 ut
2477 4615 2582 4670 dici
2609 4613 2884 4669 debuisset
2914 4631 2928 4666 :
2958 4627 3058 4668 nec
3080 4611 3347 4667 audiendo
3375 4610 3528 4681 igno-

1929 4715 2060 4777 scit,
2094 4711 2187 4767 sed
2215 4709 2572 4765 calumniatur
2603 4707 2912 4762 invidendo.
2945 4702 3142 4758 Contra
3174 4705 3273 4757 hos
3301 4704 3403 4758 iste
3431 4701 3528 4758 Idi-

1930 4807 2060 4860 tliun
2105 4800 2411 4858 transiliens
2435 4814 2530 4854 eos
2548 4798 2708 4854 silere
2738 4797 3042 4866 delegerat;
3074 4786 3314 4849 nndeita
3339 4803 3529 4849 canta-

1929 4898 2005 4952 vit
2039 4914 2053 4950 :
2086 4893 2220 4956 Dixi,
2248 4890 2544 4947 Custodiam
2584 4889 2690 4942 uias
2727 4905 2896 4952 meas,
2934 4895 2989 4939 ut
3017 4903 3117 4938 non
3147 4884 3437 4954 delinquant
3464 4885 3517 4937 in

1932 4989 2106 5058 lingua
2123 5001 2253 5039 mea.
2279 4980 2542 5052 Quamdiu
2558 4981 2740 5052 capior
2755 4994 2782 5032 a
2805 4976 3173 5042 calumniosis,
3205 4985 3297 5029 aut
3314 4983 3526 5043 captnr,

1933 5093 1986 5137 ct
2015 5084 2057 5136 si
2090 5095 2193 5135 non
2222 5079 2439 5147 capior,
2473 5074 2768 5130 Custodiam
2803 5073 2909 5127 uias
2935 5086 3106 5133 tineas,
3151 5078 3204 5123 ut
3231 5084 3332 5121 non
3365 5067 3530 5121 delia.

1932 5193 2084 5249 quant
2124 5173 2178 5227 in
2206 5172 2382 5243 lingua
2408 5186 2534 5222 mea.
2566 5165 2821 5235 Quamvis
2849 5162 3192 5219 transilierim
3221 5160 3532 5215 delectatio«

1935 5285 2032 5323 nes
2060 5278 2297 5322 terrenas
2321 5306 2335 5329 ,
2367 5264 2610 5333 quamvis
2635 5274 2742 5312 non
2774 5271 2859 5311 me
2897 5254 3112 5324 capiant
3154 5249 3531 5321 temporalium

1935 5377 2114 5418 rerum
2141 5357 2351 5412 rolatici
2381 5354 2602 5409 allectus
2626 5391 2640 5416 ,
2671 5346 3039 5427 quamvisjam
3071 5345 3186 5398 lucc
3217 5345 3321 5398 ima
3347 5337 3529 5412 despi-

1936 5455 2108 5516 ciam,
2137 5460 2191 5505 et
2210 5448 2279 5504 ad
2311 5447 2532 5502 meliora
2569 5457 2924 5512 consurgam;
2958 5441 3010 5494 in
3041 5439 3168 5507 ipsis
3208 5447 3386 5490 tamen
3414 5450 3534 5488 me-

1938 5545 2160 5601 lioribus
2206 5539 2402 5597 suflicit
2446 5537 2579 5591 mihi
2615 5534 2905 5590 delectatio
2939 5529 3302 5601 intelligentia:
3347 5543 3528 5582 coram

2004 5678 2022 5711 ι
2046 5676 2122 5726 sic
2155 5673 2269 5723 ωδ.
2308 5678 2363 5720 At
2381 5681 2555 5720 omnes
2583 5676 2712 5730 3135.,
2734 5664 2847 5730 ouis
2867 5664 2960 5716 ista
2987 5662 3154 5730 :_forte
3175 5674 3280 5724 pro,
3297 5658 3534 5730 gummis

1937 5723 2069 5798 ista;
2079 5723 2197 5794 etc.,
2222 5743 2278 5784 ut
2295 5731 2538 5784 referatur
2567 5730 2627 5778 ad
2652 5723 2768 5779 illud
2785 5762 2802 5787 ,
2823 5726 3116 5798 centralan
3141 5723 3406 5798 remedium
3430 5735 3534 5798 nte-

1943 5782 2051 5858 ῖίἶῖέξ
2081 5782 2383 5849 éiéL'm
2413 5800 2579 5844 autem
2607 5782 2878 5856 perpaucis,
2913 5788 3004 5851 (mi
3037 5788 3125 5837 ista
3151 5792 3395 5836 rmtscrrat
3429 5782 3529 5844 ple-

1939 5874 2160 5921 rumque.
2186 5867 2281 5924 etC;
2341 5921 2350 5924 _
2585 5915 2595 5924 .
2653 5913 2683 5924 ..
2786 5913 2814 5924 Α.

2014 5927 2037 5960 ο
2051 5915 2404 5987 septemdecim
2427 5924 2556 5978 3155.,
2577 5915 2862 5980 indigentia.
