3978 6352
516 477 618 533 618

511 588 623 645 Deo
655 607 671 644 :
700 587 826 660 quid
856 586 987 642 mihi
1025 601 1159 655 opus
1182 592 1265 641 est
1292 582 1551 656 captanda
1580 581 1746 653 loqui,
1778 591 1831 636 ct
1854 579 1985 637 dare
2008 581 2102 635 ad-

512 684 646 737 ittuu
669 679 1155 738 calumniantibus?
1182 678 1307 735 Dixi
1333 693 1484 750 ergo,
1497 676 1790 733 Custodiam
1820 677 1925 732 vias
1948 693 2104 743 meas,

513 787 691 832 utnon
717 776 1007 847 delinquam
1040 774 1091 829 in
1128 774 1305 845 lingua
1331 790 1461 828 mea.
1491 773 1653 829 Posui
1688 777 1767 830 ori
1792 788 1900 827 meo
1935 781 2107 826 custo-

516 869 672 921 diam.
710 868 823 923 Hoc
849 882 1016 937 quare
1037 866 1064 920 ?
1106 864 1331 934 Propter
1363 866 1507 935 pios,
1550 876 1771 937 propter
1804 866 2104 928 studiostis.

520 967 737 1026 prepter
765 956 947 1012 ﬁdeles
975 964 1031 1011 et
1058 956 1315 1011 sanctos?
1344 956 1517 1020 Absit.
1550 956 1630 1012 Illi
1654 957 1733 1012 sic
1759 956 2016 1019 audiunt,
2051 966 2110 1011 ut

516 1047 658 1120 quod
693 1048 916 1118 probant
945 1049 1199 1105 laudent:
1246 1047 1385 1121 quod
1408 1058 1585 1104 autem
1628 1049 1931 1119 improbant
1969 1046 2109 1104 inter

519 1142 682 1196 inulta
715 1139 850 1199 forte
874 1157 996 1211 tntae
1039 1142 1283 1204 laudant.
1325 1142 1535 1196 veniam
1578 1139 1705 1196 dcnt
1743 1140 1920 1211 potius
1949 1156 2106 1211 quam

516 1233 842 1289 calumniam
888 1243 1093 1303 parent.
1139 1234 1364 1304 Propter
1399 1248 1533 1304 quos
1576 1250 1703 1304 ergo
1731 1235 1811 1289 vis
1835 1235 2107 1291 custodire

517 1327 629 1378 vias
657 1333 777 1380 tuas
800 1367 816 1390 ,
863 1334 922 1380 ut
966 1340 1071 1379 non
1117 1325 1394 1395 delinquas
1423 1327 1475 1381 in
1508 1326 1683 1397 lingua
1717 1336 1836 1393 tua,
1867 1336 1923 1382 et
1952 1328 2107 1398 ponis

513 1417 592 1470 ori
618 1426 708 1471 tuo
737 1415 1078 1473 custodiam?
1104 1416 1240 1472 Audi
1275 1435 1288 1471 :
1321 1416 1456 1472 Dum
1478 1419 1706 1473 consistit
1738 1418 2005 1475 aduersum
2028 1436 2109 1475 me

513 1517 768 1579 peccator.
797 1507 914 1564 Non
939 1509 1183 1564 consistit
1229 1508 1297 1565 ad
1327 1494 1451 1576 tne:
1467 1510 1563 1566 sed
1587 1511 1817 1566 consistit
1840 1510 2108 1567 adversum

512 1616 609 1654 nte.
635 1599 772 1667 Quid
802 1600 1043 1656 dicturus
1068 1612 1339 1670 postremo
1357 1643 1373 1670 ,
1402 1601 1546 1657 unde
1573 1602 1896 1659 satisfaciam
1917 1602 1944 1656 τ
1970 1600 2106 1659 Car-

514 1691 621 1747 nali
640 1690 708 1747 de
734 1691 1099 1762 spiritualibus
1126 1692 1317 1764 loquor
1338 1734 1356 1759 ,
1384 1692 1516 1750 foris
1540 1693 1740 1750 videnti
1767 1704 1822 1751 et
1846 1694 2102 1764 audienti,

512 1784 657 1839 intus
680 1784 845 1841 surdo
866 1794 920 1840 et
943 1800 1108 1841 czceo.
1138 1786 1398 1843 Animalis
1438 1786 1582 1844 enim
1608 1786 1771 1843 homo
1796 1804 1900 1844 non
1930 1788 2107 1860 perci-

514 1877 590 1943 pit
618 1891 738 1946 quae
776 1885 900 1930 sunt
926 1876 1157 1946 Spiritus
1186 1876 1278 1933 Dei
1321 1875 1375 1946 (ι
1415 1875 1535 1934 Cor.
1563 1880 1757 1948 11,“).
1784 1878 1899 1935 Nisi
1925 1888 2104 1936 autem

511 1967 759 2022 animalis
785 1967 1145 2034 inveniretur,
1184 1968 1398 2039 quando
1425 1968 1883 2026 calumniaretur?
1912 1971 2110 2027 Beatus

514 2056 605 2125 qui
647 2065 827 2111 narrat
855 2058 1075 2113 verbum
1102 2059 1220 2113 auri
1245 2059 1483 2115 audienti
1526 2060 1729 2134 (Eccli.
1774 2076 1931 2128 xxv,
1961 2061 2104 2134 12),

513 2164 621 2202 non
649 2148 763 2203 auri
795 2148 1089 2217 peccatoris
1109 2152 1333 2206 astantis
1358 2151 1639 2207 adversum
1669 2168 1747 2208 se.
1776 2153 1932 2209 Tales
1960 2155 2104 2210 enim

512 2240 664 2294 multi
692 2239 1108 2295 circumstabant
1131 2250 1188 2297 et
1208 2242 1743 2308 circumfremebant,
1773 2246 1989 2315 quando
2014 2246 2109 2301 ille

513 2332 659 2385 velut
683 2331 797 2385 uvis
822 2331 888 2386 ad
921 2331 1300 2387 immolandum
1326 2336 1518 2388 ductus
1539 2342 1620 2389 cst
1645 2375 1659 2400 ,
1690 2344 1745 2391 et
1770 2338 1907 2392 sicut
1936 2352 2109 2406 agnus

513 2437 694 2476 coram
724 2420 977 2476 tondente
1007 2423 1124 2478 sine
1152 2439 1316 2489 voce,
1349 2425 1427 2478 sie
1470 2439 1576 2480 non
1611 2431 1823 2494 aperuit
1851 2443 1912 2482 os
1948 2444 2106 2485 suum

512 2510 680 2579 (lsai.
722 2528 811 2567 [.tlt
830 2553 845 2577 ,
892 2512 987 2583 7).
1026 2512 1164 2581 Quid
1191 2515 1334 2569 enim
1365 2515 1513 2570 dicas
1542 2514 1765 2587 turgidis
1787 2560 1803 2585 ,
1832 2520 2058 2575 turbidis
2084 2561 2101 2584 ,

511 2601 878 2669 calumniosis,
905 2603 1169 2674 litigiosis,
1200 2605 1478 2662 verbosis?
1502 2606 1637 2674 Quid
1674 2608 1823 2664 dicas
1859 2624 2103 2668 sanctum

510 2702 564 2750 ct
604 2693 783 2764 pium,
830 2702 885 2750 et
921 2693 989 2750 de
1016 2694 1271 2766 religione
1318 2697 1627 2753 transiliens
1672 2715 1765 2755 eos
1793 2700 1809 2732 ¹
1846 2719 1858 2755 :
1888 2704 2105 2772 quando

512 2783 643 2854 ipsis
670 2784 901 2854 libenter
926 2785 1266 2842 audientibus
1284 2827 1298 2847 .
1326 2787 1536 2844 discere
1561 2791 1897 2860 cupientibus
1916 2833 1931 2857 ,
1964 2795 2107 2848 veri-

512 2876 636 2931 tatis
659 2876 780 2931 cibo
807 2876 1137 2933 inhiantibus
1155 2919 1169 2941 ,
1199 2877 1353 2933 avide
1377 2880 1760 2949 accipientibus
1780 2926 1794 2949 ,
1826 2894 1882 2939 ct
1922 2886 2103 2941 Domi-

510 2984 615 3025 nus
636 2951 711 3023 ait
738 2986 753 3024 :
781 2968 960 3023 Adhuc
980 2967 1141 3022 multa
1164 2970 1323 3024 habeo
1344 2970 1480 3025 vobis
1500 2972 1694 3037 dicere,
1716 2974 1806 3028 sed
1834 2992 1936 3031 non
1962 2989 2105 3048 pote-

510 3064 602 3119 stis
630 3063 722 3118 illa
749 3075 951 3135 portare
979 3064 1128 3119 modo
1151 3064 1343 3137 (Jonn.
1365 3084 1450 3121 xvs
1472 3109 1488 3133 ,
1518 3067 1615 3141 t9.)
1641 3072 1665 3125 ἲ
1689 3071 1756 3126 Ει
1785 3074 2099 3142 Apostolus,

512 3153 635 3210 Non
657 3157 799 3224 potui
824 3157 959 3212 vobis
980 3160 1120 3229 loqui
1140 3160 1285 3229 quasi
1303 3160 1681 3229 spiritualibus,
1704 3165 1792 3219 sed
1812 3166 1958 3235 quasi
1982 3183 2102 3221 car-

508 3247 710 3302 nalibus
741 3266 761 3303 :
789 3264 893 3304 non
920 3258 1095 3305 tamen
1120 3250 1500 3322 desperandis,
1529 3254 1623 3308 sed
1653 3256 1971 3312 nutriendis.
2000 3258 2102 3313 Sc-

507 3342 690 3414 quitur
723 3343 865 3398 enim
890 3384 906 3410 ,
960 3342 1222 3413 Tanquam
1262 3345 1488 3414 parvulis
1516 3345 1569 3400 iu
1598 3346 1797 3402 Christo
1836 3348 1916 3403 lac
1964 3352 2104 3405 vobis

510 3442 685 3502 potum
710 3431 865 3499 dedi,
894 3449 995 3488 non
1022 3450 1224 3498 escam;
1255 3435 1479 3491 nondum
1504 3437 1638 3492 enim
1662 3439 1920 3509 poteratis.
1956 3440 2102 3513 Ergo

508 3524 596 3580 vel
621 3540 762 3579 nunc
784 3524 891 3589 die,
922 3526 1028 3581 Sed
1053 3543 1212 3592 neque
1236 3528 1403 3582 adhuc
1438 3530 1643 3601 quidem
1666 3532 1873 3599 potestis
1892 3532 1948 3605 (Ι
1979 3531 2099 3589 Cor.

508 3628 564 3669 ιιι
589 3655 607 3681 ,
638 3615 692 3677 1.
716 3615 752 3669 9.
771 3617 811 3685 ).
840 3615 957 3670 Noli
987 3631 1115 3686 ergo
1137 3616 1391 3673 festinare
1415 3619 1601 3677 audire
1618 3621 1763 3692 quod
1790 3638 1895 3677 non
1925 3624 2094 3695 capis,

508 3704 605 3759 sed
633 3720 819 3762 cresce
852 3716 909 3761 ut
934 3707 1133 3776 capias.
1180 3707 1270 3764 Sic
1314 3710 1590 3778 parvulum
1634 3712 1993 3783 alloquimur,
2042 3715 2097 3771 in

507 3797 628 3852 sinu
675 3799 860 3854 matris
908 3799 1166 3855 Ecclesia:
1216 3802 1304 3871 pio
1342 3802 1478 3859 lacte
1505 3804 1881 3874 nutriendum,
1931 3821 1987 3864 et
2028 3809 2099 3865 ad

505 3902 687 3945 escam
724 3906 923 3946 mensa:
968 3891 1250 3948 dominico
1286 3893 1537 3950 idoneum
1589 3896 1909 3955 faciendum.
1958 3902 2098 3971 Quid

505 3990 687 4037 autem
711 3980 796 4036 vel
826 3982 934 4038 tale
958 3981 1131 4038 dicam
1160 3986 1426 4054 peccatori
1463 3988 1659 4043 astauti
1684 3988 1941 4047 adversus
1971 4008 2058 4048 me
2076 4036 2095 4062 ,

505 4072 757 4130 idoneum
782 4088 841 4129 se
867 4074 1069 4143 potanti
1095 4084 1186 4130 aut
1209 4077 1448 4147 ﬁngenti,
1479 4078 1547 4132 ad
1570 4094 1632 4134 ea
1653 4096 1774 4150 qua:
1795 4098 1900 4136 non
1921 4084 2095 4154 capit;

504 4175 565 4221 ut
589 4180 712 4221 cum
736 4165 785 4221 ei
814 4166 1022 4230 dixero,
1044 4174 1101 4222 et
1122 4167 1208 4222 ille
1234 4184 1337 4223 non
1368 4169 1591 4239 ceperit,
1609 4187 1712 4227 non
1737 4189 1795 4227 se
1818 4180 1967 4241 putet
1989 4191 2093 4230 non

502 4256 731 4326 cepisse,
748 4255 845 4312 sed
865 4272 952 4313 me
971 4258 1233 4314 defecisse
1252 4258 1275 4311 ?
1292 4259 1430 4330 Ergo
1448 4270 1667 4330 propter
1694 4263 1833 4323 'utnc
1861 4274 2099 4334 peccato-

502 4364 618 4406 rcm
647 4358 912 4406 astantem
937 4350 1195 4406 adversus
1224 4366 1337 4413 me,
1368 4352 1514 4420 posui
1535 4353 1613 4406 ori
1640 4371 1748 4408 meo
1790 4357 2093 4413 custodiam.

572 4442 628 4497 Δ.
658 4438 809 4514 [vers.
837 4440 918 4515 5.]
948 4443 1014 4496 Et
1040 4443 1166 4512 quid
1196 4452 1439 4498 secutum
1462 4446 1589 4499 est?
1619 4444 1897 4511 Obsnrdui,
1928 4460 1975 4502 et
1998 4453 2095 4504 hu-

502 4533 726 4587 miliatus
749 4550 881 4598 sum,
903 4543 950 4587 et
968 4534 1087 4587 silui
1101 4553 1133 4586 a
1148 4534 1311 4588 bonis.
1342 4534 1543 4590 Patitur
1568 4537 1709 4590 enim
1727 4538 2093 4595 difﬁcultatem

504 4625 605 4679 iste
626 4624 931 4679 transiliens
953 4624 1005 4679 in
1034 4625 1263 4695 quodam
1288 4625 1478 4695 gradu,
1508 4642 1614 4696 quo
1633 4626 1744 4694 jam
1777 4631 2090 4697 transilivit;

500 4726 560 4772 ct
591 4718 783 4788 quaerit
809 4724 866 4771 et
892 4716 1016 4772 inde
1057 4718 1343 4784 transilire,
1370 4718 1435 4772 ad
1466 4718 1731 4775 vitandam
1778 4720 1917 4777 hanc
1947 4724 2092 4778 difli-

501 4807 781 4864 cultatem.
825 4806 1055 4862 Peccare
1085 4807 1386 4861 metuebam
1412 4808 1455 4871 ¹,
1498 4816 1556 4861 ιιι
1586 4825 1691 4864 non
1732 4812 2004 4881 loquerer,
2038 4826 2096 4872 ut

501 4898 776 4954 silentium
796 4898 926 4952 mihi
954 4898 1283 4969 imponerem
1308 4917 1322 4962 ;
1350 4899 1453 4954 hoc
1470 4901 1610 4955 enim
1630 4902 1891 4964 dixeram.
1913 4904 2093 4962 Custo-

502 4990 641 5043 diam
669 4989 777 5044 uias
819 5005 976 5054 meas,
1006 4998 1063 5043 ut
1098 4991 1520 5062 non—delinquam
1563 4992 1614 5045 in
1643 4994 1819 5064 lingua
1860 5013 1968 5049 mea
1996 5014 2013 5050 :
2040 5015 2095 5053 et.

500 5082 629 5136 dum
676 5082 839 5136 timeo
876 5067 1019 5150 loqui
1066 5095 1133 5135 ne
1161 5096 1399 5151 peccem,
1432 5081 1691 5137 Obsurdut'
1731 5095 1776 5139 et
1802 5086 2095 5146 huntiliatus

500 5188 633 5238 sum,
647 5181 694 5226 et
711 5171 831 5226 silui
856 5188 887 5225 a
902 5171 1064 5226 bonis.
1093 5172 1224 5226 Dum
1248 5172 1403 5226 nimis
1426 5173 1610 5239 timeo,
1625 5189 1694 5231 ne
1714 5176 1899 5247 loquar
1914 5178 2090 5250 aliqua

502 5265 663 5329 mala,
717 5264 857 5319 tacui
901 5264 1078 5318 omnia
1132 5263 1268 5317 bona
1312 5282 1325 5318 :
1376 5263 1659 5334 Obsurdui,
1708 5278 1754 5321 et
1799 5270 2092 5326 humiliatus

498 5374 632 5424 sum,
655 5366 703 5410 et
729 5356 850 5409 silui
885 5373 917 5409 a
946 5356 1107 5410 bonis.
1154 5355 1301 5411 Unde
1329 5359 1468 5412 enim
1510 5360 1752 5415 dicebam
1797 5360 1956 5426 bona,
1991 5366 2090 5423 nisi

497 5452 620 5520 quia
659 5450 984 5505 audiebam?
1016 5450 1233 5504 Auditui
1260 5450 1401 5504 enim
1433 5466 1553 5505 meo
1582 5451 1735 5506 dabis
1773 5454 2091 5512 exsultatio—

501 5560 620 5597 nem
647 5552 701 5598 ct
726 5544 959 5599 lzetitiam
992 5542 1164 5615 (Psal.
1194 5560 1246 5611 ι,
1282 5545 1389 5613 l0).
1423 5545 1485 5599 Et
1515 5547 1717 5602 amicus
1748 5550 1928 5618 Sponsi
1960 5560 2084 5619 stat,

563 5710 576 5743 ί
602 5715 700 5765 ἓν..
721 5706 844 5770 quid
869 5708 1005 5775 dicas
1028 5715 1191 5775 sancto
1211 5715 1255 5760 et
1279 5710 1357 5774 pio
1378 5717 1423 5760 et
1455 5713 1517 5761 de
1554 5708 1779 5775 religione
1803 5713 2090 5768 transilientl

494 5785 589 5842 eos.
768 5780 895 5829 διεδ..
918 5769 1039 5832 quid
1064 5771 1193 5821 dicat
1230 5769 1423 5822 semotus
1447 5782 1488 5823 et
1524 5769 1706 5835 pius'et
1747 5780 1808 5825 de
1845 5776 2089 5842 religionis

496 5832 767 5882 transiliens
787 5846 884 5882 eos.

559 5903 575 5931 1
595 5896 762 5951 ρωπος
776 5903 901 5955 1155.,
925 5904 1218 5959 percawrem
1244 5896 1524 5948 metuebant.

1763 464 1820 522 S.
1861 457 2224 518 AL'GUSTINI
2264 459 2565 521 EPISCUPI

3714 476 3813 531 416

2215 586 2268 630 ct
2298 578 2447 633 audit
2484 594 2632 646 eum,
2682 588 2733 636 et
2758 580 2952 651 gaudio
2995 582 3187 653 gaudct
3224 595 3441 656 propter
3468 603 3675 648 vocem.
3709 608 3812 644 non

2213 685 2386 730 suam.
2416 671 2509 725 sed
2537 671 2717 741 sponsi
2740 670 2918 731 (Joan.
2964 689 3038 734 ιιι.
3066 674 3182 741 29).
3232 674 3301 736 Ut
3327 692 3447 730 vero
3475 678 3639 742 dit-at,
3667 681 3811 736 audit

2213 776 2332 829 qua:
2358 761 2517 815 dit-at.
2557 761 2684 816 Nam
2714 763 2801 832 qui
2843 763 3075 834 loquitur
3101 768 3458 833 tiicndaciuzn,
3492 771 3560 824 de
3598 786 3701 827 suo
3738 774 3811 825 lo-

2212 852 2391 921 quitur
2421 850 2528 925 (Id.
2560 868 2670 916 vni,
2692 853 2807 922 ιιι).
2835 850 3096 921 Quiddam
3120 872 3249 927 ergo
3269 858 3418 915 triste
3445 872 3499 915 et
3527 863 3808 916 molcsmm

2214 960 2402 1015 passus
2429 955 2511 999 est
2537 946 2665 1011 istc;
2692 958 2743 1000 et
2770 946 2869 1001 bac
2894 947 2987 1003 sua
3009 947 3350 1005 confessione
3377 952 3426 1005 id
3457 954 3596 1022 quod
3624 970 3810 1021 [tas-us

2212 1046 2315 1098 est,
2348 1036 2639 1091 Cavendum
2683 1037 2974 1103 admonet,
3009 1056 3114 1094 non
3169 1041 3501 1095 imitandum.
3549 1044 3812 1099 'l‘inicndo

2211 1127 2353 1180 enim
2383 1126 2560 1190 nimis.
2594 1137 2651 1180 ut
2675 1129 2806 1193 dixi,
2840 1147 2906 1183 nc
2931 1129 3135 1186 diceret
3159 1132 3335 1203 aliqua
3370 1151 3473 1187 nam
3505 1135 3670 1197 bona,
3701 1149 3801 1189 sta.

2215 1219 2315 1271 tuit
2349 1219 2447 1274 sibi
2482 1220 2622 1273 nulla
2662 1220 2843 1276 dicere
2886 1222 2970 1276 vel
3016 1222 3152 1278 bona
3184 1243 3197 1278 :
3225 1234 3279 1279 et
3321 1228 3575 1295 quoniam
3621 1230 3804 1282 statui!

2213 1314 2411 1371 tacere,
2444 1310 2607 1378 coepit
2654 1328 2758 1365 non
2801 1311 3008 1367 audire.
3056 1313 3178 1369 Stas
3215 1316 3358 1369 enim
3405 1317 3448 1371 si
3497 1320 3806 1373 transiliens

2212 1413 2294 1463 es,
2334 1410 2616 1467 exspectas
2642 1418 2670 1454 τι
2706 1402 2815 1457 Deo
2857 1405 3044 1460 audire
3089 1406 3214 1476 quid
3257 1408 3407 1463 dicas
3452 1409 3760 1465 hominibus
3792 1431 3805 1468 :

2213 1489 2352 1544 inter
2377 1489 2595 1546 divitem
2625 1492 2815 1560 Deum,
2843 1505 2893 1549 et
2927 1496 3138 1565 inolnem
3179 1511 3511 1569 qumrentem
3555 1506 3685 1573 quid
3710 1524 3807 1559 an-

2211 1577 2343 1646 diat,
2371 1579 2682 1637 intercurris
2708 1586 3038 1651 transiliens,
3062 1589 3149 1658 qui
3172 1592 3347 1660 possis
3372 1601 3428 1647 et
3451 1593 3574 1650 hinc
3598 1598 3804 1663 audire,

2211 1680 2267 1727 et
2285 1672 2383 1728 hac
2406 1672 2586 1730 dicere
2610 1692 2624 1730 :
2648 1676 2692 1730 si
2719 1677 2872 1747 eligis
2895 1679 2992 1733 bac
3018 1697 3122 1734 non
3152 1682 3352 1750 dicere,
3378 1699 3481 1738 non
3507 1689 3806 1742 merebrris

2211 1762 2338 1821 hinc
2375 1766 2561 1823 audire
2603 1786 2617 1822 :
2664 1772 2966 1827 contemnis
3017 1789 3349 1846 pauperem,
3388 1784 3752 1838 eontemncris
3776 1801 3808 1839 a

2210 1854 2390 1911 divite.
2443 1856 2653 1914 Oblitus
2695 1876 2753 1917 es
2798 1877 3011 1917 servum
3044 1872 3096 1920 te
3135 1880 3274 1933 esse,
3326 1884 3483 1940 quem
3529 1874 3809 1929 constituit

2212 1946 2464 2003 Dominus
2493 1964 2655 2019 super
2694 1951 2945 2008 familiam
2968 1970 3121 2011 suam
3147 1957 3277 2013 dare
3301 1964 3575 2017 ουιιει-ιινίε
3604 1962 3805 2022 cilmria

2210 2035 2425 2106 (Matth.
2460 2055 2608 2105 sxw,
2633 2041 2723 2113 45)
2745 2043 2769 2096 ?
2794 2042 2929 2110 Quid
2957 2060 3084 2115 ergo
3114 2051 3310 2117 qumris
3346 2053 3613 2121 accipere,
3657 2059 3806 2125 quod

2208 2128 2361 2201 piger
2383 2146 2442 2185 es
2470 2134 2737 2203 erogare?
2759 2134 2944 2190 Merito
2972 2152 3100 2207 ergo
3124 2142 3375 2210 quoniam
3406 2147 3546 2214 «good
3571 2162 3805 2219 accepe-

2208 2236 2298 2277 ras
2335 2222 2515 2279 dicere
2542 2227 2777 2291 noluisti,
2807 2228 3084 2298 impediris
3115 2250 3182 2287 ue
3224 2235 3455 2305 accipias
3484 2240 3627 2309 quod
3656 2245 3806 2298 aeri-

2209 2325 2337 2381 pere
2357 2314 2627 2382 cupiebas.
2658 2317 2871 2388 Aliquid
2892 2319 3033 2375 enim
3059 2323 3294 2389 volebas,
3322 2328 3517 2397 aliquid
3543 2330 3806 2388 habebas:

2207 2400 2274 2456 da
2300 2405 2441 2473 quod
2464 2404 2651 2474 habes,
2681 2416 2736 2462 ut
2762 2411 3017 2465 mercaris
3041 2413 3286 2483 accipere
3306 2418 3448 2486 quod
3475 2436 3580 2475 non
3608 2422 3799 2478 babes.

2209 2494 2351 2566 Ergo
2376 2511 2497 2551 eum
2527 2500 2680 2569 quasi
2706 2502 3006 2571 posuissem
3032 2505 3113 2560 ori
3145 2521 3267 2561 meo
3294 2512 3614 2577 custodiam,
3647 2516 3809 2571 mibi-

2208 2601 2312 2656 quc
2342 2587 2648 2645 indixissem
2675 2591 2967 2659 silentium,
2994 2595 3114 2666 quia
3141 2598 3384 2654 videbam
3430 2604 3627 2674 ubique
3656 2612 3805 2676 peri-

2206 2678 2446 2735 culosum
2488 2681 2798 2751 eloquium;
2832 2684 3029 2742 factum
3073 2699 3175 2755 est,
3210 2690 3399 2760 inquit,
3452 2694 3502 2749 in
3546 2713 3634 2754 me
3660 2701 3807 2767 quod

2208 2769 2453 2825 nolebam
2478 2788 2493 2837 ;
2530 2773 2786 2829 Obsurdui
2804 2818 2817 2838 .
2845 2786 2893 2831 et
2920 2777 3216 2835 humiliatus
3257 2799 3372 2838 sum
3401 2800 3421 2840 :
3449 2803 3553 2842 non
3584 2806 3671 2845 me
3703 2792 3805 2847 lm-

2208 2861 2409 2916 miliavi
2433 2878 2448 2929 ;
2491 2864 2609 2931 sed,
2638 2867 2933 2922 humiliatus
2955 2886 3090 2927 sum.
3128 2870 3405 2939 Obsurdui,
3432 2888 3479 2930 et
3505 2879 3808 2939 humiliatus

2206 2971 2336 3020 sum,
2366 2964 2413 3011 et
2436 2957 2555 3012 silui
2581 2975 2615 3013 a
2652 2962 2811 3015 bonis.
2844 2961 2993 3035 Cmpi
3025 2981 3130 3021 non
3161 2966 3344 3025 dicere
3385 2971 3541 3038 bona,
3574 2989 3700 3030 cum
3735 2979 3798 3033 ti-

2206 3062 2330 3102 tneo
2356 3065 2419 3102 ne
2448 3049 2621 3105 dicam
2661 3052 2833 3124 aliqua
2877 3060 3011 3111 mala
3043 3076 3058 3112 :
3089 3066 3142 3114 et
3171 3062 3488 3128 reprehendi
3516 3069 3802 3125 consilium

2205 3156 2407 3196 meum.
2452 3142 2589 3199 Silari
2623 3146 2765 3200 enim
2792 3164 2825 3199 a
2849 3149 3009 3202 bonis.
3042 3148 3111 3205 Et
3153 3153 3301 3208 dolor
3342 3174 3483 3211 meus
3529 3175 3804 3218 renovatus

2204 3240 2299 3285 est.
2331 3234 2372 3285 A
2401 3232 2585 3288 dolore
2613 3236 2811 3306 quippe
2848 3240 3101 3309 quodam,
3130 3258 3289 3311 quem
3334 3248 3462 3302 mihi
3494 3248 3805 3311 indixerant

2202 3323 2615 3382 calumniatores
2658 3338 2712 3382 et
2756 3331 3194 3399 reprehensores,
3229 3346 3478 3406 tanquam
3512 3344 3802 3416 requieve-

2205 3429 2317 3471 ram
2346 3415 2396 3471 in
2424 3416 2659 3487 silentio,
2682 3430 2737 3476 ct
2758 3435 3061 3480 cessaverat
3079 3424 3232 3484 dolor
3259 3428 3347 3486 ille.
3369 3430 3460 3503 qui
3484 3415 3652 3492 factus
3678 3452 3799 3495 crat

2203 3523 2234 3562 a
2259 3510 2705 3569 calumniantibus
2743 3533 2758 3568 :
2799 3516 2894 3571 sed
2941 3519 3029 3571 ubi
3072 3520 3194 3574 silui
3225 3538 3255 3577 a
3285 3523 3460 3592 bonis,
3508 3541 3800 3587 renovatus

2202 3608 2286 3654 est
2314 3600 2471 3656 dolor
2507 3618 2678 3659 meus.
2711 3605 2860 3675 Coepi
2912 3608 3033 3677 plus
3058 3608 3241 3667 dolere
3279 3616 3510 3672 tacuisse
3551 3634 3639 3674 me
3677 3639 3801 3691 qua:

2201 3689 2383 3746 dicere
2409 3690 2684 3761 deberem,
2727 3712 2885 3766 quam
2926 3697 3205 3755 dolueram
3238 3703 3437 3761 dixisse
3467 3724 3585 3778 quae
3612 3689 3801 3768 dicere

2202 3795 2309 3836 non
2337 3781 2607 3839 deberem.
2643 3784 2928 3843 Renovatus
2950 3800 3021 3865 est
3048 3791 3196 3844 dolor
3226 3810 3384 3848 meus.

2272 3872 2327 3928 5.
2358 3871 2508 3947 [rem
2540 3877 2594 3941 4,
2624 3875 2704 3950 5.]
2734 3876 2809 3951 (a)
2842 3876 2911 3934 Et
2934 3881 2987 3935 in
3020 3884 3343 3940 meditatione
3369 3906 3480 3942 mea
3508 3893 3800 3951 exardescet

2200 3963 2352 4037 ignis.
2379 3967 2553 4038 Coepit
2581 3983 2702 4025 esse
2725 3970 3018 4041 inquietum
3047 3989 3141 4029 cor
3179 3992 3379 4033 meum.
3410 3979 3668 4037 Videbam
3710 3986 3799 4040 in-

2200 4069 2466 4128 sensatos,
2493 4070 2548 4116 et
2589 4062 2924 4119 tabescebam
2957 4065 3129 4139 (Psal.
3170 4084 3357 4137 cxvm,
3394 4073 3541 4147 158),
3571 4093 3678 4132 non
3709 4096 3800 4134 ar-

2200 4149 2423 4221 guebam
2452 4167 2467 4205 :
2496 4161 2551 4207 et
2579 4168 2664 4207 me
2691 4154 2769 4210 sic
2811 4164 3074 4213 tacentem
3106 4159 3254 4214 zelus
3282 4161 3474 4220 domus
3518 4174 3623 4223 tua:
3647 4184 3800 4225 com-

2199 4243 2579 4315 edebat(Psal.
2608 4263 2789 4312 cxvm,
2820 4248 2933 4319 10).
2976 4250 3215 4321 Respexi
3239 4254 3384 4311 enim
3414 4257 3480 4312 ad
3506 4258 3796 4319 Dominum

2200 4349 2378 4389 meum
2404 4335 2666 4392 dicentem
2697 4356 2710 4392 :
2740 4338 2895 4393 Serve
2922 4358 3137 4413 nequam
3164 4352 3213 4398 et
3250 4346 3411 4416 piger,
3443 4348 3594 4405 dares
3632 4370 3797 4422 pecu-

2201 4425 2338 4479 niam
2361 4443 2523 4480 meam
2548 4431 2924 4498 nnnzmulariis,
2946 4442 2993 4486 et
3012 4449 3105 4505 ego
3128 4435 3330 4491 veniens
3349 4454 3466 4493 cum
3490 4444 3661 4497 usuris
3705 4462 3797 4500 ea:-

2199 4517 2404 4587 igerem.
2434 4516 2501 4571 Et
2526 4519 2665 4588 quod
2693 4521 2953 4590 sequitur,
2970 4532 3177 4579 avertat
3197 4526 3337 4583 Deus
3355 4544 3387 4584 a
3411 4529 3797 4600 dispensatori-

2200 4607 2301 4661 bus
2340 4608 2451 4663 suis
2490 4625 2505 4662 :
2547 4607 2859 4681 Projiciatur
2905 4612 2959 4666 in
3015 4615 3242 4672 tenebras
3292 4622 3567 4678 exteriores
3618 4624 3795 4695 ligatis

2201 4699 2447 4753 manibus
2474 4707 2528 4755 et
2555 4701 2797 4770 pedibus,
2826 4718 3034 4769 servus,
3067 4722 3174 4762 non
3200 4723 3422 4766 eversor
3447 4711 3516 4768 ad
3554 4716 3793 4783 perden-

2199 4789 2348 4853 dum,
2370 4791 2462 4845 sed
2486 4793 2636 4862 piger
2650 4792 2715 4846 ad
2733 4795 3057 4865 erogandum
3080 4797 3288 4870 (Matth.
3308 4816 3435 4867 xxv,
3451 4802 3647 4871 26,27,
3671 4808 3789 4881 30).

2200 4884 2337 4952 Quid
2363 4895 2674 4953 exspectare
2696 4887 2915 4954 debent,
2942 4890 3031 4959 qui
3053 4906 3173 4945 eum
3201 4893 3410 4950 luxuria
3438 4910 3792 4969 consumpse-

2200 4983 2346 5031 runt.
2369 4975 2412 5029 si
2440 4976 2759 5031 damnantur
2782 4979 2870 5048 qui
2900 4995 3022 5034 cum
3051 4981 3257 5051 pigritia
3298 5000 3645 5045 servaverunt
3663 4991 3688 5043 ?
3714 4991 3786 5050 In

2200 5064 2523 5119 meditatione
2551 5083 2659 5119 mea
2700 5068 2991 5123 exardescet
3033 5070 3186 5141 ignis.
3231 5072 3300 5129 Et
3339 5077 3544 5147 positus
3590 5079 3644 5135 in
3689 5081 3793 5140 hac

2201 5155 2540 5211 ﬂuctuatione
2584 5158 2789 5213 dicendi
2834 5170 2886 5215 et
2917 5162 3147 5231 tacendi,
3196 5166 3337 5222 inter
3376 5185 3473 5225 eos
3499 5172 3593 5243 qui
3636 5176 3790 5230 calu-

2198 5255 2389 5310 mniari
2434 5259 2599 5324 parati
2627 5266 2769 5324 sunt,
2804 5266 2856 5312 et
2881 5274 2975 5315 eos
3000 5262 3089 5331 qui
3115 5262 3364 5321 aﬂ‘ectant
3405 5266 3617 5334 instrui,
3648 5269 3791 5327 inter

2199 5346 2531 5401 abundantes
2582 5355 2634 5401 et
2691 5347 2897 5417 inepes,
2953 5349 3125 5407 laetus
3170 5356 3514 5425 opprobrium
3573 5360 3656 5415 bis
3694 5363 3788 5433 qui

2197 5436 2556 5503 abundabant,
2576 5446 2629 5493 ct
2648 5437 2922 5508 despectio
2937 5441 3367 5515 superbis(Psal.
3395 5462 3560 5516 sxxii,
3590 5451 3669 5521 4),
3698 5469 3786 5507 rc-

2197 5526 2429 5595 spieiens
2470 5543 2563 5581 eos
2594 5528 2778 5584 beatos
2804 5531 2893 5600 qui
2937 5533 3177 5590 esuriuut
3203 5546 3255 5593 et
3302 5539 3492 5594 sitiunt
3515 5544 3779 5611 justitiam

2198 5616 2409 5689 (Matth.
2441 5632 2498 5682 v,
2528 5617 2583 5688 6)
2608 5636 2623 5685 ;
2657 5620 2905 5677 labamus
2930 5623 2983 5678 in
3022 5634 3268 5697 utroque.
3297 5629 3528 5687 alliictus
3556 5634 3609 5689 in
3638 5646 3784 5691 utro-

2195 5727 2333 5781 que;
2361 5710 2666 5781 periclitans
2696 5728 2763 5769 ne
2791 5716 3033 5786 projieiat
3071 5721 3384 5791 margaritas
3414 5736 3538 5781 ante
3565 5742 3781 5800 porcos,

2259 5842 2332 5904 (a)
2356 5841 2558 5913 silentio
2598 5846 2817 5906 prseterit
2856 5850 3006 5899 verba
3053 5849 3132 5899 illa
3169 5864 3301 5904 vers.
3346 5853 3393 5913 4,
3427 5855 3676 5908 concaluit
3698 5871 3784 5911 cor

2192 5913 2350 5956 meum
2373 5912 2502 5954 intra
2524 5916 2617 5956 ille.
