  <div class='ocr_page' id='page_1' title='image "/cluster/home/n/w/nwhite01/storage/ocr_20150623/36/umn.319510024773307/218.png"; bbox 0 0 3978 6378; ppageno 0'>
   <div class='ocr_carea' id='block_1_1' title="bbox 149 323 2341 394">
    <p class='ocr_par' dir='ltr' id='par_1_1' title="bbox 149 323 2341 394">
     <span class='ocr_line' id='line_1_1' title="bbox 149 323 2341 394; baseline -0.006 0"><span class='ocrx_word' id='word_1_1' title='bbox 149 338 233 394; x_wconf 71' lang='lat' dir='ltr'><strong>ll?</strong></span> <span class='ocrx_word' id='word_1_2' title='bbox 1158 327 1552 385; x_wconf 61' lang='lat' dir='ltr'><strong>ENARRATIO</strong></span> <span class='ocrx_word' id='word_1_3' title='bbox 1591 324 1656 380; x_wconf 84' lang='lat' dir='ltr'><strong>IN</strong></span> <span class='ocrx_word' id='word_1_4' title='bbox 1694 323 2017 382; x_wconf 74' lang='lat' dir='ltr'><strong>PSALMUM</strong></span> <span class='ocrx_word' id='word_1_5' title='bbox 2061 325 2341 382; x_wconf 77' lang='lat' dir='ltr'><strong>XXXVIII.</strong></span> 
     </span>
    </p>
   </div>
   <div class='ocr_carea' id='block_1_2' title="bbox 147 449 1720 534">
    <p class='ocr_par' dir='ltr' id='par_1_2' title="bbox 147 449 1720 534">
     <span class='ocr_line' id='line_1_2' title="bbox 147 449 1720 534; baseline -0.01 -15"><span class='ocrx_word' id='word_1_6' title='bbox 147 463 434 534; x_wconf 88' lang='lat' dir='ltr'><strong>periclitans</strong></span> <span class='ocrx_word' id='word_1_7' title='bbox 477 478 545 518; x_wconf 91' lang='lat' dir='ltr'><strong>ne</strong></span> <span class='ocrx_word' id='word_1_8' title='bbox 591 477 695 517; x_wconf 91' lang='lat' dir='ltr'><strong>non</strong></span> <span class='ocrx_word' id='word_1_9' title='bbox 736 469 920 529; x_wconf 79' lang='lat' dir='ltr'><strong>eroget</strong></span> <span class='ocrx_word' id='word_1_10' title='bbox 943 457 1140 513; x_wconf 88' lang='lat' dir='ltr'><strong>cibaria</strong></span> <span class='ocrx_word' id='word_1_11' title='bbox 1182 454 1458 512; x_wconf 87' lang='lat' dir='ltr'><strong>conservis</strong></span> <span class='ocrx_word' id='word_1_12' title='bbox 1489 470 1503 507; x_wconf 89' lang='lat'><strong>:</strong></span> <span class='ocrx_word' id='word_1_13' title='bbox 1537 452 1590 506; x_wconf 89' lang='lat' dir='ltr'><strong>in</strong></span> <span class='ocrx_word' id='word_1_14' title='bbox 1619 449 1720 503; x_wconf 87' lang='lat' dir='ltr'><strong>hoc</strong></span> 
     </span>
    </p>
   </div>
   <div class='ocr_carea' id='block_1_3' title="bbox 145 542 1720 624">
    <p class='ocr_par' dir='ltr' id='par_1_3' title="bbox 145 542 1720 624">
     <span class='ocr_line' id='line_1_3' title="bbox 145 542 1720 624; baseline -0.011 -12"><span class='ocrx_word' id='word_1_15' title='bbox 145 564 262 611; x_wconf 73' lang='lat' dir='ltr'><strong>testu</strong></span> <span class='ocrx_word' id='word_1_16' title='bbox 288 553 535 624; x_wconf 74' lang='lat' dir='ltr'><strong>quzesivit</strong></span> <span class='ocrx_word' id='word_1_17' title='bbox 558 555 719 609; x_wconf 91' lang='lat' dir='ltr'><strong>alium</strong></span> <span class='ocrx_word' id='word_1_18' title='bbox 750 551 1026 606; x_wconf 82' lang='lat' dir='ltr'><strong>meliorem</strong></span> <span class='ocrx_word' id='word_1_19' title='bbox 1053 550 1226 604; x_wconf 88' lang='lat' dir='ltr'><strong>locum</strong></span> <span class='ocrx_word' id='word_1_20' title='bbox 1263 548 1333 602; x_wconf 91' lang='lat' dir='ltr'><strong>ab</strong></span> <span class='ocrx_word' id='word_1_21' title='bbox 1375 547 1474 599; x_wconf 84' lang='lat' dir='ltr'><strong>hac</strong></span> <span class='ocrx_word' id='word_1_22' title='bbox 1501 542 1720 612; x_wconf 85' lang='lat' dir='ltr'><strong>dispen—</strong></span> 
     </span>
    </p>
   </div>
   <div class='ocr_carea' id='block_1_4' title="bbox 144 635 1721 714">
    <p class='ocr_par' dir='ltr' id='par_1_4' title="bbox 144 635 1721 714">
     <span class='ocr_line' id='line_1_4' title="bbox 144 635 1721 714; baseline -0.009 -13"><span class='ocrx_word' id='word_1_23' title='bbox 144 646 353 709; x_wconf 77' lang='lat' dir='ltr'><strong>satione,</strong></span> <span class='ocrx_word' id='word_1_24' title='bbox 395 646 447 699; x_wconf 92' lang='lat' dir='ltr'><strong>in</strong></span> <span class='ocrx_word' id='word_1_25' title='bbox 486 659 589 714; x_wconf 85' lang='lat' dir='ltr'><strong>qua</strong></span> <span class='ocrx_word' id='word_1_26' title='bbox 628 642 708 700; x_wconf 89' lang='lat' dir='ltr'><strong>sic</strong></span> <span class='ocrx_word' id='word_1_27' title='bbox 734 641 943 697; x_wconf 89' lang='lat' dir='ltr'><strong>laborat</strong></span> <span class='ocrx_word' id='word_1_28' title='bbox 984 639 1146 694; x_wconf 92' lang='lat' dir='ltr'><strong>homo</strong></span> <span class='ocrx_word' id='word_1_29' title='bbox 1169 647 1223 693; x_wconf 83' lang='lat' dir='ltr'><strong>et</strong></span> <span class='ocrx_word' id='word_1_30' title='bbox 1267 635 1635 707; x_wconf 86' lang='lat' dir='ltr'><strong>periclitatur;</strong></span> <span class='ocrx_word' id='word_1_31' title='bbox 1666 638 1721 688; x_wconf 89' lang='lat' dir='ltr'><strong>et</strong></span> 
     </span>
    </p>
   </div>
   <div class='ocr_carea' id='block_1_5' title="bbox 144 730 1716 804">
    <p class='ocr_par' dir='ltr' id='par_1_5' title="bbox 144 730 1716 804">
     <span class='ocr_line' id='line_1_5' title="bbox 144 730 1716 804; baseline -0.007 -14"><span class='ocrx_word' id='word_1_32' title='bbox 144 736 400 804; x_wconf 82' lang='lat' dir='ltr'><strong>suspirans</strong></span> <span class='ocrx_word' id='word_1_33' title='bbox 426 735 476 788; x_wconf 89' lang='lat' dir='ltr'><strong>in</strong></span> <span class='ocrx_word' id='word_1_34' title='bbox 495 736 656 789; x_wconf 81' lang='lat' dir='ltr'><strong>linem</strong></span> <span class='ocrx_word' id='word_1_35' title='bbox 685 731 991 804; x_wconf 89' lang='lat' dir='ltr'><strong>quemdam,</strong></span> <span class='ocrx_word' id='word_1_36' title='bbox 1016 731 1105 785; x_wconf 90' lang='lat' dir='ltr'><strong>ubi</strong></span> <span class='ocrx_word' id='word_1_37' title='bbox 1135 730 1233 784; x_wconf 89' lang='lat' dir='ltr'><strong>ista</strong></span> <span class='ocrx_word' id='word_1_38' title='bbox 1266 744 1370 782; x_wconf 90' lang='lat' dir='ltr'><strong>non</strong></span> <span class='ocrx_word' id='word_1_39' title='bbox 1392 734 1507 780; x_wconf 88' lang='lat' dir='ltr'><strong>erat</strong></span> <span class='ocrx_word' id='word_1_40' title='bbox 1534 740 1716 795; x_wconf 79' lang='lat' dir='ltr'><strong>passu-</strong></span> 
     </span>
    </p>
   </div>
   <div class='ocr_carea' id='block_1_6' title="bbox 145 817 1721 894">
    <p class='ocr_par' dir='ltr' id='par_1_6' title="bbox 145 817 1721 894">
     <span class='ocr_line' id='line_1_6' title="bbox 145 817 1721 894; baseline -0.007 -14"><span class='ocrx_word' id='word_1_41' title='bbox 145 842 240 886; x_wconf 82' lang='lat' dir='ltr'><strong>rus,</strong></span> <span class='ocrx_word' id='word_1_42' title='bbox 259 826 310 878; x_wconf 92' lang='lat' dir='ltr'><strong>in</strong></span> <span class='ocrx_word' id='word_1_43' title='bbox 328 825 497 891; x_wconf 89' lang='lat' dir='ltr'><strong>illum,</strong></span> <span class='ocrx_word' id='word_1_44' title='bbox 519 825 750 894; x_wconf 91' lang='lat' dir='ltr'><strong>inquam,</strong></span> <span class='ocrx_word' id='word_1_45' title='bbox 772 820 934 876; x_wconf 78' lang='lat' dir='ltr'><strong>ﬁnem</strong></span> <span class='ocrx_word' id='word_1_46' title='bbox 959 836 1067 890; x_wconf 86' lang='lat' dir='ltr'><strong>quo</strong></span> <span class='ocrx_word' id='word_1_47' title='bbox 1086 819 1325 873; x_wconf 89' lang='lat' dir='ltr'><strong>dicturus</strong></span> <span class='ocrx_word' id='word_1_48' title='bbox 1338 826 1418 873; x_wconf 91' lang='lat' dir='ltr'><strong>est</strong></span> <span class='ocrx_word' id='word_1_49' title='bbox 1442 817 1581 871; x_wconf 90' lang='lat' dir='ltr'><strong>bono</strong></span> <span class='ocrx_word' id='word_1_50' title='bbox 1597 828 1721 871; x_wconf 85' lang='lat' dir='ltr'><strong>ero-</strong></span> 
     </span>
    </p>
   </div>
   <div class='ocr_carea' id='block_1_7' title="bbox 142 906 1717 985">
    <p class='ocr_par' dir='ltr' id='par_1_7' title="bbox 142 906 1717 985">
     <span class='ocr_line' id='line_1_7' title="bbox 142 906 1717 985; baseline -0.005 -18"><span class='ocrx_word' id='word_1_51' title='bbox 142 917 292 985; x_wconf 69' lang='lat' dir='ltr'><strong>gatori</strong></span> <span class='ocrx_word' id='word_1_52' title='bbox 323 914 598 980; x_wconf 83' lang='lat' dir='ltr'><strong>Dominus,</strong></span> <span class='ocrx_word' id='word_1_53' title='bbox 631 912 782 968; x_wconf 81' lang='lat' dir='ltr'><strong>Intra</strong></span> <span class='ocrx_word' id='word_1_54' title='bbox 821 913 876 967; x_wconf 87' lang='lat' dir='ltr'><strong>in</strong></span> <span class='ocrx_word' id='word_1_55' title='bbox 899 911 1142 983; x_wconf 81' lang='lat' dir='ltr'><strong>gaudium</strong></span> <span class='ocrx_word' id='word_1_56' title='bbox 1173 909 1379 964; x_wconf 89' lang='lat' dir='ltr'><strong>Domini</strong></span> <span class='ocrx_word' id='word_1_57' title='bbox 1403 908 1478 962; x_wconf 92' lang='lat' dir='ltr'><strong>tui</strong></span> <span class='ocrx_word' id='word_1_58' title='bbox 1505 906 1717 980; x_wconf 84' lang='lat' dir='ltr'><strong>(Matth.</strong></span> 
     </span>
    </p>
   </div>
   <div class='ocr_carea' id='block_1_8' title="bbox 147 998 1721 1076">
    <p class='ocr_par' dir='ltr' id='par_1_8' title="bbox 147 998 1721 1076">
     <span class='ocr_line' id='line_1_8' title="bbox 147 998 1721 1076; baseline -0.006 -14"><span class='ocrx_word' id='word_1_59' title='bbox 147 1023 254 1072; x_wconf 70' lang='lat' dir='ltr'><strong>xxv,</strong></span> <span class='ocrx_word' id='word_1_60' title='bbox 290 1006 385 1076; x_wconf 76' lang='lat'><strong>2|)</strong></span> <span class='ocrx_word' id='word_1_61' title='bbox 417 1021 436 1061; x_wconf 89' lang='lat'><strong><em>:</em></strong></span> <span class='ocrx_word' id='word_1_62' title='bbox 463 1005 686 1059; x_wconf 88' lang='lat' dir='ltr'><strong>Locutus</strong></span> <span class='ocrx_word' id='word_1_63' title='bbox 723 1021 856 1068; x_wconf 89' lang='lat' dir='ltr'><strong>sum,</strong></span> <span class='ocrx_word' id='word_1_64' title='bbox 889 1003 1078 1074; x_wconf 85' lang='lat' dir='ltr'><strong>inquit,</strong></span> <span class='ocrx_word' id='word_1_65' title='bbox 1108 1003 1159 1056; x_wconf 90' lang='lat' dir='ltr'><strong>in</strong></span> <span class='ocrx_word' id='word_1_66' title='bbox 1189 1002 1365 1071; x_wconf 89' lang='lat' dir='ltr'><strong>lingua</strong></span> <span class='ocrx_word' id='word_1_67' title='bbox 1399 1016 1530 1058; x_wconf 86' lang='lat' dir='ltr'><strong>mea.</strong></span> <span class='ocrx_word' id='word_1_68' title='bbox 1576 998 1721 1053; x_wconf 85' lang='lat' dir='ltr'><strong>Inter</strong></span> 
     </span>
    </p>
   </div>
   <div class='ocr_carea' id='block_1_9' title="bbox 144 1091 1718 1166">
    <p class='ocr_par' dir='ltr' id='par_1_9' title="bbox 144 1091 1718 1166">
     <span class='ocr_line' id='line_1_9' title="bbox 144 1091 1718 1166; baseline -0.004 -16"><span class='ocrx_word' id='word_1_69' title='bbox 144 1109 310 1159; x_wconf 74' lang='lat' dir='ltr'><strong>:rsuis,</strong></span> <span class='ocrx_word' id='word_1_70' title='bbox 342 1100 480 1152; x_wconf 88' lang='lat' dir='ltr'><strong>inter</strong></span> <span class='ocrx_word' id='word_1_71' title='bbox 507 1096 738 1166; x_wconf 74' lang='lat' dir='ltr'><strong>pericula</strong></span> <span class='ocrx_word' id='word_1_72' title='bbox 766 1095 902 1160; x_wconf 75' lang='lat' dir='ltr'><strong>lnec,</strong></span> <span class='ocrx_word' id='word_1_73' title='bbox 936 1095 1075 1148; x_wconf 90' lang='lat' dir='ltr'><strong>inter</strong></span> <span class='ocrx_word' id='word_1_74' title='bbox 1101 1092 1465 1154; x_wconf 72' lang='lat' dir='ltr'><strong>difﬁcultates,</strong></span> <span class='ocrx_word' id='word_1_75' title='bbox 1495 1091 1616 1161; x_wconf 86' lang='lat' dir='ltr'><strong>quia</strong></span> <span class='ocrx_word' id='word_1_76' title='bbox 1645 1091 1718 1145; x_wconf 89' lang='lat' dir='ltr'><strong>ita</strong></span> 
     </span>
    </p>
   </div>
   <div class='ocr_carea' id='block_1_10' title="bbox 145 1175 1761 1254">
    <p class='ocr_par' dir='ltr' id='par_1_10' title="bbox 145 1175 1761 1254">
     <span class='ocr_line' id='line_1_10' title="bbox 145 1175 1761 1254; baseline -0.003 -14"><span class='ocrx_word' id='word_1_77' title='bbox 145 1192 358 1243; x_wconf 85' lang='lat' dir='ltr'><strong>delectat</strong></span> <span class='ocrx_word' id='word_1_78' title='bbox 411 1189 496 1242; x_wconf 85' lang='lat' dir='ltr'><strong>lex</strong></span> <span class='ocrx_word' id='word_1_79' title='bbox 528 1186 756 1251; x_wconf 82' lang='lat' dir='ltr'><strong>Domini,</strong></span> <span class='ocrx_word' id='word_1_80' title='bbox 789 1196 845 1240; x_wconf 93' lang='lat' dir='ltr'><strong>ut</strong></span> <span class='ocrx_word' id='word_1_81' title='bbox 873 1197 1047 1240; x_wconf 88' lang='lat' dir='ltr'><strong>tamen</strong></span> <span class='ocrx_word' id='word_1_82' title='bbox 1082 1194 1298 1254; x_wconf 84' lang='lat' dir='ltr'><strong>propter</strong></span> <span class='ocrx_word' id='word_1_83' title='bbox 1337 1183 1717 1237; x_wconf 75' lang='lat' dir='ltr'><strong>abundantiam</strong></span> <span class='ocrx_word' id='word_1_84' title='bbox 1759 1175 1761 1177; x_wconf 61' lang='grc'><strong>’</strong></span> 
     </span>
    </p>
   </div>
   <div class='ocr_carea' id='block_1_11' title="bbox 145 1271 1713 1347">
    <p class='ocr_par' dir='ltr' id='par_1_11' title="bbox 145 1271 1713 1347">
     <span class='ocr_line' id='line_1_11' title="bbox 145 1271 1713 1347; baseline -0.004 -17"><span class='ocrx_word' id='word_1_85' title='bbox 145 1278 500 1332; x_wconf 82' lang='lat' dir='ltr'><strong>scandalorum</strong></span> <span class='ocrx_word' id='word_1_86' title='bbox 521 1278 831 1347; x_wconf 76' lang='lat' dir='ltr'><strong>refrigeseat</strong></span> <span class='ocrx_word' id='word_1_87' title='bbox 866 1276 1097 1331; x_wconf 80' lang='lat' dir='ltr'><strong>Charitas</strong></span> <span class='ocrx_word' id='word_1_88' title='bbox 1123 1276 1408 1328; x_wconf 77' lang='lat' dir='ltr'><strong>multorum</strong></span> <span class='ocrx_word' id='word_1_89' title='bbox 1437 1271 1545 1347; x_wconf 85' lang='lat' dir='ltr'><strong>(Id.</strong></span> <span class='ocrx_word' id='word_1_90' title='bbox 1566 1288 1713 1336; x_wconf 73' lang='lat' dir='ltr'><strong>ntv,</strong></span> 
     </span>
    </p>
   </div>
   <div class='ocr_carea' id='block_1_12' title="bbox 150 1365 1718 1439">
    <p class='ocr_par' dir='ltr' id='par_1_12' title="bbox 150 1365 1718 1439">
     <span class='ocr_line' id='line_1_12' title="bbox 150 1365 1718 1439; baseline -0.002 -17"><span class='ocrx_word' id='word_1_91' title='bbox 150 1373 417 1437; x_wconf 77' lang='lat' dir='ltr'><strong>l:’.):luter</strong></span> <span class='ocrx_word' id='word_1_92' title='bbox 459 1368 555 1423; x_wconf 90' lang='lat' dir='ltr'><strong>hos</strong></span> <span class='ocrx_word' id='word_1_93' title='bbox 597 1383 726 1439; x_wconf 85' lang='lat' dir='ltr'><strong>ergo</strong></span> <span class='ocrx_word' id='word_1_94' title='bbox 767 1377 952 1432; x_wconf 62' lang='lat' dir='ltr'><strong>(estus,</strong></span> <span class='ocrx_word' id='word_1_95' title='bbox 994 1366 1217 1421; x_wconf 77' lang='lat' dir='ltr'><strong>Locutus</strong></span> <span class='ocrx_word' id='word_1_96' title='bbox 1263 1381 1395 1430; x_wconf 87' lang='lat' dir='ltr'><strong>sum,</strong></span> <span class='ocrx_word' id='word_1_97' title='bbox 1435 1365 1622 1437; x_wconf 80' lang='lat' dir='ltr'><strong>inquit,</strong></span> <span class='ocrx_word' id='word_1_98' title='bbox 1664 1366 1718 1419; x_wconf 91' lang='lat' dir='ltr'><strong>in</strong></span> 
     </span>
    </p>
   </div>
   <div class='ocr_carea' id='block_1_13' title="bbox 147 1457 1716 1529">
    <p class='ocr_par' dir='ltr' id='par_1_13' title="bbox 147 1457 1716 1529">
     <span class='ocr_line' id='line_1_13' title="bbox 147 1457 1716 1529; baseline 0 -17"><span class='ocrx_word' id='word_1_99' title='bbox 147 1463 302 1529; x_wconf 79' lang='lat' dir='ltr'><strong>lingua</strong></span> <span class='ocrx_word' id='word_1_100' title='bbox 330 1463 458 1514; x_wconf 75' lang='lat' dir='ltr'><strong>mea.</strong></span> <span class='ocrx_word' id='word_1_101' title='bbox 480 1459 617 1514; x_wconf 88' lang='lat' dir='ltr'><strong>Cui?</strong></span> <span class='ocrx_word' id='word_1_102' title='bbox 643 1458 759 1514; x_wconf 82' lang='lat' dir='ltr'><strong>Non</strong></span> <span class='ocrx_word' id='word_1_103' title='bbox 787 1458 1016 1513; x_wconf 85' lang='lat' dir='ltr'><strong>auditori</strong></span> <span class='ocrx_word' id='word_1_104' title='bbox 1040 1474 1196 1527; x_wconf 82' lang='lat' dir='ltr'><strong>quem</strong></span> <span class='ocrx_word' id='word_1_105' title='bbox 1218 1459 1340 1511; x_wconf 88' lang='lat' dir='ltr'><strong>volo</strong></span> <span class='ocrx_word' id='word_1_106' title='bbox 1361 1457 1597 1517; x_wconf 88' lang='lat' dir='ltr'><strong>erudire.</strong></span> <span class='ocrx_word' id='word_1_107' title='bbox 1621 1457 1716 1512; x_wconf 88' lang='lat' dir='ltr'><strong>sed</strong></span> 
     </span>
    </p>
   </div>
   <div class='ocr_carea' id='block_1_14' title="bbox 144 1547 1716 1620">
    <p class='ocr_par' dir='ltr' id='par_1_14' title="bbox 144 1547 1716 1620">
     <span class='ocr_line' id='line_1_14' title="bbox 144 1547 1716 1620; baseline -0.001 -16"><span class='ocrx_word' id='word_1_108' title='bbox 144 1551 422 1604; x_wconf 81' lang='lat' dir='ltr'><strong>exauditori</strong></span> <span class='ocrx_word' id='word_1_109' title='bbox 450 1567 479 1604; x_wconf 90' lang='lat' dir='ltr'><strong>a</strong></span> <span class='ocrx_word' id='word_1_110' title='bbox 508 1565 615 1620; x_wconf 89' lang='lat' dir='ltr'><strong>quo</strong></span> <span class='ocrx_word' id='word_1_111' title='bbox 644 1549 765 1604; x_wconf 87' lang='lat' dir='ltr'><strong>volo</strong></span> <span class='ocrx_word' id='word_1_112' title='bbox 796 1548 1017 1602; x_wconf 87' lang='lat' dir='ltr'><strong>erudiri.</strong></span> <span class='ocrx_word' id='word_1_113' title='bbox 1049 1547 1269 1602; x_wconf 87' lang='lat' dir='ltr'><strong>Locutus</strong></span> <span class='ocrx_word' id='word_1_114' title='bbox 1314 1564 1426 1601; x_wconf 86' lang='lat' dir='ltr'><strong>sum</strong></span> <span class='ocrx_word' id='word_1_115' title='bbox 1452 1547 1505 1601; x_wconf 85' lang='lat' dir='ltr'><strong>in</strong></span> <span class='ocrx_word' id='word_1_116' title='bbox 1543 1548 1716 1618; x_wconf 82' lang='lat' dir='ltr'><strong>lingua</strong></span> 
     </span>
    </p>
   </div>
   <div class='ocr_carea' id='block_1_15' title="bbox 141 1638 1716 1710">
    <p class='ocr_par' dir='ltr' id='par_1_15' title="bbox 141 1638 1716 1710">
     <span class='ocr_line' id='line_1_15' title="bbox 141 1638 1716 1710; baseline -0.001 -15"><span class='ocrx_word' id='word_1_117' title='bbox 141 1659 258 1707; x_wconf 82' lang='lat' dir='ltr'><strong>utea,</strong></span> <span class='ocrx_word' id='word_1_118' title='bbox 287 1641 360 1694; x_wconf 89' lang='lat' dir='ltr'><strong>illi</strong></span> <span class='ocrx_word' id='word_1_119' title='bbox 389 1656 420 1695; x_wconf 92' lang='lat' dir='ltr'><strong>a</strong></span> <span class='ocrx_word' id='word_1_120' title='bbox 450 1655 554 1710; x_wconf 91' lang='lat' dir='ltr'><strong>quo</strong></span> <span class='ocrx_word' id='word_1_121' title='bbox 590 1641 732 1694; x_wconf 88' lang='lat' dir='ltr'><strong>intus</strong></span> <span class='ocrx_word' id='word_1_122' title='bbox 756 1639 938 1705; x_wconf 87' lang='lat' dir='ltr'><strong>audio,</strong></span> <span class='ocrx_word' id='word_1_123' title='bbox 978 1640 1023 1694; x_wconf 88' lang='lat' dir='ltr'><strong>si</strong></span> <span class='ocrx_word' id='word_1_124' title='bbox 1059 1638 1203 1709; x_wconf 87' lang='lat' dir='ltr'><strong>quod</strong></span> <span class='ocrx_word' id='word_1_125' title='bbox 1246 1638 1466 1700; x_wconf 89' lang='lat' dir='ltr'><strong>bonum,</strong></span> <span class='ocrx_word' id='word_1_126' title='bbox 1498 1638 1542 1692; x_wconf 88' lang='lat' dir='ltr'><strong>si</strong></span> <span class='ocrx_word' id='word_1_127' title='bbox 1572 1639 1716 1710; x_wconf 90' lang='lat' dir='ltr'><strong>quod</strong></span> 
     </span>
    </p>
   </div>
   <div class='ocr_carea' id='block_1_16' title="bbox 141 1729 1714 1803">
    <p class='ocr_par' dir='ltr' id='par_1_16' title="bbox 141 1729 1714 1803">
     <span class='ocr_line' id='line_1_16' title="bbox 141 1729 1714 1803; baseline 0.003 -21"><span class='ocrx_word' id='word_1_128' title='bbox 141 1750 306 1787; x_wconf 84' lang='lat' dir='ltr'><strong>verum</strong></span> <span class='ocrx_word' id='word_1_129' title='bbox 338 1733 516 1787; x_wconf 87' lang='lat' dir='ltr'><strong>audio.</strong></span> <span class='ocrx_word' id='word_1_130' title='bbox 542 1731 678 1801; x_wconf 83' lang='lat' dir='ltr'><strong>Quid</strong></span> <span class='ocrx_word' id='word_1_131' title='bbox 705 1733 914 1787; x_wconf 90' lang='lat' dir='ltr'><strong>locutus</strong></span> <span class='ocrx_word' id='word_1_132' title='bbox 951 1732 1054 1788; x_wconf 81' lang='lat' dir='ltr'><strong>es?</strong></span> <span class='ocrx_word' id='word_1_133' title='bbox 1103 1729 1320 1797; x_wconf 84' lang='lat' dir='ltr'><strong>Notum,</strong></span> <span class='ocrx_word' id='word_1_134' title='bbox 1354 1730 1543 1803; x_wconf 88' lang='lat' dir='ltr'><strong>inquit,</strong></span> <span class='ocrx_word' id='word_1_135' title='bbox 1588 1732 1714 1786; x_wconf 83' lang='lat' dir='ltr'><strong>mihi</strong></span> 
     </span>
    </p>
   </div>
   <div class='ocr_carea' id='block_1_17' title="bbox 141 1821 1715 1894">
    <p class='ocr_par' dir='ltr' id='par_1_17' title="bbox 141 1821 1715 1894">
     <span class='ocr_line' id='line_1_17' title="bbox 141 1821 1715 1894; baseline 0.001 -18"><span class='ocrx_word' id='word_1_136' title='bbox 141 1827 232 1894; x_wconf 73' lang='lat' dir='ltr'><strong>fac,</strong></span> <span class='ocrx_word' id='word_1_137' title='bbox 253 1825 486 1890; x_wconf 81' lang='lat' dir='ltr'><strong>Domine,</strong></span> <span class='ocrx_word' id='word_1_138' title='bbox 511 1825 660 1892; x_wconf 77' lang='lat' dir='ltr'><strong>liuent</strong></span> <span class='ocrx_word' id='word_1_139' title='bbox 683 1840 866 1877; x_wconf 86' lang='lat' dir='ltr'><strong>meum.</strong></span> <span class='ocrx_word' id='word_1_140' title='bbox 889 1822 1170 1877; x_wconf 83' lang='lat' dir='ltr'><strong>Transilivi</strong></span> <span class='ocrx_word' id='word_1_141' title='bbox 1194 1822 1338 1877; x_wconf 89' lang='lat' dir='ltr'><strong>enim</strong></span> <span class='ocrx_word' id='word_1_142' title='bbox 1368 1821 1635 1892; x_wconf 70' lang='lat' dir='ltr'><strong>quaedam,</strong></span> <span class='ocrx_word' id='word_1_143' title='bbox 1659 1830 1715 1878; x_wconf 91' lang='lat' dir='ltr'><strong>et</strong></span> 
     </span>
    </p>
   </div>
   <div class='ocr_carea' id='block_1_18' title="bbox 140 1913 1715 1985">
    <p class='ocr_par' dir='ltr' id='par_1_18' title="bbox 140 1913 1715 1985">
     <span class='ocr_line' id='line_1_18' title="bbox 140 1913 1715 1985; baseline 0.001 -18"><span class='ocrx_word' id='word_1_144' title='bbox 140 1917 244 1970; x_wconf 91' lang='lat' dir='ltr'><strong>veni</strong></span> <span class='ocrx_word' id='word_1_145' title='bbox 273 1917 336 1969; x_wconf 89' lang='lat' dir='ltr'><strong>ad</strong></span> <span class='ocrx_word' id='word_1_146' title='bbox 377 1916 658 1985; x_wconf 62' lang='lat' dir='ltr'><strong>quoniam;</strong></span> <span class='ocrx_word' id='word_1_147' title='bbox 707 1925 762 1969; x_wconf 91' lang='lat' dir='ltr'><strong>et</strong></span> <span class='ocrx_word' id='word_1_148' title='bbox 785 1930 844 1968; x_wconf 90' lang='lat' dir='ltr'><strong>ea</strong></span> <span class='ocrx_word' id='word_1_149' title='bbox 890 1915 940 1968; x_wconf 93' lang='lat' dir='ltr'><strong>in</strong></span> <span class='ocrx_word' id='word_1_150' title='bbox 984 1929 1104 1984; x_wconf 64' lang='lat' dir='ltr'><strong>quae</strong></span> <span class='ocrx_word' id='word_1_151' title='bbox 1146 1913 1292 1980; x_wconf 82' lang='lat' dir='ltr'><strong>veni,</strong></span> <span class='ocrx_word' id='word_1_152' title='bbox 1333 1914 1557 1969; x_wconf 87' lang='lat' dir='ltr'><strong>meliora</strong></span> <span class='ocrx_word' id='word_1_153' title='bbox 1588 1923 1715 1970; x_wconf 90' lang='lat' dir='ltr'><strong>sunt</strong></span> 
     </span>
    </p>
   </div>
   <div class='ocr_carea' id='block_1_19' title="bbox 140 2005 1716 2077">
    <p class='ocr_par' dir='ltr' id='par_1_19' title="bbox 140 2005 1716 2077">
     <span class='ocr_line' id='line_1_19' title="bbox 140 2005 1716 2077; baseline 0 -16"><span class='ocrx_word' id='word_1_154' title='bbox 140 2010 208 2061; x_wconf 72' lang='lat' dir='ltr'><strong>eis</strong></span> <span class='ocrx_word' id='word_1_155' title='bbox 234 2024 260 2060; x_wconf 91' lang='lat' dir='ltr'><strong>a</strong></span> <span class='ocrx_word' id='word_1_156' title='bbox 288 2009 479 2077; x_wconf 83' lang='lat' dir='ltr'><strong>quibus</strong></span> <span class='ocrx_word' id='word_1_157' title='bbox 509 2007 769 2062; x_wconf 84' lang='lat' dir='ltr'><strong>transilivi</strong></span> <span class='ocrx_word' id='word_1_158' title='bbox 798 2027 811 2062; x_wconf 89' lang='lat'><strong>:</strong></span> <span class='ocrx_word' id='word_1_159' title='bbox 835 2006 930 2062; x_wconf 88' lang='lat' dir='ltr'><strong>sed</strong></span> <span class='ocrx_word' id='word_1_160' title='bbox 959 2015 1123 2061; x_wconf 85' lang='lat' dir='ltr'><strong>restat</strong></span> <span class='ocrx_word' id='word_1_161' title='bbox 1146 2007 1322 2062; x_wconf 84' lang='lat' dir='ltr'><strong>adhuc</strong></span> <span class='ocrx_word' id='word_1_162' title='bbox 1345 2005 1487 2076; x_wconf 89' lang='lat' dir='ltr'><strong>quod</strong></span> <span class='ocrx_word' id='word_1_163' title='bbox 1521 2007 1716 2062; x_wconf 84' lang='lat' dir='ltr'><strong>transi-</strong></span> 
     </span>
    </p>
   </div>
   <div class='ocr_carea' id='block_1_20' title="bbox 138 2096 1712 2158">
    <p class='ocr_par' dir='ltr' id='par_1_20' title="bbox 138 2096 1712 2158">
     <span class='ocr_line' id='line_1_20' title="bbox 138 2096 1712 2158; baseline -0.002 -3"><span class='ocrx_word' id='word_1_164' title='bbox 138 2098 354 2155; x_wconf 73' lang='lat' dir='ltr'><strong>lientlum</strong></span> <span class='ocrx_word' id='word_1_165' title='bbox 377 2099 467 2152; x_wconf 90' lang='lat' dir='ltr'><strong>sit.</strong></span> <span class='ocrx_word' id='word_1_166' title='bbox 497 2096 613 2152; x_wconf 83' lang='lat' dir='ltr'><strong>Non</strong></span> <span class='ocrx_word' id='word_1_167' title='bbox 641 2098 782 2152; x_wconf 89' lang='lat' dir='ltr'><strong>enim</strong></span> <span class='ocrx_word' id='word_1_168' title='bbox 805 2097 892 2152; x_wconf 87' lang='lat' dir='ltr'><strong>hic</strong></span> <span class='ocrx_word' id='word_1_169' title='bbox 909 2097 1326 2158; x_wconf 83' lang='lat' dir='ltr'><strong>remanebimus.</strong></span> <span class='ocrx_word' id='word_1_170' title='bbox 1345 2096 1437 2152; x_wconf 89' lang='lat' dir='ltr'><strong>ubi</strong></span> <span class='ocrx_word' id='word_1_171' title='bbox 1459 2097 1712 2153; x_wconf 85' lang='lat' dir='ltr'><strong>tentalio-</strong></span> 
     </span>
    </p>
   </div>
   <div class='ocr_carea' id='block_1_21' title="bbox 137 2189 1713 2255">
    <p class='ocr_par' dir='ltr' id='par_1_21' title="bbox 137 2189 1713 2255">
     <span class='ocr_line' id='line_1_21' title="bbox 137 2189 1713 2255; baseline 0.001 -12"><span class='ocrx_word' id='word_1_172' title='bbox 137 2209 256 2254; x_wconf 83' lang='lat' dir='ltr'><strong>nes,</strong></span> <span class='ocrx_word' id='word_1_173' title='bbox 303 2191 389 2245; x_wconf 91' lang='lat' dir='ltr'><strong>ubi</strong></span> <span class='ocrx_word' id='word_1_174' title='bbox 433 2189 703 2255; x_wconf 81' lang='lat' dir='ltr'><strong>scandala,</strong></span> <span class='ocrx_word' id='word_1_175' title='bbox 754 2191 841 2244; x_wconf 91' lang='lat' dir='ltr'><strong>ubi</strong></span> <span class='ocrx_word' id='word_1_176' title='bbox 891 2190 1163 2245; x_wconf 82' lang='lat' dir='ltr'><strong>auditores</strong></span> <span class='ocrx_word' id='word_1_177' title='bbox 1211 2198 1266 2244; x_wconf 87' lang='lat' dir='ltr'><strong>et</strong></span> <span class='ocrx_word' id='word_1_178' title='bbox 1295 2189 1713 2245; x_wconf 80' lang='lat' dir='ltr'><strong>calumniatores</strong></span> 
     </span>
    </p>
   </div>
   <div class='ocr_carea' id='block_1_22' title="bbox 137 2278 1712 2352">
    <p class='ocr_par' dir='ltr' id='par_1_22' title="bbox 137 2278 1712 2352">
     <span class='ocr_line' id='line_1_22' title="bbox 137 2278 1712 2352; baseline 0.001 -20"><span class='ocrx_word' id='word_1_179' title='bbox 137 2284 368 2350; x_wconf 80' lang='lat' dir='ltr'><strong>patimur.</strong></span> <span class='ocrx_word' id='word_1_180' title='bbox 399 2279 584 2336; x_wconf 83' lang='lat' dir='ltr'><strong>Finem</strong></span> <span class='ocrx_word' id='word_1_181' title='bbox 611 2297 774 2334; x_wconf 87' lang='lat' dir='ltr'><strong>meum</strong></span> <span class='ocrx_word' id='word_1_182' title='bbox 796 2291 968 2334; x_wconf 89' lang='lat' dir='ltr'><strong>notum</strong></span> <span class='ocrx_word' id='word_1_183' title='bbox 993 2280 1116 2334; x_wconf 80' lang='lat' dir='ltr'><strong>mihi</strong></span> <span class='ocrx_word' id='word_1_184' title='bbox 1145 2285 1229 2352; x_wconf 76' lang='lat' dir='ltr'><strong>{ac</strong></span> <span class='ocrx_word' id='word_1_185' title='bbox 1245 2295 1264 2334; x_wconf 88' lang='lat'><strong><em>:</em></strong></span> <span class='ocrx_word' id='word_1_186' title='bbox 1283 2280 1442 2334; x_wconf 81' lang='lat' dir='ltr'><strong>linem</strong></span> <span class='ocrx_word' id='word_1_187' title='bbox 1469 2279 1560 2350; x_wconf 90' lang='lat' dir='ltr'><strong>qui</strong></span> <span class='ocrx_word' id='word_1_188' title='bbox 1581 2278 1712 2335; x_wconf 91' lang='lat' dir='ltr'><strong>mihi</strong></span> 
     </span>
    </p>
   </div>
   <div class='ocr_carea' id='block_1_23' title="bbox 136 2370 1153 2439">
    <p class='ocr_par' dir='ltr' id='par_1_23' title="bbox 136 2370 1153 2439">
     <span class='ocr_line' id='line_1_23' title="bbox 136 2370 1153 2439; baseline 0.001 -13"><span class='ocrx_word' id='word_1_189' title='bbox 136 2373 292 2438; x_wconf 77' lang='lat' dir='ltr'><strong>deest,</strong></span> <span class='ocrx_word' id='word_1_190' title='bbox 321 2388 424 2425; x_wconf 91' lang='lat' dir='ltr'><strong>non</strong></span> <span class='ocrx_word' id='word_1_191' title='bbox 457 2386 674 2426; x_wconf 82' lang='lat' dir='ltr'><strong>cursum</strong></span> <span class='ocrx_word' id='word_1_192' title='bbox 702 2370 793 2439; x_wconf 88' lang='lat' dir='ltr'><strong>qui</strong></span> <span class='ocrx_word' id='word_1_193' title='bbox 826 2370 954 2425; x_wconf 81' lang='lat' dir='ltr'><strong>inihi</strong></span> <span class='ocrx_word' id='word_1_194' title='bbox 980 2370 1153 2427; x_wconf 81' lang='lat' dir='ltr'><strong>adest.</strong></span> 
     </span>
    </p>
   </div>
   <div class='ocr_carea' id='block_1_24' title="bbox 199 2461 1714 2533">
    <p class='ocr_par' dir='ltr' id='par_1_24' title="bbox 199 2461 1714 2533">
     <span class='ocr_line' id='line_1_24' title="bbox 199 2461 1714 2533; baseline -0.003 -13"><span class='ocrx_word' id='word_1_195' title='bbox 199 2467 248 2520; x_wconf 81' lang='lat'><strong>6.</strong></span> <span class='ocrx_word' id='word_1_196' title='bbox 290 2464 471 2519; x_wconf 75' lang='lat' dir='ltr'><strong>Finem</strong></span> <span class='ocrx_word' id='word_1_197' title='bbox 517 2465 662 2517; x_wconf 89' lang='lat' dir='ltr'><strong>illum</strong></span> <span class='ocrx_word' id='word_1_198' title='bbox 708 2463 869 2528; x_wconf 86' lang='lat' dir='ltr'><strong>dicit,</strong></span> <span class='ocrx_word' id='word_1_199' title='bbox 921 2479 1080 2533; x_wconf 88' lang='lat' dir='ltr'><strong>quem</strong></span> <span class='ocrx_word' id='word_1_200' title='bbox 1125 2476 1350 2518; x_wconf 88' lang='lat' dir='ltr'><strong>currens</strong></span> <span class='ocrx_word' id='word_1_201' title='bbox 1404 2461 1714 2518; x_wconf 82' lang='lat' dir='ltr'><strong>intuebatur</strong></span> 
     </span>
    </p>
   </div>
   <div class='ocr_carea' id='block_1_25' title="bbox 134 2553 1710 2626">
    <p class='ocr_par' dir='ltr' id='par_1_25' title="bbox 134 2553 1710 2626">
     <span class='ocr_line' id='line_1_25' title="bbox 134 2553 1710 2626; baseline -0.001 -16"><span class='ocrx_word' id='word_1_202' title='bbox 134 2557 427 2626; x_wconf 78' lang='lat' dir='ltr'><strong>Apostolus.</strong></span> <span class='ocrx_word' id='word_1_203' title='bbox 450 2565 503 2612; x_wconf 89' lang='lat' dir='ltr'><strong>et</strong></span> <span class='ocrx_word' id='word_1_204' title='bbox 530 2557 596 2609; x_wconf 88' lang='lat' dir='ltr'><strong>de</strong></span> <span class='ocrx_word' id='word_1_205' title='bbox 621 2571 714 2611; x_wconf 86' lang='lat' dir='ltr'><strong>sua</strong></span> <span class='ocrx_word' id='word_1_206' title='bbox 745 2554 1147 2624; x_wconf 76' lang='lat' dir='ltr'><strong>imperfectione</strong></span> <span class='ocrx_word' id='word_1_207' title='bbox 1164 2553 1541 2618; x_wconf 83' lang='lat' dir='ltr'><strong>conﬁtebatur,</strong></span> <span class='ocrx_word' id='word_1_208' title='bbox 1565 2554 1710 2610; x_wconf 84' lang='lat' dir='ltr'><strong>aliud</strong></span> 
     </span>
    </p>
   </div>
   <div class='ocr_carea' id='block_1_26' title="bbox 136 2643 1714 2716">
    <p class='ocr_par' dir='ltr' id='par_1_26' title="bbox 136 2643 1714 2716">
     <span class='ocr_line' id='line_1_26' title="bbox 136 2643 1714 2716; baseline -0.003 -14"><span class='ocrx_word' id='word_1_209' title='bbox 136 2651 180 2702; x_wconf 90' lang='lat' dir='ltr'><strong>in</strong></span> <span class='ocrx_word' id='word_1_210' title='bbox 201 2664 252 2702; x_wconf 78' lang='lat' dir='ltr'><strong>se</strong></span> <span class='ocrx_word' id='word_1_211' title='bbox 273 2649 504 2713; x_wconf 85' lang='lat' dir='ltr'><strong>intuens,</strong></span> <span class='ocrx_word' id='word_1_212' title='bbox 531 2647 672 2702; x_wconf 80' lang='lat' dir='ltr'><strong>aliud</strong></span> <span class='ocrx_word' id='word_1_213' title='bbox 699 2646 824 2701; x_wconf 90' lang='lat' dir='ltr'><strong>alibi</strong></span> <span class='ocrx_word' id='word_1_214' title='bbox 845 2661 1112 2716; x_wconf 59' lang='lat' dir='ltr'><strong>quarrens.</strong></span> <span class='ocrx_word' id='word_1_215' title='bbox 1140 2646 1229 2700; x_wconf 81' lang='lat' dir='ltr'><strong>Ait</strong></span> <span class='ocrx_word' id='word_1_216' title='bbox 1253 2645 1420 2707; x_wconf 90' lang='lat' dir='ltr'><strong>enim,</strong></span> <span class='ocrx_word' id='word_1_217' title='bbox 1453 2643 1572 2700; x_wconf 81' lang='lat' dir='ltr'><strong>Non</strong></span> <span class='ocrx_word' id='word_1_218' title='bbox 1593 2647 1714 2716; x_wconf 81' lang='lat' dir='ltr'><strong>quia</strong></span> 
     </span>
    </p>
   </div>
   <div class='ocr_carea' id='block_1_27' title="bbox 125 2738 1713 2811">
    <p class='ocr_par' dir='ltr' id='par_1_27' title="bbox 125 2738 1713 2811">
     <span class='ocr_line' id='line_1_27' title="bbox 125 2738 1713 2811; baseline 0.001 -19"><span class='ocrx_word' id='word_1_219' title='bbox 125 2741 226 2811; x_wconf 81' lang='lat' dir='ltr'><strong>jam</strong></span> <span class='ocrx_word' id='word_1_220' title='bbox 270 2741 577 2811; x_wconf 84' lang='lat' dir='ltr'><strong>acceperint,</strong></span> <span class='ocrx_word' id='word_1_221' title='bbox 617 2750 704 2794; x_wconf 86' lang='lat' dir='ltr'><strong>aut</strong></span> <span class='ocrx_word' id='word_1_222' title='bbox 735 2740 848 2810; x_wconf 84' lang='lat' dir='ltr'><strong>jam</strong></span> <span class='ocrx_word' id='word_1_223' title='bbox 903 2740 1152 2809; x_wconf 73' lang='lat' dir='ltr'><strong>perfectus</strong></span> <span class='ocrx_word' id='word_1_224' title='bbox 1193 2740 1324 2802; x_wconf 88' lang='lat' dir='ltr'><strong>sim,</strong></span> <span class='ocrx_word' id='word_1_225' title='bbox 1368 2738 1570 2806; x_wconf 81' lang='lat' dir='ltr'><strong>fratres,</strong></span> <span class='ocrx_word' id='word_1_226' title='bbox 1620 2757 1713 2809; x_wconf 86' lang='lat' dir='ltr'><strong>ego</strong></span> 
     </span>
    </p>
   </div>
   <div class='ocr_carea' id='block_1_28' title="bbox 132 2829 1706 2900">
    <p class='ocr_par' dir='ltr' id='par_1_28' title="bbox 132 2829 1706 2900">
     <span class='ocr_line' id='line_1_28' title="bbox 132 2829 1706 2900; baseline 0.002 -18"><span class='ocrx_word' id='word_1_227' title='bbox 132 2832 363 2900; x_wconf 85' lang='lat' dir='ltr'><strong>meipsum</strong></span> <span class='ocrx_word' id='word_1_228' title='bbox 381 2848 484 2886; x_wconf 86' lang='lat' dir='ltr'><strong>non</strong></span> <span class='ocrx_word' id='word_1_229' title='bbox 512 2831 730 2884; x_wconf 85' lang='lat' dir='ltr'><strong>arbitror</strong></span> <span class='ocrx_word' id='word_1_230' title='bbox 748 2830 1163 2900; x_wconf 76' lang='lat' dir='ltr'><strong>appro/tendisse.</strong></span> <span class='ocrx_word' id='word_1_231' title='bbox 1193 2829 1262 2884; x_wconf 88' lang='lat' dir='ltr'><strong>Et</strong></span> <span class='ocrx_word' id='word_1_232' title='bbox 1289 2843 1357 2884; x_wconf 89' lang='lat' dir='ltr'><strong>ne</strong></span> <span class='ocrx_word' id='word_1_233' title='bbox 1385 2829 1615 2892; x_wconf 86' lang='lat' dir='ltr'><strong>diceres,</strong></span> <span class='ocrx_word' id='word_1_234' title='bbox 1644 2831 1706 2885; x_wconf 81' lang='lat' dir='ltr'><strong>Si</strong></span> 
     </span>
    </p>
   </div>
   <div class='ocr_carea' id='block_1_29' title="bbox 132 2921 1711 2993">
    <p class='ocr_par' dir='ltr' id='par_1_29' title="bbox 132 2921 1711 2993">
     <span class='ocr_line' id='line_1_29' title="bbox 132 2921 1711 2993; baseline 0.001 -17"><span class='ocrx_word' id='word_1_235' title='bbox 132 2939 228 2976; x_wconf 84' lang='lat' dir='ltr'><strong>non</strong></span> <span class='ocrx_word' id='word_1_236' title='bbox 252 2923 598 2993; x_wconf 84' lang='lat' dir='ltr'><strong>apprehendit</strong></span> <span class='ocrx_word' id='word_1_237' title='bbox 643 2923 949 2992; x_wconf 76' lang='lat' dir='ltr'><strong>Apostolus,</strong></span> <span class='ocrx_word' id='word_1_238' title='bbox 981 2937 1082 2992; x_wconf 76' lang='lat' dir='ltr'><strong>ego</strong></span> <span class='ocrx_word' id='word_1_239' title='bbox 1115 2921 1484 2992; x_wconf 83' lang='lat' dir='ltr'><strong>apprehendi?</strong></span> <span class='ocrx_word' id='word_1_240' title='bbox 1509 2923 1554 2978; x_wconf 93' lang='lat' dir='ltr'><strong>si</strong></span> <span class='ocrx_word' id='word_1_241' title='bbox 1587 2940 1711 2993; x_wconf 88' lang='lat' dir='ltr'><strong>per-</strong></span> 
     </span>
    </p>
   </div>
   <div class='ocr_carea' id='block_1_30' title="bbox 131 3013 1712 3086">
    <p class='ocr_par' dir='ltr' id='par_1_30' title="bbox 131 3013 1712 3086">
     <span class='ocr_line' id='line_1_30' title="bbox 131 3013 1712 3086; baseline 0.003 -18"><span class='ocrx_word' id='word_1_242' title='bbox 131 3015 288 3070; x_wconf 81' lang='lat' dir='ltr'><strong>fectus</strong></span> <span class='ocrx_word' id='word_1_243' title='bbox 329 3031 435 3070; x_wconf 91' lang='lat' dir='ltr'><strong>non</strong></span> <span class='ocrx_word' id='word_1_244' title='bbox 481 3023 564 3068; x_wconf 86' lang='lat' dir='ltr'><strong>est</strong></span> <span class='ocrx_word' id='word_1_245' title='bbox 595 3014 903 3082; x_wconf 70' lang='lat' dir='ltr'><strong>Apostolus,</strong></span> <span class='ocrx_word' id='word_1_246' title='bbox 935 3029 1036 3084; x_wconf 89' lang='lat' dir='ltr'><strong>ego</strong></span> <span class='ocrx_word' id='word_1_247' title='bbox 1085 3013 1357 3086; x_wconf 81' lang='lat' dir='ltr'><strong>perfectus</strong></span> <span class='ocrx_word' id='word_1_248' title='bbox 1397 3017 1556 3070; x_wconf 84' lang='lat' dir='ltr'><strong>sum?</strong></span> <span class='ocrx_word' id='word_1_249' title='bbox 1591 3018 1712 3073; x_wconf 90' lang='lat' dir='ltr'><strong>vide</strong></span> 
     </span>
    </p>
   </div>
   <div class='ocr_carea' id='block_1_31' title="bbox 129 3105 1712 3178">
    <p class='ocr_par' dir='ltr' id='par_1_31' title="bbox 129 3105 1712 3178">
     <span class='ocr_line' id='line_1_31' title="bbox 129 3105 1712 3178; baseline 0.002 -19"><span class='ocrx_word' id='word_1_250' title='bbox 129 3107 242 3176; x_wconf 89' lang='lat' dir='ltr'><strong>quid</strong></span> <span class='ocrx_word' id='word_1_251' title='bbox 267 3117 407 3176; x_wconf 80' lang='lat' dir='ltr'><strong>agat,</strong></span> <span class='ocrx_word' id='word_1_252' title='bbox 440 3106 657 3163; x_wconf 84' lang='lat' dir='ltr'><strong>attende</strong></span> <span class='ocrx_word' id='word_1_253' title='bbox 681 3107 806 3176; x_wconf 89' lang='lat' dir='ltr'><strong>quid</strong></span> <span class='ocrx_word' id='word_1_254' title='bbox 834 3106 996 3162; x_wconf 86' lang='lat' dir='ltr'><strong>dicat.</strong></span> <span class='ocrx_word' id='word_1_255' title='bbox 1028 3105 1164 3174; x_wconf 84' lang='lat' dir='ltr'><strong>Quid</strong></span> <span class='ocrx_word' id='word_1_256' title='bbox 1191 3121 1320 3178; x_wconf 78' lang='lat' dir='ltr'><strong>ergo</strong></span> <span class='ocrx_word' id='word_1_257' title='bbox 1350 3107 1464 3178; x_wconf 82' lang='lat' dir='ltr'><strong>agis</strong></span> <span class='ocrx_word' id='word_1_258' title='bbox 1496 3107 1536 3170; x_wconf 77' lang='grc' dir='ltr'><strong>ί,</strong></span> <span class='ocrx_word' id='word_1_259' title='bbox 1567 3109 1712 3176; x_wconf 76' lang='lat' dir='ltr'><strong>Apo-</strong></span> 
     </span>
    </p>
   </div>
   <div class='ocr_carea' id='block_1_32' title="bbox 129 3197 1711 3269">
    <p class='ocr_par' dir='ltr' id='par_1_32' title="bbox 129 3197 1711 3269">
     <span class='ocr_line' id='line_1_32' title="bbox 129 3197 1711 3269; baseline 0.001 -17"><span class='ocrx_word' id='word_1_260' title='bbox 129 3199 298 3255; x_wconf 87' lang='lat' dir='ltr'><strong>stole?</strong></span> <span class='ocrx_word' id='word_1_261' title='bbox 327 3199 573 3253; x_wconf 85' lang='lat' dir='ltr'><strong>Nondum</strong></span> <span class='ocrx_word' id='word_1_262' title='bbox 600 3198 1016 3269; x_wconf 83' lang='lat' dir='ltr'><strong>appreliendisti,</strong></span> <span class='ocrx_word' id='word_1_263' title='bbox 1049 3197 1285 3252; x_wconf 88' lang='lat' dir='ltr'><strong>nondum</strong></span> <span class='ocrx_word' id='word_1_264' title='bbox 1315 3197 1586 3268; x_wconf 77' lang='lat' dir='ltr'><strong>perfectus</strong></span> <span class='ocrx_word' id='word_1_265' title='bbox 1611 3198 1711 3253; x_wconf 80' lang='lat' dir='ltr'><strong>es?</strong></span> 
     </span>
    </p>
   </div>
   <div class='ocr_carea' id='block_1_33' title="bbox 127 3288 1706 3362">
    <p class='ocr_par' dir='ltr' id='par_1_33' title="bbox 127 3288 1706 3362">
     <span class='ocr_line' id='line_1_33' title="bbox 127 3288 1706 3362; baseline -0.001 -17"><span class='ocrx_word' id='word_1_266' title='bbox 127 3292 253 3358; x_wconf 78' lang='lat' dir='ltr'><strong>Quid</strong></span> <span class='ocrx_word' id='word_1_267' title='bbox 273 3292 429 3362; x_wconf 83' lang='lat' dir='ltr'><strong>agis?</strong></span> <span class='ocrx_word' id='word_1_268' title='bbox 452 3290 518 3345; x_wconf 89' lang='lat' dir='ltr'><strong>ad</strong></span> <span class='ocrx_word' id='word_1_269' title='bbox 544 3306 701 3360; x_wconf 91' lang='lat' dir='ltr'><strong>quam</strong></span> <span class='ocrx_word' id='word_1_270' title='bbox 727 3290 992 3346; x_wconf 85' lang='lat' dir='ltr'><strong>actionem</strong></span> <span class='ocrx_word' id='word_1_271' title='bbox 1017 3305 1101 3345; x_wconf 89' lang='lat' dir='ltr'><strong>me</strong></span> <span class='ocrx_word' id='word_1_272' title='bbox 1128 3288 1403 3344; x_wconf 78' lang='lat' dir='ltr'><strong>hortaris?</strong></span> <span class='ocrx_word' id='word_1_273' title='bbox 1426 3290 1551 3358; x_wconf 90' lang='lat' dir='ltr'><strong>quid</strong></span> <span class='ocrx_word' id='word_1_274' title='bbox 1575 3290 1706 3345; x_wconf 85' lang='lat' dir='ltr'><strong>mihi</strong></span> 
     </span>
    </p>
   </div>
   <div class='ocr_carea' id='block_1_34' title="bbox 129 3380 1708 3452">
    <p class='ocr_par' dir='ltr' id='par_1_34' title="bbox 129 3380 1708 3452">
     <span class='ocr_line' id='line_1_34' title="bbox 129 3380 1708 3452; baseline -0.001 -16"><span class='ocrx_word' id='word_1_275' title='bbox 129 3385 432 3440; x_wconf 87' lang='lat' dir='ltr'><strong>imitandum</strong></span> <span class='ocrx_word' id='word_1_276' title='bbox 479 3382 917 3452; x_wconf 89' lang='lat' dir='ltr'><strong>sequendumque</strong></span> <span class='ocrx_word' id='word_1_277' title='bbox 964 3381 1256 3452; x_wconf 82' lang='lat' dir='ltr'><strong>proponis?</strong></span> <span class='ocrx_word' id='word_1_278' title='bbox 1291 3380 1460 3434; x_wconf 86' lang='lat' dir='ltr'><strong>Unum</strong></span> <span class='ocrx_word' id='word_1_279' title='bbox 1499 3392 1669 3434; x_wconf 87' lang='lat' dir='ltr'><strong>autem</strong></span> <span class='ocrx_word' id='word_1_280' title='bbox 1694 3422 1708 3442; x_wconf 95' lang='lat'><strong>,</strong></span> 
     </span>
    </p>
   </div>
   <div class='ocr_carea' id='block_1_35' title="bbox 130 3471 1712 3546">
    <p class='ocr_par' dir='ltr' id='par_1_35' title="bbox 130 3471 1712 3546">
     <span class='ocr_line' id='line_1_35' title="bbox 130 3471 1712 3546; baseline 0 -20"><span class='ocrx_word' id='word_1_281' title='bbox 130 3475 308 3542; x_wconf 89' lang='lat' dir='ltr'><strong>inquit,</strong></span> <span class='ocrx_word' id='word_1_282' title='bbox 338 3488 457 3546; x_wconf 79' lang='lat' dir='ltr'><strong>qua:</strong></span> <span class='ocrx_word' id='word_1_283' title='bbox 491 3483 626 3527; x_wconf 88' lang='lat' dir='ltr'><strong>retro</strong></span> <span class='ocrx_word' id='word_1_284' title='bbox 651 3481 768 3528; x_wconf 85' lang='lat' dir='ltr'><strong>sunt</strong></span> <span class='ocrx_word' id='word_1_285' title='bbox 795 3471 997 3538; x_wconf 84' lang='lat' dir='ltr'><strong>oblitus,</strong></span> <span class='ocrx_word' id='word_1_286' title='bbox 1027 3473 1078 3524; x_wconf 88' lang='lat' dir='ltr'><strong>in</strong></span> <span class='ocrx_word' id='word_1_287' title='bbox 1101 3488 1160 3526; x_wconf 88' lang='lat' dir='ltr'><strong>ea</strong></span> <span class='ocrx_word' id='word_1_288' title='bbox 1193 3487 1306 3539; x_wconf 67' lang='lat' dir='ltr'><strong>quae</strong></span> <span class='ocrx_word' id='word_1_289' title='bbox 1331 3482 1448 3524; x_wconf 84' lang='lat' dir='ltr'><strong>ante</strong></span> <span class='ocrx_word' id='word_1_290' title='bbox 1484 3481 1599 3526; x_wconf 88' lang='lat' dir='ltr'><strong>sunt</strong></span> <span class='ocrx_word' id='word_1_291' title='bbox 1626 3489 1712 3527; x_wconf 76' lang='lat' dir='ltr'><strong>ea:-</strong></span> 
     </span>
    </p>
   </div>
   <div class='ocr_carea' id='block_1_36' title="bbox 128 3564 1710 3632">
    <p class='ocr_par' dir='ltr' id='par_1_36' title="bbox 128 3564 1710 3632">
     <span class='ocr_line' id='line_1_36' title="bbox 128 3564 1710 3632; baseline -0.002 -14"><span class='ocrx_word' id='word_1_292' title='bbox 128 3576 300 3631; x_wconf 84' lang='lat' dir='ltr'><strong>teuttts,</strong></span> <span class='ocrx_word' id='word_1_293' title='bbox 348 3566 632 3620; x_wconf 83' lang='lat' dir='ltr'><strong>secundant</strong></span> <span class='ocrx_word' id='word_1_294' title='bbox 677 3565 1003 3619; x_wconf 85' lang='lat' dir='ltr'><strong>intentionem</strong></span> <span class='ocrx_word' id='word_1_295' title='bbox 1051 3580 1232 3632; x_wconf 81' lang='lat' dir='ltr'><strong>sequor</strong></span> <span class='ocrx_word' id='word_1_296' title='bbox 1259 3564 1327 3616; x_wconf 85' lang='lat' dir='ltr'><strong>ad</strong></span> <span class='ocrx_word' id='word_1_297' title='bbox 1371 3565 1592 3631; x_wconf 81' lang='lat' dir='ltr'><strong>palmam</strong></span> <span class='ocrx_word' id='word_1_298' title='bbox 1620 3582 1710 3617; x_wconf 83' lang='lat' dir='ltr'><strong>su-</strong></span> 
     </span>
    </p>
   </div>
   <div class='ocr_carea' id='block_1_37' title="bbox 131 3652 1711 3726">
    <p class='ocr_par' dir='ltr' id='par_1_37' title="bbox 131 3652 1711 3726">
     <span class='ocr_line' id='line_1_37' title="bbox 131 3652 1711 3726; baseline -0.002 -15"><span class='ocrx_word' id='word_1_299' title='bbox 131 3675 287 3726; x_wconf 82' lang='lat' dir='ltr'><strong>perna:</strong></span> <span class='ocrx_word' id='word_1_300' title='bbox 323 3656 600 3713; x_wconf 73' lang='lat' dir='ltr'><strong>uocationis</strong></span> <span class='ocrx_word' id='word_1_301' title='bbox 639 3655 736 3710; x_wconf 88' lang='lat' dir='ltr'><strong>Dei</strong></span> <span class='ocrx_word' id='word_1_302' title='bbox 762 3657 814 3709; x_wconf 89' lang='lat' dir='ltr'><strong>in</strong></span> <span class='ocrx_word' id='word_1_303' title='bbox 839 3654 1039 3710; x_wconf 85' lang='lat' dir='ltr'><strong>Christo</strong></span> <span class='ocrx_word' id='word_1_304' title='bbox 1062 3653 1188 3708; x_wconf 71' lang='lat' dir='ltr'><strong>Iesu</strong></span> <span class='ocrx_word' id='word_1_305' title='bbox 1217 3652 1474 3725; x_wconf 79' lang='lat' dir='ltr'><strong>(Philipp.</strong></span> <span class='ocrx_word' id='word_1_306' title='bbox 1505 3671 1579 3712; x_wconf 83' lang='lat' dir='ltr'><strong>tu.</strong></span> <span class='ocrx_word' id='word_1_307' title='bbox 1614 3655 1711 3710; x_wconf 75' lang='grc'><strong>12-</strong></span> 
     </span>
    </p>
   </div>
   <div class='ocr_carea' id='block_1_38' title="bbox 131 3744 1711 3817">
    <p class='ocr_par' dir='ltr' id='par_1_38' title="bbox 131 3744 1711 3817">
     <span class='ocr_line' id='line_1_38' title="bbox 131 3744 1711 3817; baseline -0.001 -17"><span class='ocrx_word' id='word_1_308' title='bbox 131 3747 599 3817; x_wconf 79' lang='lat' dir='ltr'><strong>l.t):sccundu:n</strong></span> <span class='ocrx_word' id='word_1_309' title='bbox 664 3746 1048 3807; x_wconf 90' lang='lat' dir='ltr'><strong>intentionem,</strong></span> <span class='ocrx_word' id='word_1_310' title='bbox 1112 3744 1351 3799; x_wconf 88' lang='lat' dir='ltr'><strong>nondum</strong></span> <span class='ocrx_word' id='word_1_311' title='bbox 1418 3745 1711 3799; x_wconf 88' lang='lat' dir='ltr'><strong>secundum</strong></span> 
     </span>
    </p>
   </div>
   <div class='ocr_carea' id='block_1_39' title="bbox 131 3833 1708 3904">
    <p class='ocr_par' dir='ltr' id='par_1_39' title="bbox 131 3833 1708 3904">
     <span class='ocr_line' id='line_1_39' title="bbox 131 3833 1708 3904; baseline 0.001 -16"><span class='ocrx_word' id='word_1_312' title='bbox 131 3839 558 3903; x_wconf 78' lang='lat' dir='ltr'><strong>pet-ventionem,</strong></span> <span class='ocrx_word' id='word_1_313' title='bbox 598 3835 832 3889; x_wconf 87' lang='lat' dir='ltr'><strong>nondum</strong></span> <span class='ocrx_word' id='word_1_314' title='bbox 879 3833 1171 3889; x_wconf 88' lang='lat' dir='ltr'><strong>secumlmn</strong></span> <span class='ocrx_word' id='word_1_315' title='bbox 1203 3833 1708 3904; x_wconf 84' lang='lat' dir='ltr'><strong>apprehensionem.</strong></span> 
     </span>
    </p>
   </div>
   <div class='ocr_carea' id='block_1_40' title="bbox 129 3926 1715 3994">
    <p class='ocr_par' dir='ltr' id='par_1_40' title="bbox 129 3926 1715 3994">
     <span class='ocr_line' id='line_1_40' title="bbox 129 3926 1715 3994; baseline -0.003 -11"><span class='ocrx_word' id='word_1_316' title='bbox 129 3927 232 3983; x_wconf 76' lang='lat' dir='ltr'><strong>Non</strong></span> <span class='ocrx_word' id='word_1_317' title='bbox 259 3930 569 3984; x_wconf 87' lang='lat' dir='ltr'><strong>relabamur</strong></span> <span class='ocrx_word' id='word_1_318' title='bbox 594 3927 860 3994; x_wconf 84' lang='lat' dir='ltr'><strong>undejam</strong></span> <span class='ocrx_word' id='word_1_319' title='bbox 889 3926 1287 3989; x_wconf 85' lang='lat' dir='ltr'><strong>transilivimus,</strong></span> <span class='ocrx_word' id='word_1_320' title='bbox 1314 3942 1414 3981; x_wconf 91' lang='lat' dir='ltr'><strong>nec</strong></span> <span class='ocrx_word' id='word_1_321' title='bbox 1435 3943 1715 3982; x_wconf 84' lang='lat' dir='ltr'><strong>remanea-</strong></span> 
     </span>
    </p>
   </div>
   <div class='ocr_carea' id='block_1_41' title="bbox 130 4016 1713 4088">
    <p class='ocr_par' dir='ltr' id='par_1_41' title="bbox 130 4016 1713 4088">
     <span class='ocr_line' id='line_1_41' title="bbox 130 4016 1713 4088; baseline 0 -16"><span class='ocrx_word' id='word_1_322' title='bbox 130 4036 236 4073; x_wconf 88' lang='lat' dir='ltr'><strong>mus</strong></span> <span class='ocrx_word' id='word_1_323' title='bbox 266 4022 315 4073; x_wconf 91' lang='lat' dir='ltr'><strong>in</strong></span> <span class='ocrx_word' id='word_1_324' title='bbox 348 4020 462 4074; x_wconf 91' lang='lat' dir='ltr'><strong>illis</strong></span> <span class='ocrx_word' id='word_1_325' title='bbox 490 4019 542 4072; x_wconf 92' lang='lat' dir='ltr'><strong>in</strong></span> <span class='ocrx_word' id='word_1_326' title='bbox 569 4035 688 4088; x_wconf 76' lang='lat' dir='ltr'><strong>qua:</strong></span> <span class='ocrx_word' id='word_1_327' title='bbox 713 4017 822 4086; x_wconf 83' lang='lat' dir='ltr'><strong>jam</strong></span> <span class='ocrx_word' id='word_1_328' title='bbox 845 4017 1106 4071; x_wconf 85' lang='lat' dir='ltr'><strong>venimus.</strong></span> <span class='ocrx_word' id='word_1_329' title='bbox 1135 4016 1450 4082; x_wconf 88' lang='lat' dir='ltr'><strong>Curramus,</strong></span> <span class='ocrx_word' id='word_1_330' title='bbox 1470 4017 1713 4072; x_wconf 61' lang='lat' dir='ltr'><strong>interula.</strong></span> 
     </span>
    </p>
   </div>
   <div class='ocr_carea' id='block_1_42' title="bbox 129 4107 1713 4179">
    <p class='ocr_par' dir='ltr' id='par_1_42' title="bbox 129 4107 1713 4179">
     <span class='ocr_line' id='line_1_42' title="bbox 129 4107 1713 4179; baseline 0 -15"><span class='ocrx_word' id='word_1_331' title='bbox 129 4126 256 4177; x_wconf 88' lang='lat' dir='ltr'><strong>mus,</strong></span> <span class='ocrx_word' id='word_1_332' title='bbox 288 4111 340 4166; x_wconf 90' lang='lat' dir='ltr'><strong>in</strong></span> <span class='ocrx_word' id='word_1_333' title='bbox 373 4109 462 4166; x_wconf 86' lang='lat' dir='ltr'><strong>via</strong></span> <span class='ocrx_word' id='word_1_334' title='bbox 487 4123 672 4164; x_wconf 89' lang='lat' dir='ltr'><strong>sumus</strong></span> <span class='ocrx_word' id='word_1_335' title='bbox 703 4127 716 4162; x_wconf 89' lang='lat'><strong>:</strong></span> <span class='ocrx_word' id='word_1_336' title='bbox 748 4123 848 4164; x_wconf 88' lang='lat' dir='ltr'><strong>nec</strong></span> <span class='ocrx_word' id='word_1_337' title='bbox 889 4116 994 4162; x_wconf 88' lang='lat' dir='ltr'><strong>tam</strong></span> <span class='ocrx_word' id='word_1_338' title='bbox 1025 4107 1101 4162; x_wconf 87' lang='lat' dir='ltr'><strong>sis</strong></span> <span class='ocrx_word' id='word_1_339' title='bbox 1138 4121 1360 4163; x_wconf 83' lang='lat' dir='ltr'><strong>securus</strong></span> <span class='ocrx_word' id='word_1_340' title='bbox 1396 4123 1461 4164; x_wconf 78' lang='lat' dir='ltr'><strong>ex</strong></span> <span class='ocrx_word' id='word_1_341' title='bbox 1491 4108 1571 4164; x_wconf 88' lang='lat' dir='ltr'><strong>eis</strong></span> <span class='ocrx_word' id='word_1_342' title='bbox 1594 4123 1713 4179; x_wconf 88' lang='lat' dir='ltr'><strong>qu:e</strong></span> 
     </span>
    </p>
   </div>
   <div class='ocr_carea' id='block_1_43' title="bbox 129 4197 1713 4271">
    <p class='ocr_par' dir='ltr' id='par_1_43' title="bbox 129 4197 1713 4271">
     <span class='ocr_line' id='line_1_43' title="bbox 129 4197 1713 4271; baseline -0.001 -17"><span class='ocrx_word' id='word_1_343' title='bbox 129 4201 374 4268; x_wconf 86' lang='lat' dir='ltr'><strong>transisti,</strong></span> <span class='ocrx_word' id='word_1_344' title='bbox 417 4214 580 4271; x_wconf 87' lang='lat' dir='ltr'><strong>quam</strong></span> <span class='ocrx_word' id='word_1_345' title='bbox 629 4199 890 4255; x_wconf 90' lang='lat' dir='ltr'><strong>sollicitus</strong></span> <span class='ocrx_word' id='word_1_346' title='bbox 941 4211 1037 4267; x_wconf 88' lang='lat' dir='ltr'><strong>pro</strong></span> <span class='ocrx_word' id='word_1_347' title='bbox 1074 4198 1155 4252; x_wconf 91' lang='lat' dir='ltr'><strong>eis</strong></span> <span class='ocrx_word' id='word_1_348' title='bbox 1197 4197 1265 4252; x_wconf 92' lang='lat' dir='ltr'><strong>ad</strong></span> <span class='ocrx_word' id='word_1_349' title='bbox 1310 4213 1429 4268; x_wconf 66' lang='lat' dir='ltr'><strong>qua:</strong></span> <span class='ocrx_word' id='word_1_350' title='bbox 1476 4199 1713 4253; x_wconf 90' lang='lat' dir='ltr'><strong>nondmn</strong></span> 
     </span>
    </p>
   </div>
   <div class='ocr_carea' id='block_1_44' title="bbox 130 4287 1716 4362">
    <p class='ocr_par' dir='ltr' id='par_1_44' title="bbox 130 4287 1716 4362">
     <span class='ocr_line' id='line_1_44' title="bbox 130 4287 1716 4362; baseline -0.003 -15"><span class='ocrx_word' id='word_1_351' title='bbox 130 4293 426 4362; x_wconf 81' lang='lat' dir='ltr'><strong>pervenisti.</strong></span> <span class='ocrx_word' id='word_1_352' title='bbox 455 4292 587 4360; x_wconf 70' lang='lat' dir='ltr'><strong>Quae</strong></span> <span class='ocrx_word' id='word_1_353' title='bbox 623 4302 778 4354; x_wconf 87' lang='lat' dir='ltr'><strong>retro,</strong></span> <span class='ocrx_word' id='word_1_354' title='bbox 820 4289 1010 4359; x_wconf 86' lang='lat' dir='ltr'><strong>inquit,</strong></span> <span class='ocrx_word' id='word_1_355' title='bbox 1041 4287 1245 4355; x_wconf 85' lang='lat' dir='ltr'><strong>oblitus,</strong></span> <span class='ocrx_word' id='word_1_356' title='bbox 1283 4289 1334 4342; x_wconf 91' lang='lat' dir='ltr'><strong>iu</strong></span> <span class='ocrx_word' id='word_1_357' title='bbox 1361 4305 1425 4344; x_wconf 85' lang='lat' dir='ltr'><strong>ea</strong></span> <span class='ocrx_word' id='word_1_358' title='bbox 1459 4305 1575 4358; x_wconf 81' lang='lat' dir='ltr'><strong>qua:</strong></span> <span class='ocrx_word' id='word_1_359' title='bbox 1601 4299 1716 4343; x_wconf 84' lang='lat' dir='ltr'><strong>ante</strong></span> 
     </span>
    </p>
   </div>
   <div class='ocr_carea' id='block_1_45' title="bbox 128 4382 1714 4451">
    <p class='ocr_par' dir='ltr' id='par_1_45' title="bbox 128 4382 1714 4451">
     <span class='ocr_line' id='line_1_45' title="bbox 128 4382 1714 4451; baseline -0.001 -12"><span class='ocrx_word' id='word_1_360' title='bbox 128 4396 231 4439; x_wconf 82' lang='lat' dir='ltr'><strong>sunt</strong></span> <span class='ocrx_word' id='word_1_361' title='bbox 260 4395 512 4449; x_wconf 74' lang='lat' dir='ltr'><strong>extentus,</strong></span> <span class='ocrx_word' id='word_1_362' title='bbox 541 4383 816 4438; x_wconf 83' lang='lat' dir='ltr'><strong>secundum</strong></span> <span class='ocrx_word' id='word_1_363' title='bbox 841 4382 1165 4436; x_wconf 84' lang='lat' dir='ltr'><strong>intentionem</strong></span> <span class='ocrx_word' id='word_1_364' title='bbox 1190 4398 1372 4451; x_wconf 83' lang='lat' dir='ltr'><strong>sequor</strong></span> <span class='ocrx_word' id='word_1_365' title='bbox 1394 4382 1464 4435; x_wconf 83' lang='lat' dir='ltr'><strong>ad</strong></span> <span class='ocrx_word' id='word_1_366' title='bbox 1489 4382 1714 4451; x_wconf 84' lang='lat' dir='ltr'><strong>palmam</strong></span> 
     </span>
    </p>
   </div>
   <div class='ocr_carea' id='block_1_46' title="bbox 128 4471 1713 4545">
    <p class='ocr_par' dir='ltr' id='par_1_46' title="bbox 128 4471 1713 4545">
     <span class='ocr_line' id='line_1_46' title="bbox 128 4471 1713 4545; baseline -0.001 -15"><span class='ocrx_word' id='word_1_367' title='bbox 128 4493 348 4545; x_wconf 70' lang='lat' dir='ltr'><strong>supernas</strong></span> <span class='ocrx_word' id='word_1_368' title='bbox 383 4476 664 4532; x_wconf 75' lang='lat' dir='ltr'><strong>vocationis</strong></span> <span class='ocrx_word' id='word_1_369' title='bbox 693 4473 788 4528; x_wconf 88' lang='lat' dir='ltr'><strong>Dci</strong></span> <span class='ocrx_word' id='word_1_370' title='bbox 812 4474 867 4527; x_wconf 87' lang='lat' dir='ltr'><strong>in</strong></span> <span class='ocrx_word' id='word_1_371' title='bbox 897 4471 1097 4528; x_wconf 81' lang='lat' dir='ltr'><strong>Christo</strong></span> <span class='ocrx_word' id='word_1_372' title='bbox 1130 4471 1277 4528; x_wconf 80' lang='lat' dir='ltr'><strong>Jesu.</strong></span> <span class='ocrx_word' id='word_1_373' title='bbox 1327 4473 1444 4542; x_wconf 88' lang='lat' dir='ltr'><strong>Ipse</strong></span> <span class='ocrx_word' id='word_1_374' title='bbox 1465 4483 1547 4528; x_wconf 90' lang='lat' dir='ltr'><strong>est</strong></span> <span class='ocrx_word' id='word_1_375' title='bbox 1571 4474 1713 4528; x_wconf 92' lang='lat' dir='ltr'><strong>enim</strong></span> 
     </span>
    </p>
   </div>
   <div class='ocr_carea' id='block_1_47' title="bbox 130 4564 1718 4630">
    <p class='ocr_par' dir='ltr' id='par_1_47' title="bbox 130 4564 1718 4630">
     <span class='ocr_line' id='line_1_47' title="bbox 130 4564 1718 4630; baseline 0 -10"><span class='ocrx_word' id='word_1_376' title='bbox 130 4566 260 4623; x_wconf 82' lang='lat' dir='ltr'><strong>ﬁnis.</strong></span> <span class='ocrx_word' id='word_1_377' title='bbox 305 4569 486 4626; x_wconf 88' lang='lat' dir='ltr'><strong>Unum</strong></span> <span class='ocrx_word' id='word_1_378' title='bbox 535 4577 752 4630; x_wconf 88' lang='lat' dir='ltr'><strong>autem,</strong></span> <span class='ocrx_word' id='word_1_379' title='bbox 803 4564 906 4620; x_wconf 87' lang='lat' dir='ltr'><strong>hoc</strong></span> <span class='ocrx_word' id='word_1_380' title='bbox 957 4573 1043 4619; x_wconf 90' lang='lat' dir='ltr'><strong>est</strong></span> <span class='ocrx_word' id='word_1_381' title='bbox 1093 4565 1219 4618; x_wconf 89' lang='lat' dir='ltr'><strong>illud</strong></span> <span class='ocrx_word' id='word_1_382' title='bbox 1265 4581 1471 4619; x_wconf 89' lang='lat' dir='ltr'><strong>unum:</strong></span> <span class='ocrx_word' id='word_1_383' title='bbox 1506 4565 1718 4620; x_wconf 85' lang='lat' dir='ltr'><strong>Domine</strong></span> 
     </span>
    </p>
   </div>
   <div class='ocr_carea' id='block_1_48' title="bbox 131 4656 1713 4729">
    <p class='ocr_par' dir='ltr' id='par_1_48' title="bbox 131 4656 1713 4729">
     <span class='ocr_line' id='line_1_48' title="bbox 131 4656 1713 4729; baseline 0 -15"><span class='ocrx_word' id='word_1_384' title='bbox 131 4663 323 4716; x_wconf 80' lang='lat' dir='ltr'><strong>ostende</strong></span> <span class='ocrx_word' id='word_1_385' title='bbox 349 4662 499 4717; x_wconf 83' lang='lat' dir='ltr'><strong>nobis</strong></span> <span class='ocrx_word' id='word_1_386' title='bbox 532 4659 764 4726; x_wconf 82' lang='lat' dir='ltr'><strong>Patrem,</strong></span> <span class='ocrx_word' id='word_1_387' title='bbox 790 4669 837 4712; x_wconf 89' lang='lat' dir='ltr'><strong>et</strong></span> <span class='ocrx_word' id='word_1_388' title='bbox 873 4658 1053 4727; x_wconf 60' lang='lat' dir='ltr'><strong>suﬁcit</strong></span> <span class='ocrx_word' id='word_1_389' title='bbox 1082 4659 1226 4711; x_wconf 85' lang='lat' dir='ltr'><strong>nobis</strong></span> <span class='ocrx_word' id='word_1_390' title='bbox 1254 4656 1434 4727; x_wconf 83' lang='lat' dir='ltr'><strong>(Joan.</strong></span> <span class='ocrx_word' id='word_1_391' title='bbox 1481 4674 1590 4722; x_wconf 80' lang='lat' dir='ltr'><strong>xlv,</strong></span> <span class='ocrx_word' id='word_1_392' title='bbox 1635 4658 1713 4729; x_wconf 87' lang='lat'><strong>9).</strong></span> 
     </span>
    </p>
   </div>
   <div class='ocr_carea' id='block_1_49' title="bbox 131 4748 1714 4820">
    <p class='ocr_par' dir='ltr' id='par_1_49' title="bbox 131 4748 1714 4820">
     <span class='ocr_line' id='line_1_49' title="bbox 131 4748 1714 4820; baseline -0.003 -12"><span class='ocrx_word' id='word_1_393' title='bbox 131 4751 290 4808; x_wconf 90' lang='lat' dir='ltr'><strong>Unum</strong></span> <span class='ocrx_word' id='word_1_394' title='bbox 318 4761 528 4816; x_wconf 88' lang='lat' dir='ltr'><strong>autem,</strong></span> <span class='ocrx_word' id='word_1_395' title='bbox 572 4765 692 4820; x_wconf 71' lang='lat' dir='ltr'><strong>qua:</strong></span> <span class='ocrx_word' id='word_1_396' title='bbox 735 4757 790 4804; x_wconf 90' lang='lat' dir='ltr'><strong>et</strong></span> <span class='ocrx_word' id='word_1_397' title='bbox 828 4765 932 4804; x_wconf 90' lang='lat' dir='ltr'><strong>una</strong></span> <span class='ocrx_word' id='word_1_398' title='bbox 975 4749 1170 4804; x_wconf 90' lang='lat' dir='ltr'><strong>dicitur</strong></span> <span class='ocrx_word' id='word_1_399' title='bbox 1213 4748 1266 4803; x_wconf 92' lang='lat' dir='ltr'><strong>in</strong></span> <span class='ocrx_word' id='word_1_400' title='bbox 1313 4749 1418 4803; x_wconf 84' lang='lat' dir='ltr'><strong>alio</strong></span> <span class='ocrx_word' id='word_1_401' title='bbox 1462 4749 1714 4819; x_wconf 89' lang='lat' dir='ltr'><strong>psalmo:</strong></span> 
     </span>
    </p>
   </div>
   <div class='ocr_carea' id='block_1_50' title="bbox 133 4838 1719 4918">
    <p class='ocr_par' dir='ltr' id='par_1_50' title="bbox 133 4838 1719 4918">
     <span class='ocr_line' id='line_1_50' title="bbox 133 4838 1719 4918; baseline -0.003 -18"><span class='ocrx_word' id='word_1_402' title='bbox 133 4842 287 4900; x_wconf 83' lang='lat' dir='ltr'><strong>Unam</strong></span> <span class='ocrx_word' id='word_1_403' title='bbox 316 4846 440 4918; x_wconf 81' lang='lat' dir='ltr'><strong>petii</strong></span> <span class='ocrx_word' id='word_1_404' title='bbox 459 4861 494 4898; x_wconf 89' lang='lat' dir='ltr'><strong>a</strong></span> <span class='ocrx_word' id='word_1_405' title='bbox 513 4842 760 4905; x_wconf 84' lang='lat' dir='ltr'><strong>Domino,</strong></span> <span class='ocrx_word' id='word_1_406' title='bbox 792 4842 922 4895; x_wconf 84' lang='lat' dir='ltr'><strong>Itane</strong></span> <span class='ocrx_word' id='word_1_407' title='bbox 960 4842 1235 4912; x_wconf 78' lang='lat' dir='ltr'><strong>requiram.</strong></span> <span class='ocrx_word' id='word_1_408' title='bbox 1266 4838 1394 4905; x_wconf 77' lang='grc' dir='ltr'><strong>ρυω</strong></span> <span class='ocrx_word' id='word_1_409' title='bbox 1417 4851 1550 4895; x_wconf 88' lang='lat' dir='ltr'><strong>retro</strong></span> <span class='ocrx_word' id='word_1_410' title='bbox 1591 4841 1719 4895; x_wconf 78' lang='lat' dir='ltr'><strong>obli—</strong></span> 
     </span>
    </p>
   </div>
   <div class='ocr_carea' id='block_1_51' title="bbox 132 4930 1716 5004">
    <p class='ocr_par' dir='ltr' id='par_1_51' title="bbox 132 4930 1716 5004">
     <span class='ocr_line' id='line_1_51' title="bbox 132 4930 1716 5004; baseline -0.001 -18"><span class='ocrx_word' id='word_1_411' title='bbox 132 4946 221 5001; x_wconf 84' lang='lat' dir='ltr'><strong>tus,</strong></span> <span class='ocrx_word' id='word_1_412' title='bbox 245 4937 295 4989; x_wconf 87' lang='lat' dir='ltr'><strong>in</strong></span> <span class='ocrx_word' id='word_1_413' title='bbox 317 4954 376 4989; x_wconf 88' lang='lat' dir='ltr'><strong>ea</strong></span> <span class='ocrx_word' id='word_1_414' title='bbox 396 4949 517 5004; x_wconf 68' lang='lat' dir='ltr'><strong>qua:</strong></span> <span class='ocrx_word' id='word_1_415' title='bbox 537 4943 656 4986; x_wconf 86' lang='lat' dir='ltr'><strong>ante</strong></span> <span class='ocrx_word' id='word_1_416' title='bbox 676 4941 793 4986; x_wconf 85' lang='lat' dir='ltr'><strong>sunt</strong></span> <span class='ocrx_word' id='word_1_417' title='bbox 813 4942 1059 4995; x_wconf 77' lang='lat' dir='ltr'><strong>extentus,</strong></span> <span class='ocrx_word' id='word_1_418' title='bbox 1087 4930 1252 4985; x_wconf 87' lang='lat' dir='ltr'><strong>Unam</strong></span> <span class='ocrx_word' id='word_1_419' title='bbox 1274 4933 1394 5002; x_wconf 83' lang='lat' dir='ltr'><strong>petii</strong></span> <span class='ocrx_word' id='word_1_420' title='bbox 1417 4947 1446 4982; x_wconf 88' lang='lat' dir='ltr'><strong>a</strong></span> <span class='ocrx_word' id='word_1_421' title='bbox 1478 4931 1716 4996; x_wconf 83' lang='lat' dir='ltr'><strong>Domino,</strong></span> 
     </span>
    </p>
   </div>
   <div class='ocr_carea' id='block_1_52' title="bbox 133 5021 1719 5099">
    <p class='ocr_par' dir='ltr' id='par_1_52' title="bbox 133 5021 1719 5099">
     <span class='ocr_line' id='line_1_52' title="bbox 133 5021 1719 5099; baseline 0.001 -23"><span class='ocrx_word' id='word_1_422' title='bbox 133 5028 247 5080; x_wconf 76' lang='lat' dir='ltr'><strong>lianc</strong></span> <span class='ocrx_word' id='word_1_423' title='bbox 273 5028 555 5099; x_wconf 77' lang='lat' dir='ltr'><strong>requirant,</strong></span> <span class='ocrx_word' id='word_1_424' title='bbox 578 5034 632 5077; x_wconf 89' lang='lat' dir='ltr'><strong>ut</strong></span> <span class='ocrx_word' id='word_1_425' title='bbox 657 5024 928 5076; x_wconf 79' lang='lat' dir='ltr'><strong>inhabilem</strong></span> <span class='ocrx_word' id='word_1_426' title='bbox 949 5023 1000 5075; x_wconf 88' lang='lat' dir='ltr'><strong>in</strong></span> <span class='ocrx_word' id='word_1_427' title='bbox 1027 5023 1176 5076; x_wconf 88' lang='lat' dir='ltr'><strong>domo</strong></span> <span class='ocrx_word' id='word_1_428' title='bbox 1205 5021 1408 5076; x_wconf 86' lang='lat' dir='ltr'><strong>Domini</strong></span> <span class='ocrx_word' id='word_1_429' title='bbox 1436 5039 1524 5090; x_wconf 84' lang='lat' dir='ltr'><strong>per</strong></span> <span class='ocrx_word' id='word_1_430' title='bbox 1548 5039 1719 5077; x_wconf 78' lang='lat' dir='ltr'><strong>omnes</strong></span> 
     </span>
    </p>
   </div>
   <div class='ocr_carea' id='block_1_53' title="bbox 132 5112 1721 5183">
    <p class='ocr_par' dir='ltr' id='par_1_53' title="bbox 132 5112 1721 5183">
     <span class='ocr_line' id='line_1_53' title="bbox 132 5112 1721 5183; baseline -0.003 -12"><span class='ocrx_word' id='word_1_431' title='bbox 132 5123 224 5174; x_wconf 81' lang='lat' dir='ltr'><strong>dies</strong></span> <span class='ocrx_word' id='word_1_432' title='bbox 243 5121 354 5174; x_wconf 77' lang='lat' dir='ltr'><strong>vitaz</strong></span> <span class='ocrx_word' id='word_1_433' title='bbox 379 5134 529 5174; x_wconf 71' lang='lat' dir='ltr'><strong>meae.</strong></span> <span class='ocrx_word' id='word_1_434' title='bbox 558 5117 781 5183; x_wconf 76' lang='lat' dir='ltr'><strong>Propter</strong></span> <span class='ocrx_word' id='word_1_435' title='bbox 809 5114 973 5181; x_wconf 86' lang='lat' dir='ltr'><strong>quid?</strong></span> <span class='ocrx_word' id='word_1_436' title='bbox 1005 5112 1070 5169; x_wconf 85' lang='lat' dir='ltr'><strong>Ut</strong></span> <span class='ocrx_word' id='word_1_437' title='bbox 1097 5113 1406 5183; x_wconf 69' lang='lat' dir='ltr'><strong>contemplor</strong></span> <span class='ocrx_word' id='word_1_438' title='bbox 1429 5115 1721 5167; x_wconf 81' lang='lat' dir='ltr'><strong>delectatio-</strong></span> 
     </span>
    </p>
   </div>
   <div class='ocr_carea' id='block_1_54' title="bbox 133 5204 1721 5282">
    <p class='ocr_par' dir='ltr' id='par_1_54' title="bbox 133 5204 1721 5282">
     <span class='ocr_line' id='line_1_54' title="bbox 133 5204 1721 5282; baseline -0.003 -18"><span class='ocrx_word' id='word_1_439' title='bbox 133 5228 232 5265; x_wconf 79' lang='lat' dir='ltr'><strong>nem</strong></span> <span class='ocrx_word' id='word_1_440' title='bbox 258 5211 470 5266; x_wconf 85' lang='lat' dir='ltr'><strong>Domini</strong></span> <span class='ocrx_word' id='word_1_441' title='bbox 517 5207 692 5282; x_wconf 84' lang='lat' dir='ltr'><strong>(Psal.</strong></span> <span class='ocrx_word' id='word_1_442' title='bbox 735 5222 878 5268; x_wconf 75' lang='lat' dir='ltr'><strong>xxvi,</strong></span> <span class='ocrx_word' id='word_1_443' title='bbox 929 5206 1009 5275; x_wconf 68' lang='grc'><strong>4).</strong></span> <span class='ocrx_word' id='word_1_444' title='bbox 1062 5205 1135 5260; x_wconf 90' lang='lat' dir='ltr'><strong>lbi</strong></span> <span class='ocrx_word' id='word_1_445' title='bbox 1179 5207 1320 5258; x_wconf 86' lang='lat' dir='ltr'><strong>enim</strong></span> <span class='ocrx_word' id='word_1_446' title='bbox 1368 5204 1610 5274; x_wconf 77' lang='lat' dir='ltr'><strong>gaudebo</strong></span> <span class='ocrx_word' id='word_1_447' title='bbox 1652 5205 1721 5260; x_wconf 89' lang='lat' dir='ltr'><strong>de</strong></span> 
     </span>
    </p>
   </div>
   <div class='ocr_carea' id='block_1_55' title="bbox 133 5295 1720 5370">
    <p class='ocr_par' dir='ltr' id='par_1_55' title="bbox 133 5295 1720 5370">
     <span class='ocr_line' id='line_1_55' title="bbox 133 5295 1720 5370; baseline -0.006 -11"><span class='ocrx_word' id='word_1_448' title='bbox 133 5305 287 5370; x_wconf 85' lang='lat' dir='ltr'><strong>socio,</strong></span> <span class='ocrx_word' id='word_1_449' title='bbox 318 5319 426 5358; x_wconf 90' lang='lat' dir='ltr'><strong>non</strong></span> <span class='ocrx_word' id='word_1_450' title='bbox 461 5300 667 5355; x_wconf 87' lang='lat' dir='ltr'><strong>timebo</strong></span> <span class='ocrx_word' id='word_1_451' title='bbox 705 5297 772 5352; x_wconf 91' lang='lat' dir='ltr'><strong>de</strong></span> <span class='ocrx_word' id='word_1_452' title='bbox 807 5296 1112 5351; x_wconf 61' lang='lat' dir='ltr'><strong>adversario</strong></span> <span class='ocrx_word' id='word_1_453' title='bbox 1147 5314 1159 5351; x_wconf 91' lang='lat'><strong>:</strong></span> <span class='ocrx_word' id='word_1_454' title='bbox 1193 5295 1264 5350; x_wconf 92' lang='lat' dir='ltr'><strong>ibi</strong></span> <span class='ocrx_word' id='word_1_455' title='bbox 1293 5296 1435 5350; x_wconf 90' lang='lat' dir='ltr'><strong>enim</strong></span> <span class='ocrx_word' id='word_1_456' title='bbox 1474 5305 1720 5351; x_wconf 83' lang='lat' dir='ltr'><strong>contem-</strong></span> 
     </span>
    </p>
   </div>
   <div class='ocr_carea' id='block_1_56' title="bbox 133 5387 1716 5463">
    <p class='ocr_par' dir='ltr' id='par_1_56' title="bbox 133 5387 1716 5463">
     <span class='ocr_line' id='line_1_56' title="bbox 133 5387 1716 5463; baseline -0.004 -15"><span class='ocrx_word' id='word_1_457' title='bbox 133 5395 294 5463; x_wconf 88' lang='lat' dir='ltr'><strong>plator</strong></span> <span class='ocrx_word' id='word_1_458' title='bbox 312 5407 535 5450; x_wconf 87' lang='lat' dir='ltr'><strong>mecum</strong></span> <span class='ocrx_word' id='word_1_459' title='bbox 564 5390 668 5446; x_wconf 86' lang='lat' dir='ltr'><strong>erit</strong></span> <span class='ocrx_word' id='word_1_460' title='bbox 689 5391 912 5454; x_wconf 85' lang='lat' dir='ltr'><strong>amicus,</strong></span> <span class='ocrx_word' id='word_1_461' title='bbox 936 5403 1044 5442; x_wconf 90' lang='lat' dir='ltr'><strong>non</strong></span> <span class='ocrx_word' id='word_1_462' title='bbox 1069 5387 1423 5442; x_wconf 87' lang='lat' dir='ltr'><strong>calumniator</strong></span> <span class='ocrx_word' id='word_1_463' title='bbox 1445 5387 1716 5442; x_wconf 87' lang='lat' dir='ltr'><strong>inimicus.</strong></span> 
     </span>
    </p>
   </div>
   <div class='ocr_carea' id='block_1_57' title="bbox 135 5479 1722 5546">
    <p class='ocr_par' dir='ltr' id='par_1_57' title="bbox 135 5479 1722 5546">
     <span class='ocr_line' id='line_1_57' title="bbox 135 5479 1722 5546; baseline -0.002 -7"><span class='ocrx_word' id='word_1_464' title='bbox 135 5487 236 5543; x_wconf 90' lang='lat' dir='ltr'><strong>lloc</strong></span> <span class='ocrx_word' id='word_1_465' title='bbox 259 5483 591 5543; x_wconf 67' lang='lat' dir='ltr'><strong>desideravit</strong></span> <span class='ocrx_word' id='word_1_466' title='bbox 619 5483 720 5537; x_wconf 88' lang='lat' dir='ltr'><strong>iste</strong></span> <span class='ocrx_word' id='word_1_467' title='bbox 750 5481 981 5546; x_wconf 87' lang='lat' dir='ltr'><strong>lditlmn,</strong></span> <span class='ocrx_word' id='word_1_468' title='bbox 1015 5491 1196 5535; x_wconf 88' lang='lat' dir='ltr'><strong>uotum</strong></span> <span class='ocrx_word' id='word_1_469' title='bbox 1222 5479 1332 5535; x_wconf 78' lang='lat' dir='ltr'><strong>ﬁeri</strong></span> <span class='ocrx_word' id='word_1_470' title='bbox 1362 5480 1462 5537; x_wconf 84' lang='lat' dir='ltr'><strong>sibi</strong></span> <span class='ocrx_word' id='word_1_471' title='bbox 1485 5497 1604 5535; x_wconf 90' lang='lat' dir='ltr'><strong>cum</strong></span> <span class='ocrx_word' id='word_1_472' title='bbox 1636 5480 1722 5536; x_wconf 91' lang='lat' dir='ltr'><strong>hic</strong></span> 
     </span>
    </p>
   </div>
   <div class='ocr_carea' id='block_1_58' title="bbox 132 5571 1722 5646">
    <p class='ocr_par' dir='ltr' id='par_1_58' title="bbox 132 5571 1722 5646">
     <span class='ocr_line' id='line_1_58' title="bbox 132 5571 1722 5646; baseline -0.006 -12"><span class='ocrx_word' id='word_1_473' title='bbox 132 5587 281 5646; x_wconf 78' lang='lat' dir='ltr'><strong>esset,</strong></span> <span class='ocrx_word' id='word_1_474' title='bbox 311 5587 371 5632; x_wconf 91' lang='lat' dir='ltr'><strong>ut</strong></span> <span class='ocrx_word' id='word_1_475' title='bbox 395 5585 567 5633; x_wconf 76' lang='lat' dir='ltr'><strong>sciret</strong></span> <span class='ocrx_word' id='word_1_476' title='bbox 590 5573 719 5644; x_wconf 91' lang='lat' dir='ltr'><strong>quid</strong></span> <span class='ocrx_word' id='word_1_477' title='bbox 749 5572 848 5628; x_wconf 90' lang='lat' dir='ltr'><strong>sibi</strong></span> <span class='ocrx_word' id='word_1_478' title='bbox 877 5571 1130 5633; x_wconf 87' lang='lat' dir='ltr'><strong>deesset;</strong></span> <span class='ocrx_word' id='word_1_479' title='bbox 1161 5579 1215 5627; x_wconf 88' lang='lat' dir='ltr'><strong>et</strong></span> <span class='ocrx_word' id='word_1_480' title='bbox 1251 5586 1356 5626; x_wconf 91' lang='lat' dir='ltr'><strong>non</strong></span> <span class='ocrx_word' id='word_1_481' title='bbox 1389 5581 1495 5626; x_wconf 89' lang='lat' dir='ltr'><strong>tam</strong></span> <span class='ocrx_word' id='word_1_482' title='bbox 1523 5572 1722 5642; x_wconf 79' lang='lat' dir='ltr'><strong>gaude-</strong></span> 
     </span>
    </p>
   </div>
   <div class='ocr_carea' id='block_1_59' title="bbox 132 5663 1720 5737">
    <p class='ocr_par' dir='ltr' id='par_1_59' title="bbox 132 5663 1720 5737">
     <span class='ocr_line' id='line_1_59' title="bbox 132 5663 1720 5737; baseline -0.003 -13"><span class='ocrx_word' id='word_1_483' title='bbox 132 5679 205 5726; x_wconf 87' lang='lat' dir='ltr'><strong>ret</strong></span> <span class='ocrx_word' id='word_1_484' title='bbox 223 5670 288 5726; x_wconf 87' lang='lat' dir='ltr'><strong>de</strong></span> <span class='ocrx_word' id='word_1_485' title='bbox 310 5669 398 5726; x_wconf 85' lang='lat' dir='ltr'><strong>bis</strong></span> <span class='ocrx_word' id='word_1_486' title='bbox 421 5667 494 5724; x_wconf 87' lang='lat' dir='ltr'><strong>ad</strong></span> <span class='ocrx_word' id='word_1_487' title='bbox 520 5679 643 5737; x_wconf 77' lang='lat' dir='ltr'><strong>qua:</strong></span> <span class='ocrx_word' id='word_1_488' title='bbox 673 5673 1008 5734; x_wconf 80' lang='lat' dir='ltr'><strong>pervenerat,</strong></span> <span class='ocrx_word' id='word_1_489' title='bbox 1032 5679 1191 5733; x_wconf 91' lang='lat' dir='ltr'><strong>quam</strong></span> <span class='ocrx_word' id='word_1_490' title='bbox 1218 5663 1547 5720; x_wconf 89' lang='lat' dir='ltr'><strong>desideraret</strong></span> <span class='ocrx_word' id='word_1_491' title='bbox 1567 5680 1627 5718; x_wconf 89' lang='lat' dir='ltr'><strong>ea</strong></span> <span class='ocrx_word' id='word_1_492' title='bbox 1652 5665 1720 5720; x_wconf 86' lang='lat' dir='ltr'><strong>ad</strong></span> 
     </span>
    </p>
   </div>
   <div class='ocr_carea' id='block_1_60' title="bbox 196 5772 1717 5840">
    <p class='ocr_par' dir='ltr' id='par_1_60' title="bbox 196 5772 1717 5840">
     <span class='ocr_line' id='line_1_60' title="bbox 196 5772 1717 5840; baseline -0.007 -5"><span class='ocrx_word' id='word_1_493' title='bbox 196 5782 213 5816; x_wconf 80' lang='grc'>⁸</span> <span class='ocrx_word' id='word_1_494' title='bbox 228 5783 423 5835; x_wconf 66' lang='lat' dir='ltr'><strong>sicis.</strong></span> <span class='ocrx_word' id='word_1_495' title='bbox 439 5789 495 5831; x_wconf 74' lang='lat' dir='ltr'><strong>At</strong></span> <span class='ocrx_word' id='word_1_496' title='bbox 511 5776 625 5829; x_wconf 86' lang='lat' dir='ltr'><strong>edd.</strong></span> <span class='ocrx_word' id='word_1_497' title='bbox 650 5775 730 5825; x_wconf 87' lang='lat' dir='ltr'><strong>hic</strong></span> <span class='ocrx_word' id='word_1_498' title='bbox 739 5781 789 5825; x_wconf 91' lang='lat' dir='ltr'><strong>ct</strong></span> <span class='ocrx_word' id='word_1_499' title='bbox 809 5775 1030 5838; x_wconf 78' lang='lat' dir='ltr'><strong>proximo</strong></span> <span class='ocrx_word' id='word_1_500' title='bbox 1047 5773 1172 5836; x_wconf 87' lang='lat' dir='ltr'><strong>loco,</strong></span> <span class='ocrx_word' id='word_1_501' title='bbox 1186 5787 1274 5839; x_wconf 88' lang='lat' dir='ltr'><strong>pro</strong></span> <span class='ocrx_word' id='word_1_502' title='bbox 1295 5774 1416 5840; x_wconf 82' lang='lat' dir='ltr'><strong>agis,</strong></span> <span class='ocrx_word' id='word_1_503' title='bbox 1429 5773 1613 5826; x_wconf 84' lang='lat' dir='ltr'><strong>habent</strong></span> <span class='ocrx_word' id='word_1_504' title='bbox 1629 5772 1717 5827; x_wconf 81' lang='lat' dir='ltr'><strong>ais.</strong></span> 
     </span>
    </p>
   </div>
   <div class='ocr_carea' id='block_1_61' title="bbox 3313 329 3420 388">
    <p class='ocr_par' dir='ltr' id='par_1_61' title="bbox 3313 329 3420 388">
     <span class='ocr_line' id='line_1_61' title="bbox 3313 329 3420 388; baseline 0 -1"><span class='ocrx_word' id='word_1_505' title='bbox 3313 329 3420 388; x_wconf 67' lang='grc'><strong>618</strong></span> 
     </span>
    </p>
   </div>
   <div class='ocr_carea' id='block_1_62' title="bbox 1825 444 3423 520">
    <p class='ocr_par' dir='ltr' id='par_1_62' title="bbox 1825 444 3423 520">
     <span class='ocr_line' id='line_1_62' title="bbox 1825 444 3423 520; baseline 0.003 -21"><span class='ocrx_word' id='word_1_506' title='bbox 1825 461 1946 515; x_wconf 79' lang='lat' dir='ltr'><strong>qua:</strong></span> <span class='ocrx_word' id='word_1_507' title='bbox 1974 447 2207 503; x_wconf 81' lang='lat' dir='ltr'><strong>nonduin</strong></span> <span class='ocrx_word' id='word_1_508' title='bbox 2240 456 2593 518; x_wconf 81' lang='lat' dir='ltr'><strong>pervenerat;</strong></span> <span class='ocrx_word' id='word_1_509' title='bbox 2621 452 2679 503; x_wconf 88' lang='lat' dir='ltr'><strong>et</strong></span> <span class='ocrx_word' id='word_1_510' title='bbox 2704 444 3020 520; x_wconf 86' lang='lat' dir='ltr'><strong>quibusdam</strong></span> <span class='ocrx_word' id='word_1_511' title='bbox 3044 446 3156 520; x_wconf 85' lang='lat' dir='ltr'><strong>jam</strong></span> <span class='ocrx_word' id='word_1_512' title='bbox 3184 449 3423 504; x_wconf 82' lang='lat' dir='ltr'><strong>transib-</strong></span> 
     </span>
    </p>
   </div>
   <div class='ocr_carea' id='block_1_63' title="bbox 1829 540 3412 614">
    <p class='ocr_par' dir='ltr' id='par_1_63' title="bbox 1829 540 3412 614">
     <span class='ocr_line' id='line_1_63' title="bbox 1829 540 3412 614; baseline 0.002 -20"><span class='ocrx_word' id='word_1_513' title='bbox 1829 541 1917 605; x_wconf 88' lang='lat' dir='ltr'><strong>tis,</strong></span> <span class='ocrx_word' id='word_1_514' title='bbox 1947 555 2051 596; x_wconf 90' lang='lat' dir='ltr'><strong>non</strong></span> <span class='ocrx_word' id='word_1_515' title='bbox 2080 550 2381 597; x_wconf 85' lang='lat' dir='ltr'><strong>remaneret</strong></span> <span class='ocrx_word' id='word_1_516' title='bbox 2409 541 2461 596; x_wconf 90' lang='lat' dir='ltr'><strong>iu</strong></span> <span class='ocrx_word' id='word_1_517' title='bbox 2489 540 2596 599; x_wconf 89' lang='lat' dir='ltr'><strong>via.</strong></span> <span class='ocrx_word' id='word_1_518' title='bbox 2637 541 2733 597; x_wconf 88' lang='lat' dir='ltr'><strong>sed</strong></span> <span class='ocrx_word' id='word_1_519' title='bbox 2758 540 3025 598; x_wconf 89' lang='lat' dir='ltr'><strong>desiderio</strong></span> <span class='ocrx_word' id='word_1_520' title='bbox 3053 551 3332 614; x_wconf 80' lang='lat' dir='ltr'><strong>raperetue</strong></span> <span class='ocrx_word' id='word_1_521' title='bbox 3359 543 3412 597; x_wconf 91' lang='lat' dir='ltr'><strong>iu</strong></span> 
     </span>
    </p>
   </div>
   <div class='ocr_carea' id='block_1_64' title="bbox 1826 631 3416 703">
    <p class='ocr_par' dir='ltr' id='par_1_64' title="bbox 1826 631 3416 703">
     <span class='ocr_line' id='line_1_64' title="bbox 1826 631 3416 703; baseline -0.001 -15"><span class='ocrx_word' id='word_1_522' title='bbox 1826 646 2096 703; x_wconf 88' lang='lat' dir='ltr'><strong>superna;</strong></span> <span class='ocrx_word' id='word_1_523' title='bbox 2128 646 2295 701; x_wconf 85' lang='lat' dir='ltr'><strong>usque</strong></span> <span class='ocrx_word' id='word_1_524' title='bbox 2340 647 2446 703; x_wconf 92' lang='lat' dir='ltr'><strong>quo</strong></span> <span class='ocrx_word' id='word_1_525' title='bbox 2490 631 2580 688; x_wconf 89' lang='lat' dir='ltr'><strong>ille</strong></span> <span class='ocrx_word' id='word_1_526' title='bbox 2627 631 2717 703; x_wconf 86' lang='lat' dir='ltr'><strong>qui</strong></span> <span class='ocrx_word' id='word_1_527' title='bbox 2762 631 3005 702; x_wconf 62' lang='lat' dir='ltr'><strong>quadam</strong></span> <span class='ocrx_word' id='word_1_528' title='bbox 3053 633 3374 688; x_wconf 90' lang='lat' dir='ltr'><strong>transilicrat</strong></span> <span class='ocrx_word' id='word_1_529' title='bbox 3400 673 3416 698; x_wconf 93' lang='lat'><strong>,</strong></span> 
     </span>
    </p>
   </div>
   <div class='ocr_carea' id='block_1_65' title="bbox 1825 722 3413 794">
    <p class='ocr_par' dir='ltr' id='par_1_65' title="bbox 1825 722 3413 794">
     <span class='ocr_line' id='line_1_65' title="bbox 1825 722 3413 794; baseline -0.001 -12"><span class='ocrx_word' id='word_1_530' title='bbox 1825 726 2004 782; x_wconf 89' lang='lat' dir='ltr'><strong>omnia</strong></span> <span class='ocrx_word' id='word_1_531' title='bbox 2033 725 2344 787; x_wconf 86' lang='lat' dir='ltr'><strong>transiliret,</strong></span> <span class='ocrx_word' id='word_1_532' title='bbox 2368 733 2423 780; x_wconf 92' lang='lat' dir='ltr'><strong>et</strong></span> <span class='ocrx_word' id='word_1_533' title='bbox 2447 723 2515 778; x_wconf 89' lang='lat' dir='ltr'><strong>ab</strong></span> <span class='ocrx_word' id='word_1_534' title='bbox 2540 723 2857 779; x_wconf 89' lang='lat' dir='ltr'><strong>irroratione</strong></span> <span class='ocrx_word' id='word_1_535' title='bbox 2880 722 3108 794; x_wconf 87' lang='lat' dir='ltr'><strong>quadam</strong></span> <span class='ocrx_word' id='word_1_536' title='bbox 3138 733 3413 794; x_wconf 77' lang='lat' dir='ltr'><strong>guttarum</strong></span> 
     </span>
    </p>
   </div>
   <div class='ocr_carea' id='block_1_66' title="bbox 1825 815 3404 886">
    <p class='ocr_par' dir='ltr' id='par_1_66' title="bbox 1825 815 3404 886">
     <span class='ocr_line' id='line_1_66' title="bbox 1825 815 3404 886; baseline -0.001 -14"><span class='ocrx_word' id='word_1_537' title='bbox 1825 816 2214 872; x_wconf 86' lang='lat' dir='ltr'><strong>dominicarum</strong></span> <span class='ocrx_word' id='word_1_538' title='bbox 2259 815 2327 871; x_wconf 86' lang='lat' dir='ltr'><strong>de</strong></span> <span class='ocrx_word' id='word_1_539' title='bbox 2375 816 2772 886; x_wconf 89' lang='lat' dir='ltr'><strong>Scripturarum</strong></span> <span class='ocrx_word' id='word_1_540' title='bbox 2832 816 2973 872; x_wconf 89' lang='lat' dir='ltr'><strong>nube</strong></span> <span class='ocrx_word' id='word_1_541' title='bbox 3035 817 3404 883; x_wconf 85' lang='lat' dir='ltr'><strong>venientium,</strong></span> 
     </span>
    </p>
   </div>
   <div class='ocr_carea' id='block_1_67' title="bbox 1825 902 3423 980">
    <p class='ocr_par' dir='ltr' id='par_1_67' title="bbox 1825 902 3423 980">
     <span class='ocr_line' id='line_1_67' title="bbox 1825 902 3423 980; baseline 0.002 -18"><span class='ocrx_word' id='word_1_542' title='bbox 1825 909 2032 965; x_wconf 84' lang='lat' dir='ltr'><strong>veniret</strong></span> <span class='ocrx_word' id='word_1_543' title='bbox 2053 910 2190 964; x_wconf 89' lang='lat' dir='ltr'><strong>sicut</strong></span> <span class='ocrx_word' id='word_1_544' title='bbox 2217 924 2406 964; x_wconf 85' lang='lat' dir='ltr'><strong>cervus</strong></span> <span class='ocrx_word' id='word_1_545' title='bbox 2433 909 2499 964; x_wconf 89' lang='lat' dir='ltr'><strong>ad</strong></span> <span class='ocrx_word' id='word_1_546' title='bbox 2528 906 2730 963; x_wconf 77' lang='lat' dir='ltr'><strong>fontem</strong></span> <span class='ocrx_word' id='word_1_547' title='bbox 2762 908 2883 965; x_wconf 66' lang='lat' dir='ltr'><strong>vita:</strong></span> <span class='ocrx_word' id='word_1_548' title='bbox 2909 902 3084 980; x_wconf 87' lang='lat' dir='ltr'><strong>(Psnl.</strong></span> <span class='ocrx_word' id='word_1_549' title='bbox 3111 923 3220 972; x_wconf 75' lang='lat' dir='ltr'><strong>xu,</strong></span> <span class='ocrx_word' id='word_1_550' title='bbox 3242 908 3323 978; x_wconf 68' lang='grc'><strong>2).</strong></span> <span class='ocrx_word' id='word_1_551' title='bbox 3366 919 3423 964; x_wconf 89' lang='lat' dir='ltr'><strong>et</strong></span> 
     </span>
    </p>
   </div>
   <div class='ocr_carea' id='block_1_68' title="bbox 1825 997 3420 1073">
    <p class='ocr_par' dir='ltr' id='par_1_68' title="bbox 1825 997 3420 1073">
     <span class='ocr_line' id='line_1_68' title="bbox 1825 997 3420 1073; baseline -0.004 -15"><span class='ocrx_word' id='word_1_552' title='bbox 1825 1001 1879 1058; x_wconf 87' lang='lat' dir='ltr'><strong>in</strong></span> <span class='ocrx_word' id='word_1_553' title='bbox 1909 1003 1999 1058; x_wconf 90' lang='lat' dir='ltr'><strong>illo</strong></span> <span class='ocrx_word' id='word_1_554' title='bbox 2023 1002 2225 1058; x_wconf 90' lang='lat' dir='ltr'><strong>lumine</strong></span> <span class='ocrx_word' id='word_1_555' title='bbox 2253 1001 2460 1056; x_wconf 83' lang='lat' dir='ltr'><strong>videret</strong></span> <span class='ocrx_word' id='word_1_556' title='bbox 2485 1000 2664 1056; x_wconf 89' lang='lat' dir='ltr'><strong>lumen</strong></span> <span class='ocrx_word' id='word_1_557' title='bbox 2683 997 2853 1073; x_wconf 82' lang='lat' dir='ltr'><strong>(Psal.</strong></span> <span class='ocrx_word' id='word_1_558' title='bbox 2885 1016 3050 1066; x_wconf 72' lang='lat' dir='ltr'><strong>xxxv,</strong></span> <span class='ocrx_word' id='word_1_559' title='bbox 3076 998 3187 1071; x_wconf 73' lang='lat'><strong>10),</strong></span> <span class='ocrx_word' id='word_1_560' title='bbox 3214 1010 3267 1054; x_wconf 89' lang='lat' dir='ltr'><strong>et</strong></span> <span class='ocrx_word' id='word_1_561' title='bbox 3293 1001 3420 1055; x_wconf 80' lang='lat' dir='ltr'><strong>abs-</strong></span> 
     </span>
    </p>
   </div>
   <div class='ocr_carea' id='block_1_69' title="bbox 1824 1090 3411 1154">
    <p class='ocr_par' dir='ltr' id='par_1_69' title="bbox 1824 1090 3411 1154">
     <span class='ocr_line' id='line_1_69' title="bbox 1824 1090 3411 1154; baseline -0.004 -4"><span class='ocrx_word' id='word_1_562' title='bbox 1824 1094 2147 1150; x_wconf 86' lang='lat' dir='ltr'><strong>conderetur</strong></span> <span class='ocrx_word' id='word_1_563' title='bbox 2192 1093 2242 1148; x_wconf 93' lang='lat' dir='ltr'><strong>in</strong></span> <span class='ocrx_word' id='word_1_564' title='bbox 2287 1093 2433 1147; x_wconf 89' lang='lat' dir='ltr'><strong>vultu</strong></span> <span class='ocrx_word' id='word_1_565' title='bbox 2477 1091 2569 1154; x_wconf 88' lang='lat' dir='ltr'><strong>Dei</strong></span> <span class='ocrx_word' id='word_1_566' title='bbox 2607 1107 2636 1145; x_wconf 93' lang='lat' dir='ltr'><strong>a</strong></span> <span class='ocrx_word' id='word_1_567' title='bbox 2683 1091 3094 1148; x_wconf 85' lang='lat' dir='ltr'><strong>contnrbatione</strong></span> <span class='ocrx_word' id='word_1_568' title='bbox 3131 1090 3411 1147; x_wconf 86' lang='lat' dir='ltr'><strong>hominum</strong></span> 
     </span>
    </p>
   </div>
   <div class='ocr_carea' id='block_1_70' title="bbox 1825 1181 3414 1257">
    <p class='ocr_par' dir='ltr' id='par_1_70' title="bbox 1825 1181 3414 1257">
     <span class='ocr_line' id='line_1_70' title="bbox 1825 1181 3414 1257; baseline -0.002 -18"><span class='ocrx_word' id='word_1_569' title='bbox 1825 1185 1998 1257; x_wconf 85' lang='lat' dir='ltr'><strong>(Psal.</strong></span> <span class='ocrx_word' id='word_1_570' title='bbox 2029 1202 2157 1247; x_wconf 79' lang='lat' dir='ltr'><strong>xxx,</strong></span> <span class='ocrx_word' id='word_1_571' title='bbox 2200 1185 2296 1254; x_wconf 72' lang='lat'><strong>2|)</strong></span> <span class='ocrx_word' id='word_1_572' title='bbox 2326 1201 2339 1237; x_wconf 90' lang='lat'><strong>:</strong></span> <span class='ocrx_word' id='word_1_573' title='bbox 2366 1184 2454 1238; x_wconf 82' lang='lat' dir='ltr'><strong>tibi</strong></span> <span class='ocrx_word' id='word_1_574' title='bbox 2497 1183 2717 1246; x_wconf 88' lang='lat' dir='ltr'><strong>diceret,</strong></span> <span class='ocrx_word' id='word_1_575' title='bbox 2767 1183 2912 1237; x_wconf 86' lang='lat' dir='ltr'><strong>Bene</strong></span> <span class='ocrx_word' id='word_1_576' title='bbox 2954 1192 3055 1245; x_wconf 85' lang='lat' dir='ltr'><strong>est,</strong></span> <span class='ocrx_word' id='word_1_577' title='bbox 3104 1181 3238 1236; x_wconf 91' lang='lat' dir='ltr'><strong>ultra</strong></span> <span class='ocrx_word' id='word_1_578' title='bbox 3287 1181 3414 1236; x_wconf 81' lang='lat' dir='ltr'><strong>nihil</strong></span> 
     </span>
    </p>
   </div>
   <div class='ocr_carea' id='block_1_71' title="bbox 1823 1273 3413 1341">
    <p class='ocr_par' dir='ltr' id='par_1_71' title="bbox 1823 1273 3413 1341">
     <span class='ocr_line' id='line_1_71' title="bbox 1823 1273 3413 1341; baseline -0.003 -13"><span class='ocrx_word' id='word_1_579' title='bbox 1823 1279 1965 1341; x_wconf 91' lang='lat' dir='ltr'><strong>volo,</strong></span> <span class='ocrx_word' id='word_1_580' title='bbox 2008 1291 2194 1331; x_wconf 88' lang='lat' dir='ltr'><strong>omnes</strong></span> <span class='ocrx_word' id='word_1_581' title='bbox 2245 1275 2330 1328; x_wconf 85' lang='lat' dir='ltr'><strong>hic</strong></span> <span class='ocrx_word' id='word_1_582' title='bbox 2357 1291 2498 1335; x_wconf 87' lang='lat' dir='ltr'><strong>amo,</strong></span> <span class='ocrx_word' id='word_1_583' title='bbox 2545 1274 2814 1329; x_wconf 88' lang='lat' dir='ltr'><strong>neminem</strong></span> <span class='ocrx_word' id='word_1_584' title='bbox 2861 1273 2946 1327; x_wconf 93' lang='lat' dir='ltr'><strong>hic</strong></span> <span class='ocrx_word' id='word_1_585' title='bbox 2992 1274 3172 1327; x_wconf 91' lang='lat' dir='ltr'><strong>timeo.</strong></span> <span class='ocrx_word' id='word_1_586' title='bbox 3205 1273 3413 1326; x_wconf 89' lang='lat' dir='ltr'><strong>Bonum</strong></span> 
     </span>
    </p>
   </div>
   <div class='ocr_carea' id='block_1_72' title="bbox 1823 1362 3414 1435">
    <p class='ocr_par' dir='ltr' id='par_1_72' title="bbox 1823 1362 3414 1435">
     <span class='ocr_line' id='line_1_72' title="bbox 1823 1362 3414 1435; baseline -0.004 -12"><span class='ocrx_word' id='word_1_587' title='bbox 1823 1368 2168 1435; x_wconf 89' lang='lat' dir='ltr'><strong>desiderium,</strong></span> <span class='ocrx_word' id='word_1_588' title='bbox 2197 1375 2436 1422; x_wconf 87' lang='lat' dir='ltr'><strong>sanctum</strong></span> <span class='ocrx_word' id='word_1_589' title='bbox 2463 1364 2806 1419; x_wconf 77' lang='lat' dir='ltr'><strong>desiderium.</strong></span> <span class='ocrx_word' id='word_1_590' title='bbox 2840 1364 2938 1429; x_wconf 87' lang='lat' dir='ltr'><strong>Qui</strong></span> <span class='ocrx_word' id='word_1_591' title='bbox 2977 1364 3088 1432; x_wconf 89' lang='lat' dir='ltr'><strong>jam</strong></span> <span class='ocrx_word' id='word_1_592' title='bbox 3119 1364 3220 1417; x_wconf 89' lang='lat' dir='ltr'><strong>hoc</strong></span> <span class='ocrx_word' id='word_1_593' title='bbox 3247 1362 3414 1417; x_wconf 86' lang='lat' dir='ltr'><strong>habe-</strong></span> 
     </span>
    </p>
   </div>
   <div class='ocr_carea' id='block_1_73' title="bbox 1825 1455 3415 1531">
    <p class='ocr_par' dir='ltr' id='par_1_73' title="bbox 1825 1455 3415 1531">
     <span class='ocr_line' id='line_1_73' title="bbox 1825 1455 3415 1531; baseline -0.004 -16"><span class='ocrx_word' id='word_1_594' title='bbox 1825 1462 1912 1528; x_wconf 92' lang='lat' dir='ltr'><strong>tis,</strong></span> <span class='ocrx_word' id='word_1_595' title='bbox 1943 1459 2270 1531; x_wconf 78' lang='lat' dir='ltr'><strong>congaudete</strong></span> <span class='ocrx_word' id='word_1_596' title='bbox 2301 1458 2452 1513; x_wconf 89' lang='lat' dir='ltr'><strong>nobis</strong></span> <span class='ocrx_word' id='word_1_597' title='bbox 2476 1474 2490 1522; x_wconf 89' lang='lat'><strong>;</strong></span> <span class='ocrx_word' id='word_1_598' title='bbox 2516 1466 2572 1513; x_wconf 93' lang='lat' dir='ltr'><strong>et</strong></span> <span class='ocrx_word' id='word_1_599' title='bbox 2599 1466 2747 1511; x_wconf 88' lang='lat' dir='ltr'><strong>orate</strong></span> <span class='ocrx_word' id='word_1_600' title='bbox 2777 1465 2833 1509; x_wconf 91' lang='lat' dir='ltr'><strong>ut</strong></span> <span class='ocrx_word' id='word_1_601' title='bbox 2877 1465 3282 1524; x_wconf 78' lang='lat' dir='ltr'><strong>perseveranter</strong></span> <span class='ocrx_word' id='word_1_602' title='bbox 3315 1455 3415 1508; x_wconf 70' lang='lat' dir='ltr'><strong>ba—</strong></span> 
     </span>
    </p>
   </div>
   <div class='ocr_carea' id='block_1_74' title="bbox 1822 1549 3414 1621">
    <p class='ocr_par' dir='ltr' id='par_1_74' title="bbox 1822 1549 3414 1621">
     <span class='ocr_line' id='line_1_74' title="bbox 1822 1549 3414 1621; baseline -0.004 -12"><span class='ocrx_word' id='word_1_603' title='bbox 1822 1554 2065 1621; x_wconf 87' lang='lat' dir='ltr'><strong>beamus,</strong></span> <span class='ocrx_word' id='word_1_604' title='bbox 2098 1567 2165 1608; x_wconf 91' lang='lat' dir='ltr'><strong>ne</strong></span> <span class='ocrx_word' id='word_1_605' title='bbox 2210 1553 2348 1606; x_wconf 90' lang='lat' dir='ltr'><strong>inter</strong></span> <span class='ocrx_word' id='word_1_606' title='bbox 2374 1550 2621 1606; x_wconf 88' lang='lat' dir='ltr'><strong>scandala</strong></span> <span class='ocrx_word' id='word_1_607' title='bbox 2662 1549 2994 1604; x_wconf 83' lang='lat' dir='ltr'><strong>deﬁciamus.</strong></span> <span class='ocrx_word' id='word_1_608' title='bbox 3039 1549 3172 1603; x_wconf 90' lang='lat' dir='ltr'><strong>Nam</strong></span> <span class='ocrx_word' id='word_1_609' title='bbox 3216 1556 3270 1602; x_wconf 87' lang='lat' dir='ltr'><strong>et</strong></span> <span class='ocrx_word' id='word_1_610' title='bbox 3313 1564 3414 1602; x_wconf 84' lang='lat' dir='ltr'><strong>nos</strong></span> 
     </span>
    </p>
   </div>
   <div class='ocr_carea' id='block_1_75' title="bbox 1821 1641 3415 1714">
    <p class='ocr_par' dir='ltr' id='par_1_75' title="bbox 1821 1641 3415 1714">
     <span class='ocr_line' id='line_1_75' title="bbox 1821 1641 3415 1714; baseline -0.001 -18"><span class='ocrx_word' id='word_1_611' title='bbox 1821 1660 1921 1714; x_wconf 89' lang='lat' dir='ltr'><strong>pro</strong></span> <span class='ocrx_word' id='word_1_612' title='bbox 1985 1644 2134 1700; x_wconf 85' lang='lat' dir='ltr'><strong>vobis</strong></span> <span class='ocrx_word' id='word_1_613' title='bbox 2183 1643 2284 1698; x_wconf 84' lang='lat' dir='ltr'><strong>huc</strong></span> <span class='ocrx_word' id='word_1_614' title='bbox 2335 1642 2475 1698; x_wconf 90' lang='lat' dir='ltr'><strong>idem</strong></span> <span class='ocrx_word' id='word_1_615' title='bbox 2533 1657 2806 1711; x_wconf 78' lang='lat' dir='ltr'><strong>rogamus.</strong></span> <span class='ocrx_word' id='word_1_616' title='bbox 2861 1641 2975 1694; x_wconf 90' lang='lat' dir='ltr'><strong>Non</strong></span> <span class='ocrx_word' id='word_1_617' title='bbox 3025 1641 3167 1695; x_wconf 89' lang='lat' dir='ltr'><strong>enim</strong></span> <span class='ocrx_word' id='word_1_618' title='bbox 3207 1651 3262 1695; x_wconf 89' lang='lat' dir='ltr'><strong>et</strong></span> <span class='ocrx_word' id='word_1_619' title='bbox 3315 1655 3415 1695; x_wconf 92' lang='lat' dir='ltr'><strong>nos</strong></span> 
     </span>
    </p>
   </div>
   <div class='ocr_carea' id='block_1_76' title="bbox 1820 1734 3415 1807">
    <p class='ocr_par' dir='ltr' id='par_1_76' title="bbox 1820 1734 3415 1807">
     <span class='ocr_line' id='line_1_76' title="bbox 1820 1734 3415 1807; baseline -0.001 -17"><span class='ocrx_word' id='word_1_620' title='bbox 1820 1736 1965 1807; x_wconf 81' lang='lat' dir='ltr'><strong>digni</strong></span> <span class='ocrx_word' id='word_1_621' title='bbox 2003 1738 2091 1806; x_wconf 91' lang='lat' dir='ltr'><strong>qui</strong></span> <span class='ocrx_word' id='word_1_622' title='bbox 2139 1752 2234 1806; x_wconf 92' lang='lat' dir='ltr'><strong>pro</strong></span> <span class='ocrx_word' id='word_1_623' title='bbox 2273 1737 2424 1790; x_wconf 88' lang='lat' dir='ltr'><strong>vobis</strong></span> <span class='ocrx_word' id='word_1_624' title='bbox 2465 1749 2700 1797; x_wconf 79' lang='lat' dir='ltr'><strong>oremus,</strong></span> <span class='ocrx_word' id='word_1_625' title='bbox 2749 1744 2802 1788; x_wconf 86' lang='lat' dir='ltr'><strong>et</strong></span> <span class='ocrx_word' id='word_1_626' title='bbox 2835 1749 2931 1788; x_wconf 87' lang='lat' dir='ltr'><strong>vos</strong></span> <span class='ocrx_word' id='word_1_627' title='bbox 2961 1734 3160 1804; x_wconf 77' lang='lat' dir='ltr'><strong>indigni</strong></span> <span class='ocrx_word' id='word_1_628' title='bbox 3187 1736 3276 1804; x_wconf 88' lang='lat' dir='ltr'><strong>qui</strong></span> <span class='ocrx_word' id='word_1_629' title='bbox 3316 1749 3415 1803; x_wconf 85' lang='lat' dir='ltr'><strong>pro</strong></span> 
     </span>
    </p>
   </div>
   <div class='ocr_carea' id='block_1_77' title="bbox 1821 1824 3416 1894">
    <p class='ocr_par' dir='ltr' id='par_1_77' title="bbox 1821 1824 3416 1894">
     <span class='ocr_line' id='line_1_77' title="bbox 1821 1824 3416 1894; baseline -0.003 -12"><span class='ocrx_word' id='word_1_630' title='bbox 1821 1828 1972 1884; x_wconf 85' lang='lat' dir='ltr'><strong>nobis</strong></span> <span class='ocrx_word' id='word_1_631' title='bbox 1993 1828 2178 1883; x_wconf 88' lang='lat' dir='ltr'><strong>oretis.</strong></span> <span class='ocrx_word' id='word_1_632' title='bbox 2210 1827 2557 1881; x_wconf 77' lang='lat' dir='ltr'><strong>Auditoribus</strong></span> <span class='ocrx_word' id='word_1_633' title='bbox 2581 1827 2693 1878; x_wconf 91' lang='lat' dir='ltr'><strong>suis</strong></span> <span class='ocrx_word' id='word_1_634' title='bbox 2717 1824 2912 1894; x_wconf 86' lang='lat' dir='ltr'><strong>quibus</strong></span> <span class='ocrx_word' id='word_1_635' title='bbox 2943 1824 3266 1893; x_wconf 73' lang='lat' dir='ltr'><strong>praedicabat</strong></span> <span class='ocrx_word' id='word_1_636' title='bbox 3295 1841 3416 1878; x_wconf 81' lang='lat' dir='ltr'><strong>ver-</strong></span> 
     </span>
    </p>
   </div>
   <div class='ocr_carea' id='block_1_78' title="bbox 1819 1915 3413 1986">
    <p class='ocr_par' dir='ltr' id='par_1_78' title="bbox 1819 1915 3413 1986">
     <span class='ocr_line' id='line_1_78' title="bbox 1819 1915 3413 1986; baseline -0.003 -11"><span class='ocrx_word' id='word_1_637' title='bbox 1819 1919 1947 1975; x_wconf 86' lang='lat' dir='ltr'><strong>bum</strong></span> <span class='ocrx_word' id='word_1_638' title='bbox 1980 1921 2096 1986; x_wconf 89' lang='lat' dir='ltr'><strong>Dei,</strong></span> <span class='ocrx_word' id='word_1_639' title='bbox 2142 1935 2202 1975; x_wconf 90' lang='lat' dir='ltr'><strong>se</strong></span> <span class='ocrx_word' id='word_1_640' title='bbox 2230 1918 2637 1974; x_wconf 83' lang='lat' dir='ltr'><strong>commendabat</strong></span> <span class='ocrx_word' id='word_1_641' title='bbox 2662 1918 2951 1986; x_wconf 82' lang='lat' dir='ltr'><strong>Apostolus</strong></span> <span class='ocrx_word' id='word_1_642' title='bbox 2977 1915 3196 1984; x_wconf 84' lang='lat' dir='ltr'><strong>(Coloss.</strong></span> <span class='ocrx_word' id='word_1_643' title='bbox 3228 1933 3300 1980; x_wconf 86' lang='lat' dir='ltr'><strong>tv,</strong></span> <span class='ocrx_word' id='word_1_644' title='bbox 3329 1917 3413 1986; x_wconf 80' lang='lat'><strong>5).</strong></span> 
     </span>
    </p>
   </div>
   <div class='ocr_carea' id='block_1_79' title="bbox 1818 2007 3415 2081">
    <p class='ocr_par' dir='ltr' id='par_1_79' title="bbox 1818 2007 3415 2081">
     <span class='ocr_line' id='line_1_79' title="bbox 1818 2007 3415 2081; baseline -0.003 -15"><span class='ocrx_word' id='word_1_645' title='bbox 1818 2010 1980 2066; x_wconf 87' lang='lat' dir='ltr'><strong>Orate</strong></span> <span class='ocrx_word' id='word_1_646' title='bbox 2005 2027 2133 2081; x_wconf 78' lang='lat' dir='ltr'><strong>ergo</strong></span> <span class='ocrx_word' id='word_1_647' title='bbox 2165 2026 2260 2079; x_wconf 87' lang='lat' dir='ltr'><strong>pro</strong></span> <span class='ocrx_word' id='word_1_648' title='bbox 2291 2009 2464 2075; x_wconf 86' lang='lat' dir='ltr'><strong>nobis,</strong></span> <span class='ocrx_word' id='word_1_649' title='bbox 2514 2008 2724 2073; x_wconf 79' lang='lat' dir='ltr'><strong>fratres,</strong></span> <span class='ocrx_word' id='word_1_650' title='bbox 2756 2017 2811 2060; x_wconf 92' lang='lat' dir='ltr'><strong>ut</strong></span> <span class='ocrx_word' id='word_1_651' title='bbox 2853 2017 2908 2060; x_wconf 88' lang='lat' dir='ltr'><strong>et</strong></span> <span class='ocrx_word' id='word_1_652' title='bbox 2957 2007 3096 2078; x_wconf 85' lang='lat' dir='ltr'><strong>quod</strong></span> <span class='ocrx_word' id='word_1_653' title='bbox 3126 2007 3415 2063; x_wconf 85' lang='lat' dir='ltr'><strong>videndum</strong></span> 
     </span>
    </p>
   </div>
   <div class='ocr_carea' id='block_1_80' title="bbox 1817 2100 3417 2172">
    <p class='ocr_par' dir='ltr' id='par_1_80' title="bbox 1817 2100 3417 2172">
     <span class='ocr_line' id='line_1_80' title="bbox 1817 2100 3417 2172; baseline -0.004 -12"><span class='ocrx_word' id='word_1_654' title='bbox 1817 2114 1902 2160; x_wconf 76' lang='lat' dir='ltr'><strong>est</strong></span> <span class='ocrx_word' id='word_1_655' title='bbox 1931 2105 2068 2160; x_wconf 90' lang='lat' dir='ltr'><strong>bene</strong></span> <span class='ocrx_word' id='word_1_656' title='bbox 2096 2103 2394 2168; x_wconf 89' lang='lat' dir='ltr'><strong>videamus,</strong></span> <span class='ocrx_word' id='word_1_657' title='bbox 2424 2111 2479 2156; x_wconf 90' lang='lat' dir='ltr'><strong>et</strong></span> <span class='ocrx_word' id='word_1_658' title='bbox 2503 2101 2644 2172; x_wconf 92' lang='lat' dir='ltr'><strong>quod</strong></span> <span class='ocrx_word' id='word_1_659' title='bbox 2675 2100 2960 2154; x_wconf 82' lang='lat' dir='ltr'><strong>dicendum</strong></span> <span class='ocrx_word' id='word_1_660' title='bbox 2991 2108 3074 2152; x_wconf 91' lang='lat' dir='ltr'><strong>est</strong></span> <span class='ocrx_word' id='word_1_661' title='bbox 3106 2100 3241 2154; x_wconf 85' lang='lat' dir='ltr'><strong>bene</strong></span> <span class='ocrx_word' id='word_1_662' title='bbox 3267 2101 3417 2154; x_wconf 80' lang='lat' dir='ltr'><strong>dica-</strong></span> 
     </span>
    </p>
   </div>
   <div class='ocr_carea' id='block_1_81' title="bbox 1819 2191 3410 2261">
    <p class='ocr_par' dir='ltr' id='par_1_81' title="bbox 1819 2191 3410 2261">
     <span class='ocr_line' id='line_1_81' title="bbox 1819 2191 3410 2261; baseline -0.004 -10"><span class='ocrx_word' id='word_1_663' title='bbox 1819 2212 1958 2252; x_wconf 91' lang='lat' dir='ltr'><strong>mus.</strong></span> <span class='ocrx_word' id='word_1_664' title='bbox 1993 2195 2257 2251; x_wconf 69' lang='lat' dir='ltr'><strong>Catterum</strong></span> <span class='ocrx_word' id='word_1_665' title='bbox 2285 2193 2387 2248; x_wconf 90' lang='lat' dir='ltr'><strong>hoc</strong></span> <span class='ocrx_word' id='word_1_666' title='bbox 2412 2193 2757 2257; x_wconf 85' lang='lat' dir='ltr'><strong>desiderium,</strong></span> <span class='ocrx_word' id='word_1_667' title='bbox 2803 2191 2947 2254; x_wconf 88' lang='lat' dir='ltr'><strong>novi,</strong></span> <span class='ocrx_word' id='word_1_668' title='bbox 2991 2192 3041 2244; x_wconf 94' lang='lat' dir='ltr'><strong>in</strong></span> <span class='ocrx_word' id='word_1_669' title='bbox 3071 2191 3256 2261; x_wconf 89' lang='lat' dir='ltr'><strong>paucis</strong></span> <span class='ocrx_word' id='word_1_670' title='bbox 3285 2201 3368 2246; x_wconf 90' lang='lat' dir='ltr'><strong>est</strong></span> <span class='ocrx_word' id='word_1_671' title='bbox 3395 2208 3410 2245; x_wconf 88' lang='lat'><strong>:</strong></span> 
     </span>
    </p>
   </div>
   <div class='ocr_carea' id='block_1_82' title="bbox 1818 2280 3414 2355">
    <p class='ocr_par' dir='ltr' id='par_1_82' title="bbox 1818 2280 3414 2355">
     <span class='ocr_line' id='line_1_82' title="bbox 1818 2280 3414 2355; baseline -0.004 -13"><span class='ocrx_word' id='word_1_672' title='bbox 1818 2302 1918 2344; x_wconf 92' lang='lat' dir='ltr'><strong>nec</strong></span> <span class='ocrx_word' id='word_1_673' title='bbox 1947 2301 2032 2342; x_wconf 90' lang='lat' dir='ltr'><strong>me</strong></span> <span class='ocrx_word' id='word_1_674' title='bbox 2060 2287 2262 2355; x_wconf 90' lang='lat' dir='ltr'><strong>optime</strong></span> <span class='ocrx_word' id='word_1_675' title='bbox 2290 2285 2609 2354; x_wconf 81' lang='lat' dir='ltr'><strong>intelligunt,</strong></span> <span class='ocrx_word' id='word_1_676' title='bbox 2651 2283 2752 2337; x_wconf 84' lang='lat' dir='ltr'><strong>nisi</strong></span> <span class='ocrx_word' id='word_1_677' title='bbox 2796 2283 2884 2352; x_wconf 91' lang='lat' dir='ltr'><strong>qui</strong></span> <span class='ocrx_word' id='word_1_678' title='bbox 2915 2282 3245 2352; x_wconf 80' lang='lat' dir='ltr'><strong>gustaveriut</strong></span> <span class='ocrx_word' id='word_1_679' title='bbox 3267 2280 3414 2336; x_wconf 87' lang='lat' dir='ltr'><strong>unde</strong></span> 
     </span>
    </p>
   </div>
   <div class='ocr_carea' id='block_1_83' title="bbox 1817 2370 3411 2451">
    <p class='ocr_par' dir='ltr' id='par_1_83' title="bbox 1817 2370 3411 2451">
     <span class='ocr_line' id='line_1_83' title="bbox 1817 2370 3411 2451; baseline -0.005 -17"><span class='ocrx_word' id='word_1_680' title='bbox 1817 2377 2027 2451; x_wconf 88' lang='lat' dir='ltr'><strong>loquor.</strong></span> <span class='ocrx_word' id='word_1_681' title='bbox 2057 2377 2350 2447; x_wconf 88' lang='lat' dir='ltr'><strong>Loquimur</strong></span> <span class='ocrx_word' id='word_1_682' title='bbox 2374 2388 2550 2430; x_wconf 89' lang='lat' dir='ltr'><strong>tamen</strong></span> <span class='ocrx_word' id='word_1_683' title='bbox 2582 2373 2850 2434; x_wconf 82' lang='lat' dir='ltr'><strong>omnibus,</strong></span> <span class='ocrx_word' id='word_1_684' title='bbox 2879 2381 2930 2426; x_wconf 90' lang='lat' dir='ltr'><strong>et</strong></span> <span class='ocrx_word' id='word_1_685' title='bbox 2956 2370 3275 2427; x_wconf 79' lang='lat' dir='ltr'><strong>habentibus</strong></span> <span class='ocrx_word' id='word_1_686' title='bbox 3306 2372 3411 2426; x_wconf 79' lang='lat' dir='ltr'><strong>tale</strong></span> 
     </span>
    </p>
   </div>
   <div class='ocr_carea' id='block_1_84' title="bbox 1816 2464 3415 2534">
    <p class='ocr_par' dir='ltr' id='par_1_84' title="bbox 1816 2464 3415 2534">
     <span class='ocr_line' id='line_1_84' title="bbox 1816 2464 3415 2534; baseline -0.006 -6"><span class='ocrx_word' id='word_1_687' title='bbox 1816 2470 2164 2534; x_wconf 88' lang='lat' dir='ltr'><strong>desiderium,</strong></span> <span class='ocrx_word' id='word_1_688' title='bbox 2211 2480 2266 2523; x_wconf 91' lang='lat' dir='ltr'><strong>et</strong></span> <span class='ocrx_word' id='word_1_689' title='bbox 2307 2468 2542 2523; x_wconf 85' lang='lat' dir='ltr'><strong>nondum</strong></span> <span class='ocrx_word' id='word_1_690' title='bbox 2593 2465 2908 2520; x_wconf 81' lang='lat' dir='ltr'><strong>habentibus</strong></span> <span class='ocrx_word' id='word_1_691' title='bbox 2939 2482 2951 2517; x_wconf 92' lang='lat'><strong>:</strong></span> <span class='ocrx_word' id='word_1_692' title='bbox 2986 2464 3319 2527; x_wconf 87' lang='lat' dir='ltr'><strong>habentibus,</strong></span> <span class='ocrx_word' id='word_1_693' title='bbox 3355 2474 3415 2518; x_wconf 89' lang='lat' dir='ltr'><strong>ut</strong></span> 
     </span>
    </p>
   </div>
   <div class='ocr_carea' id='block_1_85' title="bbox 1818 2555 3415 2629">
    <p class='ocr_par' dir='ltr' id='par_1_85' title="bbox 1818 2555 3415 2629">
     <span class='ocr_line' id='line_1_85' title="bbox 1818 2555 3415 2629; baseline -0.006 -10"><span class='ocrx_word' id='word_1_694' title='bbox 1818 2563 2096 2619; x_wconf 89' lang='lat' dir='ltr'><strong>nobiscum</strong></span> <span class='ocrx_word' id='word_1_695' title='bbox 2121 2562 2172 2614; x_wconf 91' lang='lat' dir='ltr'><strong>in</strong></span> <span class='ocrx_word' id='word_1_696' title='bbox 2203 2560 2292 2614; x_wconf 89' lang='lat' dir='ltr'><strong>illa</strong></span> <span class='ocrx_word' id='word_1_697' title='bbox 2318 2560 2591 2629; x_wconf 87' lang='lat' dir='ltr'><strong>suspirent</strong></span> <span class='ocrx_word' id='word_1_698' title='bbox 2615 2573 2629 2621; x_wconf 89' lang='lat'>;</span> <span class='ocrx_word' id='word_1_699' title='bbox 2664 2573 2768 2610; x_wconf 91' lang='lat' dir='ltr'><strong>non</strong></span> <span class='ocrx_word' id='word_1_700' title='bbox 2795 2555 3136 2620; x_wconf 87' lang='lat' dir='ltr'><strong>habentibus,</strong></span> <span class='ocrx_word' id='word_1_701' title='bbox 3164 2565 3220 2610; x_wconf 91' lang='lat' dir='ltr'><strong>ut</strong></span> <span class='ocrx_word' id='word_1_702' title='bbox 3251 2558 3415 2626; x_wconf 83' lang='lat' dir='ltr'><strong>pigri-</strong></span> 
     </span>
    </p>
   </div>
   <div class='ocr_carea' id='block_1_86' title="bbox 1818 2646 3412 2716">
    <p class='ocr_par' dir='ltr' id='par_1_86' title="bbox 1818 2646 3412 2716">
     <span class='ocr_line' id='line_1_86' title="bbox 1818 2646 3412 2716; baseline -0.007 -7"><span class='ocrx_word' id='word_1_703' title='bbox 1818 2655 1945 2709; x_wconf 91' lang='lat' dir='ltr'><strong>tiam</strong></span> <span class='ocrx_word' id='word_1_704' title='bbox 1983 2652 2276 2714; x_wconf 80' lang='lat' dir='ltr'><strong>excutiant,</strong></span> <span class='ocrx_word' id='word_1_705' title='bbox 2307 2650 2412 2704; x_wconf 89' lang='lat' dir='ltr'><strong>ima</strong></span> <span class='ocrx_word' id='word_1_706' title='bbox 2459 2647 2782 2712; x_wconf 89' lang='lat' dir='ltr'><strong>transiliant,</strong></span> <span class='ocrx_word' id='word_1_707' title='bbox 2814 2646 2880 2700; x_wconf 91' lang='lat' dir='ltr'><strong>ad</strong></span> <span class='ocrx_word' id='word_1_708' title='bbox 2911 2647 3247 2701; x_wconf 86' lang='lat' dir='ltr'><strong>dulcedinem</strong></span> <span class='ocrx_word' id='word_1_709' title='bbox 3281 2647 3412 2716; x_wconf 77' lang='lat' dir='ltr'><strong>legis</strong></span> 
     </span>
    </p>
   </div>
   <div class='ocr_carea' id='block_1_87' title="bbox 1815 2738 3428 2808">
    <p class='ocr_par' dir='ltr' id='par_1_87' title="bbox 1815 2738 3428 2808">
     <span class='ocr_line' id='line_1_87' title="bbox 1815 2738 3428 2808; baseline -0.005 -8"><span class='ocrx_word' id='word_1_710' title='bbox 1815 2744 2098 2800; x_wconf 60' lang='lat' dir='ltr'><strong>dominicae</strong></span> <span class='ocrx_word' id='word_1_711' title='bbox 2125 2744 2358 2808; x_wconf 88' lang='lat' dir='ltr'><strong>veniant,</strong></span> <span class='ocrx_word' id='word_1_712' title='bbox 2392 2756 2498 2795; x_wconf 89' lang='lat' dir='ltr'><strong>non</strong></span> <span class='ocrx_word' id='word_1_713' title='bbox 2531 2741 2582 2794; x_wconf 91' lang='lat' dir='ltr'><strong>in</strong></span> <span class='ocrx_word' id='word_1_714' title='bbox 2609 2738 3056 2794; x_wconf 84' lang='lat' dir='ltr'><strong>delectationibus</strong></span> <span class='ocrx_word' id='word_1_715' title='bbox 3107 2738 3428 2806; x_wconf 90' lang='lat' dir='ltr'><strong>iniquorum</strong></span> 
     </span>
    </p>
   </div>
   <div class='ocr_carea' id='block_1_88' title="bbox 1817 2830 3414 2896">
    <p class='ocr_par' dir='ltr' id='par_1_88' title="bbox 1817 2830 3414 2896">
     <span class='ocr_line' id='line_1_88' title="bbox 1817 2830 3414 2896; baseline -0.004 -4"><span class='ocrx_word' id='word_1_716' title='bbox 1817 2845 2148 2892; x_wconf 88' lang='lat' dir='ltr'><strong>remaneant.</strong></span> <span class='ocrx_word' id='word_1_717' title='bbox 2195 2834 2425 2889; x_wconf 88' lang='lat' dir='ltr'><strong>Narrant</strong></span> <span class='ocrx_word' id='word_1_718' title='bbox 2465 2834 2610 2889; x_wconf 90' lang='lat' dir='ltr'><strong>enim</strong></span> <span class='ocrx_word' id='word_1_719' title='bbox 2665 2831 2828 2887; x_wconf 86' lang='lat' dir='ltr'><strong>multa</strong></span> <span class='ocrx_word' id='word_1_720' title='bbox 2873 2831 3046 2896; x_wconf 90' lang='lat' dir='ltr'><strong>multi,</strong></span> <span class='ocrx_word' id='word_1_721' title='bbox 3092 2841 3147 2887; x_wconf 90' lang='lat' dir='ltr'><strong>et</strong></span> <span class='ocrx_word' id='word_1_722' title='bbox 3194 2830 3414 2886; x_wconf 88' lang='lat' dir='ltr'><strong>laudant</strong></span> 
     </span>
    </p>
   </div>
   <div class='ocr_carea' id='block_1_89' title="bbox 1818 2923 3408 2996">
    <p class='ocr_par' dir='ltr' id='par_1_89' title="bbox 1818 2923 3408 2996">
     <span class='ocr_line' id='line_1_89' title="bbox 1818 2923 3408 2996; baseline -0.005 -14"><span class='ocrx_word' id='word_1_723' title='bbox 1818 2931 1980 2983; x_wconf 89' lang='lat' dir='ltr'><strong>multa</strong></span> <span class='ocrx_word' id='word_1_724' title='bbox 2009 2928 2183 2991; x_wconf 93' lang='lat' dir='ltr'><strong>multi,</strong></span> <span class='ocrx_word' id='word_1_725' title='bbox 2232 2927 2408 2996; x_wconf 88' lang='lat' dir='ltr'><strong>iniqua</strong></span> <span class='ocrx_word' id='word_1_726' title='bbox 2457 2925 2641 2995; x_wconf 91' lang='lat' dir='ltr'><strong>iniqui.</strong></span> <span class='ocrx_word' id='word_1_727' title='bbox 2675 2925 2740 2979; x_wconf 87' lang='lat' dir='ltr'><strong>Et</strong></span> <span class='ocrx_word' id='word_1_728' title='bbox 2786 2939 2970 2978; x_wconf 82' lang='lat' dir='ltr'><strong>revera</strong></span> <span class='ocrx_word' id='word_1_729' title='bbox 3012 2932 3066 2977; x_wconf 89' lang='lat' dir='ltr'><strong>et</strong></span> <span class='ocrx_word' id='word_1_730' title='bbox 3097 2923 3181 2976; x_wconf 90' lang='lat' dir='ltr'><strong>illa</strong></span> <span class='ocrx_word' id='word_1_731' title='bbox 3227 2924 3408 2991; x_wconf 87' lang='lat' dir='ltr'><strong>iniqua</strong></span> 
     </span>
    </p>
   </div>
   <div class='ocr_carea' id='block_1_90' title="bbox 1818 3015 3409 3080">
    <p class='ocr_par' dir='ltr' id='par_1_90' title="bbox 1818 3015 3409 3080">
     <span class='ocr_line' id='line_1_90' title="bbox 1818 3015 3409 3080; baseline -0.004 -6"><span class='ocrx_word' id='word_1_732' title='bbox 1818 3021 2016 3075; x_wconf 87' lang='lat' dir='ltr'><strong>habent</strong></span> <span class='ocrx_word' id='word_1_733' title='bbox 2039 3018 2469 3080; x_wconf 84' lang='lat' dir='ltr'><strong>delectationem,</strong></span> <span class='ocrx_word' id='word_1_734' title='bbox 2493 3017 2588 3072; x_wconf 87' lang='lat' dir='ltr'><strong>sed</strong></span> <span class='ocrx_word' id='word_1_735' title='bbox 2619 3033 2723 3070; x_wconf 90' lang='lat' dir='ltr'><strong>non</strong></span> <span class='ocrx_word' id='word_1_736' title='bbox 2755 3015 2895 3071; x_wconf 80' lang='lat' dir='ltr'><strong>sicut</strong></span> <span class='ocrx_word' id='word_1_737' title='bbox 2922 3017 3004 3070; x_wconf 78' lang='lat' dir='ltr'><strong>lex</strong></span> <span class='ocrx_word' id='word_1_738' title='bbox 3038 3025 3146 3078; x_wconf 79' lang='lat' dir='ltr'><strong>tua,</strong></span> <span class='ocrx_word' id='word_1_739' title='bbox 3183 3015 3409 3068; x_wconf 84' lang='lat' dir='ltr'><strong>Domine</strong></span> 
     </span>
    </p>
   </div>
   <div class='ocr_carea' id='block_1_91' title="bbox 1819 3106 3413 3186">
    <p class='ocr_par' dir='ltr' id='par_1_91' title="bbox 1819 3106 3413 3186">
     <span class='ocr_line' id='line_1_91' title="bbox 1819 3106 3413 3186; baseline -0.005 -20"><span class='ocrx_word' id='word_1_740' title='bbox 1819 3113 1990 3186; x_wconf 84' lang='lat' dir='ltr'><strong>(Psal.</strong></span> <span class='ocrx_word' id='word_1_741' title='bbox 2018 3127 2210 3175; x_wconf 68' lang='grc' dir='ltr'><strong>ωνιιι.</strong></span> <span class='ocrx_word' id='word_1_742' title='bbox 2255 3111 2367 3180; x_wconf 75' lang='grc'><strong>85).</strong></span> <span class='ocrx_word' id='word_1_743' title='bbox 2402 3110 2590 3164; x_wconf 90' lang='lat' dir='ltr'><strong>Dicant</strong></span> <span class='ocrx_word' id='word_1_744' title='bbox 2614 3123 2744 3179; x_wconf 80' lang='lat' dir='ltr'><strong>ergo</strong></span> <span class='ocrx_word' id='word_1_745' title='bbox 2769 3108 3044 3162; x_wconf 88' lang='lat' dir='ltr'><strong>nobiscum</strong></span> <span class='ocrx_word' id='word_1_746' title='bbox 3075 3107 3164 3176; x_wconf 90' lang='lat' dir='ltr'><strong>qui</strong></span> <span class='ocrx_word' id='word_1_747' title='bbox 3187 3106 3413 3161; x_wconf 89' lang='lat' dir='ltr'><strong>credunt</strong></span> 
     </span>
    </p>
   </div>
   <div class='ocr_carea' id='block_1_92' title="bbox 1818 3199 3409 3272">
    <p class='ocr_par' dir='ltr' id='par_1_92' title="bbox 1818 3199 3409 3272">
     <span class='ocr_line' id='line_1_92' title="bbox 1818 3199 3409 3272; baseline -0.005 -13"><span class='ocrx_word' id='word_1_748' title='bbox 1818 3205 1930 3260; x_wconf 75' lang='lat' dir='ltr'><strong>lucc</strong></span> <span class='ocrx_word' id='word_1_749' title='bbox 1954 3204 2133 3260; x_wconf 86' lang='lat' dir='ltr'><strong>dicere</strong></span> <span class='ocrx_word' id='word_1_750' title='bbox 2175 3213 2229 3257; x_wconf 87' lang='lat' dir='ltr'><strong>et</strong></span> <span class='ocrx_word' id='word_1_751' title='bbox 2277 3217 2394 3256; x_wconf 91' lang='lat' dir='ltr'><strong>nos.</strong></span> <span class='ocrx_word' id='word_1_752' title='bbox 2440 3200 2718 3272; x_wconf 79' lang='lat' dir='ltr'><strong>Negotium</strong></span> <span class='ocrx_word' id='word_1_753' title='bbox 2770 3199 2912 3254; x_wconf 89' lang='lat' dir='ltr'><strong>enim</strong></span> <span class='ocrx_word' id='word_1_754' title='bbox 2960 3200 3061 3254; x_wconf 88' lang='lat' dir='ltr'><strong>hoc</strong></span> <span class='ocrx_word' id='word_1_755' title='bbox 3107 3200 3248 3252; x_wconf 89' lang='lat' dir='ltr'><strong>intus</strong></span> <span class='ocrx_word' id='word_1_756' title='bbox 3287 3207 3409 3260; x_wconf 87' lang='lat' dir='ltr'><strong>est,</strong></span> 
     </span>
    </p>
   </div>
   <div class='ocr_carea' id='block_1_93' title="bbox 1816 3290 3411 3364">
    <p class='ocr_par' dir='ltr' id='par_1_93' title="bbox 1816 3290 3411 3364">
     <span class='ocr_line' id='line_1_93' title="bbox 1816 3290 3411 3364; baseline -0.004 -14"><span class='ocrx_word' id='word_1_757' title='bbox 1816 3298 1976 3350; x_wconf 89' lang='lat' dir='ltr'><strong>nullis</strong></span> <span class='ocrx_word' id='word_1_758' title='bbox 2003 3296 2176 3350; x_wconf 90' lang='lat' dir='ltr'><strong>verbis</strong></span> <span class='ocrx_word' id='word_1_759' title='bbox 2206 3294 2413 3348; x_wconf 88' lang='lat' dir='ltr'><strong>ostendi</strong></span> <span class='ocrx_word' id='word_1_760' title='bbox 2446 3302 2640 3364; x_wconf 89' lang='lat' dir='ltr'><strong>potest.</strong></span> <span class='ocrx_word' id='word_1_761' title='bbox 2670 3290 2775 3347; x_wconf 88' lang='lat' dir='ltr'><strong>Sed</strong></span> <span class='ocrx_word' id='word_1_762' title='bbox 2803 3292 2892 3362; x_wconf 89' lang='lat' dir='ltr'><strong>qui</strong></span> <span class='ocrx_word' id='word_1_763' title='bbox 2922 3290 3023 3345; x_wconf 91' lang='lat' dir='ltr'><strong>hoc</strong></span> <span class='ocrx_word' id='word_1_764' title='bbox 3065 3293 3194 3362; x_wconf 80' lang='lat' dir='ltr'><strong>agit,</strong></span> <span class='ocrx_word' id='word_1_765' title='bbox 3225 3291 3411 3345; x_wconf 85' lang='lat' dir='ltr'><strong>credat</strong></span> 
     </span>
    </p>
   </div>
   <div class='ocr_carea' id='block_1_94' title="bbox 1816 3383 3412 3455">
    <p class='ocr_par' dir='ltr' id='par_1_94' title="bbox 1816 3383 3412 3455">
     <span class='ocr_line' id='line_1_94' title="bbox 1816 3383 3412 3455; baseline -0.003 -12"><span class='ocrx_word' id='word_1_766' title='bbox 1816 3405 1937 3443; x_wconf 89' lang='lat' dir='ltr'><strong>esse</strong></span> <span class='ocrx_word' id='word_1_767' title='bbox 1966 3388 2096 3443; x_wconf 90' lang='lat' dir='ltr'><strong>etin</strong></span> <span class='ocrx_word' id='word_1_768' title='bbox 2143 3388 2249 3441; x_wconf 91' lang='lat' dir='ltr'><strong>alio</strong></span> <span class='ocrx_word' id='word_1_769' title='bbox 2280 3405 2292 3440; x_wconf 94' lang='lat'>:</span> <span class='ocrx_word' id='word_1_770' title='bbox 2323 3403 2426 3442; x_wconf 90' lang='lat' dir='ltr'><strong>non</strong></span> <span class='ocrx_word' id='word_1_771' title='bbox 2469 3386 2641 3441; x_wconf 87' lang='lat' dir='ltr'><strong>solum</strong></span> <span class='ocrx_word' id='word_1_772' title='bbox 2667 3400 2726 3439; x_wconf 90' lang='lat' dir='ltr'><strong>se</strong></span> <span class='ocrx_word' id='word_1_773' title='bbox 2770 3393 2918 3455; x_wconf 90' lang='lat' dir='ltr'><strong>putet</strong></span> <span class='ocrx_word' id='word_1_774' title='bbox 2957 3385 3229 3453; x_wconf 85' lang='lat' dir='ltr'><strong>accepisse</strong></span> <span class='ocrx_word' id='word_1_775' title='bbox 3266 3383 3412 3452; x_wconf 78' lang='lat' dir='ltr'><strong>quod</strong></span> 
     </span>
    </p>
   </div>
   <div class='ocr_carea' id='block_1_95' title="bbox 1818 3476 3408 3550">
    <p class='ocr_par' dir='ltr' id='par_1_95' title="bbox 1818 3476 3408 3550">
     <span class='ocr_line' id='line_1_95' title="bbox 1818 3476 3408 3550; baseline -0.006 -13"><span class='ocrx_word' id='word_1_776' title='bbox 1818 3482 1914 3537; x_wconf 90' lang='lat' dir='ltr'><strong>Dei</strong></span> <span class='ocrx_word' id='word_1_777' title='bbox 1946 3491 2047 3536; x_wconf 88' lang='lat' dir='ltr'><strong>est.</strong></span> <span class='ocrx_word' id='word_1_778' title='bbox 2081 3482 2227 3534; x_wconf 84' lang='lat' dir='ltr'><strong>Dicat</strong></span> <span class='ocrx_word' id='word_1_779' title='bbox 2255 3496 2382 3550; x_wconf 79' lang='lat' dir='ltr'><strong>ergo</strong></span> <span class='ocrx_word' id='word_1_780' title='bbox 2426 3479 2476 3533; x_wconf 90' lang='lat' dir='ltr'><strong>in</strong></span> <span class='ocrx_word' id='word_1_781' title='bbox 2510 3478 2594 3533; x_wconf 86' lang='lat' dir='ltr'><strong>his</strong></span> <span class='ocrx_word' id='word_1_782' title='bbox 2633 3477 2865 3543; x_wconf 89' lang='lat' dir='ltr'><strong>ldithuu,</strong></span> <span class='ocrx_word' id='word_1_783' title='bbox 2913 3476 3110 3531; x_wconf 84' lang='lat' dir='ltr'><strong>Notum</strong></span> <span class='ocrx_word' id='word_1_784' title='bbox 3134 3482 3218 3548; x_wconf 76' lang='lat' dir='ltr'><strong>[ac</strong></span> <span class='ocrx_word' id='word_1_785' title='bbox 3261 3477 3408 3540; x_wconf 78' lang='lat' dir='ltr'><strong>milii,</strong></span> 
     </span>
    </p>
   </div>
   <div class='ocr_carea' id='block_1_96' title="bbox 1816 3573 2434 3639">
    <p class='ocr_par' dir='ltr' id='par_1_96' title="bbox 1816 3573 2434 3639">
     <span class='ocr_line' id='line_1_96' title="bbox 1816 3573 2434 3639; baseline -0.006 -13"><span class='ocrx_word' id='word_1_786' title='bbox 1816 3573 2052 3634; x_wconf 86' lang='lat' dir='ltr'><strong>Domine,</strong></span> <span class='ocrx_word' id='word_1_787' title='bbox 2079 3574 2230 3639; x_wconf 80' lang='lat' dir='ltr'><strong>ﬁnem</strong></span> <span class='ocrx_word' id='word_1_788' title='bbox 2249 3587 2434 3624; x_wconf 80' lang='lat' dir='ltr'><strong>meum.</strong></span> 
     </span>
    </p>
   </div>
   <div class='ocr_carea' id='block_1_97' title="bbox 1887 3660 3411 3732">
    <p class='ocr_par' dir='ltr' id='par_1_97' title="bbox 1887 3660 3411 3732">
     <span class='ocr_line' id='line_1_97' title="bbox 1887 3660 3411 3732; baseline -0.003 -13"><span class='ocrx_word' id='word_1_789' title='bbox 1887 3665 1940 3719; x_wconf 77' lang='grc'><strong>7.</strong></span> <span class='ocrx_word' id='word_1_790' title='bbox 1988 3663 2055 3717; x_wconf 86' lang='lat' dir='ltr'><strong>Et</strong></span> <span class='ocrx_word' id='word_1_791' title='bbox 2085 3680 2345 3716; x_wconf 84' lang='lat' dir='ltr'><strong>numerum</strong></span> <span class='ocrx_word' id='word_1_792' title='bbox 2370 3663 2564 3716; x_wconf 86' lang='lat' dir='ltr'><strong>dierum</strong></span> <span class='ocrx_word' id='word_1_793' title='bbox 2608 3679 2834 3717; x_wconf 88' lang='lat' dir='ltr'><strong>meorum</strong></span> <span class='ocrx_word' id='word_1_794' title='bbox 2879 3662 2967 3732; x_wconf 85' lang='lat' dir='ltr'><strong>qui</strong></span> <span class='ocrx_word' id='word_1_795' title='bbox 2994 3670 3085 3716; x_wconf 87' lang='lat' dir='ltr'><strong>est.</strong></span> <span class='ocrx_word' id='word_1_796' title='bbox 3117 3660 3411 3716; x_wconf 83' lang='lat' dir='ltr'><strong>Numerutn</strong></span> 
     </span>
    </p>
   </div>
   <div class='ocr_carea' id='block_1_98' title="bbox 1815 3754 3411 3825">
    <p class='ocr_par' dir='ltr' id='par_1_98' title="bbox 1815 3754 3411 3825">
     <span class='ocr_line' id='line_1_98' title="bbox 1815 3754 3411 3825; baseline -0.001 -17"><span class='ocrx_word' id='word_1_797' title='bbox 1815 3757 2021 3811; x_wconf 90' lang='lat' dir='ltr'><strong>dierum</strong></span> <span class='ocrx_word' id='word_1_798' title='bbox 2052 3771 2234 3825; x_wconf 81' lang='lat' dir='ltr'><strong>quer</strong></span> <span class='ocrx_word' id='word_1_799' title='bbox 2255 3759 2342 3825; x_wconf 92' lang='lat' dir='ltr'><strong>qui</strong></span> <span class='ocrx_word' id='word_1_800' title='bbox 2365 3764 2466 3809; x_wconf 86' lang='lat' dir='ltr'><strong>est.</strong></span> <span class='ocrx_word' id='word_1_801' title='bbox 2493 3755 2581 3811; x_wconf 90' lang='lat' dir='ltr'><strong>Sic</strong></span> <span class='ocrx_word' id='word_1_802' title='bbox 2607 3770 2822 3824; x_wconf 92' lang='lat' dir='ltr'><strong>possum</strong></span> <span class='ocrx_word' id='word_1_803' title='bbox 2849 3755 3029 3809; x_wconf 89' lang='lat' dir='ltr'><strong>dicere</strong></span> <span class='ocrx_word' id='word_1_804' title='bbox 3047 3796 3063 3819; x_wconf 94' lang='lat'><strong>,</strong></span> <span class='ocrx_word' id='word_1_805' title='bbox 3086 3754 3165 3808; x_wconf 90' lang='lat' dir='ltr'><strong>sic</strong></span> <span class='ocrx_word' id='word_1_806' title='bbox 3192 3768 3411 3824; x_wconf 68' lang='lat' dir='ltr'><strong>possum</strong></span> 
     </span>
    </p>
   </div>
   <div class='ocr_carea' id='block_1_99' title="bbox 1817 3846 3414 3918">
    <p class='ocr_par' dir='ltr' id='par_1_99' title="bbox 1817 3846 3414 3918">
     <span class='ocr_line' id='line_1_99' title="bbox 1817 3846 3414 3918; baseline -0.001 -16"><span class='ocrx_word' id='word_1_807' title='bbox 1817 3849 2112 3918; x_wconf 78' lang='lat' dir='ltr'><strong>intelligere</strong></span> <span class='ocrx_word' id='word_1_808' title='bbox 2139 3865 2416 3902; x_wconf 84' lang='lat' dir='ltr'><strong>numerum</strong></span> <span class='ocrx_word' id='word_1_809' title='bbox 2447 3848 2563 3903; x_wconf 90' lang='lat' dir='ltr'><strong>sine</strong></span> <span class='ocrx_word' id='word_1_810' title='bbox 2593 3863 2818 3902; x_wconf 87' lang='lat' dir='ltr'><strong>numero</strong></span> <span class='ocrx_word' id='word_1_811' title='bbox 2838 3888 2854 3911; x_wconf 94' lang='lat'><strong>,</strong></span> <span class='ocrx_word' id='word_1_812' title='bbox 2887 3846 3158 3917; x_wconf 91' lang='lat' dir='ltr'><strong>quomodo</strong></span> <span class='ocrx_word' id='word_1_813' title='bbox 3191 3855 3414 3915; x_wconf 84' lang='lat' dir='ltr'><strong>possunt</strong></span> 
     </span>
    </p>
   </div>
   <div class='ocr_carea' id='block_1_100' title="bbox 1815 3938 3414 4009">
    <p class='ocr_par' dir='ltr' id='par_1_100' title="bbox 1815 3938 3414 4009">
     <span class='ocr_line' id='line_1_100' title="bbox 1815 3938 3414 4009; baseline -0.003 -15"><span class='ocrx_word' id='word_1_814' title='bbox 1815 3941 1918 3995; x_wconf 88' lang='lat' dir='ltr'><strong>dici</strong></span> <span class='ocrx_word' id='word_1_815' title='bbox 1946 3941 2070 3995; x_wconf 88' lang='lat' dir='ltr'><strong>anni</strong></span> <span class='ocrx_word' id='word_1_816' title='bbox 2094 3941 2210 3996; x_wconf 90' lang='lat' dir='ltr'><strong>sine</strong></span> <span class='ocrx_word' id='word_1_817' title='bbox 2237 3941 2412 3994; x_wconf 91' lang='lat' dir='ltr'><strong>annis.</strong></span> <span class='ocrx_word' id='word_1_818' title='bbox 2447 3939 2543 3994; x_wconf 90' lang='lat' dir='ltr'><strong>Ubi</strong></span> <span class='ocrx_word' id='word_1_819' title='bbox 2569 3939 2710 3994; x_wconf 89' lang='lat' dir='ltr'><strong>enim</strong></span> <span class='ocrx_word' id='word_1_820' title='bbox 2734 3939 2857 3993; x_wconf 86' lang='lat' dir='ltr'><strong>anni</strong></span> <span class='ocrx_word' id='word_1_821' title='bbox 2883 3979 2899 4005; x_wconf 93' lang='lat'><strong>,</strong></span> <span class='ocrx_word' id='word_1_822' title='bbox 2930 3939 3112 4009; x_wconf 88' lang='lat' dir='ltr'><strong>utique</strong></span> <span class='ocrx_word' id='word_1_823' title='bbox 3136 3938 3284 4008; x_wconf 89' lang='lat' dir='ltr'><strong>quasi</strong></span> <span class='ocrx_word' id='word_1_824' title='bbox 3312 3953 3414 3992; x_wconf 88' lang='lat' dir='ltr'><strong>nu-</strong></span> 
     </span>
    </p>
   </div>
   <div class='ocr_carea' id='block_1_101' title="bbox 1816 4030 3412 4100">
    <p class='ocr_par' dir='ltr' id='par_1_101' title="bbox 1816 4030 3412 4100">
     <span class='ocr_line' id='line_1_101' title="bbox 1816 4030 3412 4100; baseline -0.006 -9"><span class='ocrx_word' id='word_1_825' title='bbox 1816 4053 1997 4091; x_wconf 87' lang='lat' dir='ltr'><strong>merus</strong></span> <span class='ocrx_word' id='word_1_826' title='bbox 2021 4051 2035 4094; x_wconf 86' lang='lat'><strong>:</strong></span> <span class='ocrx_word' id='word_1_827' title='bbox 2068 4035 2161 4088; x_wconf 85' lang='lat' dir='ltr'><strong>sed</strong></span> <span class='ocrx_word' id='word_1_828' title='bbox 2193 4046 2365 4087; x_wconf 87' lang='lat' dir='ltr'><strong>tatneu</strong></span> <span class='ocrx_word' id='word_1_829' title='bbox 2391 4076 2405 4097; x_wconf 94' lang='lat'><strong>,</strong></span> <span class='ocrx_word' id='word_1_830' title='bbox 2437 4033 2514 4086; x_wconf 87' lang='lat' dir='ltr'><strong>Tu</strong></span> <span class='ocrx_word' id='word_1_831' title='bbox 2544 4033 2681 4086; x_wconf 88' lang='lat' dir='ltr'><strong>idem</strong></span> <span class='ocrx_word' id='word_1_832' title='bbox 2715 4032 2827 4100; x_wconf 87' lang='lat' dir='ltr'><strong>ipse</strong></span> <span class='ocrx_word' id='word_1_833' title='bbox 2849 4045 2909 4086; x_wconf 86' lang='lat' dir='ltr'><strong>es</strong></span> <span class='ocrx_word' id='word_1_834' title='bbox 2929 4069 2950 4099; x_wconf 87' lang='lat'><strong>,</strong></span> <span class='ocrx_word' id='word_1_835' title='bbox 2973 4040 3030 4086; x_wconf 88' lang='lat' dir='ltr'><strong>et</strong></span> <span class='ocrx_word' id='word_1_836' title='bbox 3052 4030 3177 4084; x_wconf 89' lang='lat' dir='ltr'><strong>anni</strong></span> <span class='ocrx_word' id='word_1_837' title='bbox 3204 4031 3276 4084; x_wconf 91' lang='lat' dir='ltr'><strong>tui</strong></span> <span class='ocrx_word' id='word_1_838' title='bbox 3304 4047 3412 4083; x_wconf 87' lang='lat' dir='ltr'><strong>non</strong></span> 
     </span>
    </p>
   </div>
   <div class='ocr_carea' id='block_1_102' title="bbox 1815 4123 3411 4196">
    <p class='ocr_par' dir='ltr' id='par_1_102' title="bbox 1815 4123 3411 4196">
     <span class='ocr_line' id='line_1_102' title="bbox 1815 4123 3411 4196; baseline -0.004 -14"><span class='ocrx_word' id='word_1_839' title='bbox 1815 4129 2059 4182; x_wconf 86' lang='lat' dir='ltr'><strong>delicicut</strong></span> <span class='ocrx_word' id='word_1_840' title='bbox 2091 4127 2262 4194; x_wconf 88' lang='lat' dir='ltr'><strong>(Psul.</strong></span> <span class='ocrx_word' id='word_1_841' title='bbox 2307 4141 2392 4187; x_wconf 82' lang='lat' dir='ltr'><strong>cr,</strong></span> <span class='ocrx_word' id='word_1_842' title='bbox 2439 4123 2554 4196; x_wconf 67' lang='grc' dir='ltr'><strong>ξε).</strong></span> <span class='ocrx_word' id='word_1_843' title='bbox 2600 4123 2890 4179; x_wconf 83' lang='lat' dir='ltr'><strong>Numerum</strong></span> <span class='ocrx_word' id='word_1_844' title='bbox 2933 4123 3141 4178; x_wconf 89' lang='lat' dir='ltr'><strong>dierum</strong></span> <span class='ocrx_word' id='word_1_845' title='bbox 3170 4137 3411 4178; x_wconf 87' lang='lat' dir='ltr'><strong>meorum</strong></span> 
     </span>
    </p>
   </div>
   <div class='ocr_carea' id='block_1_103' title="bbox 1817 4215 3414 4287">
    <p class='ocr_par' dir='ltr' id='par_1_103' title="bbox 1817 4215 3414 4287">
     <span class='ocr_line' id='line_1_103' title="bbox 1817 4215 3414 4287; baseline -0.003 -13"><span class='ocrx_word' id='word_1_846' title='bbox 1817 4222 1945 4274; x_wconf 88' lang='lat' dir='ltr'><strong>mibi</strong></span> <span class='ocrx_word' id='word_1_847' title='bbox 1977 4231 2159 4274; x_wconf 89' lang='lat' dir='ltr'><strong>notum</strong></span> <span class='ocrx_word' id='word_1_848' title='bbox 2183 4219 2282 4279; x_wconf 86' lang='lat' dir='ltr'><strong>t&#39;ac.</strong></span> <span class='ocrx_word' id='word_1_849' title='bbox 2306 4217 2399 4273; x_wconf 88' lang='lat' dir='ltr'><strong>sed</strong></span> <span class='ocrx_word' id='word_1_850' title='bbox 2421 4218 2508 4287; x_wconf 93' lang='lat' dir='ltr'><strong>qui</strong></span> <span class='ocrx_word' id='word_1_851' title='bbox 2539 4228 2639 4271; x_wconf 88' lang='lat' dir='ltr'><strong>est.</strong></span> <span class='ocrx_word' id='word_1_852' title='bbox 2667 4215 2802 4282; x_wconf 88' lang='lat' dir='ltr'><strong>Quid</strong></span> <span class='ocrx_word' id='word_1_853' title='bbox 2833 4215 3005 4285; x_wconf 75' lang='lat' dir='ltr'><strong>ergo?</strong></span> <span class='ocrx_word' id='word_1_854' title='bbox 3029 4215 3134 4270; x_wconf 87' lang='lat' dir='ltr'><strong>Iste</strong></span> <span class='ocrx_word' id='word_1_855' title='bbox 3155 4232 3414 4270; x_wconf 81' lang='lat' dir='ltr'><strong>numerus</strong></span> 
     </span>
    </p>
   </div>
   <div class='ocr_carea' id='block_1_104' title="bbox 1818 4307 3412 4382">
    <p class='ocr_par' dir='ltr' id='par_1_104' title="bbox 1818 4307 3412 4382">
     <span class='ocr_line' id='line_1_104' title="bbox 1818 4307 3412 4382; baseline -0.004 -15"><span class='ocrx_word' id='word_1_856' title='bbox 1818 4313 1870 4367; x_wconf 90' lang='lat' dir='ltr'><strong>in</strong></span> <span class='ocrx_word' id='word_1_857' title='bbox 1893 4327 1997 4382; x_wconf 89' lang='lat' dir='ltr'><strong>quo</strong></span> <span class='ocrx_word' id='word_1_858' title='bbox 2019 4322 2072 4364; x_wconf 92' lang='lat' dir='ltr'><strong>tu</strong></span> <span class='ocrx_word' id='word_1_859' title='bbox 2094 4326 2174 4376; x_wconf 91' lang='lat' dir='ltr'><strong>es,</strong></span> <span class='ocrx_word' id='word_1_860' title='bbox 2207 4326 2310 4364; x_wconf 91' lang='lat' dir='ltr'><strong>non</strong></span> <span class='ocrx_word' id='word_1_861' title='bbox 2336 4312 2456 4364; x_wconf 90' lang='lat' dir='ltr'><strong>est?</strong></span> <span class='ocrx_word' id='word_1_862' title='bbox 2483 4309 2645 4363; x_wconf 84' lang='lat' dir='ltr'><strong>Plane</strong></span> <span class='ocrx_word' id='word_1_863' title='bbox 2664 4349 2680 4372; x_wconf 91' lang='lat'><strong>,</strong></span> <span class='ocrx_word' id='word_1_864' title='bbox 2712 4308 2756 4361; x_wconf 88' lang='lat' dir='ltr'><strong>si</strong></span> <span class='ocrx_word' id='word_1_865' title='bbox 2784 4307 3055 4361; x_wconf 88' lang='lat' dir='ltr'><strong>attendam</strong></span> <span class='ocrx_word' id='word_1_866' title='bbox 3083 4307 3218 4362; x_wconf 89' lang='lat' dir='ltr'><strong>bene</strong></span> <span class='ocrx_word' id='word_1_867' title='bbox 3241 4348 3257 4370; x_wconf 83' lang='lat'><strong>,</strong></span> <span class='ocrx_word' id='word_1_868' title='bbox 3303 4323 3412 4362; x_wconf 90' lang='lat' dir='ltr'><strong>non</strong></span> 
     </span>
    </p>
   </div>
   <div class='ocr_carea' id='block_1_105' title="bbox 1817 4399 3412 4473">
    <p class='ocr_par' dir='ltr' id='par_1_105' title="bbox 1817 4399 3412 4473">
     <span class='ocr_line' id='line_1_105' title="bbox 1817 4399 3412 4473; baseline -0.004 -11"><span class='ocrx_word' id='word_1_869' title='bbox 1817 4417 1901 4462; x_wconf 86' lang='lat' dir='ltr'><strong>est</strong></span> <span class='ocrx_word' id='word_1_870' title='bbox 1933 4424 1945 4459; x_wconf 93' lang='lat'><strong>:</strong></span> <span class='ocrx_word' id='word_1_871' title='bbox 1975 4407 2017 4460; x_wconf 88' lang='lat' dir='ltr'><strong>si</strong></span> <span class='ocrx_word' id='word_1_872' title='bbox 2045 4406 2296 4465; x_wconf 67' lang='lat' dir='ltr'><strong>lauream,</strong></span> <span class='ocrx_word' id='word_1_873' title='bbox 2322 4403 2471 4473; x_wconf 87' lang='lat' dir='ltr'><strong>quasi</strong></span> <span class='ocrx_word' id='word_1_874' title='bbox 2499 4411 2615 4467; x_wconf 85' lang='lat' dir='ltr'><strong>est;</strong></span> <span class='ocrx_word' id='word_1_875' title='bbox 2648 4402 2691 4456; x_wconf 90' lang='lat' dir='ltr'><strong>si</strong></span> <span class='ocrx_word' id='word_1_876' title='bbox 2720 4400 3011 4456; x_wconf 88' lang='lat' dir='ltr'><strong>transiliam</strong></span> <span class='ocrx_word' id='word_1_877' title='bbox 3037 4442 3052 4464; x_wconf 93' lang='lat'><strong>,</strong></span> <span class='ocrx_word' id='word_1_878' title='bbox 3084 4416 3189 4456; x_wconf 89' lang='lat' dir='ltr'><strong>non</strong></span> <span class='ocrx_word' id='word_1_879' title='bbox 3216 4409 3300 4455; x_wconf 89' lang='lat' dir='ltr'><strong>est</strong></span> <span class='ocrx_word' id='word_1_880' title='bbox 3323 4419 3336 4455; x_wconf 90' lang='lat'>:</span> <span class='ocrx_word' id='word_1_881' title='bbox 3364 4399 3412 4456; x_wconf 77' lang='lat' dir='ltr'><strong>si</strong></span> 
     </span>
    </p>
   </div>
   <div class='ocr_carea' id='block_1_106' title="bbox 1817 4489 3416 4564">
    <p class='ocr_par' dir='ltr' id='par_1_106' title="bbox 1817 4489 3416 4564">
     <span class='ocr_line' id='line_1_106' title="bbox 1817 4489 3416 4564; baseline -0.004 -11"><span class='ocrx_word' id='word_1_882' title='bbox 1817 4500 1886 4553; x_wconf 90' lang='lat' dir='ltr'><strong>ab</strong></span> <span class='ocrx_word' id='word_1_883' title='bbox 1915 4499 2030 4553; x_wconf 91' lang='lat' dir='ltr'><strong>istis</strong></span> <span class='ocrx_word' id='word_1_884' title='bbox 2071 4513 2157 4552; x_wconf 91' lang='lat' dir='ltr'><strong>me</strong></span> <span class='ocrx_word' id='word_1_885' title='bbox 2187 4489 2463 4551; x_wconf 72' lang='lat' dir='ltr'><strong>exciitieus</strong></span> <span class='ocrx_word' id='word_1_886' title='bbox 2491 4509 2717 4564; x_wconf 90' lang='lat' dir='ltr'><strong>superna</strong></span> <span class='ocrx_word' id='word_1_887' title='bbox 2745 4494 3111 4562; x_wconf 84' lang='lat' dir='ltr'><strong>contempler,</strong></span> <span class='ocrx_word' id='word_1_888' title='bbox 3156 4493 3203 4548; x_wconf 85' lang='lat' dir='ltr'><strong>si</strong></span> <span class='ocrx_word' id='word_1_889' title='bbox 3241 4502 3416 4547; x_wconf 87' lang='lat' dir='ltr'><strong>trans-</strong></span> 
     </span>
    </p>
   </div>
   <div class='ocr_carea' id='block_1_107' title="bbox 1818 4584 3412 4656">
    <p class='ocr_par' dir='ltr' id='par_1_107' title="bbox 1818 4584 3412 4656">
     <span class='ocr_line' id='line_1_107' title="bbox 1818 4584 3412 4656; baseline -0.004 -10"><span class='ocrx_word' id='word_1_890' title='bbox 1818 4591 1997 4646; x_wconf 91' lang='lat' dir='ltr'><strong>euntia</strong></span> <span class='ocrx_word' id='word_1_891' title='bbox 2029 4589 2367 4644; x_wconf 89' lang='lat' dir='ltr'><strong>manentibus</strong></span> <span class='ocrx_word' id='word_1_892' title='bbox 2394 4601 2723 4656; x_wconf 88' lang='lat' dir='ltr'><strong>comparem,</strong></span> <span class='ocrx_word' id='word_1_893' title='bbox 2751 4585 2906 4641; x_wconf 90' lang='lat' dir='ltr'><strong>video</strong></span> <span class='ocrx_word' id='word_1_894' title='bbox 2933 4584 3056 4654; x_wconf 90' lang='lat' dir='ltr'><strong>quid</strong></span> <span class='ocrx_word' id='word_1_895' title='bbox 3085 4600 3273 4639; x_wconf 89' lang='lat' dir='ltr'><strong>verum</strong></span> <span class='ocrx_word' id='word_1_896' title='bbox 3303 4584 3412 4641; x_wconf 87' lang='lat' dir='ltr'><strong>sit:</strong></span> 
     </span>
    </p>
   </div>
   <div class='ocr_carea' id='block_1_108' title="bbox 1819 4675 3416 4755">
    <p class='ocr_par' dir='ltr' id='par_1_108' title="bbox 1819 4675 3416 4755">
     <span class='ocr_line' id='line_1_108' title="bbox 1819 4675 3416 4755; baseline -0.005 -18"><span class='ocrx_word' id='word_1_897' title='bbox 1819 4683 1945 4755; x_wconf 86' lang='lat' dir='ltr'><strong>quid</strong></span> <span class='ocrx_word' id='word_1_898' title='bbox 1973 4691 2146 4735; x_wconf 84' lang='lat' dir='ltr'><strong>autem</strong></span> <span class='ocrx_word' id='word_1_899' title='bbox 2189 4681 2358 4750; x_wconf 82' lang='lat' dir='ltr'><strong>magis</strong></span> <span class='ocrx_word' id='word_1_900' title='bbox 2397 4679 2638 4733; x_wconf 89' lang='lat' dir='ltr'><strong>videatur</strong></span> <span class='ocrx_word' id='word_1_901' title='bbox 2675 4692 2832 4735; x_wconf 86' lang='lat' dir='ltr'><strong>esse,</strong></span> <span class='ocrx_word' id='word_1_902' title='bbox 2865 4692 3024 4746; x_wconf 84' lang='lat' dir='ltr'><strong>quant</strong></span> <span class='ocrx_word' id='word_1_903' title='bbox 3071 4676 3181 4730; x_wconf 88' lang='lat' dir='ltr'><strong>sit?</strong></span> <span class='ocrx_word' id='word_1_904' title='bbox 3234 4675 3416 4730; x_wconf 80' lang='lat' dir='ltr'><strong>Dictu-</strong></span> 
     </span>
    </p>
   </div>
   <div class='ocr_carea' id='block_1_109' title="bbox 1819 4764 3417 4835">
    <p class='ocr_par' dir='ltr' id='par_1_109' title="bbox 1819 4764 3417 4835">
     <span class='ocr_line' id='line_1_109' title="bbox 1819 4764 3417 4835; baseline -0.007 -7"><span class='ocrx_word' id='word_1_905' title='bbox 1819 4789 1983 4828; x_wconf 85' lang='lat' dir='ltr'><strong>rusne</strong></span> <span class='ocrx_word' id='word_1_906' title='bbox 2003 4788 2118 4826; x_wconf 89' lang='lat' dir='ltr'><strong>sum</strong></span> <span class='ocrx_word' id='word_1_907' title='bbox 2143 4787 2264 4826; x_wconf 86' lang='lat' dir='ltr'><strong>esse</strong></span> <span class='ocrx_word' id='word_1_908' title='bbox 2290 4770 2419 4824; x_wconf 90' lang='lat' dir='ltr'><strong>istos</strong></span> <span class='ocrx_word' id='word_1_909' title='bbox 2449 4768 2565 4824; x_wconf 92' lang='lat' dir='ltr'><strong>dies</strong></span> <span class='ocrx_word' id='word_1_910' title='bbox 2591 4783 2739 4821; x_wconf 88' lang='lat' dir='ltr'><strong>meos</strong></span> <span class='ocrx_word' id='word_1_911' title='bbox 2769 4766 2957 4820; x_wconf 80' lang='lat' dir='ltr'><strong>&#39;l&#39;llns</strong></span> <span class='ocrx_word' id='word_1_912' title='bbox 2980 4809 2995 4830; x_wconf 86' lang='lat'><strong>,</strong></span> <span class='ocrx_word' id='word_1_913' title='bbox 3021 4766 3233 4835; x_wconf 89' lang='lat' dir='ltr'><strong>inquam</strong></span> <span class='ocrx_word' id='word_1_914' title='bbox 3255 4804 3271 4830; x_wconf 88' lang='lat'><strong>,</strong></span> <span class='ocrx_word' id='word_1_915' title='bbox 3299 4764 3417 4820; x_wconf 85' lang='lat' dir='ltr'><strong>dies</strong></span> 
     </span>
    </p>
   </div>
   <div class='ocr_carea' id='block_1_110' title="bbox 1821 4857 3418 4930">
    <p class='ocr_par' dir='ltr' id='par_1_110' title="bbox 1821 4857 3418 4930">
     <span class='ocr_line' id='line_1_110' title="bbox 1821 4857 3418 4930; baseline -0.004 -10"><span class='ocrx_word' id='word_1_916' title='bbox 1821 4880 1940 4920; x_wconf 88' lang='lat' dir='ltr'><strong>esse</strong></span> <span class='ocrx_word' id='word_1_917' title='bbox 1966 4865 2202 4918; x_wconf 89' lang='lat' dir='ltr'><strong>dicturus</strong></span> <span class='ocrx_word' id='word_1_918' title='bbox 2227 4878 2366 4926; x_wconf 88' lang='lat' dir='ltr'><strong>sum;</strong></span> <span class='ocrx_word' id='word_1_919' title='bbox 2395 4873 2447 4916; x_wconf 90' lang='lat' dir='ltr'><strong>et</strong></span> <span class='ocrx_word' id='word_1_920' title='bbox 2473 4871 2580 4915; x_wconf 85' lang='lat' dir='ltr'><strong>tam</strong></span> <span class='ocrx_word' id='word_1_921' title='bbox 2612 4876 2858 4930; x_wconf 80' lang='lat' dir='ltr'><strong>maguum</strong></span> <span class='ocrx_word' id='word_1_922' title='bbox 2889 4861 2989 4913; x_wconf 88' lang='lat' dir='ltr'><strong>hoc</strong></span> <span class='ocrx_word' id='word_1_923' title='bbox 3018 4859 3260 4924; x_wconf 85' lang='lat' dir='ltr'><strong>verbum,</strong></span> <span class='ocrx_word' id='word_1_924' title='bbox 3290 4857 3418 4913; x_wconf 84' lang='lat' dir='ltr'><strong>huic</strong></span> 
     </span>
    </p>
   </div>
   <div class='ocr_carea' id='block_1_111' title="bbox 1822 4951 3417 5022">
    <p class='ocr_par' dir='ltr' id='par_1_111' title="bbox 1822 4951 3417 5022">
     <span class='ocr_line' id='line_1_111' title="bbox 1822 4951 3417 5022; baseline -0.003 -11"><span class='ocrx_word' id='word_1_925' title='bbox 1822 4959 1999 5012; x_wconf 90' lang='lat' dir='ltr'><strong>cursui</strong></span> <span class='ocrx_word' id='word_1_926' title='bbox 2047 4972 2224 5010; x_wconf 91' lang='lat' dir='ltr'><strong>rerum</strong></span> <span class='ocrx_word' id='word_1_927' title='bbox 2273 4955 2559 5009; x_wconf 87' lang='lat' dir='ltr'><strong>labentium</strong></span> <span class='ocrx_word' id='word_1_928' title='bbox 2593 4962 2795 5008; x_wconf 88' lang='lat' dir='ltr'><strong>temere</strong></span> <span class='ocrx_word' id='word_1_929' title='bbox 2819 4951 2997 5006; x_wconf 89' lang='lat' dir='ltr'><strong>dabo?</strong></span> <span class='ocrx_word' id='word_1_930' title='bbox 3030 4952 3100 5004; x_wconf 88' lang='lat' dir='ltr'><strong>lta</strong></span> <span class='ocrx_word' id='word_1_931' title='bbox 3128 4965 3256 5020; x_wconf 79' lang='lat' dir='ltr'><strong>ergo</strong></span> <span class='ocrx_word' id='word_1_932' title='bbox 3303 4952 3417 5022; x_wconf 74' lang='lat' dir='ltr'><strong>ip~e</strong></span> 
     </span>
    </p>
   </div>
   <div class='ocr_carea' id='block_1_112' title="bbox 1823 5042 3416 5114">
    <p class='ocr_par' dir='ltr' id='par_1_112' title="bbox 1823 5042 3416 5114">
     <span class='ocr_line' id='line_1_112' title="bbox 1823 5042 3416 5114; baseline -0.004 -12"><span class='ocrx_word' id='word_1_933' title='bbox 1823 5047 2075 5104; x_wconf 80' lang='lat' dir='ltr'><strong>deﬁciens</strong></span> <span class='ocrx_word' id='word_1_934' title='bbox 2104 5061 2238 5114; x_wconf 87' lang='lat' dir='ltr'><strong>pene</strong></span> <span class='ocrx_word' id='word_1_935' title='bbox 2259 5061 2363 5100; x_wconf 88' lang='lat' dir='ltr'><strong>non</strong></span> <span class='ocrx_word' id='word_1_936' title='bbox 2394 5061 2510 5099; x_wconf 86' lang='lat' dir='ltr'><strong>sum</strong></span> <span class='ocrx_word' id='word_1_937' title='bbox 2535 5085 2551 5110; x_wconf 92' lang='lat'><strong>,</strong></span> <span class='ocrx_word' id='word_1_938' title='bbox 2580 5054 2638 5099; x_wconf 91' lang='lat' dir='ltr'><strong>ut</strong></span> <span class='ocrx_word' id='word_1_939' title='bbox 2673 5043 2930 5099; x_wconf 79' lang='lat' dir='ltr'><strong>exciderit</strong></span> <span class='ocrx_word' id='word_1_940' title='bbox 2966 5042 3096 5097; x_wconf 89' lang='lat' dir='ltr'><strong>mihi</strong></span> <span class='ocrx_word' id='word_1_941' title='bbox 3126 5042 3217 5112; x_wconf 85' lang='lat' dir='ltr'><strong>qui</strong></span> <span class='ocrx_word' id='word_1_942' title='bbox 3241 5042 3416 5107; x_wconf 79' lang='lat' dir='ltr'><strong>dixit,</strong></span> 
     </span>
    </p>
   </div>
   <div class='ocr_carea' id='block_1_113' title="bbox 1823 5134 3416 5210">
    <p class='ocr_par' dir='ltr' id='par_1_113' title="bbox 1823 5134 3416 5210">
     <span class='ocr_line' id='line_1_113' title="bbox 1823 5134 3416 5210; baseline -0.005 -16"><span class='ocrx_word' id='word_1_943' title='bbox 1823 5138 1939 5210; x_wconf 85' lang='lat' dir='ltr'><strong>Ego</strong></span> <span class='ocrx_word' id='word_1_944' title='bbox 1963 5153 2081 5194; x_wconf 89' lang='lat' dir='ltr'><strong>sum</strong></span> <span class='ocrx_word' id='word_1_945' title='bbox 2111 5138 2202 5207; x_wconf 91' lang='lat' dir='ltr'><strong>qui</strong></span> <span class='ocrx_word' id='word_1_946' title='bbox 2229 5151 2344 5190; x_wconf 90' lang='lat' dir='ltr'><strong>smn</strong></span> <span class='ocrx_word' id='word_1_947' title='bbox 2369 5135 2562 5207; x_wconf 79' lang='lat' dir='ltr'><strong>(Exod.</strong></span> <span class='ocrx_word' id='word_1_948' title='bbox 2595 5151 2668 5198; x_wconf 89' lang='lat' dir='ltr'><strong>ut,</strong></span> <span class='ocrx_word' id='word_1_949' title='bbox 2694 5134 2805 5205; x_wconf 77' lang='lat' dir='ltr'><strong>M).</strong></span> <span class='ocrx_word' id='word_1_950' title='bbox 2841 5135 2931 5188; x_wconf 83' lang='lat' dir='ltr'><strong>Est</strong></span> <span class='ocrx_word' id='word_1_951' title='bbox 2951 5150 3078 5203; x_wconf 83' lang='lat' dir='ltr'><strong>ergo</strong></span> <span class='ocrx_word' id='word_1_952' title='bbox 3101 5134 3293 5204; x_wconf 89' lang='lat' dir='ltr'><strong>aliquis</strong></span> <span class='ocrx_word' id='word_1_953' title='bbox 3318 5151 3416 5187; x_wconf 80' lang='lat' dir='ltr'><strong>un-</strong></span> 
     </span>
    </p>
   </div>
   <div class='ocr_carea' id='block_1_114' title="bbox 1824 5227 3416 5294">
    <p class='ocr_par' dir='ltr' id='par_1_114' title="bbox 1824 5227 3416 5294">
     <span class='ocr_line' id='line_1_114' title="bbox 1824 5227 3416 5294; baseline -0.004 -6"><span class='ocrx_word' id='word_1_954' title='bbox 1824 5248 2005 5288; x_wconf 87' lang='lat' dir='ltr'><strong>merus</strong></span> <span class='ocrx_word' id='word_1_955' title='bbox 2027 5231 2270 5286; x_wconf 82' lang='lat' dir='ltr'><strong>dierum?</strong></span> <span class='ocrx_word' id='word_1_956' title='bbox 2300 5229 2437 5284; x_wconf 80' lang='lat' dir='ltr'><strong>Vere</strong></span> <span class='ocrx_word' id='word_1_957' title='bbox 2463 5241 2542 5284; x_wconf 90' lang='lat' dir='ltr'><strong>est</strong></span> <span class='ocrx_word' id='word_1_958' title='bbox 2567 5271 2582 5294; x_wconf 94' lang='lat'><strong>,</strong></span> <span class='ocrx_word' id='word_1_959' title='bbox 2615 5240 2661 5282; x_wconf 88' lang='lat' dir='ltr'><strong>et</strong></span> <span class='ocrx_word' id='word_1_960' title='bbox 2693 5230 2808 5282; x_wconf 89' lang='lat' dir='ltr'><strong>sine</strong></span> <span class='ocrx_word' id='word_1_961' title='bbox 2841 5230 2945 5282; x_wconf 88' lang='lat' dir='ltr'><strong>line</strong></span> <span class='ocrx_word' id='word_1_962' title='bbox 2974 5238 3075 5282; x_wconf 90' lang='lat' dir='ltr'><strong>est.</strong></span> <span class='ocrx_word' id='word_1_963' title='bbox 3113 5228 3166 5282; x_wconf 93' lang='lat' dir='ltr'><strong>ln</strong></span> <span class='ocrx_word' id='word_1_964' title='bbox 3199 5227 3285 5281; x_wconf 89' lang='lat' dir='ltr'><strong>his</strong></span> <span class='ocrx_word' id='word_1_965' title='bbox 3329 5244 3416 5281; x_wconf 77' lang='lat' dir='ltr'><strong>au-</strong></span> 
     </span>
    </p>
   </div>
   <div class='ocr_carea' id='block_1_115' title="bbox 1827 5321 3420 5391">
    <p class='ocr_par' dir='ltr' id='par_1_115' title="bbox 1827 5321 3420 5391">
     <span class='ocr_line' id='line_1_115' title="bbox 1827 5321 3420 5391; baseline -0.005 -11"><span class='ocrx_word' id='word_1_966' title='bbox 1827 5339 1931 5381; x_wconf 86' lang='lat' dir='ltr'><strong>tem</strong></span> <span class='ocrx_word' id='word_1_967' title='bbox 1962 5325 2151 5380; x_wconf 90' lang='lat' dir='ltr'><strong>diebus</strong></span> <span class='ocrx_word' id='word_1_968' title='bbox 2179 5324 2349 5379; x_wconf 87' lang='lat' dir='ltr'><strong>dicam</strong></span> <span class='ocrx_word' id='word_1_969' title='bbox 2374 5323 2571 5391; x_wconf 84' lang='lat' dir='ltr'><strong>aliquid</strong></span> <span class='ocrx_word' id='word_1_970' title='bbox 2597 5337 2751 5384; x_wconf 86' lang='lat' dir='ltr'><strong>eSSe,</strong></span> <span class='ocrx_word' id='word_1_971' title='bbox 2794 5324 2836 5375; x_wconf 76' lang='lat' dir='ltr'><strong>si</strong></span> <span class='ocrx_word' id='word_1_972' title='bbox 2878 5333 3032 5375; x_wconf 82' lang='lat' dir='ltr'><strong>teneo</strong></span> <span class='ocrx_word' id='word_1_973' title='bbox 3071 5321 3140 5376; x_wconf 85' lang='lat' dir='ltr'><strong>de</strong></span> <span class='ocrx_word' id='word_1_974' title='bbox 3185 5337 3292 5391; x_wconf 86' lang='lat' dir='ltr'><strong>quo</strong></span> <span class='ocrx_word' id='word_1_975' title='bbox 3333 5323 3420 5373; x_wconf 86' lang='lat' dir='ltr'><strong>die</strong></span> 
     </span>
    </p>
   </div>
   <div class='ocr_carea' id='block_1_116' title="bbox 1826 5414 3422 5486">
    <p class='ocr_par' dir='ltr' id='par_1_116' title="bbox 1826 5414 3422 5486">
     <span class='ocr_line' id='line_1_116' title="bbox 1826 5414 3422 5486; baseline -0.006 -13"><span class='ocrx_word' id='word_1_976' title='bbox 1826 5435 1913 5473; x_wconf 87' lang='lat' dir='ltr'><strong>me</strong></span> <span class='ocrx_word' id='word_1_977' title='bbox 1943 5418 2240 5486; x_wconf 74' lang='lat' dir='ltr'><strong>interrogas</strong></span> <span class='ocrx_word' id='word_1_978' title='bbox 2269 5425 2443 5469; x_wconf 87' lang='lat' dir='ltr'><strong>utrum</strong></span> <span class='ocrx_word' id='word_1_979' title='bbox 2464 5416 2570 5470; x_wconf 84' lang='lat' dir='ltr'><strong>sit:</strong></span> <span class='ocrx_word' id='word_1_980' title='bbox 2599 5423 2658 5468; x_wconf 90' lang='lat' dir='ltr'><strong>ut</strong></span> <span class='ocrx_word' id='word_1_981' title='bbox 2685 5415 2765 5468; x_wconf 88' lang='lat' dir='ltr'><strong>vel</strong></span> <span class='ocrx_word' id='word_1_982' title='bbox 2795 5414 3090 5482; x_wconf 62' lang='lat' dir='ltr'><strong>interroges</strong></span> <span class='ocrx_word' id='word_1_983' title='bbox 3132 5427 3216 5465; x_wconf 91' lang='lat' dir='ltr'><strong>me</strong></span> <span class='ocrx_word' id='word_1_984' title='bbox 3237 5452 3252 5475; x_wconf 93' lang='lat'><strong>,</strong></span> <span class='ocrx_word' id='word_1_985' title='bbox 3299 5420 3422 5465; x_wconf 82' lang='lat' dir='ltr'><strong>tene</strong></span> 
     </span>
    </p>
   </div>
   <div class='ocr_carea' id='block_1_117' title="bbox 1827 5504 3419 5580">
    <p class='ocr_par' dir='ltr' id='par_1_117' title="bbox 1827 5504 3419 5580">
     <span class='ocr_line' id='line_1_117' title="bbox 1827 5504 3419 5580; baseline -0.006 -14"><span class='ocrx_word' id='word_1_986' title='bbox 1827 5512 1968 5566; x_wconf 90' lang='lat' dir='ltr'><strong>unde</strong></span> <span class='ocrx_word' id='word_1_987' title='bbox 1997 5526 2083 5579; x_wconf 85' lang='lat' dir='ltr'><strong>me</strong></span> <span class='ocrx_word' id='word_1_988' title='bbox 2111 5511 2425 5580; x_wconf 82' lang='lat' dir='ltr'><strong>interrogas.</strong></span> <span class='ocrx_word' id='word_1_989' title='bbox 2457 5509 2630 5562; x_wconf 88' lang='lat' dir='ltr'><strong>Tenes</strong></span> <span class='ocrx_word' id='word_1_990' title='bbox 2671 5507 2811 5561; x_wconf 90' lang='lat' dir='ltr'><strong>diem</strong></span> <span class='ocrx_word' id='word_1_991' title='bbox 2859 5506 3056 5559; x_wconf 85' lang='lat' dir='ltr'><strong>istum?</strong></span> <span class='ocrx_word' id='word_1_992' title='bbox 3097 5505 3151 5559; x_wconf 88' lang='lat' dir='ltr'><strong>Si</strong></span> <span class='ocrx_word' id='word_1_993' title='bbox 3205 5504 3419 5559; x_wconf 89' lang='lat' dir='ltr'><strong>tenuisti</strong></span> 
     </span>
    </p>
   </div>
   <div class='ocr_carea' id='block_1_118' title="bbox 1892 5636 3419 5711">
    <p class='ocr_par' dir='ltr' id='par_1_118' title="bbox 1892 5636 3419 5711">
     <span class='ocr_line' id='line_1_118' title="bbox 1892 5636 3419 5711; baseline -0.005 -15"><span class='ocrx_word' id='word_1_994' title='bbox 1892 5649 1909 5681; x_wconf 79' lang='grc' dir='ltr'><strong><em>ι</em></strong></span> <span class='ocrx_word' id='word_1_995' title='bbox 1935 5649 2008 5698; x_wconf 78' lang='lat' dir='ltr'><strong>sic</strong></span> <span class='ocrx_word' id='word_1_996' title='bbox 2030 5645 2255 5711; x_wconf 79' lang='lat' dir='ltr'><strong>plerique</strong></span> <span class='ocrx_word' id='word_1_997' title='bbox 2277 5653 2385 5711; x_wconf 55' lang='grc' dir='ltr'><strong>διες.</strong></span> <span class='ocrx_word' id='word_1_998' title='bbox 2416 5650 2471 5692; x_wconf 82' lang='lat' dir='ltr'><strong>At</strong></span> <span class='ocrx_word' id='word_1_999' title='bbox 2491 5650 2624 5711; x_wconf 85' lang='lat' dir='ltr'><strong>l.o_v.,</strong></span> <span class='ocrx_word' id='word_1_1000' title='bbox 2649 5653 2794 5711; x_wconf 75' lang='lat' dir='ltr'><strong>quam</strong></span> <span class='ocrx_word' id='word_1_1001' title='bbox 2816 5640 2859 5692; x_wconf 86' lang='lat' dir='ltr'><strong>si</strong></span> <span class='ocrx_word' id='word_1_1002' title='bbox 2898 5639 3118 5690; x_wconf 72' lang='lat' dir='ltr'><strong>dicturos</strong></span> <span class='ocrx_word' id='word_1_1003' title='bbox 3133 5636 3194 5689; x_wconf 83' lang='lat' dir='ltr'><strong>sit</strong></span> <span class='ocrx_word' id='word_1_1004' title='bbox 3221 5647 3266 5688; x_wconf 85' lang='lat' dir='ltr'><strong>te</strong></span> <span class='ocrx_word' id='word_1_1005' title='bbox 3288 5651 3419 5711; x_wconf 41' lang='lat' dir='ltr'><strong>meno.</strong></span> 
     </span>
    </p>
   </div>
   <div class='ocr_carea' id='block_1_119' title="bbox 1827 5703 3422 5764">
    <p class='ocr_par' dir='ltr' id='par_1_119' title="bbox 1827 5703 3422 5764">
     <span class='ocr_line' id='line_1_119' title="bbox 1827 5703 3422 5764; baseline -0.006 -3"><span class='ocrx_word' id='word_1_1006' title='bbox 1827 5722 1936 5761; x_wconf 81' lang='lat' dir='ltr'><strong>sum</strong></span> <span class='ocrx_word' id='word_1_1007' title='bbox 1971 5703 2072 5760; x_wconf 72' lang='lat' dir='ltr'><strong>esse</strong></span> <span class='ocrx_word' id='word_1_1008' title='bbox 2100 5703 2216 5760; x_wconf 76' lang='lat' dir='ltr'><strong>istos</strong></span> <span class='ocrx_word' id='word_1_1009' title='bbox 2253 5707 2358 5758; x_wconf 87' lang='lat' dir='ltr'><strong>dies</strong></span> <span class='ocrx_word' id='word_1_1010' title='bbox 2391 5718 2519 5756; x_wconf 84' lang='lat' dir='ltr'><strong>meos</strong></span> <span class='ocrx_word' id='word_1_1011' title='bbox 2536 5707 2560 5755; x_wconf 74' lang='lat'><strong>1&#39;</strong></span> <span class='ocrx_word' id='word_1_1012' title='bbox 2583 5703 2679 5763; x_wconf 60' lang='lat' dir='ltr'><strong>Ern,</strong></span> <span class='ocrx_word' id='word_1_1013' title='bbox 2701 5705 2918 5755; x_wconf 84' lang='lat' dir='ltr'><strong>videatur</strong></span> <span class='ocrx_word' id='word_1_1014' title='bbox 2945 5716 3035 5764; x_wconf 78' lang='lat' dir='ltr'><strong>non</strong></span> <span class='ocrx_word' id='word_1_1015' title='bbox 3057 5715 3178 5762; x_wconf 79' lang='lat' dir='ltr'><strong>esse,</strong></span> <span class='ocrx_word' id='word_1_1016' title='bbox 3203 5715 3345 5764; x_wconf 84' lang='lat' dir='ltr'><strong>quam</strong></span> <span class='ocrx_word' id='word_1_1017' title='bbox 3383 5703 3422 5752; x_wconf 84' lang='lat' dir='ltr'><strong>si</strong></span> 
     </span>
    </p>
   </div>
   <div class='ocr_carea' id='block_1_120' title="bbox 1830 5767 2734 5825">
    <p class='ocr_par' dir='ltr' id='par_1_120' title="bbox 1830 5767 2734 5825">
     <span class='ocr_line' id='line_1_120' title="bbox 1830 5767 2734 5825; baseline -0.008 0"><span class='ocrx_word' id='word_1_1018' title='bbox 1830 5773 2049 5825; x_wconf 75' lang='lat' dir='ltr'><strong>dicturus</strong></span> <span class='ocrx_word' id='word_1_1019' title='bbox 2076 5771 2168 5823; x_wconf 81' lang='lat' dir='ltr'><strong>sim</strong></span> <span class='ocrx_word' id='word_1_1020' title='bbox 2189 5784 2289 5822; x_wconf 82' lang='lat' dir='ltr'><strong>esse</strong></span> <span class='ocrx_word' id='word_1_1021' title='bbox 2305 5770 2417 5820; x_wconf 81' lang='lat' dir='ltr'><strong>istos</strong></span> <span class='ocrx_word' id='word_1_1022' title='bbox 2435 5767 2539 5817; x_wconf 84' lang='lat' dir='ltr'><strong>dies</strong></span> <span class='ocrx_word' id='word_1_1023' title='bbox 2561 5780 2690 5817; x_wconf 83' lang='lat' dir='ltr'><strong>meos</strong></span> <span class='ocrx_word' id='word_1_1024' title='bbox 2708 5767 2734 5818; x_wconf 70' lang='grc' dir='ltr'><strong>ἰ)</strong></span> 
     </span>
    </p>
   </div>
  </div>
