3978 6332
1730 324 1787 376 s.
1832 307 2198 374 mensum
2240 299 2542 360 EPISCOPI
3679 285 3784 337 ‘90

2193 431 2441 487 magmnn
2471 420 2656 483 putant
2680 423 2801 464 esse
2835 403 2977 478 quod
3025 401 3177 459 adest
3205 419 3218 457 :
3246 400 3336 472 qui
3364 401 3505 456 enim
3543 403 3696 467 putat
3723 415 3786 455 se

2188 485 2308 567 esse
2335 504 2566 575 aliquid.
2597 516 2719 557 cum
2749 497 2881 556 nihil
2904 497 2994 561 sit,
3026 493 3375 563 semetipsum
3401 488 3611 547 seducit
3636 485 3783 561 (Gal.

2192 616 2266 663 vt,
2298 596 2379 667 5).
2403 596 2512 656 Nec
2536 593 2621 647 isti
2650 606 2713 647 ex
2749 592 2850 644 hoc
2878 586 3054 655 magni
3082 592 3247 641 sunt:
3278 596 3402 641 nam
3427 588 3482 637 et
3501 579 3707 638 inﬂatio
3731 586 3788 633 et

2195 700 2377 746 tumor
2418 684 2655 743 imitatur
2684 676 3100 749 magnitudinem
3124 716 3141 741 ,
3169 674 3267 733 sed
3304 687 3415 729 non
3444 672 3605 727 habet
3644 670 3792 732 sani-

2197 788 2383 836 tatem.

2269 874 2323 930 9.
2357 871 2508 947 [υεη.
2540 867 2620 943 6.]
2659 866 2778 923 lam
2814 877 2947 935 ergo
2983 864 3086 918 iste
3115 859 3421 917 transiliens
3445 871 3608 927 agens
3635 855 3793 927 quid-

2201 964 2323 1021 dam
2350 964 2402 1017 in
2430 958 2594 1015 corde
2616 956 2883 1013 occultum
2909 995 2924 1023 ,
2950 952 3095 1023 quod
3121 966 3228 1005 non
3272 949 3421 1004 novit
3446 948 3547 1004 nisi
3571 947 3662 1018 qui
3695 962 3761 1017 pa
3782 975 3797 988 -

2204 1060 2334 1115 riter
2362 1056 2487 1125 agit;
2518 1062 2768 1122 tanquam
2798 1054 2928 1103 noto
2956 1045 3056 1101 sibi
3087 1044 3226 1098 laeto
3252 1044 3359 1098 line
3376 1056 3477 1097 suo
3502 1042 3797 1110 impetraris

2206 1146 2346 1218 quod
2376 1142 2618 1214 rogavit,
2664 1147 2792 1194 noto
2835 1136 2935 1192 sibi
2979 1135 3121 1189 facto
3168 1147 3392 1187 numero
3419 1130 3627 1186 dierum
3671 1145 3806 1184 suu-

2209 1255 2327 1294 rum
2356 1279 2369 1297 .
2402 1253 2505 1289 tum
2533 1232 2621 1303 qui
2666 1230 2887 1295 transit,
2919 1226 3015 1282 sed
3044 1226 3132 1296 qui
3157 1232 3276 1287 est,
3316 1222 3542 1278 attendit
3586 1220 3654 1276 ad
3684 1219 3805 1274 bmc

2211 1346 2331 1398 qua:
2375 1323 2653 1381 lransilivit
2679 1364 2695 1388 ,
2724 1330 2779 1375 et
2800 1318 3141 1388 comparavit
3170 1314 3372 1370 notitiae
3413 1312 3677 1381 superiori
3707 1326 3723 1365 :
3749 1322 3807 1365 et

2215 1428 2463 1488 tanquam
2490 1415 2699 1470 diceres
2720 1412 2768 1465 ei
2788 1452 2804 1473 ,
2830 1410 3007 1475 Quare
3034 1404 3351 1461 desiderasti
3382 1417 3663 1457 numerum
3689 1401 3806 1456 die-

2216 1526 2336 1564 rum
2369 1517 2578 1563 tnorum
2603 1504 2693 1573 qui
2719 1502 2840 1557 est?
2860 1498 2993 1570 quid
3029 1498 3171 1552 enim
3201 1496 3269 1552 de
3289 1494 3478 1550 diebus
3497 1493 3614 1547 istis
3638 1492 3815 1547 dicis?

2220 1600 2288 1657 de
2314 1599 2405 1655 illo
2433 1596 2538 1652 alio
2566 1598 2581 1627 ί
2622 1591 2903 1648 attendens
2932 1590 3045 1644 haec
3070 1588 3144 1641 ait
3170 1604 3185 1642 :
3220 1584 3351 1639 Ecce
3376 1596 3560 1640 veteres
3600 1584 3817 1653 posuisti

2223 1692 2329 1747 dies
2344 1704 2501 1744 meos.
2525 1686 2877 1741 Veterascunt
2900 1681 3040 1738 enim
3070 1680 3144 1744 hi,
3172 1693 3272 1749 ego
3298 1692 3462 1731 novos
3487 1676 3627 1742 volo,
3648 1689 3821 1730 novos

488 365 592 423 ΜΩ

491 480 801 533 hesternum
821 506 836 530 ,
863 475 1018 522 tones
1042 466 1098 513 et
1118 452 1458 509 hodiernum.
1480 441 1588 498 Sed
1618 440 1925 494 hesternum
1948 471 1963 498 ,
1993 428 2080 481 irr-

493 568 614 642 quis
633 608 649 633 ,
678 577 788 627 non
818 568 975 614 teneo
993 595 1008 619 ,
1038 549 1162 621 quia
1185 546 1294 616 jam
1324 555 1431 595 non
1459 545 1542 591 est
1569 550 1586 588 :
1611 533 1771 586 istum
1800 534 1978 579 autem
2008 528 2086 571 te-

1142 639 1153 642 ‘
1479 636 1490 642 -
1545 624 1687 642 ’μμ-
1722 619 1782 642 AA
1807 616 1910 642 εισι.
1938 610 2086 642 aut-

497 610 507 625 '
535 610 649 633 ""3
679 610 788 627 "ﬁ"
822 610 881 614 *τί
924 610 927 611 ν
994 610 1008 619 υ
1058 610 1071 621 .
1185 610 1203 616 -

497 610 600 717 ilico
626 658 804 724 inquo
833 663 971 710 sum,
995 652 1049 699 et
1068 639 1156 713 qui
1185 646 1392 692 mecum
1416 636 1516 683 est.
1545 624 1692 679 itane
1718 619 1783 672 de
1807 616 1913 669 isto
1937 610 2088 666 excl—

1417 721 1426 724 *
1710 711 1722 723 υ
1790 710 1822 724 ·.
1842 705 1866 724 n
1903 702 2088 724 l7--_,-

497 753 576 807 dit
605 748 700 803 tibi
720 702 843 816 liam
875 746 1130 811 quantum
1158 745 1187 784 a
1222 725 1389 797 prima
1417 721 1533 774 lnce
1560 705 1866 769 transierit?
1903 702 2091 760 Nonne

1360 814 1370 816 μ
1408 813 1429 816 -ν
1558 805 1591 816 ..
1616 804 1629 816 .
1721 801 1731 813 .
1801 812 1874 816 Ἣ
1904 794 2089 816 ,mmm

501 794 576 807 “"
607 794 700 803 “““’“
735 794 790 816 δ*
818 794 821 795 ν
892 794 908 811 ι
1225 794 1234 797 -

501 845 602 897 iste
626 839 740 893 dies
768 849 797 888 a
823 832 992 903 prima
1012 826 1146 880 hora
1174 814 1377 886 capit?
1407 813 1477 866 Da
1501 804 1633 863 mihi
1658 801 1881 871 primam
1904 794 2089 846 horam

505 929 667 1001 ejus?
702 927 770 981 da
811 920 938 977 mihi
981 926 1037 973 et
1063 909 1350 970 secundam
1392 902 1545 970 ejus;
1576 895 1698 965 quia
1739 891 1877 945 forte
1901 893 1955 941 et
1980 884 2094 950 ipsa

1202 1000 1205 1001 '
1328 996 1339 1001 ’
1452 990 1467 1001 ·
1505 989 1519 1001 ·
1614 983 1704 1001 ut!
1744 998 1754 1001 -
1786 978 1922 1001 ιδῃ-ι.
1955 972 2094 1001 Α-ιῖιη

508 972 874 1075 transvolavit.
902 1005 1135 1065 Tertiam
1158 1042 1170 1065 .
1196 996 1372 1068 inquis
1396 1036 1411 1057 ,
1437 989 1576 1046 dabo
1614 983 1707 1039 tibi
1741 998 1757 1034 :
1786 978 1925 1033 forte
1952 972 2096 1026 enim

508 1112 566 1165 in
594 1110 705 1179 ipsa
734 1115 876 1158 nunc
900 1109 1105 1154 sumus.
1143 1066 1299 1146 Certe
1329 1097 1457 1153 ergo
1487 1085 1611 1139 sunt
1637 1072 1722 1127 isti
1748 1070 1867 1123 dies
1886 1106 1901 1126 ,
1927 1074 1982 1118 et
2017 1066 2101 1119 est

1333 1176 1379 1179 “
1627 1165 1661 1179 “
1738 1178 1741 1179 ν
1804 1156 1892 1179 ιη]
1917 1156 2100 1179 l-A-nnn

514 1156 670 1257 tertia
690 1196 805 1253 dies
832 1210 848 1249 :
875 1198 929 1247 et
952 1188 1000 1243 si
1029 1184 1236 1243 tertiam
1262 1176 1443 1239 dabis,
1473 1184 1580 1226 non
1611 1165 1773 1225 diem,
1800 1156 1895 1213 sed
1917 1156 2100 1207 horam

515 1288 687 1343 dabis.
719 1284 1096 1338 Verumtamen
1125 1286 1195 1327 ne
1222 1268 1324 1323 hoc
1362 1260 1575 1333 quidem
1603 1254 1696 1309 tibi
1740 1243 1977 1305 concedo
1999 1282 2016 1307 ,
2058 1243 2104 1293 si

518 1390 727 1433 mecum
768 1373 866 1428 ista
892 1377 1179 1434 utcumque
1206 1350 1501 1414 transilisti.
1550 1350 1623 1403 Da
1651 1342 1781 1399 mihi
1808 1338 1891 1394 vel
1918 1336 2107 1390 horam

520 1421 982 1534 tertiam
1022 1421 1153 1511 mihi
1190 1452 1255 1507 da
1300 1451 1352 1503 in
1399 1459 1505 1516 qua
1541 1432 1620 1495 es.
1646 1437 1701 1493 Si
1729 1433 1872 1489 cnim
1911 1421 2109 1495 aliquid

527 1702 669 1818 quod
697 1702 884 1804 restat,
906 1736 1028 1806 quia
1056 1702 1294 1786 nondum
1317 1732 1417 1779 est.
1442 1716 1577 1785 Quid
1605 1712 1734 1768 mihi
1755 1711 1824 1764 de
1844 1707 1971 1764 hora
1994 1702 2117 1766 ista,

1251 1817 1293 1818 η
1346 1813 1365 1818 -
1407 1813 1431 1818 -
1486 1809 1531 1818 ..
1575 1807 1590 1818 .
1933 1793 2077 1818 LL,“

531 1793 651 1910 ante
680 1846 821 1891 nunc
845 1793 1113 1899 peragitur
1132 1863 1147 1885 ,
1176 1813 1368 1874 dabis?
1398 1809 1533 1878 Quid
1559 1807 1628 1864 de
1650 1803 1741 1857 illa
1770 1798 1899 1853 mihi
1928 1793 2080 1851 dabis
2102 1831 2118 1855 .

534 1888 647 1910 ιι-ν-
686 1888 691 1889 ν
728 1888 736 1891 ν
850 1888 863 1899 .
977 1888 1004 1896 -

533 1933 620 1990 cui
650 1924 979 1984 committam
1010 1918 1113 1972 hoc
1137 1913 1356 1968 verbum
1385 1916 1443 1962 ut
1466 1904 1660 1966 dicam,
1683 1894 1813 1953 Est?
1834 1894 1966 1951 Cum
1993 1888 2127 1945 dicis

539 2026 712 2095 ipsum
741 2019 854 2079 Est,
882 2024 1027 2069 certe
1046 2024 1150 2064 una
1177 2002 1379 2077 syllaba
1406 2009 1506 2062 est,
1530 2005 1583 2051 et
1604 1997 1932 2049 momentum
1961 1996 2126 2040 unum

1348 2092 1360 2095 -
1419 2090 1432 2095 -
1584 2085 1596 2095 -
1665 2085 1677 2095 -
1900 2094 1905 2095 ,
1940 2074 2000 2095 ,λ
2042 2088 2098 2095 --

541 2074 646 2178 ἐει,
679 2119 733 2166 et
758 2119 866 2163 tres
892 2105 1097 2158 litteras
1121 2074 1321 2170 syllaba
1348 2090 1509 2146 habet
1538 2105 1553 2141 :
1584 2085 1635 2138 in
1665 2085 1780 2152 ipso
1806 2080 1912 2132 ictu
1936 2074 2003 2130 ad
2041 2088 2131 2133 se-

549 2212 778 2269 cundam
810 2205 968 2275 hujus
992 2198 1137 2255 verbi
1165 2196 1395 2250 litteram
1422 2202 1529 2242 non
1551 2179 1815 2254 pervenis,
1838 2173 1940 2230 nisi
1963 2170 2132 2242 prima

555 2306 701 2361 finita
729 2300 925 2363 fuerit;
955 2293 1109 2350 tertia
1132 2304 1237 2344 non
1266 2281 1514 2345 sonabit,
1548 2275 1648 2331 nisi
1676 2287 1797 2329 cum
1828 2277 1882 2324 et
1904 2261 2136 2321 secunda

556 2352 1016 2455 Quid
1060 2381 1189 2438 mihi
1236 2376 1305 2433 de
1343 2374 1443 2428 hac
1471 2384 1574 2423 una
1604 2362 1805 2436 syllaba
1848 2354 2040 2413 dabis?
2076 2352 2139 2407 Et

556 2500 709 2544 tenes
741 2483 858 2540 dies
880 2521 896 2546 ,
922 2478 1011 2549 qni
1042 2487 1200 2529 unam
1227 2465 1485 2539 syllabam
1518 2473 1624 2515 non
1653 2452 1840 2511 tenes?
1865 2445 2144 2504 Momentis

562 2535 1011 2634 transvolantibus
1038 2568 1227 2618 cuncta
1250 2535 1544 2625 rapiuntur,
1570 2557 1780 2601 torrens
1805 2552 1984 2595 rerum
2012 2535 2145 2593 linit;

562 2669 633 2726 de
676 2666 783 2737 quo
824 2664 1059 2717 torrente
1088 2653 1177 2708 ille
1206 2651 1259 2703 in
1288 2646 1371 2701 via
1400 2642 1551 2698 bibit-
1576 2652 1671 2707 pro
1701 2632 1883 2691 nobis,
1915 2627 2004 2698 qui
2042 2626 2149 2693 jam

567 2725 822 2815 exultavit
845 2756 1005 2821 caput
1032 2742 1204 2815 ('Psal.
1227 2753 1339 2804 CIX,
1368 2736 1449 2803 7).
1474 2730 1565 2786 Isti
1587 2742 1717 2798 ergo
1735 2725 1851 2780 dies
1873 2736 1977 2775 non
1995 2725 2151 2773 sunt:

571 2857 696 2906 ante
722 2810 926 2900 abeunt
959 2810 1097 2908 pene
1115 2874 1129 2897 ,
1158 2843 1317 2902 quam
1347 2823 1599 2884 veniant;
1630 2826 1685 2873 et
1722 2829 1846 2871 eum
1873 2810 2115 2868 venerim
2139 2845 2155 2867 ,

572 2951 718 3000 stare
756 2951 865 2992 non
907 2934 1173 3003 possunt:
1209 2923 1434 2993 jungunt
1473 2930 1534 2971 se
1559 2914 1578 2947 ⁸
1603 2951 1621 2978 ,
1652 2914 1943 2978 sequuntur
1982 2917 2076 2965 se,
2107 2907 2163 2952 «ιι

545 3046 687 3089 non
730 3042 792 3084 se
838 3027 1043 3080 tenent.
1074 2990 1221 3072 Nihil
1239 3011 1306 3066 de
1348 3005 1619 3080 praeterito
1661 3007 1947 3058 revocatur
1976 3011 1989 3048 :
2023 2990 2161 3062 quod

581 3124 813 3180 Futurum
841 3122 926 3172 est
950 3109 1292 3166 transiturum
1320 3104 1694 3168 exspectatur;
1727 3086 1959 3144 nondum
2004 3082 2161 3140 hava

583 3226 689 3279 tur,
720 3211 846 3267 dum
873 3221 977 3262 non
1002 3200 1180 3262 venit;
1214 3211 1317 3252 non
1346 3197 1589 3249 tenetur,
1633 3184 1758 3239 dum
1787 3177 2015 3235 venerit.
2053 3172 2169 3227 Nu-

584 3318 780 3359 merum
803 3311 933 3367 ergo
958 3294 1153 3348 dierum
1179 3298 1404 3341 meorum
1442 3280 1529 3350 qui
1572 3284 1643 3331 est
1681 3288 1700 3327 :
1727 3285 1834 3325 non
1882 3269 2039 3321 istum
2082 3261 2173 3332 qni

586 3413 694 3454 non
720 3402 837 3460 est,
865 3358 919 3445 et
943 3383 1084 3457 quod
1113 3396 1197 3435 me
1218 3372 1488 3432 difﬁcilius
1514 3376 1567 3423 ct
1593 3358 1939 3436 periculosius
1965 3364 2177 3426 pertur-

589 3490 701 3554 bat,
727 3492 782 3541 et
807 3489 890 3537 est
914 3487 966 3534 et
992 3491 1097 3531 non
1122 3480 1225 3536 est;
1253 3481 1353 3522 nec
1383 3476 1503 3519 esse
1532 3468 1816 3530 possumus
1837 3450 2018 3505 dicere
2037 3442 2177 3515 quod

1549 3552 1557 3554 _
1841 3543 1869 3554 ,ί
1933 3539 1972 3554 η
2008 3546 2022 3554 _

593 3533 701 3554 ἠ’-ν
732 3533 781 3541 ν-
814 3533 885 3537 νη
1212 3533 1220 3536 .

593 3596 700 3635 non
726 3584 851 3639 stat,
883 3584 983 3625 nec
1009 3582 1113 3621 non
1143 3576 1264 3618 esse
1284 3555 1423 3629 quod
1444 3552 1588 3606 venit
1608 3558 1663 3603 et
1690 3543 1900 3602 transit.
1933 3539 2029 3593 Est
2053 3533 2180 3589 illud

594 3667 818 3739 simplex
861 3673 1073 3731 quacro,
1115 3654 1212 3708 Est
1250 3662 1435 3705 verum
1463 3654 1648 3713 quaero
1670 3678 1686 3702 ,
1735 3636 1833 3691 Est
1871 3641 2183 3702 germanum

805 3798 821 3821 ,
850 3719 945 3810 EIst
968 3719 1109 3821 quod
1130 3754 1215 3801 est
1242 3744 1294 3797 in
1317 3740 1405 3795 illa
1432 3732 1731 3820 Jerusalem
1751 3739 1947 3798 sponsa
1977 3719 2187 3777 Domini

600 3852 741 3916 mei,
768 3849 857 3904 ubi
886 3860 990 3901 non
1020 3841 1124 3899 erit
1164 3849 1310 3892 mors
1333 3876 1348 3899 ,
1381 3846 1486 3885 non
1516 3811 1620 3884 erit
1644 3823 1883 3879 defectus
1906 3860 1921 3881 ,
1951 3831 2056 3869 non
2087 3812 2192 3871 erit

600 3947 717 4003 dies
746 3939 1028 3997 transiens.
1059 3930 1151 3988 sed
1181 3940 1403 3984 manens
1423 3965 1439 3986 ,
1468 3920 1555 3990 qui
1583 3929 1684 3972 nec
1711 3914 1962 3968 hesterno
1992 3918 2193 3976 praece-

603 4037 769 4100 ditur,
792 4045 895 4085 nec
917 4025 1151 4083 crastino
1180 4016 1487 4087 impellitur.
1510 4009 1664 4067 Hunc
1681 4046 1696 4071 ,
1726 4006 1940 4069 inquam
1967 4040 1983 4064 ,
2010 4010 2191 4049 nume-

606 4142 722 4184 rum
741 4124 938 4182 dierum
966 4130 1191 4173 meorum
1215 4111 1299 4179 qui
1324 4118 1396 4163 est
1412 4148 1427 4171 ,
1460 4111 1635 4157 notum
1660 4096 1783 4151 mihi
1809 4097 1911 4166 fac.

759 4177 829 4271 ι
855 4211 1010 4267 sciam
1029 4205 1149 4279 quid
1176 4177 1299 4257 desit
1320 4196 1464 4253 mihi.
1487 4193 1600 4248 Hoc
1620 4188 1760 4244 enim
1786 4183 1914 4241 mihi
1935 4180 2088 4236 deest
2114 4177 2201 4232 hic

610 4302 909 4367 laboranti;
937 4308 992 4355 et
1016 4273 1267 4367 quamdiu
1308 4288 1437 4343 mihi
1465 4285 1619 4340 deest
1636 4322 1652 4345 ,
1682 4293 1791 4333 non
1818 4290 1906 4332 me
1933 4273 2055 4326 dico
2076 4284 2202 4340 per-

614 4402 814 4459 lectum
846 4414 861 4451 :
889 4360 1144 4464 quamdiu
1170 4386 1272 4440 hoc
1306 4396 1412 4436 non
1451 4375 1655 4444 accipio
1680 4413 1694 4438 ,
1726 4370 1888 4434 dico,
1939 4362 2059 4420 Non
2084 4360 2205 4432 quia

607 4496 721 4568 iam
748 4453 1048 4556 acceperim,
1079 4485 1167 4533 aut
1188 4477 1301 4547 jam
1330 4474 1582 4542 perfectus
1606 4465 1726 4527 sint;
1747 4477 1927 4528 sequor
1945 4466 2110 4511 autent
2139 4453 2209 4507 ad

617 4547 844 4659 palmam
867 4547 1100 4650 superna:
1123 4566 1401 4627 uocationis
1429 4562 1520 4617 Dei
1544 4550 1982 4632 (ιθΙιὶιὶμρΛιιΛε
2003 4592 2019 4614 ,
2067 4547 2158 4617 ﬂ)
2192 4564 2207 4602 :

618 4676 762 4732 hanc
787 4668 1042 4739 accipiam
1072 4677 1168 4734 pro
1196 4654 1444 4716 mercede
1466 4664 1657 4707 cursus
1684 4647 1813 4702 mei.
1839 4641 2043 4698 Mansio
2066 4652 2215 4708 quae-

620 4769 744 4826 dam
788 4762 894 4819 erit
919 4758 1045 4814 linis
1072 4730 1335 4809 currendi
1360 4764 1377 4812 ;
1421 4744 1557 4803 etin
1599 4743 1712 4811 ipsa
1743 4735 2019 4792 mansione
2047 4730 2214 4801 patria

623 4862 744 4917 sine
770 4846 1199 4927 peregrinatione
1222 4884 1236 4908 ,
1269 4842 1388 4896 sine
1426 4834 1690 4892 seditione
1708 4873 1725 4893 ,
1755 4830 1873 4883 sine
1902 4824 2215 4880 tentatione.

624 4954 795 5022 Ergo,
827 4921 1024 5002 Notum
1061 4943 1143 5011 [ac
1170 4934 1294 4990 mihi
1316 4932 1459 4986 hunc
1485 4939 1751 4983 numerum
1771 4921 1968 4974 dierum
1993 4929 2221 4969 meorum

628 5007 860 5118 quiest,
905 5007 1147 5093 ut
1180 5025 1302 5096 quid
1344 5023 1470 5077 desit
1513 5018 1676 5082 mihi;
1716 5015 1841 5085 quia
1871 5009 2108 5067 nondum
2150 5007 2221 5060 ibi

631 5098 655 5118 γ
686 5098 691 5102 -
812 5098 816 5100 γ
843 5098 858 5107 .

630 5150 750 5194 sum
779 5150 794 5189 :
822 5144 891 5185 ne
918 5122 1222 5196 superbiam
1249 5131 1316 5172 ex
1342 5129 1409 5169 eo
1437 5112 1488 5165 in
1515 5123 1621 5180 quo
1654 5106 1766 5177 jam
1792 5117 1912 5157 sum
1932 5142 1947 5166 ,
1977 5106 2036 5154 ut
2074 5098 2225 5150 inve-

633 5227 752 5284 niar
776 5224 832 5281 in
859 5220 953 5279 illo
978 5192 1086 5272 non
1112 5210 1319 5267 habens
1348 5216 1521 5261 meam
1542 5198 1826 5271 justitiam.
1859 5192 1914 5247 ln
1944 5202 2225 5258 compara-

595 5332 600 5338 ‘
631 5319 781 5379 tione
800 5312 943 5371 enim
964 5308 1108 5364 illius
1130 5300 1272 5375 quod
1296 5306 1414 5363 est,
1442 5289 1722 5348 attendens
1750 5287 1848 5340 ista
1871 5297 1991 5354 qua:
2020 5294 2125 5339 non
2156 5279 2228 5333 ita

634 5418 792 5475 sunt,
831 5415 887 5465 et
924 5401 1047 5474 plus
1074 5373 1205 5452 mihi
1246 5389 1438 5447 videns
1464 5384 1652 5440 deesse
1680 5380 1843 5450 quam
1872 5373 2094 5437 adesse,
2134 5385 2230 5424 ero

640 5496 896 5559 humilior
917 5461 985 5548 ex
1013 5503 1080 5545 eo
1100 5483 1239 5556 quod
1280 5480 1471 5541 deest,
1503 5486 1662 5544 quam
1692 5468 1884 5525 elatior
1904 5480 1971 5520 ex
1996 5477 2063 5517 eo
2087 5461 2231 5531 quod

640 5550 977 5649 :dest.Nam
1006 5580 1095 5651 qui
1120 5550 1323 5647 iputaut
1346 5586 1405 5627 se
1435 5564 1633 5637 aliquid
1660 5562 1857 5617 habere
1882 5570 2003 5613 cum
2036 5554 2120 5609 hic
2148 5550 2231 5606 vi-

652 5673 807 5746 vunt,
837 5644 1196 5749 superbiendo
1243 5680 1348 5721 non
1398 5658 1666 5729 accipiunt
1705 5651 1844 5726 quod
1887 5648 2080 5711 deest;
2112 5644 2236 5713 quia

706 5796 724 5830 ⁸
747 5799 947 5856 Septem
970 5795 1098 5846 Mss,
1120 5782 1289 5844 urgent
1310 5786 1376 5826 se.

2228 1797 2494 1851 nunquam
2540 1784 2961 1837 veterasoentes;
3012 1780 3069 1827 ut
3109 1771 3325 1835 dicam,
3358 1767 3553 1824 Vetera
3595 1767 3834 1827 transiey

2229 1885 2356 1933 runt
2377 1916 2394 1940 ,
2424 1886 2549 1929 ecce
2577 1871 2715 1925 facta
2744 1876 2869 1923 aunt
2906 1882 3039 1920 nova
3070 1849 3137 1938 (ll
3165 1862 3283 1917 Cor.
3327 1877 3392 1925 v,
3424 1860 3514 1932 l7)
3546 1878 3562 1914 :
3595 1874 3744 1915 nunc
3770 1860 3824 1914 in

2231 1985 2360 2038 spe,
2404 1976 2530 2025 tunc
2568 1967 2620 2020 in
2667 1979 2743 2019 re.
2776 1959 3012 2015 luuovati
3043 1958 3185 2012 enim
3215 1955 3317 2010 [ide
3359 1964 3414 2011 et
3451 1969 3586 2025 spe,
3627 1961 3828 2024 quanta

2235 2062 2408 2117 adhuc
2438 2067 2621 2114 vetera
2666 2052 2910 2125 agimus?
2954 2050 3069 2106 Non
3113 2049 3254 2103 enim
3306 2049 3385 2102 sic
3412 2046 3629 2102 Christo
3659 2043 3832 2099 induti

2237 2163 2443 2213 smnus,
2473 2158 2532 2202 ut
2558 2162 2623 2205 ex
2648 2144 2814 2199 Adam
2842 2144 2950 2212 jam
2984 2139 3115 2194 nihil
3147 2150 3442 2207 portemus.
3464 2135 3655 2190 Videte
3681 2146 3833 2188 vete—

2242 2247 2538 2296 rasccntem
2566 2235 2771 2297 Adam,
2801 2243 2855 2287 et
2882 2230 3121 2286 innovari
3155 2230 3426 2283 Christum
3453 2228 3504 2282 in
3536 2227 3695 2281 nobis
3727 2246 3742 2280 :
3774 2225 3838 2277 Et

2243 2335 2285 2388 si
2315 2330 2532 2387 exterior
2553 2368 2570 2395 ,
2601 2326 2795 2396 inquit,
2824 2326 2973 2377 homo
2999 2330 3167 2375 noster
3192 2319 3537 2389 corrumpitur
3556 2358 3572 2379 ,
3598 2317 3689 2372 sed
3710 2315 3843 2369 inte-

2246 2427 2353 2480 rior
2372 2429 2643 2475 renovatur
2679 2417 2742 2471 de
2790 2415 2871 2469 die
2914 2415 2967 2469 in
2996 2412 3130 2466 diem
3174 2409 3284 2480 (Id.
3316 2423 3369 2462 tv
3394 2451 3409 2470 ,
3443 2408 3556 2476 16).
3591 2406 3739 2476 Ergo
3778 2404 3843 2458 ad

2253 2525 2527 2584 peccatum
2547 2552 2561 2570 .
2589 2510 2654 2566 ad
2684 2506 3059 2562 mortalitatem
3082 2543 3095 2566 ,
3126 2501 3193 2556 ad
3240 2498 3673 2570 pra-tervolantia
3707 2505 3843 2549 tem-

2258 2624 2401 2676 pora.
2433 2605 2498 2661 ad
2522 2601 2777 2673 gemitum
2803 2608 2859 2651 et
2879 2598 3119 2651 laborem
3142 2604 3197 2649 et
3224 2593 3472 2649 sudorem
3494 2592 3538 2653 ²,
3566 2589 3634 2645 ad
3664 2598 3849 2643 :ntates

2258 2698 2639 2757 succedentes,
2691 2708 2797 2747 non
2842 2700 3156 2753 manentes,
3186 2686 3255 2741 ab
3296 2683 3519 2739 infantia
3570 2696 3747 2751 usque
3784 2678 3851 2735 ad

2261 2799 2593 2847 senectutem
2618 2786 2737 2841 sine
2758 2798 2918 2837 sensu
2950 2788 3308 2841 transeuntes,
3333 2775 3399 2829 ad
3425 2774 3542 2829 han
3565 2770 3852 2829 attenden-

2265 2895 2345 2939 tes
2365 2925 2379 2949 ,
2408 2881 2686 2935 videamus
2708 2876 2796 2931 hic
2820 2882 3055 2927 veterem
3086 2869 3381 2934 hominem,
3407 2864 3813 2922 vetet-endiem
3840 2905 3855 2927 ,

2268 2984 2421 3028 wtus
2448 2970 2711 3028 canticum
2733 3007 2749 3032 ,
2788 2964 2956 3019 Vetus
2982 2962 3382 3016 Testamentum
3413 2975 3429 3013 :
3474 2956 3723 3012 conversi
3769 2971 3861 3007 au-

2272 3078 2379 3120 tem
2421 3064 2488 3117 ad
2519 3060 2823 3116 interiorem
2848 3054 2892 3120 ³,
2921 3054 2985 3110 ad
3013 3069 3077 3108 ea
3101 3068 3222 3122 qua:
3244 3047 3541 3104 inuovanda
3567 3053 3729 3110 sunt,
3768 3060 3866 3114 pro

2274 3159 2358 3212 his
2377 3171 2497 3227 qua!
2523 3148 2967 3211 immutabuntur,
2996 3144 3328 3199 inveniamus
3349 3140 3619 3193 hominem
3648 3151 3864 3197 novum,

2276 3250 2416 3303 diem
2457 3259 2687 3305 novum,
2730 3240 2994 3295 canticum
3039 3248 3270 3295 novum,
3313 3231 3718 3286 Testamentum
3763 3225 3872 3279 Nn-

2284 3354 2444 3404 vum;
2470 3347 2525 3391 et
2550 3335 2626 3390 sic
2655 3344 2897 3387 amemus
2925 3328 3081 3384 is'tam
3111 3326 3401 3381 novitatem
3428 3360 3444 3385 ,
3477 3331 3535 3374 ut
3560 3334 3664 3373 non
3707 3318 3779 3373 ibi
3810 3318 3877 3370 ti-

2282 3447 2521 3489 meamus
2570 3434 2908 3483 vetustatem.
2947 3419 3098 3475 Nunc
3140 3433 3269 3488 ergo
3294 3417 3346 3470 in
3382 3418 3483 3469 hoc
3509 3428 3670 3468 cursu
3698 3422 3876 3465 trans-

2287 3527 2426 3579 imus
2455 3537 2483 3575 a
2511 3515 2783 3575 veteribus
2812 3514 2877 3569 ad
2906 3527 3039 3566 nova
3070 3529 3086 3565 :
3114 3510 3229 3581 ipso
3258 3505 3511 3562 transitus
3551 3505 3727 3573 agitur
3758 3516 3879 3555 eum

2288 3620 2703 3681 corrumpuntur
2728 3606 3023 3668 exteriora,
3054 3610 3103 3656 et
3132 3601 3453 3654 innovantur
3474 3595 3753 3655 interiora;
3776 3593 3879 3646 duo

2292 3722 2393 3763 nec
2422 3705 2581 3759 etiam
2627 3701 2729 3753 hoc
2777 3698 2951 3768 ipsum
2999 3690 3142 3763 quod
3196 3688 3435 3744 exterius
3479 3683 3882 3751 corrumpitur,

2295 3798 2480 3854 reddat
2506 3794 2744 3849 debitum
2774 3800 2999 3852 naturze,
3027 3785 3206 3840 veniat
3235 3783 3287 3836 in
3318 3788 3569 3839 mortem.
3597 3785 3887 3832 renovetur

2296 3903 2349 3945 et
2398 3890 2499 3942 hoc
2544 3887 2597 3941 in
2647 3878 3060 3937 resurrectione.
3110 3875 3261 3929 'l‘unc
3307 3870 3437 3927 [ient
3478 3862 3666 3923 revera
3710 3866 3887 3920 omn'a

2300 4000 2433 4042 nova
2458 4026 2474 4049 ,
2503 3980 2702 4049 reliqua
2731 3990 2849 4045 qua:
2879 3985 3022 4027 nunc
3060 3968 3259 4023 suntin
3286 3979 3381 4033 ape
3406 3962 3449 4017 ⁸.
3480 3961 3608 4032 Agis
3633 3974 3765 4029 ergo
3794 3958 3889 4011 ali.

2300 4078 2425 4150 quid
2455 4087 2594 4127 nunc
2619 4087 2648 4123 a
2682 4066 2951 4123 veteribus
2980 4073 3033 4117 te
3070 4057 3325 4117 emendo
3348 4096 3363 4119 ,
3404 4065 3458 4109 et
3503 4054 3555 4107 in
3591 4065 3731 4106 nova
3772 4065 3893 4103 em-

2305 4169 2494 4226 rendn.
2523 4164 2577 4219 in
2609 4177 2742 4217 nova
2770 4173 2896 4227 ergo
2933 4167 3159 4210 currens
3184 4150 3287 4205 iste
3306 4191 3322 4212 ,
3354 4157 3408 4203 et
3447 4147 3500 4200 in
3529 4160 3591 4200 ea
3618 4158 3741 4213 quae,
3776 4149 3895 4193 ante

2306 4270 2433 4316 sunt
2454 4264 2728 4318 extentus,
2760 4248 2975 4311 Notum,
3003 4244 3189 4324 inquit,
3220 4241 3459 4301 Domine,
3489 4240 3570 4309 fac
3595 4235 3720 4289 mihi
3752 4234 3897 4304 ﬁnem

2310 4367 2472 4406 meum
2497 4391 2514 4414 ,
2543 4356 2590 4401 et
2612 4357 2877 4398 numerum
2902 4340 3099 4392 dierum
3137 4348 3362 4388 utrorum
3405 4330 3627 4401 quiest,
3654 4334 3710 4380 ut
3748 4325 3899 4378 sciam

2311 4443 2434 4515 quid
2454 4438 2581 4494 desit
2610 4435 2753 4489 mihi.
2786 4432 2927 4486 Ecce
2948 4427 3114 4483 trahit
3142 4424 3315 4479 adhuc
3344 4421 3537 4491 Adam,
3568 4428 3622 4473 et
3649 4417 3727 4470 sic
3760 4415 3901 4470 festi.

2316 4546 2407 4592 nat
2449 4535 2515 4588 ad
2546 4529 2840 4587 Christum.
2883 4523 3044 4587 Ecce,
3088 4518 3293 4588 inquit,
3323 4525 3510 4569 veteres
3555 4511 3767 4582 posuisti
3809 4508 3904 4560 dies

2317 4643 2474 4681 meos.
2505 4623 2729 4677 Veteres
2752 4616 2869 4670 dies
2894 4629 2959 4669 ex
3004 4609 3208 4671 Adam,
3241 4616 3449 4661 veteres
3481 4603 3601 4657 illos
3645 4598 3865 4667 posuisti
3894 4614 3905 4649 ς

2320 4720 2658 4774 vett-roseum
2679 4706 2949 4780 quotidie;
2977 4712 3030 4757 et
3057 4702 3136 4755 sic
3157 4704 3519 4759 vetoraseunt,
3547 4702 3603 4746 ut
3628 4688 3909 4760 aliquando

2323 4810 2483 4864 etiam
2508 4807 2908 4859 consumantur.
2956 4792 3024 4850 Et
3060 4789 3343 4844 substantia
3387 4801 3498 4839 mea
3528 4792 3769 4849 tanquam
3795 4776 3912 4831 until

2326 4911 2443 4954 ante
2485 4905 2550 4951 te.
2590 4893 2731 4949 Ante
2761 4899 2814 4943 te
2837 4929 2851 4953 ,
2882 4883 3108 4939 Domine
3132 4921 3147 4946 ,
3177 4887 3429 4947 tanquam
3462 4874 3595 4929 nihil
3623 4868 3912 4925 substantia

2327 5004 2445 5045 mea
2468 5030 2481 5051 ,
2507 4994 2631 5039 ante
2662 4991 2713 5035 te
2737 4979 2826 5050 qui
2872 4975 3022 5029 vides
3052 4972 3153 5025 hoc
3185 4988 3199 5023 :
3229 4978 3283 5023 et
3324 4983 3425 5037 ego
3448 4979 3570 5021 cum
3599 4963 3703 5016 hoc
3731 4961 3911 5015 video.

2330 5091 2453 5137 ante
2493 5088 2546 5133 te
2584 5076 2778 5137 video,
2808 5077 2932 5124 ante
2958 5065 3204 5121 homines
3246 5075 3351 5116 non
3382 5057 3557 5113 video.
3600 5055 3741 5125 Quid
3783 5054 3913 5109 enim

2332 5168 2551 5227 dicam?
2576 5164 2768 5237 quibus
2789 5159 2968 5214 verbis
2993 5153 3294 5215 ostendam,
3324 5149 3458 5204 nihil
3485 5162 3605 5204 esse
3635 5144 3778 5216 quod
3811 5158 3914 5195 sum

2337 5267 2389 5321 in
2422 5234 2821 5329 comparatione
2858 5250 2973 5321 ejus
2996 5245 3137 5319 quod
3179 5252 3263 5299 est
3284 5242 3308 5297 ‘t
3332 5240 3438 5297 Sed
3471 5240 3616 5293 intus
3642 5236 3833 5292 dicitur
3859 5234 3877 5264 '
3901 5274 3913 5291 .

2401 5384 2417 5409 ι
2446 5370 2670 5423 Undecim
2694 5375 2822 5424 Mss,
2849 5371 2918 5413 Dc
2955 5358 3040 5410 illo
3071 5355 3169 5408 alto
3190 5353 3457 5407 attendens.
3481 5349 3568 5399 alii
3591 5356 3818 5414 septem,
3850 5343 3921 5393 ulc

2342 5440 2404 5490 de
2420 5439 2521 5487 altu
2541 5429 2809 5483 attendens.

2405 5476 2587 5551 ‘1‘;le
2594 5476 2898 5541 vetﬁsud‘orem
2927 5482 3040 5551 .4da;
3063 5495 3083 5551 ί
3106 5481 3248 5551 abest
3272 5476 3388 5527 “Idm
3415 5489 3444 5525 a
3467 5481 3577 5525 tuas.

2405 5562 2425 5589 "
2448 5540 2643 5608 stcvtt'ss.
2669 5550 2780 5599 edd.
2805 5560 2939 5599 vero.
2968 5544 3033 5595 ad
3056 5540 3302 5608 ulteriora.

2405 5623 2425 5652 ι
2448 5597 2950 5669 numeratum."-
2973 5612 3081 5661 sunt
3109 5616 3126 5653 :
3150 5602 3281 5665 quod
3302 5614 3330 5650 ο
3354 5607 3464 5669 nisa:
3484 5597 3645 5669 abest.

2407 5686 2427 5715 ⁸
2452 5658 2809 5738 R’iiiiiﬁu'iissi;
2832 5658 3077 5738 detegitur.
3118 5658 3184 5736 Ἐς
3216 5675 3342 5738 ιιιοχΔ
3371 5660 3483 5707 uid.
3530 5658 3774 5715 ferebant,
3816 5658 3920 5703 imm

2349 5727 2601 5803 unumque
2620 5751 2635 5799 ,'
2659 5739 2742 5791 ubi
2767 5727 2981 5784 uenitulli
3004 5737 3133 5790 Mss,
3150 5727 3276 5777 intus
3294 5729 3569 5781 utcumque.
