3978 6368
383 361 488 419 ιῖΞ

384 492 530 532 neas.
557 471 736 545 ipsum
768 469 926 527 hodie
954 487 967 524 :
998 485 1062 525 ex
1106 482 1211 539 quo
1239 465 1382 535 loqui
1417 462 1677 533 cmpimus
1716 475 1884 529 usque
1910 455 1974 510 ad

384 569 483 623 hoc
512 575 860 626 momentum.
890 562 1059 617 sentis
1098 559 1223 629 quia
1272 559 1569 613 senuimus.
1610 553 1791 623 Neque
1832 550 1976 606 enim

382 661 646 717 cerniSet
692 658 1019 712 incrementa
1067 651 1380 720 capillorum
1429 659 1679 710 tuorum;
1734 652 1788 699 et
1838 655 1979 696 nunc

383 767 504 807 cum
530 760 661 812 stas,
692 764 814 804 cum
846 745 932 800 hic
958 762 1039 809 es.
1069 759 1188 797 cum
1208 742 1321 811 agis
1340 738 1560 810 aliquid.
1578 752 1697 793 cum
1720 734 1975 805 loqueris.

384 844 439 898 in
466 855 514 898 te
546 850 794 897 crescunt
814 838 989 909 capilli
1021 836 1091 890 tui
1119 853 1131 888 :
1165 849 1335 905 neque
1365 832 1507 888 enim
1537 839 1758 900 repente
1786 841 1977 881 crevec

388 945 532 999 ruut.
563 945 619 987 ut
645 944 914 988 tonsorem
942 941 1229 1001 quaireres.
1260 925 1446 995 Agitur
1472 936 1600 991 ergo
1635 930 1763 975 artas
1797 928 1974 973 trans-

388 1028 591 1088 \olans,
626 1034 681 1078 et
724 1023 777 1077 in
807 1018 1243 1089 intelligentibus.
1286 1025 1339 1069 et
1375 1030 1479 1069 non
1527 1010 1899 1073 sentientibus.
1924 1016 1979 1063 et

390 1120 441 1171 in
474 1117 614 1171 aliud
647 1116 784 1170 male
813 1111 1106 1183 occupatis.
1139 1108 1359 1163 Transis
1401 1114 1479 1169 tu,
1508 1112 1564 1159 ct
1587 1118 1771 1159 servas
1798 1112 1975 1154 trans-

387 1211 535 1263 eunti
569 1209 677 1262 [ilio
704 1216 815 1261 tuo.
846 1192 1026 1259 Primo
1074 1204 1174 1255 hoc
1202 1216 1230 1254 a
1268 1208 1317 1253 te
1339 1212 1543 1267 quaero,
1572 1195 1688 1249 Scis
1709 1208 1828 1247 eum
1856 1206 1978 1260 pos-

388 1315 660 1352 sessurum
694 1298 779 1352 cui
818 1294 1037 1351 servas?
1062 1302 1153 1345 aut
1187 1291 1229 1344 si
1279 1289 1513 1344 nomium
1562 1298 1715 1340 natus
1743 1294 1844 1347 est,
1872 1284 1979 1337 scis

389 1391 760 1446 nasciturum?
788 1391 981 1443 Servas
1011 1386 1149 1448 liliis,
1181 1384 1439 1436 incertum
1469 1388 1552 1433 est
1580 1394 1644 1430 an
1670 1376 1879 1434 futuris.
1910 1390 1976 1427 an

391 1482 720 1554 possessuris
750 1498 763 1530 :
794 1492 892 1532 nec
924 1475 1135 1544 reponis
1167 1472 1472 1525 thesaurum
1516 1468 1600 1519 ubi
1643 1463 1980 1532 reponendus

389 1585 492 1631 est.
524 1574 639 1628 Non
671 1570 813 1624 enim
846 1566 1097 1620 Dominus
1126 1572 1247 1617 tuus
1273 1577 1430 1616 servo
1452 1575 1552 1614 suo
1575 1557 1676 1612 tale
1698 1555 1980 1610 consilium

391 1668 563 1727 daret.
596 1672 657 1719 ut
687 1660 950 1732 peculium
980 1674 1131 1710 suum
1163 1654 1428 1722 perderet.
1458 1650 1767 1705 Peculiosus
1795 1662 1981 1701 servus

392 1776 453 1814 es
501 1754 777 1824 cujusdam
826 1748 999 1819 magni
1042 1746 1207 1815 patris
1249 1743 1495 1798 familias.
1537 1738 1689 1809 Quod
1732 1750 1881 1792 amas
1926 1743 1982 1789 et

393 1848 534 1920 quod
583 1845 749 1899 babes
796 1842 911 1911 ipse
962 1838 1054 1892 tibi
1094 1836 1259 1898 dedit.
1304 1845 1361 1888 et
1403 1847 1508 1885 non
1540 1830 1651 1883 vult
1680 1824 1981 1920 utgperdas

394 1917 535 2009 quod
565 1937 658 1990 tibi
692 1933 859 1998 dedit,
902 1929 990 2000 qui
1034 1937 1089 1983 et
1130 1927 1365 1995 seipsum
1414 1924 1503 1977 tibi
1543 1920 1707 1976 dabit.
1745 1917 1850 1974 Sed
1885 1931 1984 1971 nec

396 2029 519 2093 hoc.
548 2027 784 2096 inquam,
817 2022 956 2092 quod
984 2020 1074 2073 tibi
1098 2018 1165 2071 ad
1194 2027 1404 2085 tempus
1430 2013 1594 2074 dedit.
1622 2011 1734 2065 vult
1774 2019 1830 2064 ut
1860 2023 1983 2078 per-

397 2123 513 2175 das.
560 2118 779 2172 Multqu
807 2122 910 2176 est,
952 2110 1231 2169 exuberat.
1264 2102 1664 2175 supergreditur
1699 2100 1838 2154 vires
1884 2114 1985 2152 nc-

398 2210 661 2268 cessitatis
692 2221 813 2267 tum.
832 2206 941 2273 jam
972 2210 1119 2257 certe
1148 2196 1474 2267 superfluum
1517 2194 1800 2264 deputatur
1832 2208 1845 2244 :
1887 2204 1986 2244 nec

401 2304 501 2357 huc
533 2302 652 2353 volo
683 2307 738 2352 ut
768 2295 976 2367 perdas,
1008 2291 1081 2345 ait
1114 2290 1368 2344 Dominus
1398 2296 1540 2341 tuus.
1573 2285 1639 2339 Et
1666 2280 1792 2351 quid
1822 2280 1985 2336 facio?

398 2397 583 2465 Migra.
613 2391 701 2446 ubi
732 2387 953 2461 posuisni
994 2400 1098 2439 non
1130 2394 1211 2437 est
1242 2389 1388 2436 tutus
1418 2380 1435 2411 ⁸
1461 2379 1631 2433 locus.
1678 2374 1837 2431 Certe
1865 2387 1984 2465 ser-

398 2462 512 2540 vire
538 2486 560 2516 ’
614 2483 693 2535 vis
732 2476 968 2532 avaritia:
1008 2492 1023 2527 ε
1068 2472 1191 2527 vide
1232 2486 1299 2525 ne
1336 2468 1474 2523 forte
1507 2476 1563 2522 et
1608 2465 1707 2535 ipsi
1748 2462 1986 2517 avaritia;

398 2582 656 2646 congruat
680 2568 961 2626 consilium
985 2580 1180 2619 meum.
1216 2561 1424 2615 llabere
1448 2559 1589 2613 enim
1620 2556 1701 2609 vis
1722 2553 1865 2625 quod
1887 2554 1984 2607 ha-

399 2670 515 2727 bes.
538 2674 593 2720 et
621 2680 725 2718 non
758 2660 981 2730 perdere
1013 2674 1028 2711 :
1071 2652 1297 2710 ostendo
1334 2651 1428 2705 tibi
1455 2650 1630 2705 locum
1674 2646 1761 2702 ubi
1791 2660 1981 2717 ponas.

396 2763 475 2817 Ne
506 2756 832 2814 thesaurizes
856 2754 907 2807 in
941 2761 1078 2806 terra
1094 2791 1111 2816 ,
1139 2746 1382 2802 nesciens
1401 2743 1485 2798 cui
1504 2754 1799 2812 congreges
1822 2753 1906 2803 ea,
1930 2744 1985 2793 et

395 2863 581 2923 postea
622 2841 1071 2917 quemadmodum
1114 2844 1528 2904 coasumpturus
1574 2833 1645 2886 sit
1689 2827 1983 2923 quigpossi-

395 2920 566 3005 debit.
589 2938 678 3009 qui
706 2933 925 2990 tenebit.
954 2929 1115 2985 Forte
1144 2927 1287 2983 enim
1312 2937 1593 2996 possessus
1618 2920 1911 2991 possidebit
1937 2920 1981 2990 ³,

395 3031 611 3103 etquod
632 3046 661 3083 a
706 3037 758 3083 te
801 3024 1018 3080 habebit
1044 3036 1148 3075 non
1179 3017 1398 3074 tenebit.
1430 3015 1591 3071 Forte
1627 3029 1747 3069 cum
1775 3013 1825 3069 ei
1870 3030 1985 3069 ser—

394 3141 510 3191 vas,
538 3132 822 3191 antequam
844 3116 935 3171 ille
960 3112 1137 3185 veniat
1164 3118 1215 3165 tu
1240 3108 1452 3180 perdes.
1482 3105 1833 3163 Sollicitudini
1876 3113 1982 3161 tua:

393 3214 675 3274 consilium
718 3209 825 3265 do:
857 3204 1221 3261 Thesaurizate
1262 3198 1402 3254 vobis
1441 3199 1729 3252 thesaurum
1764 3196 1819 3250 in
1858 3197 1982 3252 calo

395 3307 610 3382 (Matth.
635 3322 706 3371 vt,
732 3303 849 3373 20).
874 3300 972 3355 Hic
1002 3299 1052 3353 in
1081 3307 1221 3351 terra
1249 3294 1290 3348 si
1318 3293 1481 3347 velles
1506 3305 1725 3347 scrvare
1746 3290 1979 3356 divitias,

391 3414 666 3473 quaereres
692 3398 942 3451 horreum
984 3408 997 3445 :
1041 3389 1178 3445 forte
1222 3402 1326 3441 non
1376 3384 1625 3440 crederes
1664 3382 1845 3437 domui
1876 3393 1981 3437 tute

390 3500 608 3563 propter
632 3486 956 3543 domesticos
983 3492 1101 3536 tuos
1129 3498 1141 3534 :
1173 3475 1579 3533 commendares
1602 3474 1669 3528 ad
1694 3474 1869 3529 vicum
1893 3489 1980 3528 ar-

388 3583 687 3657 gentarium
718 3579 777 3634 δε
807 3575 1040 3631 difficilis
1064 3580 1148 3628 est
1181 3570 1322 3625 enim
1349 3568 1422 3622 ibi
1448 3582 1625 3631 casus.
1660 3565 1743 3621 fur
1769 3581 1876 3620 non
1907 3565 1981 3621 fa-

389 3656 492 3730 cile
512 3669 737 3733 accedit,
765 3668 902 3722 bene
932 3663 1109 3718 omnia
1136 3668 1436 3714 servantur.
1474 3657 1651 3726 Quare
1694 3656 1791 3709 ista
1830 3656 1977 3727 cogi-

390 3776 494 3825 tas.
522 3761 622 3817 nisi
649 3759 769 3829 quia
811 3771 916 3810 non
958 3753 1126 3808 babes
1149 3749 1340 3805 melius
1383 3748 1469 3801 ubi
1520 3747 1740 3802 serves?
1767 3746 1903 3815 Quid
1933 3746 1979 3801 si

389 3855 529 3910 dabo
556 3849 784 3906 melius?
813 3848 991 3900 Dicam
1021 3842 1133 3906 tibi,
1170 3839 1290 3895 Noli
1327 3836 1705 3893 commendare
1730 3835 1855 3890 huic
1882 3836 1980 3889 mi-

394 3959 495 4001 nus
520 3942 735 4001 idoneo.
767 3936 861 3991 sed
893 3944 975 3990 est
1001 3931 1215 4003 quidam
1248 3930 1491 3995 idoneus,
1522 3928 1596 3983 illi
1625 3927 1976 3982 commenda:

392 4037 552 4091 habet
580 4035 767 4101 magna
798 4028 1013 4089 horrea,
1048 4023 1135 4077 ubi
1166 4021 1338 4093 perire
1367 4035 1472 4075 non
1505 4017 1709 4088 possint
1736 4017 1977 4081 divitiae;

392 4138 620 4197 magnus
659 4134 825 4191 super
849 4130 1038 4172 omnes
1066 4113 1258 4167 divites
1285 4111 1433 4166 dives
1458 4119 1559 4165 est.
1592 4108 1709 4163 Jam
1739 4109 1872 4197 forte
1900 4106 1983 4197 di:-

390 4195 574 4274 cturus
599 4229 678 4277 es,
712 4210 780 4265 Et
803 4205 1015 4278 quando
1044 4201 1215 4258 audeo
1255 4199 1347 4255 tali
1382 4198 1793 4256 commendare?
1841 4195 1979 4265 Quid

391 4312 435 4366 si
466 4310 580 4379 ipse
614 4314 666 4361 te
708 4297 984 4357 hortatur?
1014 4300 1258 4367 Agnosco
1296 4292 1469 4358 illum,
1492 4306 1599 4345 non
1632 4290 1802 4345 solum
1830 4298 1982 4360 pater

391 4401 620 4459 amilias
644 4406 747 4459 est,
777 4391 871 4448 scd
904 4399 959 4445 et
992 4386 1247 4443 Dominus
1284 4394 1405 4439 tuus
1442 4391 1546 4439 est.
1585 4380 1741 4440 Nolo.
1784 4380 1976 4450 inquit.

390 4508 545 4551 serve
572 4502 740 4547 meus.
774 4482 961 4553 perdas
983 4478 1246 4550 peculium
1291 4484 1461 4539 tuum,
1500 4486 1729 4543 agnosce
1758 4470 1844 4523 ubi
1885 4484 1984 4540 po-

392 4600 489 4640 nas
516 4600 530 4635 :
559 4593 725 4651 quare
751 4574 820 4629 ibi
848 4571 1002 4643 ponis
1022 4568 1111 4623 ubi
1137 4565 1309 4638 possis
1333 4563 1597 4624 amittere;
1628 4560 1717 4615 ubi
1745 4561 1844 4613 etsi
1875 4574 1980 4614 non

390 4678 625 4735 amittas,
651 4669 721 4725 ibi
744 4676 1057 4737 permanere
1071 4668 1332 4731 perpetuo
1353 4666 1406 4710 tu
1423 4670 1527 4710 non
1550 4654 1727 4724 potes?
1745 4652 1983 4707 Estalius

393 4772 562 4829 locus.
590 4779 696 4835 quo
740 4770 793 4815 te
836 4754 1174 4811 transferam.
1216 4749 1490 4805 Pmeedat
1524 4756 1575 4801 te
1604 4744 1743 4815 quod
1781 4744 1977 4807 babes;

392 4859 500 4916 non
539 4857 730 4911 timere
774 4865 840 4903 ne
884 4845 1108 4918 perdas;
1150 4842 1308 4897 dator
1349 4854 1450 4910 ego
1477 4852 1644 4899 eram.
1678 4844 1857 4890 custos
1880 4850 1983 4905 ego

392 4968 507 5007 ero.
534 4947 669 5003 Dicit
699 4944 791 4999 tibi
824 4941 926 4995 hoc
954 4936 1211 4992 Dominus
1242 4944 1363 4987 tuus
1395 4948 1409 4985 :
1441 4930 1599 4984 iidem
1630 4940 1771 4981 tuam
1812 4926 1982 4983 inter—

393 5060 519 5114 roga
548 5042 590 5105 ⁸,
619 5037 741 5092 vide
769 5036 812 5089 si
850 5032 981 5086 velis
1012 5028 1096 5084 .illi
1122 5024 1364 5082 credere.
1416 5023 1662 5077 Dicturus
1689 5036 1768 5082 es.
1798 5019 1983 5075 Perdi-

395 5150 506 5190 tnm
531 5134 701 5187 habeo
728 5126 867 5198 quod
896 5141 999 5178 non
1028 5121 1201 5183 video.
1234 5118 1320 5172 hic
1338 5114 1463 5171 illud
1491 5114 1612 5167 volo
1625 5113 1827 5169 videre.
1848 5113 1981 5166 Dum

395 5229 477 5280 vis
508 5225 594 5279 hic
618 5220 818 5283 videre,
848 5231 946 5270 nec
990 5212 1076 5267 hic
1099 5208 1326 5273 videbis,
1366 5214 1420 5260 et
1448 5205 1518 5259 ibi
1561 5204 1690 5258 nihil
1740 5202 1981 5257 habebis.

392 5317 587 5380 Nescio
638 5325 772 5380 quos
819 5308 1101 5360 thesauros
1142 5298 1309 5353 babes
1351 5295 1694 5351 absconditos
1723 5295 1775 5347 in
1806 5302 1980 5356 terra;

394 5377 516 5463 eoin
540 5377 802 5476 procedis,
832 5415 936 5451 non
972 5410 1065 5449 eos
1106 5400 1279 5455 tecum
1321 5398 1519 5460 portas.
1554 5386 1754 5440 Venisti
1784 5384 1848 5439 ad
1884 5400 1985 5438 an-

458 5565 474 5596 ι
502 5559 639 5613 ΕΜ..
664 5562 789 5605 tuus.
813 5550 982 5600 Melius
1000 5555 1123 5602 uss...
1153 5550 1298 5595 tutus.

457 5627 479 5656 ί
502 5629 577 5671 Er.
606 5626 658 5667 et
679 5616 904 5679 plerique
926 5617 1054 5679 §t_ss..
1077 5618 1287 5679 servare.

462 5688 481 5718 ³
506 5691 553 5732 In
578 5670 713 5736 add.)
734 5670 989 5738 possidebit
1008 5676 1075 5738 _te_.
1103 5670 1250 5718 Abest
1265 5673 1309 5715 te
1330 5670 1487 5738 a_

460 5750 481 5777 δ
503 5730 712 5803 quatuor
884 5734 949 5783 ad
973 5730 1181 5803 vicinum
1202 5730 1548 5803 argentarium.

462 5810 483 5841 ⁸
507 5790 624 5855 ires
638 5808 729 5851 Mss
753 5834 767 5856 ,
790 5790 1095 5854 nitet-rogari,
1123 5800 1217 5842 etc.
1243 5797 1370 5838 Unus
1392 5794 1493 5846 με..
1515 5790 1769 5847 auerrogo.

1629 348 1687 403 S.
1729 339 2094 401 AUGUSTINI
2140 341 2446 398 EPISCOPI

3567 344 3672 399 ιη

2085 455 2339 513 diendum
2385 473 2710 525 sermonem,
2758 459 2823 513 ad
2863 457 3186 530 colligendas
3230 459 3506 516 interiores
3530 461 3674 514 divi-

2084 552 2204 613 tias.
2234 552 2436 622 cogitas
2456 551 2523 605 de
2544 551 2933 606 exterioribus:
2964 551 3215 622 numquid
3245 567 3337 606 eas
3364 551 3466 605 huc
3492 562 3669 606 tecum

2083 642 2385 698 adduxisti?
2414 643 2551 698 Ecce
2580 660 2677 698 nee
2704 661 2843 700 nunc
2864 660 2955 698 eas
2980 645 3148 699 vides.
3173 644 3357 700 Credis
3388 654 3438 699 te
3465 642 3671 699 habere

2085 734 2138 788 in
2168 734 2346 801 domo,
2371 735 2511 805 quod
2538 738 2642 790 scis
2674 747 2724 792 te
2767 738 3007 808 posuisse
3033 755 3044 789 :
3075 736 3330 807 immquid
3352 736 3458 791 scis
3482 748 3530 791 te
3559 749 3668 790 non

2082 826 2418 897 perdidisse?
2441 826 2609 897 Quam
2637 827 2787 882 multi
2815 827 3085 883 redierunt
3115 827 3180 881 ad
3220 826 3408 881 domus
3437 840 3582 889 snas.
3616 834 3674 879 et

2082 916 2223 986 quod
2254 926 2542 987 posuerant
2568 932 2673 971 non
2703 918 3039 971 invenerunt.
3086 916 3218 970 lline
3250 915 3474 971 fortasse
3502 931 3669 982 ειτη-

2086 1018 2272 1063 verunt
2296 1008 2451 1063 corda
2475 1008 2785 1078 cupidorum
2803 1024 2819 1070 :
2840 1020 2890 1063 et
2918 1009 3165 1078 quoniam
3188 1007 3297 1062 dixi
3315 1007 3507 1062 multos
3526 1022 3672 1076 sa~po

2083 1100 2148 1152 ad
2178 1098 2390 1153 domum
2417 1113 2566 1153 suam
2592 1098 2835 1163 rediisse.
2862 1110 2916 1155 et
2945 1098 3083 1167 quod
3114 1108 3399 1166 posuerant
3439 1112 3544 1152 non
3588 1096 3671 1151 in-

2082 1188 2313 1253 venisse,
2341 1188 2474 1242 dixit
2498 1191 2722 1259 quisque
2746 1188 2798 1243 in
2825 1189 2986 1243 corde
3014 1204 3113 1242 suo
3136 1206 3148 1241 :
3185 1187 3356 1251 Absit.
3386 1186 3666 1257 Episcopo;

2084 1279 2281 1333 bonum
2315 1290 2458 1348 opta,
2490 1295 2582 1333 ora
2612 1294 2708 1346 pro
2736 1278 2920 1345 nobis;
2944 1279 3083 1334 absit
3124 1288 3183 1333 ut
3209 1278 3501 1348 contingat,
3529 1278 3674 1334 absit

2084 1380 2143 1422 ut
2172 1372 2239 1423 ita
2268 1372 2386 1435 liat;
2418 1371 2579 1424 credo
2608 1371 2659 1425 in
2693 1371 2879 1435 Deum.
2914 1370 3164 1442 quoniam
3205 1369 3345 1441 quod
3382 1371 3530 1440 posui
3562 1371 3669 1425 sal-

2084 1478 2206 1515 vum
2240 1463 2469 1516 invenio.
2502 1462 2688 1517 Credis
2710 1462 2761 1517 iu
2789 1463 2977 1528 Deum.
3006 1472 3059 1518 et
3088 1478 3193 1518 non
3224 1462 3399 1519 credis
3420 1462 3518 1533 ipsi
3538 1462 3674 1516 Deo?

2084 1552 2258 1607 Credo
2295 1554 2344 1606 in
2390 1553 2699 1618 Christum.
2735 1556 2859 1624 quia
2908 1554 3113 1609 salvum
3160 1555 3263 1609 erit
3304 1553 3446 1625 quod
3494 1556 3671 1624 posui.

2088 1659 2245 1698 nemo
2282 1645 2516 1708 accedet,
2552 1661 2709 1700 nemo
2744 1644 2971 1701 auferet.
3010 1645 3242 1702 Securus
3282 1645 3363 1699 vis
3403 1660 3522 1700 esse
3549 1660 3670 1699 αρε

2085 1735 2261 1790 dendo
2304 1736 2354 1790 in
2391 1736 2684 1800 Christum.
2734 1746 2791 1792 ut
2831 1736 2961 1792 nihil
3007 1736 3199 1807 perdas
3240 1736 3308 1793 de
3345 1735 3506 1792 domo
3534 1745 3619 1792 tua
3656 1754 3669 1789 :

2086 1843 2307 1884 securus
2332 1830 2438 1882 eris
2478 1831 2653 1898 potius
2682 1829 2950 1886 credendo
2991 1828 3228 1898 Christo,
3269 1838 3328 1884 ut
3366 1829 3437 1885 ibi
3484 1845 3671 1899 ponas.

2088 1921 2176 1975 ubi
2203 1921 2482 1975 consilium
2510 1920 2676 1977 dedit.
2718 1923 2800 1977 An
2832 1937 3053 1977 securus
3095 1937 3154 1978 cs
3192 1921 3261 1978 de
3295 1936 3452 1978 servo
3477 1930 3592 1987 tuo,
3619 1905 3692 1976 et

2087 2014 2348 2069 sollicitus
2376 2030 2435 2069 es
2459 2014 2527 2071 de
2556 2014 2781 2071 Domino
2807 2017 2934 2071 tuo?
2961 2031 3184 2072 securus
3203 2033 3261 2073 es
3286 2016 3355 2073 de
3374 2016 3534 2074 domo
3561 2028 3673 2078 tua.

2087 2115 2142 2159 et
2169 2104 2427 2160 sollicitus
2451 2106 2518 2160 de
2542 2106 2680 2161 creto
2697 2106 2723 2159 ἲ
2747 2105 2851 2162 Sed
2874 2122 2995 2178 ego,
3023 2107 3219 2178 inquis.
3242 2108 3509 2179 quomodo
3533 2124 3676 2178 pono

2089 2195 2142 2250 in
2175 2196 2352 2251 casio?
2404 2197 2530 2253 Dedi
2568 2198 2658 2252 tibi
2697 2198 2975 2254 consilium
3006 2215 3020 2255 :
3054 2199 3141 2254 ubi
3172 2199 3313 2265 dico.
3340 2215 3514 2270 pone:
3542 2214 3677 2271 quo-

2088 2287 2249 2341 modo
2279 2290 2547 2357 perveniat
2578 2288 2643 2343 ad
2673 2290 2887 2353 ctelnm.
2919 2289 3045 2345 nolo
3069 2290 3227 2346 scias.
3258 2290 3403 2347 Pone
3425 2291 3477 2346 in
3498 2292 3676 2346 niani-

2088 2378 2189 2433 bus
2216 2395 2524 2449 (mimorum.
2565 2380 2630 2435 da
2670 2382 2948 2452 egentibus
2993 2398 3009 2438 :
3058 2382 3182 2452 quid
3211 2380 3279 2437 ad
3315 2393 3366 2439 te
3403 2382 3677 2454 quomodo

2091 2472 2402 2541 perveniat?
2454 2472 2566 2527 Non
2617 2473 2902 2542 perducam
2936 2474 2952 2504 ¹
2992 2474 3132 2544 quod
3168 2489 3269 2545 ego
3309 2475 3552 2546 accipio?
3590 2476 3675 2531 An

2087 2562 2285 2617 oblitus
2312 2579 2391 2624 es.
2422 2564 2547 2618 (.‘um
2584 2566 2673 2619 uni
2713 2581 2777 2619 ea:
2809 2566 3029 2620 minimis
3058 2566 3180 2621 meis
3205 2568 3415 2637 fecistis,
3450 2568 3575 2621 mihi
3599 2570 3677 2639 {e-

2088 2654 2226 2707 cistis
2250 2653 2459 2726 (Matth.
2480 2671 2509 2709 ι
2520 2671 2607 2722 xv,
2627 2656 2741 2727 £0)?
2756 2654 2811 2712 Si
2828 2655 3043 2711 haberet
3055 2657 3315 2727 quispiam
3328 2658 3529 2713 amicus
3552 2668 3674 2713 tuus

2086 2747 2345 2815 quosdam
2383 2746 2531 2801 lacus
2576 2747 2656 2802 vel
2687 2746 2965 2812 cisternas,
2997 2757 3052 2803 et
3078 2761 3302 2819 qumque
3342 2749 3673 2819 receptacula

2086 2836 2403 2892 fabricarum
2443 2836 2508 2891 ad
2540 2837 2857 2892 servandum
2886 2838 3115 2909 aliquem
3163 2838 3422 2908 liquorem
3452 2839 3534 2894 vel
3563 2837 3673 2895 vini

2086 2930 2171 2984 vel
2210 2929 2337 2996 olei,
2373 2944 2643 3001 quzereres
2672 2929 2758 2984 ubi
2799 2929 3161 2985 absconderes
3189 2930 3273 2985 vel
3298 2944 3543 2985 servarcs
3564 2931 3675 2985 fru-

2087 3032 2206 3077 ctus
2232 3030 2372 3083 tuos.
2400 3029 2454 3075 ct
2481 3020 2688 3076 diceret
2713 3021 2828 3086 tibi,
2859 3020 2972 3092 Ego
2999 3020 3094 3076 tibi
3121 3036 3279 3078 servo
3307 3039 3321 3076 :
3346 3020 3675 3092 haberetque
3730 3012 3733 3013 ν

2084 3112 2153 3168 ad
2181 3113 2266 3168 illa
2293 3112 2626 3183 receptacula
2666 3113 2902 3169 occultos
2930 3113 3143 3168 canales
3196 3112 3452 3183 quosdam
3492 3124 3676 3168 trans-

2087 3203 2319 3274 itusque,
2342 3212 2401 3258 ut
2418 3219 2512 3274 per
2532 3203 2631 3258 hos
2658 3203 2901 3259 clanculo
2929 3205 3030 3259 iret
3057 3204 3200 3275 quod
3229 3204 3399 3273 palam
3421 3203 3675 3261 fundere-

2085 3305 2171 3350 tur
2200 3313 2215 3348 :
2247 3303 2302 3349 et
2327 3294 2529 3351 diceret
2574 3296 2686 3359 tibi.
2720 3294 2873 3364 Quod
2902 3294 3091 3361 habes,
3122 3296 3207 3353 hic
3235 3296 3395 3352 funde
3419 3314 3435 3352 :
3462 3297 3673 3355 videres

2084 3397 2263 3442 autem
2290 3394 2345 3441 tu
2376 3402 2482 3441 non
2512 3386 2633 3443 esse
2660 3386 2805 3441 illum
2834 3387 3008 3443 locum
3041 3387 3128 3442 ubi
3153 3402 3353 3458 ponere
3376 3388 3671 3459 cogitabas.

2083 3487 2139 3535 et
2187 3478 2404 3534 timeres
2449 3476 2714 3533 fundere:
2764 3478 2852 3534 ille
2896 3478 2985 3549 qui
3034 3479 3195 3535 sciret
3248 3478 3671 3537 machinamenta

2084 3571 2327 3643 quaedam
2355 3570 2561 3626 occulta
2604 3570 2842 3626 locorum
2885 3585 3126 3635 suorum.
3172 3586 3277 3627 non
3323 3571 3416 3627 tibi
3445 3572 3673 3641 diceret,

2084 3662 2269 3720 Funde
2304 3678 2546 3728 securus.
2579 3660 2701 3716 hinc
2744 3662 2871 3717 illuc
2919 3661 3190 3732 pervenit;
3234 3677 3339 3718 non
3364 3662 3515 3720 vides
3540 3679 3672 3735 qua,

2084 3754 2181 3811 sed
2217 3754 2377 3810 crede
2424 3753 2574 3817 mihi.
2604 3753 2695 3824 qui
2740 3751 3037 3808 fabricavit
3062 3753 3363 3809 Fabricavit
3404 3754 3546 3810 enim
3577 3770 3674 3825 per

2084 3862 2243 3911 quem
2289 3847 2422 3900 facta
2454 3852 2579 3899 sunt
2604 3844 2781 3899 omnia
2802 3885 2820 3909 .
2854 3844 3155 3899 mansiones
3180 3845 3431 3900 omnibus
3477 3846 3671 3900 nobis:

2087 3938 2213 3991 illnc
2238 3937 2349 3989 vult
2387 3934 2689 4006 praéccdere
2733 3934 2873 4006 quod
2912 3934 3191 4003 habemus,
3220 3952 3287 3991 ne
3324 3936 3427 3991 hoc
3456 3936 3507 3991 in
3530 3946 3671 3992 terra

2086 4028 2389 4099 perdamus.
2430 4027 2563 4081 Cum
2590 4035 2767 4081 autem
2810 4026 3109 4083 servaveris
3147 4026 3200 4080 in
3231 4037 3394 4093 terra.
3429 4028 3516 4082 die
3541 4028 3674 4085 mihi

2084 4122 2168 4175 cui
2188 4118 2535 4189 congregabis
2564 4118 2666 4172 ea?
2691 4116 2855 4181 Filios
2878 4117 3041 4173 habes
3065 4137 3078 4172 :
3103 4135 3264 4173 unum
3287 4120 3405 4188 plus
3427 4135 3673 4186 numera,

2085 4223 2137 4267 et
2165 4212 2230 4265 da
2258 4210 2455 4281 aliquid
2489 4219 2543 4263 et
2576 4208 2812 4263 Christo.
2846 4208 3195 4275 Tlmaurizat,
3226 4220 3272 4262 et
3295 4225 3395 4263 non
3418 4214 3673 4281 cognoscit

2086 4305 2167 4359 cui
2196 4302 2514 4375 congregabit
2545 4319 2602 4355 ea
2625 4317 2643 4353 :
2672 4317 2796 4355 vane
2825 4301 3168 4355 conturbatur.

2162 4398 2247 4450 15.
2280 4393 2431 4467 (vers.
2458 4391 2535 4465 8.]
2565 4391 2630 4445 Et
2659 4407 2794 4446 nunc
2817 4406 2836 4444 :
2858 4388 3091 4460 quando,
3111 4390 3278 4461 inquit
3303 4390 3402 4446 iste
3421 4391 3441 4422 ’
3460 4389 3671 4447 lditlmn

2086 4488 2377 4558 respiciens
2400 4485 2687 4540 vanitatem
2717 4484 3000 4555 quamdam
3025 4523 3040 4545 .
3072 4483 3366 4554 suspiciens
3396 4484 3671 4541 veritatem

2085 4579 2390 4651 quamdam,
2415 4578 2467 4633 in
2518 4576 2694 4631 medio
2723 4576 2926 4646 positus
2952 4574 3202 4646 quiddam
3229 4575 3330 4631 sub
3358 4591 3417 4632 se
3448 4576 3672 4645 habens,

2085 4672 2334 4743 quiddam
2361 4684 2517 4739 supra
2547 4684 2606 4724 se
2656 4667 2779 4737 (sub
2807 4682 2867 4722 se
2895 4666 3055 4723 habet
3079 4664 3220 4722 unde
3257 4667 3557 4735 Iransilivit,
3579 4686 3674 4724 su-

2088 4780 2179 4834 pra
2202 4778 2261 4817 se
2289 4761 2448 4816 habet
2488 4775 2595 4830 quo
2616 4774 2675 4814 se
2717 4756 2976 4829 extendit)
3015 4777 3029 4812 :
3060 4756 3125 4812 Et
3155 4776 3310 4826 nam,
3340 4760 3435 4821 ait.
3461 4762 3678 4830 quando

2087 4854 2334 4925 quiddam
2388 4851 2684 4919 transilivi,
2728 4850 2940 4922 quando
2986 4852 3152 4905 multa
3196 4851 3429 4918 calcari,
3460 4853 3678 4923 quando

2088 4945 2469 5017 temporalibus
2486 4944 2596 5014 jam
2615 4959 2720 4999 non
2748 4953 2969 5008 teneor;
2988 4944 3222 4999 nondum
3240 4960 3358 5000 sum
3386 4946 3677 5016 perfectus,

2089 5039 2324 5095 nondum
2354 5038 2555 5108 accepi.
2586 5036 2694 5107 Spe
2718 5037 2861 5092 enim
2882 5036 3014 5091 salvi
3041 5036 3163 5092 facti
3184 5052 3369 5093 sumus
3398 5056 3413 5093 :
3443 5054 3569 5111 spes
3582 5056 3671 5095 au-

2091 5144 2198 5189 tem
2227 5148 2346 5203 qua:
2363 5130 2588 5195 videtur.
2613 5146 2720 5185 non
2744 5140 2829 5186 est
2854 5146 2998 5201 spes.
3021 5131 3173 5197 Quod
3204 5132 3345 5187 enim
3370 5133 3516 5189 videt
3533 5136 3679 5204 quis.

2089 5223 2217 5295 quid
2245 5221 2461 5293 sperat?
2482 5221 2538 5275 Si
2566 5230 2742 5276 autem
2767 5220 2911 5291 quod
2949 5234 3057 5275 non
3083 5221 3327 5277 videmus
3372 5236 3680 5296 speramus,

2092 5331 2187 5387 per
2206 5313 2514 5387 patientiam
2538 5324 2911 5383 exspectamus
2934 5312 3107 5385 (Rom.
3134 5314 3350 5383 νίψει,
3379 5309 3493 5386 95).
3514 5316 3677 5388 Ergo,

2155 5475 2171 5504 ¹
2197 5474 2271 5522 sic
2287 5478 2393 5520 Mss.
2422 5476 2475 5519 At
2495 5468 2629 5528 Edd,
2663 5468 2855 5520 verdcs.

2155 5536 2176 5565 ¹
2202 5542 2251 5582 tn
2276 5535 2409 5596 prius
2440 5532 2550 5597 add.
2578 5529 2840 5597 legebatur
2882 5528 2991 5578 sic:
3018 5534 3237 5597 statim
3268 5530 3491 5594 quatiam
3525 5532 3683 5597 inquit

2089 5596 2198 5656 istc,
2224 5590 2321 5656 etc.
2369 5593 2613 5656 Pauloque
2635 5590 2772 5654 post:
2799 5601 2950 5656 supr!
2983 5603 3035 5641 se
3074 5590 3330 5656 habetqiio
3371 5606 3422 5644 se
3444 5590 3680 5656 caunas.

2091 5647 3260 5718 Oudusww_?mmlﬁtmaitl
3286 5654 3685 5718 quamdam!-

2091 5709 2209 5779 dam
2230 5715 2483 5773 transiliri.
2507 5709 2740 5779 damnatio
3131 5751 3146 5775 ,
3189 5709 3420 5779 qrtoiitodo
3439 5709 3683 5779 temporu-

2095 5776 2348 5841 libus,etr.
2375 5778 2610 5827 locumac!
2627 5774 2812 5830 aliquot
2833 5777 3000 5837 polite
3023 5787 3150 5828 nota.
3170 5774 3260 5830 .‘t'ss
3297 5774 3682 5832 cmendavimus.
