3978 6322
127 384 227 440 425

127 499 192 551 Et
219 513 352 549 nam
368 509 481 569 qua:
500 504 572 549 est
593 491 902 562 exspectatio
924 491 1070 544 mea?
1099 507 1267 545 nonne
1291 489 1538 543 Dominus
1558 490 1583 543 .’
1611 489 1727 557 Ipse

124 601 206 645 est
234 587 567 660 exspectatio
596 601 736 651 mea,
765 584 855 654 qui
883 579 1030 638 dedit
1073 584 1252 637 omnia
1286 572 1383 635 ista
1428 595 1547 651 qua:
1596 595 1730 634 eon-

127 690 364 736 temnam
397 700 410 736 :
436 681 549 751 ipse
579 679 708 733 mihi
738 677 886 731 dabit
901 685 956 731 et
980 691 1061 743 se,
1091 675 1182 746 qui
1209 684 1291 730 est
1321 688 1482 742 super
1526 671 1728 734 omnia,

123 784 176 830 et
201 789 297 845 per
321 790 481 846 quem
522 773 657 828 facta
688 780 813 826 sunt
855 769 1035 824 omnia
1058 810 1073 836 ,
1098 777 1154 823 et
1181 783 1210 821 a
1239 783 1347 837 quo
1388 765 1560 830 factus
1610 779 1729 818 sum

125 866 268 921 inter
303 867 505 928 otnnia,
539 865 654 935 ipsc
679 873 765 917 est
789 860 1125 931 exspectatio
1173 873 1292 913 mea
1328 859 1600 911 Dominus.
1638 855 1730 908 Vi-

123 957 263 1012 dctis
313 956 526 1011 ldithun
552 998 568 1023 ,
605 954 795 1010 fratres
824 995 838 1020 ,
869 951 1064 1006 videtis
1122 949 1391 1020 quomodo
1433 953 1728 1016 exspectet.

122 1049 294 1104 Nemo
339 1063 470 1118 ergo
516 1061 576 1101 se
613 1046 755 1099 dicat
785 1041 1082 1112 perfectura
1111 1041 1239 1095 hic:
1269 1039 1467 1108 decipit
1487 1053 1570 1104 se,
1600 1036 1732 1091 fallit

124 1157 204 1206 se,
239 1140 447 1196 seducit
473 1155 548 1204 se,
571 1154 678 1192 non
703 1145 878 1206 potest
904 1133 990 1189 hic
1009 1134 1208 1187 habere
1235 1129 1642 1202 perfectionem.
1662 1127 1733 1183 Et

123 1233 251 1302 quid
286 1232 538 1301 prodest,
571 1231 693 1300 quia
720 1228 890 1298 perdit
917 1223 1310 1280 humilitatem?
1341 1221 1406 1276 Et
1456 1237 1591 1276 nunc
1619 1236 1733 1291 qua:

123 1333 198 1377 est
225 1309 535 1393 eispectatio
575 1319 736 1373 mea?
777 1332 946 1371 nonne
997 1315 1290 1370 Dominus?
1318 1312 1453 1368 Cum
1499 1313 1725 1377 venerit,

123 1413 231 1482 jam
261 1428 368 1467 non
410 1419 754 1480 expectatur
781 1426 796 1473 ;
825 1417 952 1462 tunc
997 1408 1101 1462 erit
1127 1405 1212 1460 illa
1254 1403 1513 1475 perfectio
1542 1422 1555 1457 :
1589 1418 1731 1458 nunc

124 1514 304 1558 autem
328 1515 817 1575 quantumcumque
844 1497 1159 1554 trausilierit
1177 1496 1409 1564 ldithun,
1440 1495 1618 1551 adhuc
1636 1510 1728 1549 ex-

129 1603 357 1663 spectat.
386 1593 448 1647 ft‘t
475 1593 754 1646 substantia
779 1605 888 1643 mea
908 1598 1026 1641 ante
1051 1597 1100 1642 te
1121 1596 1193 1641 est
1220 1602 1438 1655 semper.
1456 1580 1731 1654 Jam'pro-

127 1684 340 1749 ficiens,
365 1683 474 1752 jam
503 1682 568 1736 ad
617 1696 765 1751 psum
800 1679 1043 1741 tendens,
1079 1688 1276 1732 etesse
1304 1677 1632 1746 aliquantum
1647 1674 1730 1728 in—

125 1776 332 1844 cipiens
367 1793 382 1830 :
411 1786 528 1828 ante
547 1783 600 1827 te
621 1784 690 1828 est
711 1767 907 1842 semper
951 1770 1229 1824 substantia
1259 1787 1386 1823 mea.
1420 1767 1728 1824 Substantia

123 1878 304 1921 autem
334 1866 433 1920 ista
463 1876 518 1921 et
539 1873 664 1920 ante
693 1864 937 1918 homines
963 1871 1065 1916 cst.
1100 1863 1302 1916 Aurum
1329 1861 1726 1931 habes,argen-

126 1970 236 2015 tum
271 1959 458 2025 habes,
489 1959 773 2027 mancipia,
806 1955 1034 2026 praedia,
1065 1955 1286 2010 arbores
1310 1996 1324 2020 ,
1358 1969 1576 2024 pecora,
1607 1969 1724 2010 ser-

126 2069 258 2119 vos;
293 2054 409 2107 hrec
435 2052 603 2106 videri
629 2062 683 2106 et
709 2051 776 2104 ab
823 2049 1128 2102 hominibus
1157 2057 1384 2116 possunt
1422 2056 1544 2101 :cst
1572 2061 1723 2114 qua:-

127 2150 247 2203 dam
277 2147 572 2202 substantia
597 2156 719 2201 ante
749 2155 800 2198 te
819 2157 1052 2211 semper.
1083 2141 1151 2194 Et
1171 2140 1450 2195 substantia
1474 2155 1584 2193 mea
1611 2147 1730 2192 ante

127 2252 170 2294 te
198 2251 273 2294 est
293 2257 508 2294 senmer.

198 2259 273 2294 est
293 2259 396 2293 sem
417 2259 508 2292 κεν.

172 2333 192 2385 i
211 2259 419 2403 4.[vcrsl.
435 2327 514 2402 9.]
529 2327 601 2381 Ab
617 2326 847 2382 antuibus
866 2323 1212 2394 iniquitatibus
1223 2323 1345 2376 meis
1360 2338 1477 2377 erue
1495 2338 1591 2375 me.
1605 2321 1730 2377 Mul-

126 2437 176 2476 ta
205 2423 485 2488 transilivi,
507 2423 669 2474 multa
687 2420 906 2490 quidem
927 2417 1184 2473 lransiliv't
1209 2434 1224 2471 :
1247 2415 1340 2472 sed
1361 2416 1405 2470 si
1425 2415 1723 2482 dixerimus,

123 2516 242 2583 quia
264 2523 525 2584 peccatum
546 2529 647 2566 non
671 2511 930 2574 habemus,
955 2526 1048 2564 nos
1075 2509 1216 2578 ipsos
1240 2507 1540 2577 decipimus,
1570 2512 1618 2560 et
1643 2522 1727 2560 ue-

123 2608 248 2662 ritas
275 2607 330 2660 in
355 2604 498 2660 nobis
510 2621 610 2659 non
631 2614 701 2660 est
719 2601 928 2675 (lJoan.
951 2618 990 2668 ι,
1008 2603 1088 2673 8).
1117 2600 1280 2656 Multa
1311 2599 1572 2655 trausilivi
1592 2615 1611 2669 ;
1630 2600 1727 2656 sed

122 2699 299 2753 adhuc
326 2698 492 2752 tundo
516 2706 719 2767 pectus,
753 2706 810 2751 et
833 2695 954 2750 dico
988 2711 1001 2748 :
1035 2693 1243 2749 Dimitte
1271 2693 1414 2748 nobis
1432 2693 1602 2749 debita
1630 2709 1728 2749 no-

119 2800 247 2854 stra,
272 2790 403 2843 sicut
434 2798 482 2842 et
517 2804 608 2845 nos
628 2786 926 2840 dimittimus
950 2785 1260 2840 debitoribus
1288 2785 1479 2840 nostris
1510 2783 1722 2858 (Matth.

121 2896 195 2944 vr,
219 2879 344 2946 12).
377 2877 456 2932 Tu
491 2892 622 2947 ergo
663 2876 991 2946 exspectatio
1034 2891 1176 2940 mea,
1208 2875 1330 2930 finis
1353 2889 1507 2930 meus
1535 2890 1548 2928 ε
1577 2873 1727 2929 Finis

119 2975 257 3026 enim
277 2968 426 3041 Legis
447 2968 680 3024 Christus
700 2968 767 3020 ad
784 2967 1046 3037 justitiam
1068 2966 1207 3020 omni
1224 2964 1446 3020 credenti
1468 2963 1646 3034 (Rom.
1668 2981 1723 3032 Χ,

121 3063 201 3133 4).
232 3062 309 3116 Ab
334 3061 584 3123 omnibus,
611 3074 715 3113 non
745 3059 916 3113 solum
962 3057 1030 3112 ab
1058 3056 1158 3123 eis,
1206 3071 1275 3112 ne
1302 3056 1555 3111 revolvar
1577 3056 1631 3114 in
1662 3071 1726 3111 ea

120 3170 244 3226 quae
270 3153 536 3208 transilivi
567 3169 581 3205 :
615 3152 709 3206 sed
726 3151 794 3204 ab
813 3150 1062 3204 omnibus
1091 3148 1334 3215 omnino,
1364 3142 1585 3218 propter
1603 3163 1725 3218 qua:

121 3247 256 3302 mihi
285 3245 445 3301 modo
475 3255 660 3314 pectus
706 3243 931 3297 luudens
959 3243 1077 3298 dico
1097 3284 1113 3308 ,
1145 3240 1352 3296 Dimitte
1389 3239 1532 3295 nobis
1559 3240 1726 3296 debita

123 3349 318 3394 nostra.
350 3337 424 3390 Ab
442 3336 673 3391 omnibus
701 3335 1048 3403 iniquitatibus
1096 3334 1221 3388 meis
1254 3350 1372 3388 erue
1399 3350 1480 3386 me
1502 3349 1520 3388 :
1540 3333 1612 3388 ita
1633 3349 1725 3389 sa-

123 3435 382 3502 pientem,
411 3440 464 3485 et
484 3439 754 3486 tenentem
805 3427 948 3497 quod
992 3427 1069 3481 ait
1111 3426 1418 3496 Apostolus,
1468 3426 1725 3498 Quotquot

122 3539 244 3593 ergo
275 3521 484 3593 perfecti
507 3536 701 3587 sumus,
731 3519 826 3574 hoc
851 3519 1129 3588 sapiamus.
1157 3516 1294 3572 Cum
1323 3518 1467 3572 enim
1490 3533 1551 3574 se
1573 3517 1724 3574 dice-

123 3625 206 3670 ret
237 3615 475 3670 nundnm
502 3628 623 3669 esse
650 3611 964 3683 perfectum,
993 3610 1068 3665 ibi
1095 3610 1352 3675 continuo
1379 3619 1597 3665 secutus
1616 3612 1721 3665 ait:

128 3714 386 3782 Quotquot
403 3727 522 3780 ergo
550 3709 759 3781 perfecti
781 3723 978 3771 sumus,
1010 3707 1105 3759 hoc
1130 3706 1410 3775 sapiamus.
1437 3703 1575 3772 Quid
1617 3713 1722 3771 est,

127 3806 383 3877 Quotquot
409 3803 620 3875 perfecti
643 3818 816 3857 sumus
833 3803 859 3854 7
885 3800 1003 3855 Jam
1027 3799 1227 3854 dudum
1253 3809 1306 3852 tu
1327 3797 1577 3852 dixeras:
1604 3796 1726 3852 Non

123 3899 242 3966 quia
261 3898 380 3970 jam
406 3894 704 3966 acceperim,
736 3902 823 3946 aut
840 3893 955 3960 jam
978 3893 1230 3963 perfectus
1244 3891 1359 3944 sim.
1379 3889 1613 3960 Sequere
1637 3905 1728 3945 or-

125 3991 306 4044 dinem
337 3989 600 4044 dictorum
620 3988 661 4041 ¹.
693 3985 864 4041 Unum
890 3995 1056 4038 autem
1076 4026 1093 4048 ,
1123 3999 1237 4054 qua:
1283 3993 1417 4036 retro
1446 3982 1650 4050 oblitus,
1671 3983 1727 4038 in

124 4100 184 4138 ea
203 4099 319 4152 qua:
337 4090 454 4136 ante
476 4090 592 4135 sunt
616 4088 864 4141 extentus,
883 4078 1156 4130 sectmdum
1183 4076 1505 4129 intentionem
1522 4091 1720 4144 sequor,

125 4180 190 4229 ad
223 4174 450 4245 palmam
463 4186 699 4243 superna:
716 4169 986 4223 vocationis
1005 4167 1099 4219 Dei
1125 4167 1177 4219 in
1203 4165 1404 4220 Christo
1425 4162 1724 4235 Jesn(Phi-

128 4271 220 4337 lip.
249 4265 544 4336 ιιιΛΞ-ιῦ).
575 4265 702 4318 Ideo
728 4262 963 4317 nondum
1014 4258 1300 4330 perfectus,
1330 4258 1452 4327 quia
1483 4258 1724 4328 sequitur

126 4362 192 4415 ad
219 4360 452 4428 palmam
477 4370 722 4426 supernae
736 4354 1032 4410 vocationis
1055 4353 1343 4422 Dei,quam
1374 4350 1615 4406 nondum
1638 4352 1724 4406 in-

127 4454 293 4516 venit,
320 4450 388 4504 ad
413 4464 571 4519 quam
601 4447 834 4502 nomium
867 4443 1128 4515 pervenit.
1160 4443 1216 4498 Si
1241 4453 1422 4497 autem
1477 4457 1583 4496 non
1639 4451 1725 4498 est

126 4545 417 4616 perfectus,
445 4541 569 4610 quia
592 4555 696 4594 non
723 4539 848 4593 illuc
869 4536 1136 4608 pervenit,
1164 4536 1284 4606 quis
1334 4544 1573 4590 nostrum
1599 4551 1725 4606 pcr-

127 4640 300 4692 fectus
319 4636 444 4691 est?
467 4634 670 4689 Tamen
696 4631 938 4702 sequitur
965 4638 1019 4685 et
1045 4630 1116 4683 ait
1140 4646 1155 4683 :
1185 4628 1440 4697 Quotquot
1454 4628 1588 4682 enim
1612 4645 1725 4699 per.

127 4730 266 4800 fecti,
283 4729 380 4780 hoc
401 4726 680 4795 sapiamus.
705 4721 784 4778 Tu
817 4737 922 4775 non
961 4735 1023 4775 es
1051 4718 1318 4790 perfectus
1339 4760 1353 4784 ,
1383 4734 1416 4772 ο
1442 4719 1719 4789 Apostole,

125 4831 178 4875 et
203 4835 306 4874 nos
336 4816 594 4888 perfecti?
639 4812 746 4871 Sed
802 4812 1001 4868 excidit
1056 4811 1232 4876 vobis,
1290 4810 1412 4881 quia
1453 4826 1514 4866 se
1562 4810 1724 4867 modo

129 4909 427 4980 perfectum
452 4905 625 4962 dixit?
645 4904 761 4961 Non
788 4905 942 4959 enim.
957 4903 1051 4970 ait,
1070 4906 1339 4972 Quotquot
1362 4900 1601 4971 perfecti,
1622 4903 1724 4958 hoc

127 5004 386 5075 sapiatis;
413 5000 533 5068 sed,
562 4997 1036 5072 Quotquot,inquit,
1055 4996 1281 5068 perfecti,
1301 4995 1395 5049 hoc
1418 4996 1679 5065 sapiamus
1701 5011 1726 5051 .°

131 5114 247 5153 cum
291 5094 449 5164 paulo
476 5100 601 5147 ante
628 5092 871 5159 dixisset,
902 5087 1023 5144 Non
1064 5089 1184 5158 quia
1202 5089 1314 5155 jam
1333 5087 1612 5158 acceperim
1635 5097 1725 5142 aut

131 5193 232 5263 iam
258 5191 511 5260 perfectus
537 5187 652 5240 sim.
687 5185 856 5238 Aliter
881 5197 1011 5254 ergo
1030 5183 1118 5235 hic
1144 5196 1252 5235 non
1279 5189 1434 5251 potes
1454 5194 1578 5235 esse
1603 5195 1723 5249 per-

129 5283 318 5341 fectus.
349 5277 451 5332 nisi
471 5277 610 5331 scias
635 5273 754 5340 ,bic
783 5281 837 5328 ιε
866 5287 973 5328 non
1025 5286 1146 5326 esse
1191 5285 1350 5340 posse
1406 5269 1717 5338 perfectum.
1747 5296 1777 5338 ,-

131 5374 255 5429 lhec
298 5384 430 5440 ergo
457 5368 560 5422 erit
599 5365 854 5437 perfectio
880 5373 990 5430 tua,
1017 5364 1096 5419 sic
1139 5371 1192 5419 te
1234 5360 1478 5433 quaedam
1525 5363 1721 5416 transi-

131 5465 278 5527 tisse,
309 5471 372 5517 ut
390 5459 457 5516 ad
476 5459 721 5530 quaedam
751 5470 1044 5528 properes;
1071 5454 1149 5511 sic
1171 5451 1416 5524 quaedam
1444 5460 1496 5508 te
1521 5453 1721 5507 transi-

129 5557 276 5617 lisse.
299 5562 360 5608 ut
385 5560 550 5608 restet
576 5548 720 5605 aliud
747 5547 815 5604 ad
843 5546 986 5619 quod
1013 5545 1262 5601 omnibus
1281 5542 1560 5601 transactis
1577 5554 1724 5599 tran-

135 5645 415 5704 siliendum
442 5651 545 5699 est.
584 5642 710 5697 llaec
738 5648 848 5696 tuta
873 5641 895 5672 ¹
923 5638 1054 5695 fides
1081 5646 1186 5694 est.
1212 5637 1346 5694 Nam
1393 5636 1631 5708 quisquis
1659 5649 1722 5696 so

172 5781 187 5845 ξ
223 5777 608 5845 [leriqnehlsg
637 5796 649 5830 :
675 5783 908 5845 Sequere,
942 5785 1027 5838 dic
1069 5795 1238 5842 totum.

172 5843 191 5872 ³
221 5841 370 5899 ΕΜ..
410 5843 528 5892 tota.
565 5841 960 5909 Melius'aliquot
982 5850 1113 5917 Mss,

390 5925 663 5989 PATROL.
702 5929 988 5996 XXXVI.

1203 374 1602 432 ENARRATIO
1641 374 1706 430 ΙΝ
1745 372 2073 431 PSAIMUM
2115 375 2402 432 XXXVIII.

3331 389 3435 446 4‘16

1835 488 1945 558 jam
1977 491 2286 559 pervenisse
2311 501 2479 561 putat,
2513 493 2566 546 in
2597 494 2703 547 alto
2737 508 2790 550 se
2820 498 2964 566 pauit
2990 539 3004 564 ,
3033 509 3088 554 ut
3117 501 3289 558 cadat.

1915 581 2159 648 15._Quia
2203 595 2332 652 ergo
2381 583 2452 638 ita
2492 587 2662 654 sapio,
2697 587 2818 657 quia
2857 605 2944 644 me
2973 602 3024 646 et
3066 592 3434 664 imperfectum

1839 670 1962 726 dico
1978 681 2031 724 et
2055 670 2348 740 perfectum
2381 689 2395 726 :
2420 675 2786 744 imperfectum
2805 679 3041 749 quidem,
3059 686 3182 753 quia
3200 688 3434 745 nondum

1840 761 2039 831 aliquid
2063 763 2245 833 accepi
2271 764 2412 834 quod
2437 767 2586 831 volo;
2620 766 2912 837 perfectum
2937 782 3115 828 autem
3135 819 3150 840 ,
3179 780 3302 847 quia
3324 784 3437 835 scio

1839 850 1943 906 hoc
1965 854 2137 922 ipsum
2169 856 2312 923 (ιιιοά
2343 857 2471 911 mihi
2500 857 2640 912 desit
2667 877 2681 913 :
2709 860 2831 930 quia
2859 877 2987 932 ergo
3016 866 3094 920 sic
3117 871 3284 938 sapiu,
3309 876 3435 942 quia

1840 944 2071 1000 humana
2099 958 2409 1017 contemno,
2432 951 2554 1021 quia
2583 952 2750 1009 laatari
2792 957 2846 1010 in
2886 959 3047 1014 rebus
3089 967 3437 1032 pereuntibus

1839 1035 1984 1126 nolo.
2015 1039 2135 1106 quia
2168 1038 2395 1095 irrideor
2414 1041 2481 1097 ab
2505 1058 2668 1099 avaro
2692 1045 2925 1114 iactante
2949 1065 3009 1106 se
3037 1054 3179 1123 quod
3208 1057 3278 1111 sit
3308 1073 3434 1126 pru-

1837 1125 1992 1192 dens,
2024 1139 2079 1182 et
2107 1145 2192 1183 me
2218 1131 2478 1188 irridente
2523 1136 2664 1205 quod
2712 1137 2997 1208 desipiam,
3030 1144 3153 1211 quia
3195 1147 3272 1200 sic
3311 1125 3429 1219 agn,

1837 1220 1957 1288 quia
1987 1219 2124 1276 hanc
2157 1224 2291 1277 viam
2336 1240 2536 1296 carpo:
2569 1226 2932 1300 Opprobrium,
2957 1233 3146 1304 inquit,
3177 1237 3432 1309 insipienti

1836 1310 2020 1366 dedisti
2039 1329 2136 1366 me.
2163 1313 2308 1369 Inter
2333 1330 2426 1370 eos
2451 1333 2539 1372 me
2560 1319 2739 1375 vivere
2763 1322 2998 1387 voluisti,
3029 1327 3170 1381 inter
3189 1344 3284 1384 eos
3305 1347 3431 1400 pra-o

1834 1403 2017 1460 dicare
2040 1406 2344 1472 veritatem,
2373 1410 2465 1479 qui
2507 1421 2692 1466 amant
2730 1414 3049 1481 vanitatem;
3079 1428 3134 1474 et
3162 1435 3269 1476 non
3300 1436 3428 1491 pos-

1836 1510 1954 1548 sum
1980 1497 2080 1551 nisi
2110 1498 2318 1554 irrideri
2347 1502 2414 1556 ab
2433 1502 2546 1556 eis:
2567 1504 2687 1572 quia
2705 1508 3068 1576 spectaculum
3096 1510 3216 1566 facti
3245 1528 3430 1569 sumus

1837 1585 1958 1641 huic
1986 1589 2204 1655 mundo,
2237 1600 2292 1645 et
2336 1593 2571 1662 Angelis,
2595 1605 2650 1648 et
2691 1594 2993 1651 hominibus
3020 1599 3065 1668 (Ι
3088 1600 3204 1655 Cor.
3233 1619 3304 1667 iv,
3330 1604 3426 1674 9);

1837 1678 2050 1748 Angelis
2076 1680 2437 1745 laudantibus,
2462 1684 2767 1742 hominibus
2813 1691 3259 1759 opprobrantibns
3286 1713 3298 1749 :
3321 1697 3429 1750 inm

1833 1779 1888 1823 et
1908 1772 2124 1843 Angelis
2147 1774 2149 1776 ’
2175 1771 2512 1830 laudantibus
2537 1786 2592 1833 et
2624 1780 3072 1850 vituperantibns,
3102 1794 3155 1840 et
3201 1786 3432 1849 homini--

1834 1859 1932 1915 bus
1959 1863 2298 1919 laudantibus
2343 1876 2396 1920 et
2445 1868 2891 1938 vituperantibus.
2913 1875 2953 1926 Λ
2984 1874 3186 1932 dextris
3211 1887 3264 1932 et
3299 1895 3327 1933 a
3355 1882 3431 1936 si-

1833 1956 2018 2011 nistris
2047 1957 2306 2013 habemus
2335 1975 2504 2025 arula,
2531 1961 2582 2015 in
2624 1963 2819 2031 quibus
2848 1967 3162 2036 militamus,
3191 1985 3288 2040 per
3308 1973 3429 2042 glo-

1833 2048 1966 2102 riam
1996 2059 2052 2104 et
2077 2050 2483 2120 ignobilitatem,
2508 2069 2602 2123 per
2627 2055 2897 2111 infamiam
2921 2071 2974 2112 et
2996 2062 3184 2116 bonam
3207 2065 3421 2129 famam,

1832 2151 1890 2193 ut
1911 2139 2220 2196 seductorcs
2258 2151 2311 2195 et
2335 2157 2554 2199 veraces
2587 2144 2660 2218 (ll
2691 2144 2811 2201 Cor.
2838 2164 2912 2213 v1,
2947 2150 2999 2216 7,
3029 2151 3106 2224 8).
3138 2154 3262 2210 11ωο
3288 2159 3428 2225 apud

1833 2233 2088 2303 Angelos,
2127 2233 2242 2289 haec
2266 2235 2406 2305 apud
2443 2236 2688 2293 homines
2717 2257 2731 2292 :
2759 2242 2880 2310 quia
2915 2252 2969 2296 et
3008 2246 3148 2313 apud
3193 2249 3428 2319 Angelos

1832 2335 1956 2380 sunt
1981 2329 2148 2382 sancti
2178 2330 2384 2401 Angeli,
2417 2331 2606 2400 quibus
2643 2333 2780 2388 bene
2816 2335 3044 2392 vivendo
3081 2339 3422 2407 placeamus;

1832 2427 1888 2473 et
1911 2431 2035 2472 sunt
2061 2409 2498 2489 przevaricatores
2545 2423 2756 2494 angeli,
2784 2425 2977 2495 quibus
3020 2429 3154 2486 bene
3197 2415 3426 2488 vii-endo

1832 2509 2210 2580 displiceamus
2240 2529 2252 2566 :
2277 2521 2332 2567 et
2360 2513 2497 2568 inter
2528 2514 2772 2571 homines
2798 2526 2925 2572 sunt
2965 2522 3134 2576 sancti
3159 2523 3274 2584 viri.
3304 2528 3427 2595 qui-

1831 2601 1934 2658 bus
1965 2603 2169 2674 placeat
2192 2605 2296 2659 vita
2320 2618 2497 2660 nosmt
2517 2625 2530 2671 ;
2554 2615 2680 2661 sunt
2710 2609 3021 2678 nequiSsimi
3051 2612 3314 2681 homines,
3333 2620 3425 2687 qui

1834 2696 2090 2751 irrideant
2117 2697 2310 2752 bonam
2339 2702 2500 2753 vitam
2529 2710 2786 2756 nostram.
2821 2702 2890 2757 Et
2917 2703 3034 2760 haec
3056 2707 3071 2737 ί
3101 2722 3247 2763 arma
3276 2722 3420 2777 sunt,

1833 2786 1919 2841 illa
1943 2785 2129 2842 dextra
2155 2831 2170 2855 ,
2197 2788 2284 2843 illa
2323 2790 2538 2845 sinistra
2565 2808 2581 2858 ;
2611 2801 2834 2863 utraque
2863 2804 3040 2851 tamen
3076 2813 3224 2854 arma
3249 2814 3375 2856 sunt
3405 2821 3421 2860 :

1832 2879 2071 2951 utrisque
2099 2881 2286 2945 armis,
2317 2885 2371 2937 ει
2390 2882 2593 2945 dexlris
2622 2891 2677 2937 et
2698 2884 2930 2941 sinistris
2958 2897 3097 2955 utor,
3116 2900 3168 2946 et
3198 2891 3424 2948 laudauo

1830 2969 1973 3024 tibus
2001 2980 2056 3026 et
2090 2972 2514 3040 vituperantibus
2535 3015 2549 3040 ,
2583 2983 2638 3030 et
2677 2974 2939 3032 honorem
2984 2978 3346 3038 deferentibus
3373 2995 3429 3043 et

1833 3057 2176 3129 ignominiam
2205 3061 2564 3131 irrogantibus
2596 3082 2612 3118 :
2644 3064 2695 3118 in
2719 3065 2804 3120 bis
2825 3067 3065 3140 utrisque
3096 3073 3264 3128 armis
3288 3091 3422 3131 con-

1829 3149 1958 3222 ﬂigo
1983 3166 2108 3207 cum
2155 3152 2419 3230 diabolo,
2435 3155 2689 3226 utrisque
2715 3171 2837 3213 eum
2865 3158 3026 3216 ferio:
3070 3168 3360 3236 prosperis,
3381 3171 3424 3223 si

1833 3258 1939 3297 non
1960 3258 2314 3312 corrumpor;
2339 3244 2595 3311 adversis,
2627 3247 2670 3302 si
2699 3261 2802 3302 non
2827 3248 3064 3322 frangor.

1904 3336 1990 3390 16.
2020 3332 2170 3409 [ιίεηἶ
2198 3336 2283 3396 10,
2319 3337 2380 3394 Η
2410 3335 2429 3408 ]
2460 3337 2659 3392 Dedisti
2675 3350 2806 3409 ergo
2832 3358 2910 3394 me
2937 3345 3261 3414 opprobrium
3297 3349 3425 3404 iusi—

1832 3429 2007 3499 pienti.
2041 3427 2319 3492 Obsurdui,
2349 3438 2395 3483 et
2438 3446 2540 3484 non
2577 3432 2755 3499 aperui
2781 3449 2838 3486 os
2868 3450 3054 3490 meum.
3093 3436 3200 3492 Sed
3239 3452 3425 3493 contra

1831 3521 2170 3590 insipientem
2201 3504 2461 3586 obsurdui,
2481 3530 2529 3576 et
2549 3539 2650 3576 non
2672 3525 2850 3594 operui
2873 3541 2928 3579 os
2952 3542 3135 3582 meum.
3154 3527 3251 3583 Cui
3282 3532 3424 3586 enim

1829 3611 2066 3667 dicerem
2091 3611 2232 3682 quod
2258 3612 2502 3682 agiturin
2535 3614 2657 3668 me?
2675 3615 2900 3670 Audiam
2920 3618 3062 3673 enim
3087 3620 3212 3690 quid
3235 3621 3422 3692 loqna~

1832 3714 1919 3759 tur
1949 3706 2000 3759 in
2043 3721 2131 3760 me
2173 3704 2432 3760 Dominus
2479 3705 2641 3770 Deus,
2665 3708 2918 3778 quoniam
2960 3710 3208 3782 loquetur
3239 3729 3423 3785 pacem

1831 3799 2030 3870 populo
2052 3813 2151 3853 suo
2176 3796 2354 3869 (Psat.
2374 3814 2589 3864 uxxtv,
2612 3798 2670 3872 9)
2696 3819 2708 3855 :
2737 3799 2832 3855 sed
2859 3817 2960 3856 non
2987 3813 3060 3859 est
3090 3821 3194 3877 pas:
3232 3807 3423 3879 impiis,

1829 3889 1962 3947 dicit
1987 3891 2243 3947 Dominus
2255 3889 2406 3962 (Isai.
2428 3906 2613 3956 xum,
2636 3889 2751 3962 2‘2).
2770 3891 3027 3949 Obsurdui
3053 3905 3101 3950 et
3121 3913 3221 3953 non
3248 3903 3426 3970 aperui

1831 4001 1888 4039 os
1905 4000 2091 4039 meum.
2109 3984 2360 4051 Quoniam
2383 3993 2438 4037 tu
2465 4001 2518 4039 es
2536 3985 2621 4054 qui
2637 3985 2797 4056 fecisti
2819 4003 2916 4041 me.
2935 3986 3061 4042 Ideo
3089 4005 3196 4045 non
3218 3976 3428 4063 aperui-

1831 4079 1897 4133 sti
1926 4093 1988 4133 os
2016 4087 2186 4141 tuum,
2212 4076 2335 4148 quia
2363 4077 2503 4131 Dens
2529 4085 2612 4132 est
2636 4077 2728 4146 qui
2754 4076 2882 4134 fecit
2905 4080 2992 4134 te?
3013 4080 3202 4137 Mirum
3232 4093 3334 4138 est.
3351 4085 3426 4139 Os

1831 4172 1972 4226 enim
2002 4169 2097 4224 tibi
2121 4171 2258 4223 Deus
2287 4183 2393 4222 non
2422 4167 2550 4224 fecit
2575 4167 2641 4223 ad
2674 4168 3040 4238 loquendum?
3066 4171 3167 4241 Qui
3213 4173 3426 4243 planta-

1831 4264 1906 4318 vit
1930 4277 2136 4326 aurem,
2166 4275 2271 4314 non
2315 4259 2506 4315 audit?
2547 4260 2637 4329 qui
2666 4259 2818 4314 finxit
2856 4262 3108 4328 oculum,
3133 4279 3239 4319 non
3283 4267 3424 4321 videt

1831 4355 2004 4427 (Psat.
2038 4367 2183 4415 scin,
2209 4351 2309 4421 9)?
2336 4349 2410 4406 0s
2434 4351 2529 4407 tibi
2557 4353 2700 4407 Deus
2722 4352 2788 4406 ad
2812 4353 3136 4424 loquendum
3164 4356 3347 4413 dedit:
3372 4371 3424 4414 et

1830 4447 1986 4512 dicis,
2013 4445 2287 4510 Obsurdui,
2324 4456 2369 4500 et
2397 4461 2501 4499 non
2521 4446 2698 4517 aperui
2721 4462 2777 4500 os
2799 4464 2964 4502 meum
2986 4464 3006 4501 :
3031 4453 3269 4519 quoniam
3297 4463 3349 4507 tu
3372 4474 3423 4509 es

1830 4540 1918 4611 qui
1938 4540 2102 4612 fecisti
2126 4538 2244 4593 me.’
2279 4539 2359 4591 An
2394 4536 2648 4604 Quoniam
2675 4547 2728 4591 tu
2747 4555 2802 4593 es
2829 4539 2917 4608 qui
2936 4539 3101 4609 fecisti
3123 4559 3222 4606 me,
3243 4556 3425 4613 poste-

1829 4634 2028 4688 riorem
2057 4645 2267 4686 versum
2283 4630 2552 4701 pertinet?
2602 4631 2858 4696 Quoniam
2874 4642 2929 4686 tu
2952 4649 3004 4687 es
3026 4634 3114 4705 qui
3132 4635 3297 4705 fecisti
3322 4656 3422 4696 me.

1829 4740 2004 4778 uisione
2025 4740 2059 4777 a
2083 4740 2161 4776 me
2190 4721 2397 4793 ﬂagella
2423 4731 2529 4776 tua.
2560 4721 2820 4789 Quoniam
2848 4731 2904 4777 tu
2919 4739 2979 4779 es
2993 4726 3081 4796 qui
3111 4725 3284 4784 fecisti
3316 4747 3424 4798 me,

1831 4817 1940 4871 noli
1959 4814 2316 4871 exterminare
2359 4827 2448 4868 me
2474 4831 2489 4868 :
2519 4820 2723 4868 tantum
2751 4813 2898 4870 carde
2919 4815 3284 4888 utproliciam,
3318 4839 3424 4878 non

1830 4920 1885 4965 ut
1904 4908 2146 4965 deliciam
2173 4925 2187 4959 :
2219 4914 2424 4962 tantum
2442 4905 2605 4961 tunde
2625 4915 2684 4961 ut
2705 4907 2985 4976 producar,
2998 4924 3105 4965 non
3127 4919 3184 4966 ut
3202 4916 3423 4970 commi-

1829 5017 1980 5056 nuar.
2004 4999 2255 5068 Quoniam
2271 5007 2324 5051 tu
2333 5014 2386 5053 es
2397 4997 2484 5068 qui
2494 4997 2657 5073 fecisti
2668 5014 2766 5064 me,
2773 5014 2948 5052 amove
2961 5014 2994 5052 a
3004 5016 3086 5055 me
3094 5001 3302 5074 ﬂagella
3315 5015 3400 5058 tua
3409 5047 3421 5060 .

1901 5097 1989 5150 i7.
2015 5093 2166 5166 (vers.
2201 5087 2315 5164 42.]
2345 5090 2390 5144 Α
2414 5089 2715 5160 fortitudine
2737 5106 2918 5144 manus
2951 5100 3053 5146 tute
3070 5108 3162 5164 ego
3189 5093 3352 5168 defeci
3371 5099 3424 5152 in

1828 5184 2178 5257 argutionibus
2197 5199 2216 5237 :
2241 5181 2343 5236 hoc
2366 5188 2606 5245 est,cum
2627 5194 2880 5250 argueres
2904 5195 3012 5249 me,
3028 5181 3223 5240 deieci.
3256 5187 3320 5241 Et
3343 5202 3424 5243 ar-

1828 5291 1991 5349 guere
2014 5288 2160 5330 tuum
2183 5272 2310 5344 quid
2343 5281 2426 5327 est
2444 5313 2458 5334 ,
2483 5273 2585 5325 nisi
2612 5270 2754 5341 quod
2782 5272 3061 5342 sequitur?
3101 5273 3210 5330 Pro
3234 5278 3424 5349 iniqui~

1830 5379 1933 5424 tate
1953 5367 2164 5423 erudisti
2186 5365 2458 5428 hominem,
2481 5373 2527 5417 et
2553 5363 2900 5417 contabescere
2922 5365 3089 5435 fecisti
3126 5367 3258 5422 sicut
3300 5386 3422 5425 aro-

1828 5478 1976 5516 neam
2016 5460 2242 5514 animam
2284 5474 2467 5511 meam.
2513 5455 2735 5510 Multum
2761 5463 2846 5510 est
2868 5455 3014 5526 quod
3035 5458 3279 5531 intelligit
3321 5465 3422 5522 iste

1828 5552 2084 5609 ldithuu:
2117 5551 2160 5605 si
2188 5549 2308 5620 quis
2330 5563 2452 5602 cum
2496 5547 2590 5602 illo
2631 5546 2912 5616 intelligat,
2942 5548 2989 5602 si
3028 5550 3147 5619 quis
3176 5566 3299 5608 cum
3329 5541 3420 5611 illo

1830 5645 2110 5704 transiliat.
2140 5643 2280 5700 Dicit
2306 5640 2897 5710 euiminargutionibus
2929 5640 3022 5695 Dei
3048 5657 3107 5696 se
3135 5643 3418 5712 defecisse,

1825 5747 1886 5799 ει
1909 5741 2022 5798 vult
2039 5750 2081 5798 a'
2095 5754 2156 5795 se
2173 5735 2408 5792 amoveri
2433 5731 2662 5804 ﬂagella,
2685 5731 2936 5804 quoniam
2964 5733 3078 5803 ipse
3100 5744 3184 5790 est
3208 5740 3298 5809 qu]
3334 5733 3408 5792 re-

1881 5847 1899 5883 ¹
1924 5847 2008 5899 Sic
2026 5851 2073 5899 in
2098 5851 2140 5902 ιι
2159 5864 2212 5903 ιε.
2230 5855 2286 5900 At
2304 5850 2356 5900 in
2377 5844 2511 5909 ειη,
2533 5849 2580 5895 et
2596 5842 2703 5895 hac
2721 5855 2816 5893 non
2837 5846 3101 5902 reperitur.

2600 5923 3011 5997 {QuatorssJ
