3978 6320
486 374 487 377 “
555 375 655 434 ιὶτ

550 495 624 549 cit
652 492 821 547 illum.
846 487 943 559 Qui
975 484 1118 549 iecit,
1140 486 1257 552 ipse
1286 464 1531 559 τοηεῖξιιξ
1561 485 1617 535 et
1644 476 1731 547 qui
1772 478 1995 541 creavit,
2024 479 2139 546 ipse

554 594 781 641 recreet.
810 556 915 636 Sed
949 587 1125 632 tamen
1149 574 1289 645 quod
1317 572 1388 628 ita
1410 556 1626 634 defecit,
1654 578 1713 623 ut
1743 568 1868 623 velit
1891 581 1951 622 se
1975 575 2027 621 et
2060 582 2149 622 re-

548 678 729 735 creari
750 687 807 731 ct
834 669 1117 731 reformari
1138 671 1179 735 ³,
1211 668 1329 723 sine
1354 678 1527 723 causa‘
1547 675 1813 735 putamus.
1839 661 2053 728 fratres,
2072 658 2147 714 fa-

555 782 697 827 ctum
727 766 929 823 fuisse?
958 762 1064 818 Pro
1089 760 1372 831 iniquitate,
1400 757 1589 829 inquit,
1619 754 1829 810 erudisti
1870 752 2148 805 hominem.

558 863 752 918 Totum
782 855 926 928 quod
947 852 1141 921 deieci,
1173 848 1319 924 quod
1347 848 1593 903 inﬁrmus
1618 860 1758 910 sum,
1786 841 1929 915 quod
1952 840 2021 897 de
2045 841 2154 894 imo

559 955 755 1017 clamo,
783 948 887 1003 hoc
914 956 1081 1002 totum
1110 959 1209 1015 pro
1243 940 1525 1013 iniquitate
1558 956 1573 993 :
1605 938 1731 993 etin
1764 933 1868 990 hoc
1905 932 2153 994 erudiSIi,

563 1060 667 1099 non
695 1039 961 1097 damnasti
988 1054 1003 1091 :
1028 1035 1135 1089 Pro
1161 1032 1425 1103 iniquitate
1446 1027 1661 1085 crudisti
1700 1026 1971 1081 hominem.
2018 1022 2156 1077 Audi

565 1139 665 1191 hoc
693 1132 902 1203 planius
926 1144 990 1185 ex
1027 1128 1133 1182 alio
1160 1124 1365 1197 psalmo
1385 1140 1401 1176 :
1424 1121 1624 1176 Bonum
1644 1127 1719 1173 est
1740 1117 1884 1205 mihi,
1905 1114 2041 1189 quod
2058 1116 2157 1205 hu-

562 1225 770 1281 miliasti
784 1238 879 1290 me,
890 1232 943 1275 ut
958 1215 1542 1288 discamjustiﬁeationes
1556 1222 1668 1264 tuas
1680 1207 1832 1282 (Psal
1840 1222 2013 1261 .cxvtu
2022 1206 2073 1269 ,7
2085 1206 2101 1258 l
2114 1203 2152 1276 ).

564 1317 632 1372 Et
661 1294 967 1370 humiliatus
994 1323 1113 1363 sum
1132 1347 1149 1375 ,
1170 1315 1228 1361 et
1254 1306 1457 1359 bonum
1480 1310 1563 1357 est
1588 1300 1719 1355 mihi
1750 1316 1767 1353 :
1795 1306 1850 1353 et
1870 1311 2024 1367 poena
2051 1304 2157 1359 est,

560 1418 617 1464 et
643 1404 814 1478 gratia
840 1412 942 1459 est.
956 1399 1094 1470 Quid
1122 1405 1301 1453 servat
1316 1402 1439 1465 post
1458 1406 1693 1464 penam,
1712 1389 1801 1460 qui
1822 1404 1921 1460 per
1933 1387 2159 1478 gratiam

526 1566 527 1569 η
562 1475 781 1556 exhibet
809 1507 1018 1566 poenam
1038 1492 1063 1546 Y
1083 1490 1202 1560 Ipse
1215 1487 1357 1544 enim
1381 1483 1553 1542 estde
1576 1498 1684 1554 quo
1703 1483 1900 1537 dictum
1921 1487 2025 1545 est,
2040 1475 2161 1533 Eu-

564 1592 789 1647 ntiliatus
815 1604 948 1651 sum,
967 1595 1015 1642 et
1044 1584 1240 1640 salvum
1267 1577 1668 1652 mefecit(Psal.
1694 1574 1897 1646 CXIV,6)
1920 1591 1934 1627 :
1956 1581 2031 1639 et,
2060 1570 2164 1645 Bo-

567 1702 690 1740 uum
712 1694 782 1738 est
816 1682 940 1736 mihi
966 1668 1403 1750 quod'humiliasti
1426 1671 1815 1739 me,'utdiscam
1841 1666 2163 1739 justi/iratio-

567 1795 655 1833 ues
677 1788 811 1830 tuas.
843 1773 948 1827 Pro
972 1770 1235 1842 iniquitate
1254 1764 1463 1821 erudisti
1485 1762 1756 1818 hominem.
1790 1760 1857 1816 Et
1875 1758 2016 1830 quod
2032 1757 2167 1813 scri-

568 1879 717 1938 ptum
748 1875 853 1932 est,
877 1863 979 1929 Qui
995 1862 1147 1934 ﬁngis
1171 1858 1400 1918 dolorem
1435 1857 1490 1911 in
1528 1849 1986 1926 praxepto~(Psnl.
2013 1863 2163 1915 scut,

566 1959 798 2032 20),Deo
809 1957 911 2012 dici
933 1952 1145 2011 nonnisi
1158 1967 1187 2006 a
1214 1948 1540 2009 transiliente
1556 1945 1746 2016 potuit;
1758 1943 1880 2014 quia
1899 1940 2113 2032 nonnisi
2133 1954 2166 1994 a

569 2028 900 2109 transiliente
911 2045 1081 2101 videri
1096 2042 1284 2115 potuit.
1304 2036 1705 2119 Fingis,inquit,
1725 2033 1950 2088 dolorem
1960 2032 2012 2090 in
2031 2028 2165 2101 prat-

567 2153 732 2215 cepto,
750 2140 819 2196 de
836 2138 1024 2193 dolore
1052 2138 1378 2203 prieeeptnm
1404 2127 1537 2183 mihi
1566 2126 1719 2181 facis.
1747 2123 1971 2178 Formas
1991 2123 2165 2215 ipsum

565 2237 807 2292 dolorem
831 2245 1043 2287 meum;
1066 2242 1173 2281 non
1196 2238 1320 2280 eum
1344 2220 1607 2292 relinquis
1626 2217 1929 2280 informem,
1945 2215 2041 2272 sed
2058 2214 2167 2277 for-

568 2344 685 2397 mas
711 2327 858 2383 illum
883 2341 899 2379 :
921 2332 978 2380 et
1003 2321 1263 2376 formatus
1282 2316 1438 2373 dolor
1465 2326 1619 2371 meus
1643 2311 1875 2368 inﬁictus
1900 2327 1929 2364 a
1952 2318 2004 2364 te
2028 2323 2168 2380 pra:-

568 2429 782 2493 eeptum
813 2417 943 2473 mihi
969 2414 1093 2479 erit.
1123 2420 1183 2469 ut
1205 2410 1406 2467 liberer
1430 2423 1461 2467 a
1490 2414 1565 2463 te.
1580 2404 1765 2477 Fingis
1780 2403 1946 2469 enim,
1964 2402 2166 2457 dictum

567 2523 671 2579 est.
693 2511 959 2573 dolorem,
989 2507 1187 2562 formas
1210 2500 1455 2559 dolorem
1472 2541 1490 2568 ,
1506 2499 1740 2570 plasmas
1754 2495 1994 2551 dolorem
2014 2534 2029 2555 ,
2058 2509 2164 2548 non

566 2605 789 2663 simulas
837 2592 1417 2667 doloremiquomodo
1465 2589 1618 2662 ﬁngit
1665 2586 1895 2653 artifex,
1922 2585 2065 2641 unde
2113 2595 2169 2641 et

568 2699 758 2771 ﬁgulus
780 2695 975 2757 dicitur
997 2708 1029 2746 a
1058 2686 1327 2760 fingendo.
1356 2686 1519 2756 Ergo,
1550 2683 1655 2737 Pro
1705 2680 1972 2751 iniquitate
1997 2678 2170 2733 erudi-

567 2788 932 2844 stihomineus.
959 2781 1126 2837 Video
1151 2794 1239 2835 me
1264 2778 1317 2834 in
1344 2777 1521 2841 malis,
1542 2773 1700 2829 video
1726 2786 1815 2831 me
1837 2772 1888 2825 in
1914 2784 2095 2840 pinna,
2112 2776 2170 2823 et

569 2881 709 2955 apud
732 2892 785 2938 te
808 2894 914 2935 non
940 2874 1099 2932 video
1145 2870 1506 2943 iniquitatem.
1540 2866 1597 2923 Si
1635 2880 1765 2935 ergo
1791 2880 1893 2935 ego
1918 2863 1970 2918 in
2012 2876 2167 2932 poena

568 2991 689 3032 sum
735 2983 791 3030 et
816 2968 957 3044 apud
977 2978 1030 3025 te
1058 2964 1440 3036 iniquitasnon
1462 2968 1567 3028 est,
1590 2970 1772 3013 nonne
1796 2964 1963 3011 restat
1992 2963 2050 3007 ut
2072 2967 2169 3024 pro

569 3050 850 3139 iniquitate
862 3058 1123 3120 erudieris
1149 3055 1418 3112 hominem
1435 3052 1461 3109 ἲ

641 3159 732 3217 18.
758 3152 829 3215 Ει
853 3152 1144 3228 quomodo,
1174 3145 1430 3206 erudiuit
1460 3143 1555 3201 Dic
1575 3142 1746 3215 ipsam
1783 3139 2166 3203 eruditionem,

570 3272 607 3310 o
635 3251 873 3316 Idithun,
899 3243 1169 3317 quomodo
1193 3238 1439 3299 eruditus
1466 3235 1564 3293 es?
1600 3233 1668 3290 Et
1709 3234 1961 3289 tabescere
2006 3228 2172 3303 fecisti

571 3348 700 3402 sicut
725 3356 966 3397 araneam
986 3338 1210 3394 animum
1243 3347 1428 3389 meam.
1456 3327 1585 3386 Hinc
1630 3337 1713 3383 est
1749 3323 2000 3382 eruditio.
2033 3322 2170 3391 Quid

579 3436 810 3495 tabidius
852 3428 1084 3488 aranea?
1114 3422 1329 3484 Animal
1382 3422 1555 3492 ipsum
1604 3418 1746 3473 dico.
1775 3416 2091 3486 Quanquam
2118 3421 2173 3469 et

574 3526 707 3599 ipsis
733 3503 852 3581 telis
873 3532 1187 3577 aranearum
1220 3512 1349 3587 quid
1375 3508 1642 3567 tabidius'!
1668 3505 1894 3599 Attende
1915 3515 1974 3599 et
1998 3506 2170 3599 ipsum

575 3595 775 3683 animal
790 3627 948 3687 quam
975 3609 1211 3669 tabidum
1238 3612 1341 3662 est.
1365 3604 1519 3660 Pone
1530 3613 1691 3671 supra
1712 3596 1902 3653 leviter
1922 3595 2170 3687 digitum,

576 3710 733 3769 ruina
754 3685 839 3763 est
865 3721 887 3759 ε-
909 3702 1039 3759 nihil
1063 3698 1286 3756 omnino
1312 3692 1564 3750 tabidius.
1597 3689 1783 3747 Talem
1834 3686 2007 3745 fecisti
2057 3685 2175 3741 ani-

578 3816 721 3858 mam
770 3810 981 3858 meam,
1010 3791 1214 3862 inquit,
1242 3783 1534 3844 erudiendo
1585 3797 1694 3846 me,
1725 3794 1823 3851 pm
1873 3778 2171 3849 iniquitate.

577 3888 805 3963 Quando
848 3885 1077 3943 eruditio
1118 3880 1390 3937 inﬁrmum
1425 3875 1589 3937 fecit,
1619 3871 1863 3945 quatdam
1919 3868 2174 3963 fortitudo

578 3961 697 4039 erat
710 3974 1092 4043 vitiumﬂideo
1105 3969 1363 4044 quosdam
1379 3965 1722 4037 prtevolasse,
1737 3972 1792 4017 et
1810 3961 2140 4023 intellexisse
2158 3978 2173 4015 :

579 4074 675 4132 sed
700 4088 731 4127 a
760 4066 1111 4127 celerioribus
1153 4077 1264 4120 non
1302 4067 1432 4117 sunt
1476 4056 1760 4114 deserendi
1788 4054 2048 4111 tardiores
2069 4096 2084 4117 ,
2117 4062 2177 4109 ut

582 4165 779 4237 pariter
805 4161 945 4218 viam
975 4146 1241 4215 sermonis
1266 4156 1504 4221 carpant.
1537 4146 1653 4205 Hoc
1676 4145 1809 4213 disi,
1841 4144 1945 4199 hoc
1974 4143 2184 4237 iiitelii-,

578 4234 727 4328 gite:
755 4253 814 4311 Si
857 4250 1089 4309 eruditio
1128 4245 1259 4317 justi
1290 4242 1382 4298 Dei
1435 4240 1574 4295 hanc
1599 4237 1985 4294 inﬁrmitatem
2018 4234 2174 4328 fecit,

583 4325 836 4406 fortitudo
864 4341 1108 4416 quaedam
1156 4344 1275 4394 erat
1323 4333 1532 4388 vitium.
1562 4328 1898 4387 Fortitudinis
1948 4325 2177 4398 quadam

581 4437 856 4511 displicuit
904 4434 1101 4497 homo,
1129 4436 1191 4484 ut
1217 4425 1518 4511 erudiretur
1562 4421 1870 4511 infirmitate
1892 4434 1910 4474 :
1934 4418 2059 4511 quia
2082 4433 2177 4473 su-

586 4498 770 4602 per-hia
796 4524 1030 4598 quadam
1060 4509 1366 4587 displicuit.
1413 4524 1470 4570 ut
1497 4512 1801 4570 erudiretur
1856 4498 2202 4568 humilitate.‘

585 4623 776 4680 Fortes
802 4635 862 4676 se
880 4632 1002 4674 esse
1029 4606 1214 4671 dicunt
1244 4622 1442 4667 omnes
1469 4604 1745 4676 superbi'.
1776 4602 1905 4659 ideo
1940 4603 2180 4660 vicerunt

585 4713 735 4770 multi
757 4711 827 4766 ab
852 4708 1060 4764 oriente
1087 4715 1142 4760 et
1164 4700 1442 4758 occidente
1460 4697 1759 4763 venientes,
1783 4702 1845 4772 ut
1867 4694 2180 4749 recumbam

584 4783 705 4863 cum
730 4800 998 4859 Abraham
1027 4806 1083 4853 et
1117 4795 1265 4850 lsaae
1287 4800 1341 4848 et
1367 4788 1532 4846 Iacob
1577 4788 1629 4842 in
1676 4801 1841 4859 regno
1876 4786 2176 4841 caelorum;

583 4909 753 4968 quare
776 4889 1054 4950 vicerunt?
1078 4886 1213 4955 Quia
1235 4882 1401 4938 fortes
1427 4895 1549 4935 esse
1573 4879 1878 4933 noluerunt.
1910 4876 2045 4945 Quid
2076 4885 2178 4943 est,

585 4989 754 5046 fortes
779 4999 904 5042 esse
929 4976 1252 5038 induerunt?
1274 4977 1347 5031 De
1390 4989 1449 5029 se
1490 4987 1819 5043 prmsumerc
1842 4971 2134 5026 timuerunt
2162 4989 2177 5026 :

582 5078 844 5153 justitiam
873 5089 1024 5131 suam
1052 5087 1160 5128 non
1185 5067 1597 5129 constituerunt,
1611 5073 1671 5120 ut
1692 5063 1917 5134 justitize
1934 5063 2027 5119 Dei
2053 5063 2180 5119 θιὼ·

585 5173 878 5243 jicereutur
896 5165 1074 5235 (Rom.
1096 5178 1155 5225 ι,
1184 5160 1262 5226 3).
1289 5157 1531 5229 Denique
1576 5155 1789 5227 quando
1834 5154 1976 5211 dixit
2001 5156 2186 5212 Domi-

588 5278 692 5319 nus
710 5255 1017 5325 hoc,ﬂulti
1058 5253 1120 5308 ab
1167 5252 1356 5307 orimte
1402 5258 1449 5303 et
1498 5247 1757 5304 occidente
1777 5247 2000 5314 uenient,
2026 5257 2074 5315 et
2102 5264 2185 5303 re-

589 5353 818 5411 cumbent
841 5366 955 5405 cum
981 5346 1239 5402 Abraham
1265 5351 1312 5399 et
1338 5342 1490 5410 Isaac
1514 5338 1738 5397 etlacob
1766 5340 1820 5392 in
1840 5354 1997 5410 regno
2025 5338 2183 5394 calo-

589 5444 783 5515 πρωὶ,
836 5439 933 5511 ﬁlii
983 5448 1153 5493 autem
1202 5434 1383 5507 regni,
1431 5431 1485 5488 id
1528 5439 1612 5488 est
1655 5429 1826 5485 Iudici
1878 5430 2187 5503 ignorantes

655 5542 675 5571 ι
695 5544 763 5587 na
785 5542 982 5597 septem
1023 5538 1132 5597 uss.
1156 5527 1244 5597 Alii
1260 5525 1462 5597 Plures
1487 5521 1602 5597 uti?
1646 5520 1731 5597 iis
1750 5520 2140 5597 αξῖεείιμξιυεέέι
2164 5535 2183 5574 -'

591 5584 803 5661 quatior
818 5584 952 5661 vero.
966 5591 1073 5659 quis
1094 5592 1161 5661 1'!“
1186 5584 1369 5661 4859i”
1394 5584 1447 5661 ης
1469 5584 1652 5661 Ρέιίέἕὲ
1668 5584 2183 5661 εἰτβξῗέξιίνὶίσίεῖεΐίῖιῖ-

595 5644 769 5719 Binet?
778 5644 888 5707 rod;
912 5644 1079 5719 intem
1099 5644 1343 5719 ferebant,
1356 5644 1447 5713 ’φά
1466 5650 1541 5719 ne
1553 5645 1728 5719 defecit
1750 5652 1801 5695 ut
1816 5659 1909 5696 non
1921 5644 2058 5703 uelit,

604 5708 771 5775 milia
791 5727 898 5769 uss.
924 5726 977 5767 Αι
1020 5717 1154 5766 ωιιά
1182 5708 1347 5765 Fortes
1378 5708 1485 5769 esse
1509 5708 1738 5760 dicuntur
1759 5721 1922 5759 sumes
1953 5708 2180 5773 superbi,

604 5780 1005 5815 ξηςνριαὸ-Ιιηηιᾶιρι
1054 5780 1165 5815 trina
1196 5775 1429 5815 stirps-nm-
1456 5779 1551 5815 etc-
2030 5779 2037 5786 '

596 5780 1022 5850 inﬁniti-luridus.
1054 5780 1165 5828 Ideo
1196 5779 1429 5832 vicerunt,
1444 5779 1551 5843 ρῳ.
1595 5831 1605 5841 ο
2030 5779 2037 5786 ’

656 5850 676 5881 ³
690 5847 772 5897 ttic
795 5848 843 5894 iu
856 5843 963 5893 ωδ.
978 5841 1193 5891 additum
1203 5840 1380 5896 luerat.
1394 5839 1530 5887 Dixit
1541 5839 1686 5884 etiam
1703 5830 2181 5897 :quodaatssabest.

1792 362 1853 418 8.
1895 358 2263 419 AUGUSTiNi
2311 358 2618 417 EPISCOPI

2250 474 2515 545 justitiam
2546 474 2667 543 Dei,
2683 482 2741 532 et
2762 489 2913 531 suam
2944 473 3615 551 volentesstatuero,ibunt
3639 476 3694 531 in
3709 485 3851 530 tate-

2254 565 2373 619 bras
2396 566 2698 630 exteriores;
2721 565 3076 624 recordamini
3119 566 3289 633 ﬁdem-
3310 565 3473 624 iliaiu'
3490 566 3862 625 .Conturiuuis

2258 657 2411 711 unius
2437 672 2502 711 es
2535 658 2730 727 populo
2754 657 2993 729 gentium
3015 699 3031 724 ,
3058 657 3139 712 ita.
3159 658 3213 713 in
3242 670 3302 714 se
3322 658 3589 725 .iniirtui,‘
3629 661 3859 718 ita'non-

2257 747 2410 802 fortis
2440 756 2496 803 ut
2519 748 2722 804 diceret
2746 767 2758 802 :
2786 749 2906 803 Non
2922 766 3058 813 ,sum
3078 751 3267 821 dignus
3284 760 3345 805 ut
3367 751 3467 807 sub.
3482 762 3668 825 tectum
3685 768 3855 806 meum

2256 840 2432 893 intres.
2457 839 2574 893 Non
2600 848 2715 895 erat
2741 839 2939 910 dignus
2954 839 3049 911 qui
3071 839 3339 899 Christum
3365 840 3527 899 domo
3546 842 3813 911 reciperet
3834 883 3852 905 .

2260 941 2315 990 et
2333 932 2441 1000 jam
2468 930 2632 985 corde
2656 938 2954 1000 receperat.
2994 930 3208 987 Etenim
3246 932 3499 1002 magister
3520 932 3857 989 illehum‘ilio

2262 1024 2408 1088 tatis,
2440 1022 2609 1078 Filius
2635 1022 2995 1093 hominis'jam
3018 1023 3294 1079 invenerat
3313 1023 3364 1083 in
3395 1022 3513 1093 ejus
3530 1033 3751 1093 pectore
3768 1024 3856 1078 ubi

2261 1121 2425 1184 caput
2449 1113 2753 1169 reclinaret.
2780 1112 2863 1168 Ad
2913 1113 3015 1169 hoc
3052 1110 3273 1169 verbum
3303 1112 3644 1169 Centurionis
3673 1114 3856 1168 Domi-

2263 1222 2365 1264 nus
2378 1208 2690 1279 respiciens,
2712 1206 2778 1262 ad
2795 1215 3082 1278 sequentes
3110 1220 3170 1261 se
3198 1206 3331 1261 dixit
3358 1225 3372 1261 :
3393 1206 3550 1261 Amen
3567 1206 3680 1261 dico
3697 1208 3853 1272 vobis.

2264 1301 2317 1355 in
2346 1302 2486 1356 nullo
2513 1300 2681 1355 inveni
2719 1310 2911 1355 tantam
2940 1300 3093 1368 ﬁdem
3130 1299 3183 1353 in
3210 1298 3374 1353 Israel
3401 1298 3632 1370 (Matth.
3653 1314 3772 1362 vut,
3795 1299 3857 1354 8ο

2266 1392 2378 1467 η).
2409 1390 2559 1450 llune
2582 1392 3091 1457 inﬁrmuminvenit,
3109 1390 3377 1455 Israelitas
3405 1390 3572 1447 fortes
3597 1392 3803 1446 invenit
3818 1393 3852 1454 ',

2264 1496 2326 1543 ut
2350 1488 2490 1542 inter
2515 1497 2771 1556 utrosque
2797 1484 2999 1539 diceret
3027 1502 3041 1540 :
3072 1481 3197 1538 Non
3238 1492 3311 1538 est
3364 1500 3493 1559 opus
3520 1484 3745 1539 medicus
3768 1500 3854 1537 sa-

2266 1580 2366 1645 nis,
2389 1580 2478 1634 sed
2495 1580 2627 1633 male
2651 1578 2943 1633 habentibus
2963 1575 3077 1647 (Id.
3094 1592 3168 1637 Ix,
3189 1575 3302 1646 12).
3322 1575 3545 1645 Propter
3560 1576 3668 1635 hoc
3694 1590 3845 1644 ergo,

2268 1670 2323 1726 id
2349 1680 2432 1726 est
2461 1680 2679 1742 prapter
2723 1669 2862 1724 lianc
2909 1668 3263 1723 humilitatem
3284 1708 3299 1733 ,
3327 1666 3561 1733 Muttiab
3603 1668 3799 1723 oriente
3817 1675 3863 1720 et

2268 1762 2523 1817 occidente
2548 1761 2842 1827 uenient,‘et
2875 1758 3164 1813 recumbent
3202 1776 3315 1813 cum
3346 1760 3601 1813 Abraham
3627 1769 3673 1814 et
3699 1757 3865 1813 .Isaac

2270 1853 2494 1909 etJacob
2530 1854 2585 1909 in
2628 1868 2785 1924 regno
2818 1853 3062 1907 ‘ctzlorum
3084 1868 3106 1916 ;
3130 1851 3227 1921 lilii
3267 1861 3436 1907 autem
3467 1852 3611 1924 regni
3646 1853 3788 1906 ibunt
3812 1853 3863 1906 in

2270 1946 2496 2001 tenebras
2514 1947 2803 2002 exteriores.
2837 1944 2977 2000 Ecce
3003 1944 3260 2001 mortales
3283 1944 3415 2000 estis
3430 1985 3445 2013 ,
3493 1960 3619 2001 ecce
3643 1960 3863 2000 carnem

2272 2048 2664 2109 putrescentcm
2716 2037 2973 2106 portatis,
3001 2046 3057 2093 et
3082 2037 3223 2093 sicut
3260 2051 3398 2092 unus
3443 2052 3508 2092 ex
3539 2039 3866 2108 principibus

2270 2129 2471 2186 cadetis
2501 2146 2516 2181 :
2544 2128 2683 2184 sicut
2707 2128 2953 2183 heminas
2975 2127 3276 2183 moriemini
3302 2125 3475 2197 (Psal.
3506 2144 3694 2193 um,
3718 2129 3798 2197 7),
3814 2138 3867 2183 ct

2272 2221 2475 2277 cadetis
2502 2220 2639 2275 sicut
2666 2218 2929 2273 diabolus.
2977 2217 3113 2287 Quid
3157 2216 3306 2272 vobis
3339 2217 3559 2289 prodest
3603 2219 3868 2275 medicina

2272 2310 2654 2368 mortalitatis?
2696 2310 2976 2380 Superbus
3019 2308 3302 2377 diabolus,
3355 2318 3606 2381 tanquam
3647 2314 3869 2384 angelus

2272 2414 2379 2461 non
2410 2402 2615 2459 habens
2636 2404 2660 2436 ⁸
2690 2416 2909 2458 carnem
2957 2400 3241 2457 mortalem
3272 2416 3288 2457 ξ
3317 2410 3372 2455 ιιι
3393 2412 3577 2457 autem.
3594 2403 3684 2474 qui
3713 2420 3869 2460 arce-

2272 2496 2395 2568 pisti
2426 2496 2706 2551 mortalem
2732 2509 2993 2561 carnem,
3013 2502 3069 2550 et
3095 2509 3197 2551 nec
3233 2492 3337 2549 hoc
3384 2494 3480 2550 tibi
3524 2494 3748 2566 prodest
3770 2540 3785 2564 ,
3816 2507 3874 2554 ut

2273 2598 2417 2644 tanta
2443 2585 2751 2642 inﬁrmitate
2780 2585 3098 2651 humilioris,
3119 2584 3258 2640 sicut
3285 2599 3425 2640 unus
3452 2599 3520 2641 ex
3541 2586 3872 2659 principibus

2272 2680 2456 2735 cades.
2488 2680 2603 2749 ipsa
2632 2687 2864 2747 estergo
2891 2676 3339 2748 gratia-beneficii
3368 2675 3465 2733 Dei
3493 2677 3661 2748 prima
3686 2720 3703 2745 ,
3732 2680 3873 2735 redi-

2272 2786 2402 2844 gere
2419 2769 2443 2803 ⁸
2466 2785 2565 2826 nos
2588 2768 2657 2825 ad
2701 2768 3471 2837 confessionem-inﬁrmitatis,
3502 2781 3583 2825 ut
3614 2771 3873 2843 quidquid

2273 2862 2399 2921 boni
2430 2876 2733 2933 possumus,
2758 2859 3013 2933 quidquid
3051 2864 3298 2931 potentes
3334 2875 3550 2924 sumus,
3579 2862 3632 2917 in
3681 2864 3778 2920 illo
3796 2866 3872 2919 si-

2276 2971 2394 3014 mus
2422 2974 2434 3009 :
2464 2962 2525 3011 ut
2549 2955 2641 3027 qui
2671 2953 2949 3026 gloriatur,
2980 2955 3033 3010 in
3064 2954 3287 3009 Domino
3312 2953 3570 3025 glerietur
3593 2954 3656 3027 (l
3683 2954 3803 3012 Cor‘.
3834 2974 3871 3023 t,

2273 3047 2387 3117 3i).
2413 3047 2631 3117 Quando
2654 3046 2911 3115 inﬁrmor,
2938 3046 3129 3116 inquit,
3155 3055 3275 3101 tunc
3301 3055 3479 3118 potens
3502 3062 3617 3101 sum
3641 3047 3660 3119 (
3684 3047 3727 3103 il
3752 3049 3869 3105 Cor.

2275 3155 2370 3202 xu,
2403 3139 2512 3210 ιο).
2544 3137 2651 3193 Pro
2677 3137 2944 3208 iniquitate
2978 3139 3187 3193 erudisti
3227 3138 3481 3194 hominem
3515 3149 3604 3195 :et
3623 3142 3879 3199 tabescere

2276 3232 2440 3304 fecisti
2456 3230 2586 3283 sicut
2609 3244 2851 3284 araneom
2866 3228 3097 3284 animam
3114 3235 3299 3283 meam.

2347 3319 2435 3376 l9.
2477 3316 2830 3374 Verumtamen
2857 3335 2983 3374 vane
3026 3319 3357 3374 conturbatur
3399 3320 3563 3375 omnis
3606 3322 3761 3378 homo
3790 3325 3869 3380 uio

2275 3430 2414 3472 oens.
2446 3412 2607 3471 Redit
2628 3413 2693 3467 ad
2724 3413 2857 3468 illud
2885 3412 3027 3483 quod
3054 3413 3213 3484 paulo
3236 3423 3363 3469 ante
3387 3418 3829 3471 commemoravit
3855 3435 3868 3471 :

2276 3505 2520 3578 quamvis
2545 3503 2634 3560 hic
2657 3503 2917 3574 proﬁciat,
2933 3518 3059 3557 sane
3076 3506 3406 3566 conturbatur
3430 3506 3593 3561 omnis
3622 3508 3773 3562 homo
3797 3510 3873 3564 ui-

2277 3616 2396 3655 uens
2422 3616 2443 3654 :
2473 3600 2657 3654 vivens
2680 3598 2864 3670 utique
2891 3598 2944 3653 in
2973 3598 3198 3653 incerto.
3228 3598 3356 3665 Quis
3381 3598 3734 3657 enimvel'de
3758 3602 3877 3672 ipso

2278 3692 2421 3749 bono
2445 3706 2544 3746 suo
2571 3700 2793 3746 securus
2818 3690 2936 3746 est?
2964 3688 3103 3745 Vane
3120 3691 3472 3755 conturbatur.
3502 3690 3675 3759 Iactet
3700 3692 3754 3747 in
3774 3693 3875 3748 Do-

2280 3787 2482 3843 minum
2508 3800 2691 3841 curam
2720 3801 2887 3843 suam.
2916 3784 3092 3858 (.Psal.
3124 3800 3211 3842 uv
3233 3828 3248 3851 ,
3291 3786 3382 3859 25)
3402 3826 3430 3853 ν
3452 3787 3505 3841 in
3536 3788 3684 3842 illum
3710 3789 3876 3858 jactet

2280 3877 2534 3951 quidquid
2560 3878 2825 3934 sollicitus
2860 3872 2979 3943 est,
3024 3876 3403 3950 ipseuutriat,
3449 3883 3563 3950 ipse
3585 3882 3872 3938 custodiat.

2280 3971 2417 4039 Quid
2444 3970 2587 4025 enim
2614 3972 2664 4025 in
2708 3971 2809 4026 bac
2834 3978 2975 4027 terra
3001 3980 3211 4027 certum
3238 3974 3322 4027 est
3340 4015 3354 4038 ,
3387 3973 3488 4029 nisi
3518 3974 3875 4030 morsiCon-

2280 4060 2515 4117 sidcrate
2538 4062 2717 4116 omnia
2739 4060 2962 4117 omnino
2984 4062 3068 4118 vel
3096 4062 3235 4118 bona
3256 4062 3344 4118 vel
3371 4064 3508 4119 mala
3534 4064 3658 4119 vita:
3678 4066 3840 4132 hujus
3858 4088 3882 4130 .-

2280 4154 2365 4208 vel
2397 4154 2451 4208 in
2480 4154 2591 4222 ipsa
2618 4152 2820 4223 justitia
2841 4193 2857 4216 ,
2888 4154 2973 4208 vel
3001 4152 3057 4208 in
3102 4153 3216 4224 ipsa
3260 4154 3540 4226 iniquitate
3569 4174 3583 4209 :
3616 4157 3744 4226 quid
3789 4158 3879 4214 hic

2281 4254 2489 4301 certum
2532 4253 2648 4308 est,
2695 4245 2795 4299 nisi
2828 4245 3010 4299 mors?
3040 4244 3319 4301 Profecisti
3352 4264 3367 4301 :
3398 4246 3525 4317 quid
3569 4247 3644 4303 sis
3675 4248 3874 4314 hodie,

2282 4339 2423 4403 scis;
2454 4335 2582 4407 quid
2610 4336 2816 4391 futurus
2843 4336 2919 4392 sis
2950 4335 3220 4400 crastino,
3249 4338 3445 4393 nescis.
3493 4337 3750 4394 Peccator
3776 4356 3836 4394 83
3860 4357 3875 4393 :

2283 4427 2411 4501 quid
2437 4427 2514 4483 sis
2543 4426 2737 4491 hodie.
2768 4426 2911 4491 scis;
2944 4425 3075 4498 quid
3095 4425 3176 4487 sis
3210 4427 3447 4483 crastino
3466 4468 3483 4493 ,
3515 4429 3707 4483 nescis.
3740 4429 3878 4501 Spe-

2284 4532 2373 4574 ras
2396 4518 2675 4589 pecuniam
2693 4534 2708 4584 ;
2728 4517 2986 4574 incertum
3010 4526 3095 4579 cst
3118 4533 3184 4574 an
3217 4520 3513 4589 proveniat.
3528 4520 3727 4588 Speras
3752 4539 3881 4579 uxo-

2284 4624 2437 4678 rem;
2477 4608 2739 4665 incertum
2767 4617 2853 4664 est
2877 4608 3232 4680 an-accipias,
3262 4609 3583 4681 veiqualem
3622 4614 3877 4686 accipias,

2284 4700 2479 4773 Speras
2507 4701 2676 4766 ﬁlios;
2711 4702 2972 4757 incertum
3007 4710 3089 4755 est
3116 4717 3184 4757 an
3214 4712 3502 4757 nascantur
3530 4719 3544 4758 :
3578 4705 3687 4760 nati
3714 4716 3879 4774 sunt;

2286 4796 2547 4851 incertum
2573 4802 2655 4851 est
2680 4809 2747 4848 an
2774 4792 2955 4848 vivant
2987 4808 3001 4846 :
3036 4793 3237 4859 vivtmt,
3269 4792 3535 4849 incertum
3556 4805 3639 4849 est
3663 4812 3731 4851 an
3759 4814 3881 4867 pro.

2288 4885 2467 4942 ﬁciant
2485 4924 2501 4951 ,
2527 4900 2594 4939 an
2622 4884 2892 4941 deﬁciant.
2924 4884 3270 4955 Quocumque
3296 4891 3348 4939 te
3390 4885 3616 4942 verteris
3634 4928 3650 4950 ,
3680 4887 3881 4947 ittcerta

2287 4977 2465 5037 omnia
2498 4992 2514 5029 :
2546 4975 2660 5031 sola
2700 4989 2847 5033 mors
2873 4984 3041 5032 certa.
3068 4974 3276 5045 Pauper
3299 4989 3392 5038 es;
3422 4975 3683 5032 incertum
3712 4990 3795 5036 est
3816 4997 3885 5035 an

2286 5066 2519 5123 ditescas
2543 5083 2557 5120 :
2580 5064 2861 5132 indoctus;
2888 5068 3150 5125 incertum
3180 5076 3265 5122 est
3290 5079 3360 5123 an
3388 5067 3653 5125 erudiaris
3678 5088 3693 5125 :
3716 5072 3882 5129 imbe-

2288 5158 2475 5222 cillus;
2493 5156 2756 5214 incertum
2783 5167 2860 5211 cst
2892 5172 2961 5212 an
2984 5157 3351 5220 convaleseas.
3368 5156 3538 5215 Natus
3564 5173 3878 5226 os;certum

2286 5260 2370 5307 est
2392 5252 2513 5322 quia
2540 5251 2819 5305 morieris:
2840 5260 2895 5305 et
2923 5249 3109 5305 inhoc
3136 5250 3253 5321 ipso
3275 5251 3400 5321 quia
3420 5266 3569 5308 mors
3594 5252 3707 5322 ipsa
3737 5264 3879 5309 certa

2286 5340 2544 5407 est,,dics
2582 5343 2771 5395 mortis
2811 5342 3048 5395 incertus
3073 5350 3177 5396 est.
3206 5338 3351 5396 inter
3376 5340 3494 5397 haec
3521 5342 3722 5399 incerta
3743 5386 3763 5412 ,
3794 5347 3880 5401 ubi

2287 5431 2402 5486 sola
2427 5444 2573 5488 mors
2595 5442 2765 5493 coria.
2784 5432 2937 5500 cujus
2952 5426 3112 5486 etiam
3140 5430 3269 5487 hora
3295 5432 3521 5497 incerta.
3533 5442 3595 5492 et
3618 5436 3731 5490 sola
3751 5438 3878 5493 niui-

2291 5533 2402 5579 tum
2428 5530 2649 5578 cavetur
2666 5563 2682 5589 ,
2712 5538 2832 5593 qua:
2858 5523 3004 5580 nullo
3028 5525 3191 5585 modo
3212 5521 3517 5594 devitatutt,
3538 5526 3712 5581 omnis
3737 5528 3879 5584 hoino

2286 5615 2454 5669 sitiens
2473 5629 2601 5668 vane
2619 5613 2979 5675 conturbatur.

2353 5713 2370 5773 ξ
2395 5715 2519 5773 Mssa
2549 5714 2684 5755 nunc
2706 5704 2953 5769 inﬁrmum
2970 5704 3151 5762 inveni.
3166 5706 3418 5773 [vastitas
3441 5708 3594 5773 fortes
3616 5721 3791 5763 metu.

2352 5771 2374 5802 ³
2396 5770 2471 5817 sic
2491 5774 2566 5817 Er.
2592 5776 2644 5817 et
2668 5774 2773 5824 lusi.
2801 5777 2855 5818 At
2876 5777 3006 5830 Lov.,
3036 5781 3132 5819 non
3156 5769 3311 5829 Imbet.

2354 5832 2376 5865 ³
2398 5830 2587 5892 Aliquot
2610 5836 2717 5880 Mss.
2731 5865 2747 5892 ,
2774 5830 2961 5882 redire.
