3978 6324
337 383 444 435 άῖθ

409 496 499 550 ‘20.
533 493 683 568 [νινε.
721 492 831 567 l3.)
862 491 1004 562 Ergo
1026 490 1165 545 inter
1195 488 1309 544 iure
1330 490 1438 562 jam
1467 491 1790 558 transiliens,
1817 490 1930 564 jam

341 589 392 644 in
423 587 742 660 quibusdam
767 583 1130 654 superim-ibus
1157 596 1319 652 agens
1340 624 1354 644 ,
1397 580 1511 636 bare
1544 583 1648 637 ima
1685 595 1930 640 contem-

337 695 506 746 nens,
554 677 693 733 inter
721 676 837 731 lucc
877 673 1113 746 positus,
1147 671 1385 738 Exaudi,
1419 672 1616 742 inquit,
1651 675 1929 729 arationem

335 787 517 824 meam.
538 767 813 839 Dequibus
824 765 1102 837 gaudeam,
1119 762 1187 819 de
1204 761 1398 835 quibus
1412 763 1656 835 gemam?
1675 764 1747 819 De
1764 774 1926 820 trans-

331 865 468 918 actis
506 860 738 934 gaudeo,
767 873 864 930 pro
888 858 970 913 bis
991 871 1111 930 qua:
1136 862 1344 912 restant
1365 870 1544 926 gemo.
1574 852 1782 911 Exaudi
1811 875 1927 911 ora-

333 955 519 1008 tionem
547 968 710 1006 meam
737 960 782 1006 et
813 948 1212 1021 deprecationem
1253 964 1418 1001 meam
1446 962 1467 1002 :
1494 948 1699 1001 auribus
1726 948 1927 1018 percipe

330 1060 586 1118 sacrymas
615 1061 768 1098 meas.
801 1040 1067 1112 Numquid
1107 1040 1249 1096 enim
1289 1041 1412 1108 quia
1445 1047 1586 1094 tanta
1620 1041 1878 1094 transilivi
1903 1083 1919 1108 ,

330 1139 454 1210 quia
482 1147 627 1192 tanta
651 1132 1097 1202 transcendi,jam
1125 1147 1230 1186 non
1258 1130 1599 1186 lleo?Nonne
1629 1133 1794 1187 multo
1812 1148 1923 1186 ma-

329 1231 408 1301 gis
439 1229 575 1284 ﬂeo?
594 1227 727 1293 Quia
755 1225 843 1296 qui
873 1225 1088 1294 apponit
1115 1221 1413 1286 scientiam,
1437 1223 1655 1292 apponit
1680 1222 1920 1278 dolorem

329 1320 525 1394 (Eccle.
560 1336 598 1384 ι,
626 1318 735 1386 l8).
766 1316 956 1372 Nonne
980 1325 1181 1385 quanto
1202 1315 1220 1345 ί
1251 1314 1418 1384 magis
1443 1313 1581 1384 quod
1610 1312 1757 1368 abest
1777 1315 1918 1370 desi.

325 1413 479 1478 dero,
501 1419 647 1466 tanto
673 1410 839 1479 magis
866 1407 1040 1462 donec
1068 1414 1245 1460 t'enzat
1267 1420 1441 1474 gemo,
1464 1412 1611 1460 tanta
1640 1405 1807 1494 magis
1823 1405 1920 1459 do-

327 1520 427 1560 nec
451 1505 630 1560 veniat
657 1502 794 1557 ﬂeo?
809 1499 998 1554 Nonne
1023 1505 1171 1554 tanto
1187 1499 1376 1568 magis,
1392 1507 1592 1567 quanto
1617 1499 1786 1567 magis
1800 1513 1918 1552 cre-

324 1595 578 1652 brescunt
615 1591 862 1648 scandala
885 1633 899 1656 ,
933 1597 1133 1660 quanto
1159 1587 1328 1659 magis
1365 1585 1595 1644 abundat
1625 1587 1874 1657 iniquitas
1899 1631 1914 1654 ,

323 1696 524 1757 quanto
543 1688 564 1717 ¹
596 1684 764 1755 magis
791 1679 1089 1752 refrigescit
1123 1679 1356 1734 cbaritas
1384 1679 1671 1733 multorum
1702 1677 1912 1751 (Matth.

323 1791 472 1841 ntv,
505 1775 635 1847 12)?
668 1774 814 1836 Dico,
851 1772 978 1840 Quis
1006 1770 1144 1825 dabit
1172 1769 1327 1841 capiti
1355 1785 1463 1823 meo
1490 1786 1694 1839 aquam,
1726 1779 1772 1824 et
1795 1786 1917 1824 ocu-

321 1870 388 1923 lis
401 1868 524 1923 meis
549 1871 736 1939 [autem
763 1864 1101 1934 lacrymarum
1121 1860 1332 1930 (Jerem.
1364 1877 1437 1926 Ix,
1460 1858 1550 1932 ψ
1572 1859 1772 1915 Exaudi
1801 1877 1918 1916 ara-

321 1961 507 2012 tionem
533 1973 695 2010 meam
733 1965 780 2010 et
808 1953 1207 2024 deprecationem
1239 1967 1402 2006 meant
1428 1967 1450 2006 :
1481 1949 1687 2005 auribus
1716 1952 1917 2022 percipe

320 2057 573 2123 lacrymas
589 2065 745 2103 meas.
765 2045 851 2102 Ne
868 2046 1018 2101 sileas
1035 2062 1065 2098 a
1081 2061 1179 2098 me.
1198 2043 1274 2097 Ne
1290 2042 1668 2098 obsurdescam
1692 2043 1742 2096 in
1759 2053 1918 2098 aiter-

320 2159 469 2199 num.
505 2139 588 2198 Ne
611 2139 762 2206 sileas
789 2156 821 2192 a
851 2154 929 2193 me
957 2151 977 2192 :
1005 2134 1217 2190 audiam
1248 2143 1331 2196 te.,
1349 2133 1569 2190 Occulte
1611 2134 1756 2190 enim
1785 2133 1916 2189 dicit

320 2236 462 2292 Deus
481 2275 496 2297 ,
525 2232 705 2288 multis
731 2232 784 2286 in
821 2227 985 2285 corde
1009 2227 1246 2298 loquitur
1273 2245 1289 2281 :
1320 2235 1376 2282 et
1401 2240 1627 2308 magnus
1652 2226 1722 2282 ibi
1749 2241 1913 2284 sonus

318 2330 372 2385 in
403 2343 594 2399 magno
624 2326 838 2380 silentio
865 2323 1039 2378 cordis
1062 2323 1103 2387 ³,
1137 2319 1350 2393 quando
1379 2334 1568 2391 magna
1601 2334 1732 2374 voce
1759 2319 1908 2385 dicit,

318 2420 476 2476 Salus
505 2429 594 2473 tua
619 2435 709 2490 ego
730 2431 868 2472 etim.
894 2415 1006 2479 Dic,
1041 2414 1235 2483 inquit,
1258 2415 1443 2466 animt:
1467 2427 1611 2476 meae,
1643 2412 1802 2468 Salus
1822 2422 1910 2469 tua

313 2529 407 2585 ego
434 2528 549 2566 sum
573 2508 745 2582 (Psal.
777 2522 958 2571 xxxiv,
977 2506 1052 2578 '5).
1083 2504 1165 2558 Ab
1191 2504 1290 2558 hac
1312 2516 1465 2568 voce,
1484 2518 1588 2574 qua
1614 2502 1743 2558 dicit
1769 2504 1910 2559 Deus

312 2605 530 2669 anitum,
549 2602 705 2657 Salus
729 2610 817 2653 tua
833 2615 924 2672 ego
945 2614 1076 2666 sum,
1097 2604 1245 2667 optat
1265 2611 1333 2650 ne
1361 2596 1578 2650 sileatur
1595 2595 1662 2649 ab
1690 2595 1799 2650 illo.
1826 2595 1910 2651 Ne

311 2696 464 2750 sileas
491 2710 524 2746 a
553 2708 650 2747 me.

381 2787 472 2842 2|.
505 2785 756 2852 Quoniam
784 2782 1060 2854 inquilinus
1088 2797 1178 2852 ego
1207 2771 1319 2834 ium
1362 2779 1502 2850 apud
1532 2789 1597 2834 te.
1628 2779 1733 2836 Sed
1764 2781 1902 2851 apud

310 2896 469 2951 quem
491 2878 513 2911 ⁸
544 2877 866 2950 inquilinus?
886 2873 1039 2946 Apud
1066 2872 1333 2929 diabolum
1360 2887 1480 2927 cum
1511 2887 1708 2937 essent,
1734 2874 1906 2943 inqui-

308 2972 637 3036 linuseram,
661 2969 755 3024 sed
783 2968 980 3023 malum
1008 2964 1365 3021 domumdium
1389 2965 1409 2995 ⁸
1439 2963 1698 3018 habebam
1725 2982 1738 3018 :
1763 2981 1904 3020 nunc

305 3075 484 3122 autem
509 3065 616 3135 jam
634 3062 846 3134 quidem
874 3059 1012 3131 apud
1029 3068 1102 3125 te,
1120 3056 1214 3112 sed
1232 3057 1405 3112 adhuc
1431 3057 1740 3128 inquilinus.
1762 3058 1903 3124 Quid

305 3169 424 3224 est,
450 3155 768 3230 inquilinus?
795 3153 947 3209 Unde
991 3154 1313 3221 migraturus
1337 3165 1452 3202 sum
1475 3191 1488 3212 ,
1524 3164 1629 3203 non
1660 3149 1745 3203 tibi
1775 3165 1900 3219 per.

305 3264 471 3324 petua
497 3245 917 3306 mansurus.Ubi
945 3253 1200 3315 perpetuo
1226 3257 1344 3296 sum
1375 3256 1673 3304 mansurus.
1692 3243 1901 3297 dicatur

302 3320 495 3400 domus
521 3356 679 3397 mea:
704 3337 845 3394 unde
870 3338 1191 3408 migraturus
1219 3350 1358 3400 sum,
1380 3335 1666 3404 inquilinus
1695 3349 1812 3390 sum
1837 3335 1894 3388 σε

301 3437 396 3493 sed
446 3445 623 3490 tamen
650 3430 790 3503 apud
823 3431 986 3486 Deum
1017 3443 1193 3484 meum
1236 3443 1355 3483 sum
1398 3427 1689 3497 inquilinus
1709 3470 1724 3494 ,
1757 3429 1896 3499 apud

299 3547 457 3603 quem
481 3527 646 3584 domo
685 3534 904 3597 accepta
933 3537 1215 3578 mansurus
1252 3536 1391 3576 sum.
1424 3519 1530 3576 Sed
1557 3535 1676 3590 quae
1702 3519 1895 3576 demus

297 3631 400 3684 est,
423 3636 530 3692 quo
555 3615 891 3690 migrandum
919 3621 1001 3668 est
1024 3627 1092 3667 ex
1120 3611 1221 3666 hoc
1246 3611 1597 3682 inquilinatu?
1619 3611 1896 3680 Recogno-

296 3714 431 3769 scite
461 3712 605 3766 illam
634 3710 851 3763 domum
872 3748 886 3769 ,
919 3705 986 3759 dc
1013 3719 1115 3773 qua
1143 3703 1274 3757 dicit
1304 3702 1590 3770 Apostolus
1623 3720 1637 3755 :
1677 3701 1893 3756 Habita-

295 3805 491 3861 tionem'
508 3801 743 3858 habemus
767 3815 828 3853 ex
848 3797 972 3862 Deo,
993 3795 1197 3849 domum
1222 3811 1321 3849 non
1340 3810 1490 3848 manu
1520 3798 1728 3864 factam,
1746 3806 1894 3849 teter-

296 3913 415 3950 nam
442 3894 494 3949 in
518 3892 654 3949 calis
686 3890 750 3963 (ll
779 3887 898 3945 Cor.
932 3905 959 3939 ν
980 3929 997 3954 ,
1029 3887 1104 3958 l).
1138 3886 1192 3941 Si
1219 3886 1410 3942 domus
1440 3886 1554 3940 ba-c
1578 3895 1777 3940 aeterna
1809 3897 1893 3942 est

297 3991 348 4044 in
365 3987 514 4042 cmlis
529 4002 544 4051 ',
561 4000 682 4042 cum
702 3983 766 4038 ad
794 3998 910 4038 eam
931 3980 1253 4043 venerimus,
1273 3977 1516 4047 inquilini
1545 3994 1650 4032 non
1667 3979 1886 4035 erimus.

292 4077 572 4149 Quomodo
587 4076 728 4131 enim
750 4075 855 4130 eris
877 4070 1165 4141 inquilinus
1190 4068 1240 4122 in
1260 4079 1456 4122 teterna
1475 4068 1668 4122 domo?
1688 4070 1781 4125 llic
1796 4087 1889 4124 au-

295 4186 401 4229 tem
435 4171 521 4227 ubi
547 4169 790 4224 dicturus
814 4175 894 4220 est
926 4165 1180 4218 Dominus
1210 4161 1422 4226 domus,
1443 4161 1698 4230 Migra,et
1717 4178 1888 4233 quan-

293 4249 364 4321 do
386 4264 623 4320 dicturus
646 4270 728 4316 est
753 4257 929 4314 nescis
948 4296 964 4322 ,
994 4237 1208 4325 paratus
1237 4261 1372 4306 esto.
1405 4253 1765 4307 Desitlerando
1794 4269 1888 4307 an-

291 4364 399 4411 tem
429 4353 646 4409 domum
669 4358 920 4405 a'ternam
949 4354 1165 4415 paratus
1190 4343 1317 4397 eris.
1340 4341 1450 4397 Nec
1473 4357 1790 4397 succenseas
1813 4345 1880 4409 ci,

289 4447 415 4519 quia
443 4441 564 4499 cum
595 4441 705 4497 vult
731 4439 888 4502 dicit,
920 4437 1105 4506 lligra.
1144 4434 1260 4488 Non
1295 4434 1436 4486 enim
1467 4435 1771 4489 cantionem
1801 4444 1886 4490 te-

290 4553 412 4592 cum
433 4537 456 4569 '
487 4534 612 4590 fecit
631 4577 646 4597 ,
677 4540 732 4587 et
759 4530 954 4601 placito
978 4526 1206 4597 quodam
1235 4540 1293 4579 se
1320 4525 1639 4591 obstrinxit,
1667 4536 1721 4581 et
1750 4543 1882 4583 ωηο

289 4629 481 4687 ductor
494 4623 685 4679 domus
709 4618 981 4675 acccssisti
997 4625 1139 4673 certa
1161 4615 1416 4687 pensione
1437 4614 1502 4670 ad
1527 4625 1729 4670 certum
1748 4626 1883 4672 tem-

291 4685 391 4789 pus
423 4737 438 4773 :
469 4714 682 4787 quando
708 4711 819 4767 vult
844 4708 1101 4765 Dominus
1128 4707 1267 4778 ejus,
1297 4706 1616 4777 migraturus
1645 4723 1724 4761 es.
1757 4707 1882 4765 Ideo

343 4824 359 4855 ⁸
401 4829 927 4894 atiquot__ttts_s.:'1t'mme
948 4817 1255 4894 tantumagis
1277 4816 1413 4894 quqd
1428 4817 1573 4870 abest.
1665 4889 1676 4894 Δ
1845 4883 1857 4894 ⁹

351 4897 372 4927 ³
396 4896 471 4943 si:
489 4883 873 4953 meliorisnota:
908 4893 1013 4933 Mss.
1039 4883 1292 4953 md._vero
1314 4894 1326 4929 :
1354 4889 1705 4953 quantaquanta
1725 4883 1879 4953 magis

290 4940 509 5009 ποιέω
530 4948 794 5011 arandum,
839 4954 1017 5011 quanto
1044 4942 1199 5008 magis
1217 4940 1431 4994 abundat
1454 4940 1678 5007 iniquitas
1695 4980 1710 5006 ,
1749 4940 1879 4997 unita

463 5010 751 5084 refrigescit,
775 5010 872 5084 etc}

351 5083 373 5113 ³
393 5087 510 5129 octo
525 5083 652 5134 Itss.,
672 5083 903 5131 carpam.

349 5145 591 5210 25199185.
615 5131 826 5210 Αιβάάτε
959 5131 1161 5210 9M}?
1182 5131 1462 5210 ίζτςθὲἐέίζέυὲ
1792 5200 1826 5210 -.

348 5203 372 5238 s
395 5190 533 5260 εδει,
557 5195 821 5260 danaum.
836 5203 956 5260 μεθ.
969 5190 1170 5260 aliquot,
1190 5190 1476 5260 deminuam
1497 5190 1590 5260 Sed
1606 5192 1880 5260 vet-iusta.

287 5268 369 5318 tle.
395 5271 449 5314 et
465 5253 601 5325 Ilég..
621 5256 965 5325 donmtedium.
988 5253 1100 5304 Nam
1121 5253 1544 5325 domnredius'sire
1556 5253 1877 5325 dominaedius

285 5315 458 5378 dicitur
480 5315 654 5389 adium
673 5321 898 5389 dominus
914 5356 940 5389 ._
969 5317 1627 5389 opponunturquejuyicem
1667 5315 1877 5389 damna:-

282 5376 396 5442 ditts
415 5394 468 5437 et
488 5382 764 5452 inquilinus.
784 5376 1140 5452 tﬁncAPaulinus
1160 5376 1366 5452 Nolanus
1380 5376 1875 5452 Felicetn_martyrem

285 5437 610 5506 alimmum
631 5458 773 5494 suum
795 5443 1006 5506 mam.
1031 5447 1084 5492 et
1105 5442 1156 5506 in
1181 5440 1409 5499 θυτικιεω
1432 5437 1579 5506 δέιιθδ
1593 5441 1642 5501 τ’
1668 5437 1836 5491 αδδίιτ

563 5516 674 5574 μω
695 5505 1054 5574 qn_i_d_p0tillsve
1073 5504 1270 5564 priusVe
1292 5501 1561 5574 αεηθιὲίμεη
1597 5563 1627 5574 -.

408 5572 670 5636 suscipiam
692 5562 861 5636 Felicis
880 5562 1203 5636 θυαε).ρω
1223 5563 1353 5636 quod
1375 5562 1490 5636 mihi
1514 5563 1659 5636 tectis

409 5635 516 5699 Ipse
539 5625 663 5699 meis
677 5667 692 5688 ,
716 5631 893 5699 quibus
909 5625 987 5676 est
1007 5625 1135 5675 idem
1151 5625 1483 5699 dominata-ius,
1501 5625 1620 5699 egit.

348 5701 370 5733 ⁸
393 5687 527 5748 add;
554 5687 689 5745 unde
710 5687 1008 5758 migraturus
1029 5702 1155 5749 sum,
1199 5687 1358 5758 qualis
1379 5687 1467 5758 iste
1490 5720 1504 5745 ,
1535 5687 1648 5758 qu
1667 5696 1871 5758 magnus

279 5744 549 5834 inquilinus
563 5769 690 5808 sum.
714 5744 912 5804 At'ttss.
930 5760 1101 5802 carent
1135 5744 1300 5802 uerbis
1339 5749 1464 5810 istis,
1479 5744 1638 5811 qualis
1660 5744 1871 5810 iste'Jam

277 5835 588 5936 "Frigus.
611 5876 816 5939 “add,
844 5875 972 5942 fecit.

1114 5135 1161 5180 te
1182 5126 1462 5192 inquilinus.

1401 374 1800 434 ENARRATIO
1838 377 1906 433 ΙΝ
1944 378 2270 440 PSALMUM
2311 384 2600 444 XXXVHI.

3530 408 3636 463 450

2039 495 2183 552 enim
2208 500 2370 568 gratis
2398 516 2600 556 manes.
2625 504 2757 572 Quia
2786 491 3060 578 inquilinus
3086 528 3177 581 ego
3198 530 3311 572 sum
3339 519 3480 587 apud
3500 530 3566 578 te.
3588 532 3636 573 et

2035 603 2346 658 peregrinus.
2380 591 2520 663 Ergo
2546 593 2613 650 ibi
2643 598 2831 665 patria,
2853 600 2922 655 ibi
2952 602 3174 658 domus:
3195 606 3470 677 inquilinus
3491 617 3630 682 apud

2033 687 2096 743 te,
2118 691 2162 732 et
2188 684 2505 753 peregrinus.
2525 685 2591 740 Et
2616 687 2700 742 bic
2725 690 3039 748 subauditur
3060 693 3199 765 apud
3223 710 3287 751 te.
3307 699 3452 756 Multi
3481 705 3624 759 enim

2032 773 2295 840 peregrini
2324 772 2456 828 sunt
2477 791 2596 830 cum
2628 777 2843 834 diabolo
2876 797 2888 835 :
2922 786 3010 854 qui
3040 794 3218 842 autem
3242 787 3351 857 jam
3378 793 3624 847 credide-

2031 869 2156 915 runt
2183 872 2236 916 et
2263 863 2451 920 ﬁdeles
2479 876 2620 931 sunt,
2646 873 2911 939 peregrini
2939 875 3154 945 quidem
3181 885 3333 946 sunt,
3347 880 3469 950 quia
3492 897 3625 937 non-

2027 948 2151 1005 dum
2182 952 2248 1006 ad
2290 955 2437 1010 illam
2470 959 2694 1027 patriam
2741 962 3064 1036 domumque
3091 948 3390 1036 venerant,
3417 958 3517 1027 sed
3542 982 3625 1027 ta-

2027 1056 2148 1095 men
2180 1045 2318 1112 apud
2366 1047 2530 1102 Deum
2562 1059 2707 1105 sant.
2756 1055 3009 1119 Quamdiu
3038 1059 3173 1112 enim
3213 1074 3388 1114 sumus
3412 1061 3467 1115 in
3507 1079 3614 1116 cor-

2027 1146 2179 1199 pore,
2213 1137 2591 1206 peregrinantur
2619 1158 2649 1192 a
2680 1141 2899 1198 Domino
2932 1163 2950 1200 :
2979 1156 3025 1201 et
3065 1148 3345 1216 arabimus,
3392 1152 3495 1206 sive
3541 1153 3623 1208 Iu'c

2023 1237 2299 1291 ntanentes,
2332 1229 2433 1283 sire
2462 1237 2858 1304 peregrinantes,
2889 1239 3150 1301 placentes
3171 1241 3246 1294 illi
3273 1259 3378 1296 esse
3405 1244 3471 1313 (ll
3496 1245 3614 1300 Cor.

2024 1333 2108 1381 τι.
2153 1317 2231 1392 9).
2267 1320 2331 1374 Et
2362 1326 2654 1394 peregrinus
2697 1340 2744 1381 et
2789 1330 3065 1402 inquilinus
3100 1350 3118 1385 :
3144 1335 3274 1388 sicut
3318 1351 3488 1390 omnes
3519 1355 3615 1408 pa-

2023 1417 2122 1459 tres
2169 1408 2285 1463 mei.
2329 1409 2384 1467 Si
2429 1427 2560 1483 ergo
2608 1417 2747 1470 sicut
2789 1433 2978 1475 omnes
3025 1430 3203 1490 patres
3247 1424 3390 1493 mei,
3439 1426 3611 1481 dictu-

2023 1514 2112 1554 rus
2153 1517 2270 1556 sum
2319 1520 2405 1560 me
2454 1520 2559 1560 non
2610 1510 2999 1580 migraturum,
3046 1527 3167 1569 cum
3217 1515 3295 1572 illi
3343 1518 3611 1589 migrave-

2021 1588 2169 1643 rint?
2200 1593 2312 1647 Alia
2342 1597 2649 1653 conditione
2678 1615 2958 1656 mansurus
2989 1621 3104 1660 sum
3127 1647 3141 1671 ,
3174 1621 3334 1676 quam
3363 1588 3438 1663 illi
3462 1623 3614 1663 man-

2019 1684 2246 1736 serunt?

2087 1770 2178 1825 9.2.
2203 1770 2352 1844 [vers.
2389 1776 2499 1851 14.]
2522 1778 2657 1845 Quid
2686 1797 2812 1854 ergo
2844 1793 3008 1841 restat
3035 1796 3090 1840 ut
3115 1797 3312 1856 petam,
3344 1789 3468 1861 quia
3489 1790 3616 1847 hinc

2018 1861 2135 1916 sine
2165 1862 2326 1920 dubio
2353 1866 2676 1939 migraturus
2703 1874 2859 1927 sum?
2885 1874 3101 1930 Remitte
3123 1880 3138 1909 ¹
3172 1879 3299 1933 mihi
3323 1890 3377 1935 ut
3405 1883 3616 1953 refrigeo

2017 1971 2099 2008 rer
2125 1959 2418 2030 priusquam
2445 1979 2579 2018 eam.
2614 1964 2746 2021 Vide
2767 2008 2780 2032 ,
2822 1967 2947 2023 vida
2989 1968 3235 2038 ldithun,
3269 1988 3403 2043 quos
3443 1976 3615 2032 nodos

2017 2046 2215 2104 habeas
2244 2053 2595 2111 remittendos
2626 2056 2753 2123 tibi,
2801 2061 2992 2120 quibus
3023 2063 3262 2118 remissis
3306 2064 3611 2136 refrigerari

2014 2144 2094 2195 vis
2125 2143 2429 2215 priusquam
2457 2162 2570 2204 eas.
2608 2148 2782 2204 Ilabes
2811 2152 2948 2206 enim
2979 2154 3185 2224 aliquos
3209 2166 3369 2212 :estus
3390 2200 3404 2225 ,
3436 2174 3463 2212 a
3496 2164 3612 2231 qni-

2014 2231 2114 2287 bus
2133 2235 2213 2290 vis
2237 2236 2576 2308 refrigerari,
2611 2250 2664 2294 et
2687 2237 2820 2296 dicis
2841 2285 2855 2306 ,
2890 2243 3214 2316 Refrigerar;
3239 2258 3292 2304 et
3311 2250 3475 2314 dicis,
3512 2251 3610 2307 Re-

2013 2323 2154 2377 mitte
2177 2326 2322 2380 milti.
2349 2326 2487 2396 Quid
2515 2332 2741 2388 remittet
2780 2333 2889 2395 tibi,
2915 2336 3014 2390 nisi
3048 2336 3184 2392 forte
3213 2339 3356 2393 illum
3383 2356 3608 2413 scrupu-

2013 2415 2121 2472 lum
2151 2419 2240 2475 ubi
2262 2421 2430 2489 dicis,
2464 2432 2517 2478 et
2541 2424 2681 2480 unde
2705 2425 2840 2482 dlcis
2871 2445 2886 2482 :
2923 2427 3130 2483 Dimitte
3148 2431 3290 2484 nobis
3315 2432 3481 2487 debita
3510 2452 3606 2489 no-

2010 2518 2115 2564 stra
2142 2510 2356 2582 (Matth.
2389 2530 2440 2568 γι
2461 2558 2473 2580 ,
2511 2514 2640 2586 19.)?
2669 2514 2888 2574 Remitte
2914 2521 3038 2574 milii
3059 2523 3351 2593 priusquam
3373 2542 3484 2580 eam
3502 2570 3517 2592 ,
3537 2544 3540 2548 ‘
3560 2540 3607 2583 et

2009 2604 2230 2673 amplius
2237 2606 2351 2674 jam
2371 2621 2471 2659 non
2485 2624 2589 2661 ero.
2611 2607 2906 2666 immunem
2933 2627 3019 2667 me
3037 2612 3119 2667 fac
3136 2629 3164 2668 a
3185 2618 3415 2684 peccatis
3433 2619 3606 2689 prius-

2008 2709 2166 2764 quam
2193 2710 2331 2761 eam,
2353 2710 2419 2751 ne
2446 2713 2566 2753 cum
2593 2701 2829 2772 peccatis
2854 2718 2994 2758 eam.
3017 2705 3248 2761 Remitte
3274 2708 3422 2775 mibi,
3445 2718 3501 2765 ut
3519 2725 3607 2766 rc-

2007 2785 2275 2854 quiescam
2305 2787 2360 2843 in
2389 2791 2716 2846 conscientia
2747 2808 2894 2859 mea,
2943 2806 3000 2850 ut
3043 2810 3332 2854 exonerata
3361 2804 3430 2856 sit
3467 2812 3606 2859 aestu

2007 2881 2377 2939 sollicitudinis
2411 2902 2424 2938 :
2456 2900 2558 2956 qua
2583 2886 2948 2944 sollicitudine
2977 2907 3158 2945 curam
3184 2908 3313 2962 gero
3351 2910 3445 2964 pro
3477 2893 3602 2965 pec-

2005 2979 2124 3028 cato
2142 2988 2282 3029 meo.
2300 2975 2517 3030 Remitte
2532 2977 2660 3031 mihi
2686 2986 2741 3031 ut
2763 2979 3050 3051 refrigerer,
3070 2995 3192 3038 ante
3217 2987 3414 3050 omnia,
3436 2988 3605 3057 prius-

2003 3082 2154 3135 quam
2178 3082 2289 3119 eam
2309 3106 2325 3132 ,
2358 3077 2402 3120 et
2429 3068 2650 3139 amplius
2671 3070 2780 3131 iam
2815 3087 2915 3126 non
2950 3089 3053 3126 ero.
3087 3075 3140 3127 Si
3165 3077 3308 3130 enim
3338 3079 3465 3131 mibi
3496 3095 3600 3135 non

2003 3158 2278 3213 remiseris
2297 3168 2352 3212 ut
2368 3160 2671 3230 relrigerer,
2691 3162 2777 3219 ibo
2793 3172 2844 3217 el
2864 3180 2970 3219 non
2995 3180 3107 3220 ero.
3125 3165 3434 3240 Priusquam
3451 3189 3558 3225 eam
3577 3189 3597 3227 .'

2002 3264 2110 3319 quo
2131 3249 2159 3283 ⁸
2181 3250 2226 3303 si
2253 3249 2388 3316 iero,
2412 3250 2524 3320 jam
2553 3266 2659 3308 non
2685 3267 2801 3308 ero.
2836 3253 3052 3310 Remitte
3077 3258 3203 3311 mihi
3228 3271 3280 3312 ut
3308 3263 3595 3332 refrigerer.

2002 3336 2096 3393 Est
2124 3340 2349 3411 quaestio
2376 3341 2588 3407 oborta,
2610 3342 2880 3413 quomodo
2900 3344 3009 3415 jam
3043 3363 3145 3401 non
3175 3349 3298 3404 erit.
3322 3350 3458 3405 Ecce
3484 3352 3594 3420 jam

2000 3448 2106 3486 non
2135 3433 2174 3486 it
2196 3432 2262 3486 ad
2282 3432 2556 3495 requiem?
2575 3433 2729 3502 Quod
2748 3445 2955 3491 avertat
2979 3437 3116 3493 Deus
3141 3439 3209 3494 ab
3232 3439 3470 3497 lditbun!
3497 3444 3593 3501 Ibit

1997 3521 2136 3575 enim
2167 3522 2325 3593 plane
2352 3522 2559 3577 lditlntn
2583 3564 2597 3589 ,
2626 3524 2692 3579 ad
2717 3527 2953 3595 requiem
2981 3526 3094 3582 ibit.
3123 3528 3229 3584 Sed
3256 3529 3337 3584 fac
3360 3533 3591 3602 aliquem

1997 3613 2254 3684 iniquum,
2287 3631 2392 3670 non
2420 3615 2652 3682 lditbun,
2680 3633 2784 3672 non
2815 3618 3235 3686 transilientem;
3265 3621 3352 3679 bic
3377 3624 3592 3681 thesanc

1994 3703 2272 3769 rizantem,
2315 3704 2700 3772 incubatorem,
2734 3709 2994 3779 iniquum,
3027 3713 3336 3782 superbum,
3377 3715 3588 3785 jactan-

1996 3804 2099 3850 tem
2121 3838 2134 3861 ,
2165 3797 2362 3851 elatum
2383 3840 2397 3866 ,
2429 3801 2677 3869 pauperis
2702 3810 2826 3854 ante
2847 3801 3064 3869 januam
3089 3803 3316 3872 jacentis
3341 3816 3586 3863 contem-

1993 3896 2199 3956 ptorem
2234 3904 2246 3939 :
2280 3901 2459 3943 nonne
2485 3898 2540 3944 et
2568 3890 2679 3959 ipse
2705 3891 2843 3945 erit?
2871 3891 3005 3960 Quid
3031 3903 3113 3950 est
3137 3911 3264 3967 ergo
3284 3939 3298 3964 ,
3330 3915 3429 3953 non
3456 3916 3542 3954 ero
3563 3903 3589 3953 ?

1991 3977 2044 4032 Si
2073 3979 2215 4033 cnim
2241 3978 2388 4039 dives
2415 3979 2502 4034 illc
2531 3996 2636 4035 non
2667 3991 2802 4046 erat,
2825 3984 2943 4051 quis
2972 3993 3053 4038 est
3079 3986 3168 4056 qui
3194 3987 3586 4062 ardebat?qnis

1991 4075 2174 4139 estqui
2195 4081 2397 4140 guttam
2413 4087 2566 4143 aqua:
2579 4072 2647 4128 de
2670 4073 2835 4145 digito
2852 4075 3036 4131 Lazari
3064 4079 3252 4135 stillari
3279 4082 3329 4136 in
3353 4083 3582 4154 linguam

1990 4178 2149 4216 suam:
2170 4164 2546 4221 desiderabat?
2572 4167 2689 4237 quis
2717 4178 2795 4221 est
2823 4169 2914 4238 qui
2942 4169 3153 4225 diccbat
3186 4188 3198 4226 :
3234 4172 3391 4229 Pater
3417 4177 3583 4231 Abra-

1989 4257 2130 4321 ham,
2155 4257 2288 4313 mitte
2315 4256 2572 4313 Lazarum
2601 4259 2754 4329 (Luc.
2785 4277 2892 4328 tm,
2910 4263 3040 4333 24)?
3058 4263 3252 4335 Utique
3278 4270 3367 4337 qui
3400 4270 3583 4341 loque-

1989 4358 2136 4403 retur
2155 4359 2308 4416 erat,
2336 4357 2390 4404 et
2415 4350 2504 4420 qui
2531 4349 2747 4406 arderet
2772 4361 2888 4407 erat
2920 4370 2932 4406 :
2966 4365 3017 4409 et
3044 4357 3134 4426 qui
3162 4370 3406 4427 resurgat
3432 4360 3486 4415 in
3516 4365 3579 4414 ti-

1987 4456 2128 4495 nem.
2147 4451 2204 4500 ct
2232 4441 2320 4511 qui
2347 4456 2468 4495 cum
2495 4441 2706 4496 diabolo
2729 4451 2931 4499 αξιοι-ηο
2957 4446 3079 4516 igne
3103 4447 3404 4504 damnetur.
3436 4452 3575 4519 Quid

1985 4541 2067 4585 est
2096 4549 2243 4604 ergo,
2271 4550 2372 4587 nou
2402 4550 2507 4594 ero.
2536 4534 2640 4588 nisi
2671 4537 2920 4605 respiciat
2945 4538 3047 4593 iste
3079 4539 3310 4610 lditbun,
3342 4545 3463 4613 quid
3498 4559 3580 4601 est

1984 4639 2125 4690 esse,
2140 4634 2196 4678 et
2222 4639 2326 4678 non
2341 4626 2496 4679 csse-2
2514 4624 2739 4680 Videbat
2757 4628 2898 4680 enim
2926 4628 3072 4682 illum
3099 4631 3276 4694 linem,
3297 4647 3400 4701 quo
3417 4637 3576 4690 corde

1984 4725 2223 4786 poterat,
2253 4733 2354 4785 qua
2401 4719 2595 4771 mentis
2622 4719 2737 4772 acie
2762 4719 3006 4787 valebat,
3035 4726 3322 4792 quetnsibi
3366 4729 3575 4783 OSlettdl

1981 4807 2379 4861 desideraverat
2401 4806 2586 4862 dicens
2619 4825 2633 4860 :
2669 4806 2861 4862 Notum
2889 4811 2970 4879 [ac
2996 4814 3138 4878 mihi,
3166 4812 3399 4881 Domine,
3425 4818 3576 4884 ﬁnem

1981 4915 2166 4952 meum.
2200 4899 2424 4954 Videbat
2451 4916 2630 4956 numet
2653 4918 2730 4957 1m
2760 4903 2964 4958 dierum
2991 4921 3209 4960 suorum
3237 4911 3322 4977 qui
3355 4922 3437 4965 est
3460 4929 3472 4962 :
3499 4923 3574 4966 at-

1981 4990 2234 5046 tendebat
2255 4990 2391 5045 inba
2417 4992 2596 5046 omnia
2626 5009 2742 5063 qua:
2770 5002 2911 5057 sunt,
2933 4995 2983 5048 in
3010 5002 3407 5066 comparatione
3434 5003 3573 5058 illius

1977 5101 2117 5152 esse,
2143 5101 2247 5139 non
2275 5100 2428 5149 esse;
2459 5094 2514 5140 et
2539 5100 2599 5140 se
2628 5101 2733 5140 non
2761 5102 2881 5143 esse
2910 5087 3141 5144 dicebat.
3173 5092 3259 5146 Illa
3287 5095 3427 5147 enim
3454 5110 3573 5165 per-

1977 5186 2223 5242 manent;
2249 5176 2349 5231 ista
2379 5176 2648 5231 mutabilia
2678 5188 2822 5245 sunt,
2848 5181 3113 5247 mortalia,
3137 5181 3341 5251 fragilia
3363 5201 3380 5240 :
3402 5194 3458 5241 et
3477 5185 3577 5241 dn-

1978 5270 2059 5325 lor
2085 5271 2199 5341 ipse
2227 5279 2458 5324 mtcrnus
2477 5310 2492 5336 ,
2520 5267 2708 5339 plenus
2729 5272 3085 5340 corruptionis
3104 5314 3119 5340 ,
3151 5273 3219 5328 ad
3246 5274 3347 5330 lioc
3376 5292 3480 5332 non
3510 5279 3573 5335 li»

1974 5365 2134 5424 nitur,
2157 5369 2215 5416 ut
2238 5363 2354 5417 sine
2379 5361 2486 5416 line
2511 5361 2746 5416 ﬁniatur.
2769 5364 3022 5433 Respexit
3046 5381 3172 5435 ergo
3189 5368 3396 5425 beatam
3426 5372 3572 5428 illam

1973 5454 2269 5525 regionem,
2301 5453 2508 5508 beatam
2539 5453 2786 5524 patriam,
2816 5453 3024 5510 beatam
3055 5457 3293 5523 domum,
3326 5463 3411 5517 ubi
3444 5480 3571 5533 par-

1975 5550 2162 5620 ticipes
2182 5556 2304 5602 sunt
2329 5548 2499 5602 sancti
2517 5548 2642 5604 vita:
2666 5551 3008 5618 sempiternae
3030 5562 3191 5623 atque
3217 5555 3573 5614 incommuta-

2035 5686 2176 5752 εμπ,
2215 5681 2401 5752 dimitte
2439 5690 2710 5752 me._-t_.ov.,
2747 5683 2936 5736 remitte
2981 5699 3076 5738 me.
3124 5695 3182 5740 At
3218 5696 3345 5752 Mss,
3383 5693 3564 5747 dimitte

1971 5744 2111 5805 mihi,
2133 5752 2217 5794 aut
2231 5781 2247 5804 ,
2270 5744 2460 5797 remitte
2480 5744 2618 5796 mihi.

2035 5809 2056 5839 ι
2081 5813 2155 5856 ετ,
2178 5816 2379 5873 cunnus
2395 5815 2495 5865 δίδη
2521 5807 2652 5870 quia.
2667 5807 2810 5873 Paulo
2823 5819 2933 5873 post
2953 5808 3127 5860 borum
3142 5814 3406 5865 verborum
3428 5817 3532 5868 loco
3545 5859 3557 5873 .

1976 5877 2056 5923 Est
2079 5867 2278 5935 quentia
2296 5867 2480 5933 oborta,
2506 5867 2724 5922 nonnulli
2741 5867 2855 5921 cdd.
2873 5883 2970 5921 nou
2993 5873 3178 5924 habent
3201 5877 3311 5940 nisi,
3335 5876 3409 5930 iit.
