3978 6320
418 351 516 405 $31

416 468 539 522 bilis
568 458 801 519 veritatis
831 473 847 512 :
878 466 932 513 et
950 453 1141 519 timuit
1165 459 1315 507 extra
1345 449 1457 513 ire,
1486 445 1577 501 ubi
1605 457 1712 498 non
1737 449 1822 497 est
1843 452 2004 503 esse;

416 561 486 614 ibi
529 555 841 613 desiderans
870 563 1023 614 esse,
1066 546 1155 600 ubi
1195 552 1277 600 est
1307 552 1578 597 summum
1604 548 1744 591 esse.
1786 531 2011 599 Propter

415 653 554 708 hanc
578 662 707 718 ergo
726 640 1178 713 comparationem
1201 636 1340 690 inter
1360 640 1643 698 utrumque
1666 622 2007 685 constitutus,

414 744 591 798 adhuc
618 712 811 794 timens
836 712 965 788 dicit
995 751 1010 786 ;
1048 728 1261 785 Remitte
1284 723 1445 790 mihi,
1474 731 1525 774 ut
1550 718 1818 790 refrigerer
1842 712 2012 785 prius-

410 851 567 905 quant
592 848 738 897 eam,
765 837 812 882 et
850 823 1068 895 amplius
1085 820 1199 894 jam
1224 833 1327 871 non
1358 830 1463 869 ero.
1495 810 1551 868 Si
1576 809 1717 865 enim
1746 804 1874 860 mihi
1903 818 2008 858 non

420 895 692 979 remiseris
724 895 989 991 peccata,
1024 912 1110 965 ibo
1138 909 1192 965 in
1217 916 1475 963 teternum
1520 900 1616 955 abs
1647 909 1718 953 te.
1748 895 1816 951 Et
1843 910 1873 947 a
1903 908 2012 963 quo

422 1018 505 1070 ibo
554 1015 605 1069 in
650 982 951 1067 talentum?
1002 1004 1082 1058 Ab
1128 1001 1219 1055 illo
1266 996 1354 1067 qui
1398 994 1571 1057 dixit,
1616 988 1729 1060 Ego
1770 1002 1883 1041 sum
1925 982 2011 1055 qui

418 1125 532 1162 sum
574 1122 594 1161 :
637 1104 705 1159 ab
749 1101 843 1155 illo
884 1097 973 1167 qui
1017 1093 1193 1158 dixit,
1239 1088 1338 1142 Dic
1382 1085 1501 1154 ﬁliis
1546 1080 1746 1144 Israel,
1796 1076 1895 1145 Qui
1938 1083 2011 1167 est

419 1200 553 1252 misit
599 1211 677 1250 me
716 1193 783 1246 ad
829 1164 917 1242 vos
960 1183 1187 1259 (Exod.
1209 1197 1265 1236 ιιι
1292 1221 1305 1246 ,
1358 1175 1490 1247 Η).
1542 1173 1623 1229 Ab
1651 1186 1716 1224 eo
1762 1182 1890 1239 ergo
1919 1164 2008 1235 qui

422 1305 547 1343 vere
599 1296 681 1342 est
728 1283 817 1355 qui
868 1282 917 1334 in
966 1273 1292 1334 contrarium
1342 1266 1559 1340 pergit,
1614 1261 1681 1316 ad
1730 1275 1834 1314 non
1889 1270 2010 1311 esse

324 1382 327 1385 ’
418 1382 606 1453 pergit.

605 1472 786 1540 itaque
837 1466 1026 1520 fratres
1078 1458 1205 1521 mei.
1237 1453 1338 1511 etsi
1396 1462 1657 1506 onerosus
1704 1443 1779 1499 fui
1828 1440 2003 1497 labori

416 1565 658 1638 corporis
674 1561 858 1627 vestri,
892 1558 1025 1612 ferte
1057 1554 1072 1587 ι
1108 1569 1123 1617 ;
1162 1550 1285 1619 quia
1311 1556 1364 1601 et
1383 1559 1483 1615 ego
1507 1539 1741 1638 laboravi
1778 1544 1879 1638 et
1906 1550 2004 1634 ve-

420 1678 479 1717 re
506 1623 647 1722 dico,
670 1654 789 1725 quia
805 1623 961 1706 istum
980 1646 1217 1701 laborem
1248 1654 1341 1693 vos
1368 1634 1520 1690 vobis
1552 1628 1744 1685 facitis.
1784 1626 1839 1683 Si
1868 1623 2011 1679 enim

419 1753 672 1809 sentirem
688 1724 791 1799 vos
817 1738 1055 1796 fastidire
1078 1731 1223 1806 quod
1248 1730 1463 1791 dicitur,
1490 1724 1599 1779 cito
1623 1731 1882 1774 tacerem.

426 1838 2002 1902 ________.______________...____——-

812 1951 891 2013 IN
935 1937 1315 2010 PSALMUM
1357 1928 1647 1995 XXXIX

995 2057 1413 2124 ENARRATIO.

943 2196 1114 2242 SERIO
1142 2194 1210 2235 AD
1233 2183 1491 2231 PCPULUI.

501 2318 551 2371 1.
577 2310 765 2368 Omnia
794 2320 911 2377 qua:
926 2296 1167 2371 prmdixit
1190 2291 1446 2348 Dominus
1476 2294 1655 2339 noster
1676 2279 1832 2336 Jcsus
1858 2274 2015 2328 Chri-

431 2418 551 2464 stus
572 2447 588 2469 ,
616 2372 826 2473 partior
852 2397 986 2449 facta
1021 2384 1415 2459 cognoscimus,
1449 2377 1638 2448 partim
1678 2372 1852 2427 futura
1896 2382 2018 2471 spe-

431 2462 649 2555 ramusj:
678 2499 868 2548 cuncta
933 2496 1112 2539 tamen
1168 2472 1606 2543 complebuntur,
1652 2465 1776 2534 quia
1820 2462 2016 2515 veritas

428 2552 544 2646 hac
561 2586 710 2648 dicit,
742 2593 797 2638 et
816 2592 975 2650 quam
1004 2571 1231 2627 ﬁdeliter
1252 2565 1400 2629 dicit,
1429 2573 1536 2616 tam
1560 2557 1746 2613 ﬁdeles
1770 2552 2010 2650 requirit.

425 2643 535 2752 {Qui
571 2643 764 2738 credit,
814 2643 1150 2725 venientibus
1192 2656 1496 2714 laetabitur:
1524 2650 1615 2721 qui
1655 2664 1775 2752 non
1800 2643 2013 2748 teredil,

428 2737 763 2829 sementibus
790 2756 1166 2818 confundetur.
1188 2748 1419 2806 Venient
1450 2754 1625 2798 tamen
1655 2740 1743 2793 illa
1769 2737 1884 2792 sive
1913 2750 2010 2829 vo:

431 2809 763 2829 η;...υ.........,
792 2809 1075 2818 πηηηρ
1994 2809 2007 2824 ⁸

424 2862 655 2920 lentibus
677 2850 1004 2913 hominibus,
1034 2845 1148 2901 sive
1197 2836 1523 2899 nolentibus,
1580 2832 1693 2885 sive
1739 2823 2010 2882 credenti-

425 2959 545 3017 lius,
567 2953 685 3007 sive
730 2960 837 3002 non
882 2935 1245 2999 credentibus,
1280 2930 1420 2985 sicut
1461 2927 1536 2981 ait
1580 2919 1869 2993 Apostolus
1901 2933 1915 2969 :

424 3043 789 3117 neqavm'mus,
818 3044 864 3091 et
888 3033 999 3104 ipse
1029 3043 1124 3083 nos
1158 3022 1355 3094 negabit
1386 3020 1465 3075 :si
1496 3033 1596 3071 non
1633 3006 2016 3117 credim'tltsLille

424 3098 589 3208 itala.
614 3098 893 3203 permanet,
910 3098 1102 3194 negare
1148 3116 1370 3185 seipsunt
1416 3126 1519 3208 non
1569 3111 1731 3208 potest
1774 3098 1855 3173 (ll
1872 3099 2009 3154 Tim.

424 3196 478 3291 ll,
506 3226 590 3291 12,
615 3196 690 3279 ’15
707 3220 751 3294 ).
784 3219 904 3276 Prae
931 3211 1141 3271 caeteris
1178 3216 1378 3269 numen,
1413 3200 1623 3263 fratres,
1650 3196 1753 3250 hoc
1774 3205 2015 3294 memen-

422 3281 723 3380 tiitebreve;
755 3318 812 3367 et
859 3306 965 3363 hoc
1013 3308 1191 3357 tenete
1231 3293 1372 3367 quod
1420 3289 1579 3346 modo
1604 3303 1670 3344 ex
1722 3281 2013 3380 Evangelio

420 3422 606 3466 omnes
634 3399 954 3459 audivimus.
985 3389 1089 3461 Qui
1134 3383 1514 3460 perseuerath
1540 3393 1696 3449 usque
1731 3374 1784 3429 in
1832 3373 2009 3443 ﬁnem,

420 3464 500 3556 hic
526 3500 693 3554 salvus
714 3491 853 3559 crit(
883 3485 1074 3541 Matth.
1122 3477 1309 3546 x,22;
1340 3484 1386 3529 et
1410 3487 1559 3535 xxw,
1594 3469 1659 3524 l5
1684 3467 1726 3539 ).
1757 3464 1872 3521 Jatn
1908 3479 2002 3533 pa-

420 3608 531 3649 tres
554 3586 724 3645 nostri
753 3581 929 3639 traditi
975 3584 1104 3633 sunt
1150 3574 1203 3627 in
1223 3567 1474 3631 concilia,
1516 3563 1771 3618 dixerunt
1821 3571 2011 3613 causas

419 3741 668 3849 quantam
701 3770 982 3839 potuerunt
1010 3753 1430 3826 cor'reptionem,
1462 3755 1517 3803 ct
1548 3754 1806 3817 quantam
1824 3741 2008 3795 value-

418 3835 543 3927 runt
566 3835 948 3921 dilectionem:
976 3860 1031 3908 et
1068 3861 1288 3921 sparsus
1328 3853 1412 3899 est
1464 3838 1681 3910 sanguis
1708 3835 1908 3906 justus,
1960 3843 2015 3889 et

417 3963 510 4017 illo
535 3955 812 4025 sanguine,
847 3957 1102 4016 tanquam
1119 3934 1474 3995 semiuatione
1510 3945 1605 4002 per
1636 3937 1806 3983 totum
1850 3941 2011 3981 mun-

420 4054 545 4106 dum
568 4020 731 4110 facta,
764 4053 919 4110 seges
944 4031 1179 4091 surrexit
1214 4024 1494 4083 Ecclesiae.
1539 4020 1890 4090 Consequens
1915 4031 2010 4071 au-

418 4157 527 4202 tem
554 4150 767 4208 tempus
791 4140 876 4188 est
914 4123 1291 4185 scandalorum
1338 4126 1394 4174 et
1441 4112 1798 4169 simulationis
1818 4119 1874 4189 et
1897 4120 2014 4165 ten-

419 4203 700 4294 tationum,
732 4241 830 4299 per
852 4236 948 4279 eos
965 4217 1056 4290 qui
1081 4215 1308 4271 dicunt:
1356 4208 1488 4264 Ecce
1519 4208 1600 4261 hic
1648 4214 1721 4260 est
1754 4203 2009 4271 Christus,

417 4343 531 4383 ecce
563 4320 715 4392 ittic(
745 4316 833 4373 ld.
889 4327 1037 4378 χχιιι,
1075 4308 1149 4363 ‘25
1176 4304 1221 4378 ).
1261 4303 1443 4359 Ηοειίε
1488 4299 1581 4355 ille
1630 4307 1847 4362 noster,
1888 4305 2014 4353 tunc

420 4422 503 4479 leo
558 4388 852 4479 fuit,vcum
908 4409 1093 4471 aperte
1159 4394 1412 4452 szcviebat
1446 4410 1458 4444 :
1490 4390 1650 4445 modo
1690 4388 1854 4444 draco
1906 4397 2009 4454 est,

422 4525 540 4564 tum
569 4502 779 4561 occulte
820 4494 1120 4553 insidiatur.
1159 4487 1252 4543 ille
1301 4494 1485 4540 autent
1536 4483 1622 4536 cui
1672 4479 1873 4535 dictum
1905 4486 2009 4545 est,

418 4596 750 4658 Conculcabis
774 4593 966 4648 leonem
993 4598 1040 4641 et
1057 4584 1337 4638 draconem
1369 4576 1390 4649 (
1420 4575 1569 4631 Psal.
1593 4589 1680 4637 xc,
1711 4573 1780 4627 l5
1805 4572 1848 4643 ),
1879 4588 2014 4642 quo-

420 4696 562 4749 niam
600 4699 797 4757 corpus
822 4681 938 4752 ejus
967 4687 1022 4733 et
1046 4672 1285 4730 membra
1324 4668 1442 4738 ejus
1481 4680 1687 4731 sumus,
1720 4663 1859 4718 sicut
1878 4678 2009 4718 con-

417 4784 649 4842 mulcavit
687 4754 899 4834 leonem
936 4767 1163 4841 pedibus
1208 4769 1418 4833 patrum
1470 4754 1776 4811 nostrorum
1825 4764 2010 4824 aperte

418 4877 751 4934 saevientem,
782 4875 837 4921 et
884 4861 952 4919 ad
990 4856 1270 4931 passiones
1326 4858 1590 4921 martyres
1626 4844 2008 4911 attrahentem,

421 4973 491 5026 ita
537 4964 699 5022 modo
723 4960 1012 5016 draconem
1042 4947 1320 5005 conculcet
1343 4945 1386 5011 ⁸,
1413 4957 1479 4997 ne
1518 4940 1673 4995 nobis
1712 4936 2009 4993 insidietur.

420 5064 497 5120 De
513 5073 621 5131 quo
665 5052 899 5109 dracone
944 5059 1045 5100 nos
1090 5049 1276 5095 cautos
1319 5034 1519 5089 faciens
1553 5028 1841 5131 Apostolus
1889 5028 2013 5083 ait:

421 5118 714 5222 VAptt-tsiuos
730 5139 818 5195 uni
841 5136 948 5192 uiro
973 5130 1216 5202 virginem
1261 5134 1456 5179 castam
1494 5120 1727 5176 exhibere
1766 5118 1966 5173 Christo
1995 5134 2014 5172 :

424 5213 571 5301 timeo
615 5246 784 5292 autem
812 5246 874 5285 ne
900 5228 1029 5282 sicut
1048 5236 1254 5290 serpens
1286 5217 1443 5272 Evam
1462 5215 1662 5271 seduxit
1687 5213 1874 5267 astutia
1897 5228 2011 5276 sua,

424 5340 502 5398 sic
514 5344 561 5390 et
581 5340 757 5388 uestra:
780 5332 971 5379 mentes
1012 5319 1403 5384 corrumpantur
1428 5326 1459 5363 a
1486 5308 1713 5361 castitate
1734 5320 1851 5378 qua:
1872 5314 1945 5359 est
1960 5303 2015 5358 in

421 5397 500 5483 Ch
529 5430 623 5477 ista
643 5416 803 5489 Jesu(
838 5415 879 5469 ll
903 5413 1023 5467 Cor.
1052 5426 1127 5475 xi,
1156 5407 1194 5462 2
1218 5405 1263 5477 ).
1289 5404 1524 5473 Serpens
1561 5415 1691 5469 ergo
1734 5398 1837 5453 iste
1856 5397 2013 5453 adul-

438 5515 797 5583 terantiquus,
836 5502 1192 5575 virginitatem
1242 5492 1713 5564 corrumpendain,
1743 5505 1851 5545 non
1893 5506 2015 5543 ear-

494 5652 511 5681 ί
526 5654 599 5696 Sic
620 5642 802 5706 aliquot
823 5646 937 5706 also.
958 5641 1160 5706 Attov”
1176 5628 1297 5681 certi
1318 5626 1423 5679 sitis
1445 5624 1560 5691 quia
1581 5636 1601 5674 :
1636 5631 1690 5674 et
1707 5622 1850 5686 paulo
1874 5621 2016 5682 inira,

425 5695 638 5761 laborem
655 5695 734 5754 ro's
755 5699 887 5751 nobis
909 5695 1087 5761 limitis.

489 5746 1010 5825 's'rliiig'c'biiéit'cdba.
1042 5746 1092 5807 tit
1113 5767 1287 5807 omnes
1310 5752 1415 5803 fere
1435 5759 1562 5812 mss,
1579 5746 1845 5801 conculcet.
1885 5754 2017 5807 Duo,

434 5829 686 5883 conculcet.

1662 325 1720 381 ε.
1762 322 2129 397 Αυειιετικι
2172 324 2473 382 ειιιεεορι

3611 328 3716 387 431

2125 440 2227 505 nis,
2259 439 2353 495 sed
2378 440 2554 495 cordis
2574 440 2812 512 inquirit.
2859 441 3007 499 Sicut
3052 452 3235 499 autem
3289 443 3500 500 adulter
3550 444 3714 506 homo

2119 531 2329 586 laztatur
2353 533 2405 587 iu
2430 533 2661 604 nequitia
2683 548 2802 603 sua,
2831 550 2956 591 cum
3004 550 3221 591 carnem
3264 537 3560 606 corrumpit
3588 553 3604 601 ;
3635 538 3715 593 sic

2118 632 2172 676 et
2208 622 2450 680 diabolus
2479 625 2690 681 lmlatur
2706 627 2919 696 quando
2940 638 3176 683 mentem
3196 631 3508 698 corrumpit.
3556 629 3708 684 Sicut

2116 723 2295 769 autem
2323 716 2561 784 patribus
2594 719 2794 773 nostris
2841 718 3101 775 adversus
3142 720 3353 777 leonem
3396 734 3533 790 opus
3582 730 3702 776 erat

2116 807 2389 875 patientia,
2408 808 2486 864 sic
2507 809 2659 865 nobis
2678 809 2936 867 adversus
2957 811 3244 867 draconem
3264 812 3553 883 vigilantia.
3575 811 3706 866 Pero

2116 898 2318 951 secutio
2336 906 2511 954 tamen
2539 899 2652 956 sive
2677 916 2706 955 a
2722 901 2901 969 leone,
2932 902 3045 958 sive
3068 917 3099 956 a
3144 902 3401 971 dracone,
3423 917 3698 973 nunquam

2115 998 2288 1043 cessat
2309 990 2563 1047 Ecclesia:
2591 1002 2679 1048 :et
2707 994 2876 1065 magis
2922 994 3239 1050 metuendus
3269 1000 3354 1050 est
3386 970 3515 1049 cum
3546 970 3708 1058 fallit,

2115 1093 2412 1149 quamcum
2442 1083 2615 1137 saavit.
2670 1084 2768 1139 lllo
2814 1093 3056 1156 tempore
3107 1084 3335 1157 cogebat
3379 1085 3711 1142 Christianos

2119 1186 2317 1242 negare
2342 1171 2612 1230 Christum
2638 1194 2655 1241 ;
2689 1176 2792 1230 isto
2804 1187 2983 1233 autem
3011 1188 3250 1248 tempore
3263 1178 3421 1232 docet
3454 1176 3711 1232 Christia-

2117 1277 2214 1317 nos
2237 1279 2430 1334 negare
2455 1263 2723 1321 Christum
2752 1284 2767 1321 :
2797 1278 2920 1333 tunc
2934 1269 3177 1339 cogebat,
3207 1284 3348 1323 nunc
3360 1267 3711 1324 doeet."l‘unc

2116 1371 2246 1425 ergo
2275 1356 2549 1426 ingerebat
2582 1358 2883 1427 violentias,
2932 1376 3073 1415 nunc
3120 1359 3341 1415 insidias
3372 1378 3387 1414 :
3428 1359 3709 1415 videbatur

2117 1456 2242 1502 tunc
2269 1446 2519 1515 fremens,
2550 1450 2787 1505 lubricus
2821 1466 2963 1507 nunc
2992 1460 3047 1507 et
3090 1452 3350 1507 oberrans
3378 1449 3598 1506 difﬁcile
3629 1452 3709 1504 vi-

2116 1537 2291 1593 detur.
2334 1539 2614 1607 Quomodo
2636 1549 2814 1596 autem
2858 1551 2982 1597 tunc
3011 1542 3235 1612 cogebat
3259 1540 3589 1597 Christianos
3615 1555 3711 1596 ne-

2115 1647 2246 1702 gare
2272 1629 2564 1699 Christum,
2591 1643 2835 1703 apertum
2868 1645 2969 1690 est.
3021 1634 3441 1690 Attrahebantur
3469 1634 3610 1690 enim
3656 1644 3710 1689 nt

2118 1737 2373 1795 negarent
2401 1724 2693 1793 Christum,
2744 1737 2799 1784 et
2841 1730 3158 1784 confitcntes
3190 1727 3461 1784 Christum
3486 1743 3712 1784 corona-

2120 1815 2332 1873 bantur.
2375 1817 2528 1873 Nunc
2601 1826 2779 1874 autem
2827 1818 2987 1876 docet
3049 1834 3243 1890 negare
3298 1818 3611 1883 Christum;
3656 1829 3712 1872 et

2121 1907 2239 1962 ideo
2269 1907 2426 1975 fallit,
2449 1911 2571 1980 quia
2593 1911 2683 1982 qui
2722 1912 2944 1968 docetur
2964 1928 3161 1983 negare
3209 1911 3480 1969 Christum
3505 1954 3522 1978 ,
3558 1912 3707 1983 quasi

2120 2018 2226 2106 non
2245 2005 2345 2060 sibi
2376 2006 2583 2062 videtur
2611 2009 2867 2066 recedere
2893 2026 2926 2067 a
2972 2011 3207 2067 Christo.
3240 2010 3396 2067 Modo
3424 2009 3566 2067 enim
3583 2005 3710 2079 quid

2120 2094 2316 2150 dicitur
2343 2096 2412 2150 ab
2452 2099 2718 2157 lucreticis
2755 2100 3059 2158 hominibus
3088 2100 3165 2175 (a)
3195 2101 3491 2159 christiano
3517 2099 3708 2156 catho-

2122 2190 2264 2246 lico?
2296 2192 2449 2257 Veni,
2499 2202 2617 2249 esto
2669 2194 3015 2249 christianus.
3067 2180 3275 2250 Adhuc
3300 2193 3517 2261 dicitur,
3551 2191 3707 2256 Esto,

2122 2291 2179 2337 ut
2206 2282 2367 2345 dicat,
2391 2283 2508 2338 Non
2535 2286 2693 2340 sum?
2715 2285 2873 2339 Aliud
2902 2286 3059 2356 longe
3086 2293 3192 2350 est,
3220 2284 3375 2350 Veni,
3404 2294 3525 2339 esto
3562 2276 3707 2337 chri-

2119 2372 2326 2428 stianus
2356 2391 2370 2439 ;
2410 2374 2577 2440 aliud,
2610 2374 2765 2442 Veni,
2795 2390 2929 2446 nega
2952 2375 3247 2431 Christum.
3296 2377 3559 2444 Apertum
3598 2388 3711 2426 ma-

2120 2466 2252 2529 lum,
2277 2465 2520 2521 fremitus
2547 2466 2717 2522 leonis
2739 2483 2770 2521 a
2798 2468 2955 2537 longe
2979 2467 3215 2535 auditur,
3240 2466 3447 2537 alonge
3467 2473 3707 2521 cavetur.

2121 2557 2367 2628 Applicat
2392 2573 2452 2613 se
2478 2558 2714 2614 lubricus
2746 2559 2934 2626 draco,
2959 2560 3184 2615 occultis
3201 2559 3441 2631 lapsibus
3460 2574 3710 2630 serpens,

2120 2648 2227 2702 leni
2250 2657 2421 2703 tractu
2451 2649 2802 2719 ‘subrepens,
2853 2660 3029 2705 astuto
3068 2650 3226 2705 sibilo
3269 2652 3711 2715 immurmuraos,

2119 2750 2174 2795 ct
2203 2756 2307 2796 non
2361 2741 2510 2811 dicit,
2550 2742 2691 2813 Nega
2736 2742 3030 2798 Christum.
3071 2743 3204 2799 Nam
3263 2759 3385 2799 eum
3442 2744 3714 2800 coronatis

2120 2834 2444 2905 martyribus
2466 2835 2585 2904 quis
2610 2834 2859 2891 audiret?
2887 2834 2996 2891 Sed
3020 2833 3170 2903 dicit,
3204 2835 3334 2891 Esto
3360 2835 3708 2891 christianus.

2118 2923 2188 2978 Et
2212 2925 2300 2979 ille
2324 2925 2553 2979 mirabili
2573 2926 2595 2957 ²
2622 2939 2756 2979 voce
2808 2940 3114 2994 percussus,
3154 2924 3201 2981 si
3243 2924 3478 2980 nondum
3502 2940 3714 2981 veneno

2120 3024 2431 3086 penetratus
2453 3026 2556 3081 est,
2615 3015 2923 3086 respondet,
2973 3016 3139 3072 Plane
3191 3016 3514 3072 christianus
3562 3032 3710 3070 sum.

2117 3107 2173 3162 Si
2201 3117 2381 3162 autem
2433 3118 2699 3175 movetur,
2731 3115 2787 3162 et
2808 3107 2968 3164 dente
3011 3107 3264 3163 draconis
3311 3118 3498 3177 captus
3549 3119 3635 3164 est
3664 3109 3707 3173 ³,

2116 3199 2427 3273 respondet,
2451 3199 2627 3268 Quare
2670 3199 2800 3255 mihi
2837 3199 2993 3266 dicis,
3015 3199 3146 3255 Esto
3192 3200 3552 3256 cbristianus?
3580 3201 3711 3271 quid

2116 3294 2278 3359 enim,
2304 3309 2413 3349 non
2462 3309 2584 3350 sum
2614 3293 2984 3349 christianos?
3029 3294 3095 3349 Et
3121 3293 3230 3358 ille,
3262 3292 3401 3349 Non.
3433 3294 3576 3364 Ergo
3598 3309 3709 3349 non

2116 3403 2234 3444 sum
2264 3386 2451 3443 ?Non.
2485 3385 2627 3455 Ergo
2656 3400 2797 3440 nunc
2821 3383 2908 3440 fac
2937 3401 3022 3441 me
3073 3385 3446 3451 christianum,
3503 3386 3550 3441 si
3598 3401 3709 3440 non

2116 3496 2254 3535 sum.
2279 3477 2562 3536 Veni.Sed
2598 3492 2720 3533 cum
2772 3478 3085 3547 interrogari
3134 3476 3364 3546 ceperis
3408 3476 3479 3531 ab
3502 3476 3715 3547 episeo-

2119 3590 2185 3642 po
2209 3574 2329 3642 quis
2356 3570 2378 3602 ‘
2406 3571 2502 3634 sis,
2530 3569 2641 3624 noli
2670 3570 2869 3635 dicere,
2906 3568 3241 3624 Christianus
3270 3584 3411 3635 sum,
3438 3570 3713 3628 autFide—

2120 3665 2183 3719 lis
2211 3679 2361 3727 sum,
2401 3662 2497 3717 sed
2522 3662 2608 3717 die
2654 3677 2760 3716 non
2803 3671 2853 3717 te
2891 3675 3032 3727 esse,
3084 3670 3145 3716 ut
3179 3662 3355 3733 possis
3379 3677 3519 3718 esse.
3572 3663 3711 3718 Cum

2116 3755 2279 3809 enim
2310 3752 2538 3808 audierit
2588 3751 2984 3807 confessionem
3013 3750 3291 3807 christiani
3336 3752 3527 3821 fidelis,
3553 3756 3711 3810 reba-

2116 3844 2318 3914 ptizare
2351 3842 2425 3916 (b)
2458 3857 2562 3897 non
2590 3841 2751 3897 audet
2784 3859 2798 3895 :
2826 3857 2948 3897 cum
2975 3850 3152 3897 autem
3182 3842 3410 3898 audierit
3437 3844 3576 3913 quod
3600 3860 3709 3900 non

2116 3940 2208 4003 sit,
2227 3937 2319 3991 dat
2348 3936 2425 3989 illi
2453 3943 2703 4005 tanquam
2734 3932 2876 4004 quod
2904 3949 3011 3988 non
3039 3934 3302 4001 habebat;
3333 3944 3390 3990 ut
3417 3937 3565 4006 quasi
3595 3938 3713 4008 ipse

2117 4030 2189 4085 sit
2209 4038 2362 4084 extra
2390 4028 2626 4098 culpam,
2676 4027 2797 4097 quia
2841 4027 3135 4083 secundum
3164 4043 3349 4084 vocem
3394 4029 3510 4098 ejus
3560 4028 3709 4085 facit.

2117 4122 2220 4179 Ubi
2241 4138 2422 4192 quacro
2440 4122 2536 4176 abs
2558 4132 2629 4187 te,
2681 4119 2952 4184 hzcrctice,
2975 4135 3071 4176 cur
3107 4129 3160 4176 te
3187 4131 3336 4176 extra
3361 4122 3585 4192 culpam
3613 4138 3713 4192 pu-

2119 4216 2243 4271 tas?
2267 4214 2401 4283 Quid
2424 4215 2524 4268 hac
2552 4228 2680 4269 voce
2725 4214 2885 4269 audio
2912 4214 2934 4244 ⁸
2961 4213 3119 4285 lquia
3156 4230 3262 4269 non
3308 4223 3363 4270 tu
3404 4230 3589 4287 negas,
3613 4219 3711 4274 sed

2117 4309 2206 4364 ille
2229 4307 2428 4375 negat?
2470 4306 2527 4360 Si
2566 4306 2726 4361 habet
2753 4305 2961 4375 culpam
2988 4306 3079 4376 qui
3109 4313 3305 4376 negat,
3333 4306 3460 4377 quid
3490 4308 3580 4378 qui
3606 4308 3709 4363 do-

2117 4412 2204 4457 cet
2222 4402 2243 4433 ⁶
2270 4416 2463 4471 negare
2483 4415 2603 4454 eum
2621 4398 2711 4470 qui
2731 4398 2923 4468 negat?
2943 4399 3085 4454 Itane
3101 4413 3229 4455 vero
3244 4405 3301 4455 tu
3319 4409 3471 4455 extra
3498 4403 3711 4470 culpam

2117 4511 2177 4551 es
2198 4538 2211 4559 ,
2241 4494 2363 4563 quia
2389 4494 2406 4524 ⁷
2435 4492 2566 4546 facis
2608 4490 2853 4545 docendo
2888 4490 3248 4559 cbristianus,
3292 4489 3434 4561 quod
3482 4490 3713 4548 faciebat

2118 4587 2370 4642 minando
2398 4582 2668 4655 paganus?
2695 4582 2763 4637 Et
2782 4581 2908 4652 quid
2934 4582 3090 4652 agis?
3113 4575 3383 4653 Numq‘uid
3405 4583 3550 4638 tollis
3567 4584 3714 4653 quod

2120 4680 2300 4745 habet,
2337 4678 2459 4748 quia
2486 4675 2697 4747 negavit
2722 4672 2863 4744 quod
2894 4673 3088 4727 habet?
3110 4674 3225 4728 Non
3253 4672 3380 4727 facis
3404 4684 3585 4728 utnon
3611 4674 3711 4729 ha-

2185 4878 2200 4908 ι
2227 4882 2302 4924 Er.
2329 4881 2382 4925 et
2405 4872 2510 4921 fere
2532 4882 2709 4921 omnes
2729 4876 2858 4924 Itss.,
2885 4866 2984 4919 teni
3001 4873 3152 4918 tactu.

2184 4940 2204 5001 Ψ
2228 4946 2421 4998 Septem
2442 4941 2573 5001 Mss,

2185 5000 2206 5031 ³
2225 4990 2409 5071 inatss.
2433 4990 2635 5071 aliquot,
2656 4990 2817 5045 aditus
2833 4996 2920 5042 est.
2953 4998 3004 5042 In
3026 4991 3339 5055 quibusdam,
3380 4990 3583 5043 adustus
3606 4998 3698 5043 est.

2121 5069 2171 5112 In
2194 5060 2319 5121 aliis,
2344 5066 2536 5121 αιιηιιιε
2547 5064 2636 5109 est.

2184 5131 2206 5156 ⁸
2229 5120 2358 5182 ωδε,
2383 5120 2517 5185 quid.

2167 5187 2207 5261 ,⁵
2230 5174 2513 5261 asinino!
2534 5176 3165 5261 Praenestis-.5389“
3189 5174 3345 5261 τοιάδ
3360 5176 3454 5247 ’ωε
3470 5189 3607 5261 vce
3622 5190 3711 5261 0,"—

2123 5238 2549 5359 αἰοᾶοειὲὶέἶᾳιιὶέ
2568 5250 2639 5293 est
2677 5240 2762 5305 qui
2800 5244 2939 5291 docet
2974 5252 3189 5304 negare,
3232 5248 3350 5300 etc,
3372 5238 3455 5301 qui
3477 5240 3602 5302 facis
3626 5241 3714 5289 do-

2123 5325 2210 5361 cen
2281 5346 2292 5361 .
2407 5342 2419 5355 .

2180 5325 2292 5366 nao,
2323 5325 2419 5358 etc.

2190 5374 2211 5405 ο
2237 5359 2353 5441 δήιον
2374 5365 2461 5441 aui
2489 5370 2666 5441 reae:
2708 5359 3237 5441 ,9“4.€¥-""‘.!*§5“-
3277 5368 3350 5441 re
3395 5367 3448 5441 es
3470 5367 3605 5421 ωνη
3630 5361 3718 5425 qui

2124 5440 2284 5529 negat,
2430 5436 2498 5481 est
2522 5401 2605 5492 ειίί
2627 5401 2782 5477 δείξει.
2808 5432 2864 5476 At
2887 5401 3012 5483 uss],
3047 5401 3288 5495 quidvipn'
3310 5401 3465 5474 ἆοεξῖ.

2235 5502 2292 5529 πρ
2338 5501 2386 5529 ,ιι
2428 5499 2557 5529 Inv-
2582 5496 2726 5529 ετλνα
2746 5487 2941 5529 cuinam
2962 5500 3014 5529 es
3032 5523 3044 5529 -
3073 5497 3157 5529 am
3182 5486 3328 5529 nm-
3376 5493 3465 5529 etc.

2125 5484 2209 5608 M7
2235 5484 2390 5565 Er.'et
2428 5484 2560 5551 Lovf,
2582 5496 2726 5541 extra
2746 5487 2941 5552 culpam
2962 5500 3014 5537 es
3032 5523 3045 5548 ,
3062 5484 3157 5549 ’φη
3179 5484 3328 5549 limis,
3376 5493 3472 5533 etc.
3523 5493 3624 5533 Am.
3667 5493 3720 5534 et

2276 5569 2404 5608 quia.

2167 5571 2256 5616 $5.,
2276 5569 2404 5616 quia.

2190 5571 2256 5616 s.,
2276 5570 2404 5619 quia.

2212 5636 2241 5669 ιι
2288 5615 2562 5667 Donatistis.

2190 5621 2266 5745 ξιξ
2299 5681 2415 5739 Quia
2452 5676 2562 5745 sciti

2216 5670 2266 5745 ὁ)
2299 5681 2415 5739 Quia
2452 5676 2659 5733 scilicet,
2690 5670 3240 5755 Ipergttnperatqleges'
3266 5670 3729 5755 copatiltilttis‘illo‘n‘s

2214 5745 2242 5755 ι-
2406 5746 2460 5755 .-ι
2491 5740 2520 5755 ει
2562 5737 2654 5755 _e._3
2707 5749 2747 5755 ,ρ
2788 5742 2799 5755 ι
2826 5747 2924 5755 λη...
2994 5735 3063 5755 113.
3088 5747 3112 5755 Α
3146 5742 3220 5755 AI..-
3295 5740 3327 5755 Ἰ·
3349 5746 3361 5755 ι
3438 5735 3483 5755 ἐι
3585 5747 3598 5755 ι
3644 5732 3694 5755 Ιζι

2127 5730 2332 5794 νείἰιῖιιιί
2361 5746 2469 5791 erat
2491 5730 2657 5787 iterari
2690 5730 2767 5795 lia,
2788 5730 2944 5784 tisma.
2994 5735 3115 5784 vide
3146 5730 3259 5783 Cod.
3295 5732 3380 5781 'l'b.
3418 5730 3501 5779 lib.
3542 5731 3618 5791 ιε,
3644 5732 3723 5786 Lit.

2129 5817 2163 5858 λ
2170 5821 2197 5858 ε
2220 5809 2439 5857 sanctum
2463 5799 2697 5863 baptisma
2718 5797 2938 5850 itcretur.
