1989 3166
132 211 185 239 ιεδ

131 266 209 300 beat,
233 265 280 294 sed
297 269 327 293 ut
340 265 375 293 ad
397 272 504 301 pinnam
518 263 625 293 habeat.
646 263 724 299 Quod
745 264 820 293 enim
836 263 928 297 habet,

131 313 223 341 habet.
237 311 393 347 Baptismus
407 311 452 339 ille
467 316 593 346 tanquam
606 309 748 338 character
758 309 856 338 infixus
866 311 906 336 est
921 317 929 335 :

130 359 245 387 ornabat
266 358 399 391 militem,
422 357 557 386 convincit
575 357 753 385 desertorem.
774 355 843 390 Quid
857 356 929 384 enim

134 405 197 433 facis
206 404 219 431 τ
230 403 368 432 Christum
387 403 506 439 imponis
523 410 603 437 super
612 402 759 430 Christum.
773 401 802 429 Si
816 401 930 437 simplex

131 456 216 482 esses,
231 448 367 477 Christum
387 456 440 476 non
461 448 624 483 duplicares.
650 447 768 479 Deinde,
787 454 877 481 quatso
890 449 928 478 te,

131 495 231 524 oblitus
244 502 273 523 es
287 495 358 530 qttod
376 495 443 529 lapis
458 499 499 522 est
516 493 637 521 Christus
648 514 655 526 ,
672 498 698 520 ct
720 492 843 527 Lapidem
856 501 928 526 quem

130 541 329 577 repraboucrunt
345 542 500 576 redi/imum
510 562 517 574 ,
544 540 584 567 hic
597 541 679 575 [actus
693 545 727 566 est
747 540 772 566 in
793 544 867 573 caput
882 547 929 564 an-

131 587 186 623 guli
208 587 295 623 (Psal.
309 589 379 615 cxvii
390 608 397 620 ,
413 587 468 619 22;
494 586 588 613 Matth.
602 595 662 617 XXI,
679 586 713 613 4‘2
726 607 732 618 ,
749 590 771 611 et
786 585 793 611 l
809 584 879 611 Petr.
897 592 926 617 ιι,

131 635 158 667 6,
175 634 220 670 7)?
234 633 262 662 Si
277 641 340 669 ergo
355 633 423 669 lapis
435 638 476 660 est
488 632 619 666 Christus,
636 637 663 660 et
678 632 811 659 Christum
826 632 865 657 vis
878 631 927 657 im-

131 687 231 714 ponere
243 687 326 715 super
337 679 484 711 Christum,
497 679 595 707 excidit
610 679 656 706 tibi
671 679 740 713 quod
755 678 878 705 audivisti
900 678 926 703 in

131 726 287 761 Evangelio,
299 726 359 760 quia
372 726 439 761 lapis
452 733 533 760 super
543 725 655 760 lapidem
668 733 719 751 non
730 724 808 751 stabit
820 723 924 754 (Malm.

131 780 205 805 xxxv,
219 772 268 806 2)?
279 771 393 799 Tantum
405 776 493 798 autent
507 771 576 798 valet
587 771 709 806 junctum
725 770 877 801 charitntis,
899 775 927 796 ut

130 818 253 852 Quamvis
274 818 350 845 ntulti
373 818 473 852 lapides
491 818 540 845 vivi
564 818 589 843 in
614 822 745 844 structura
769 817 858 850 templi
881 816 925 842 Dei

128 864 308 896 conveniant,
333 871 400 891 unus
426 864 492 898 lapis
517 872 548 891 ex
564 864 687 891 omnibus
707 863 760 889 Iiat.
778 862 815 888 Tn
838 867 925 889 autem

128 909 260 936 discidisti
275 914 317 942 te;
333 910 366 936 ab
381 910 558 941 mdificatione
569 917 679 937 revocas
692 930 697 939 ,
717 909 748 935 ad
762 910 864 936 ruinam
877 917 925 935 vo-

129 963 190 988 cas;
212 960 239 982 et
258 956 395 983 abundant
415 955 457 983 ha:
476 956 597 985 insidi-.e.
616 961 641 983 et
656 964 706 981 non
719 956 859 990 quiescunt
877 963 882 980 :
900 959 927 981 et

128 1001 250 1029 videmus
261 1023 268 1035 ,
285 1007 312 1029 et
327 1002 482 1033 toleramus,
504 1007 531 1028 et
543 1009 669 1037 quantum
685 1008 827 1036 possumus
840 1000 924 1034 repri-

128 1057 204 1077 mere
226 1058 371 1083 conamur,
394 1050 571 1085 disputando,
599 1048 801 1080 convincendo,
825 1055 924 1075 conve-

129 1097 228 1125 niendo
238 1119 244 1129 ,
261 1097 388 1125 terrendo
398 1119 405 1129 ,
427 1102 514 1125 tamen
529 1098 554 1124 in
570 1097 694 1124 omnibus
705 1098 712 1112 ‘
726 1095 868 1131 diligendo.
893 1095 925 1122 Et

128 1149 189 1169 cum
201 1142 259 1169 lucc
275 1143 352 1170 nobis
365 1142 504 1178 agentibus
517 1146 687 1176 perseverant
701 1142 726 1168 in
741 1141 821 1174 malo,
838 1145 865 1168 et
878 1148 925 1167 eor

130 1193 253 1217 nostrum
266 1189 300 1217 de
320 1189 446 1217 fraternis
459 1189 590 1216 ntortibns
603 1189 783 1221 contabescit,
802 1196 861 1214 cum
878 1195 924 1214 eos

127 1235 172 1270 qui
185 1234 250 1262 foris
261 1239 322 1262 sunt
334 1234 423 1268 dolet,
439 1235 480 1262 his
494 1235 538 1270 qui
551 1234 621 1261 inltts
632 1239 694 1261 sunt
710 1234 784 1260 timet
797 1255 803 1264 .
817 1241 863 1267 per
878 1241 925 1259 an-

125 1281 228 1316 gestias
242 1281 419 1308 multiformes
433 1286 460 1308 et
475 1281 646 1308 incessabilcs
664 1281 823 1307 tentationcs
836 1301 843 1311 ,
866 1279 925 1312 qni-

127 1327 177 1354 bus
190 1327 308 1355 abundat
322 1327 379 1355 haec
393 1328 445 1354 vita
457 1349 464 1361 ,
479 1327 540 1362 quid
554 1327 647 1354 facturi
662 1327 772 1353 sumus?
788 1327 825 1353 Ex
841 1326 924 1352 abun-

126 1372 218 1400 dantia
239 1374 310 1400 enim
332 1373 477 1408 iniquitatis
492 1372 638 1408 Iitquidam
656 1377 746 1407 torpor
763 1372 900 1399 charitatis
915 1381 921 1398 :

126 1419 250 1452 r/uoniant
261 1418 398 1445 abundavit
413 1419 533 1452 iniquitas
544 1439 551 1448 ,
570 1418 710 1452 refrigescit
727 1418 837 1444 clmritas
855 1416 922 1442 muf-

125 1469 218 1491 torum.
235 1463 270 1491 Et
283 1464 346 1499 quid
359 1472 451 1491 sumus
467 1463 559 1490 facturi
571 1485 577 1495 ,
599 1463 649 1490 nisi
665 1463 735 1497 quod
752 1463 886 1496 sequitur,
901 1461 922 1488 si

126 1514 215 1537 tamen
238 1510 296 1546 ipso
318 1509 459 1544 adjuvante
481 1510 638 1545 possimus:
662 1509 711 1542 Qui
733 1508 923 1542 perseveraverit

125 1564 203 1591 usque
215 1556 241 1583 in
252 1556 338 1591 finem,
355 1557 396 1583 Itic
406 1556 489 1583 saltus
500 1557 543 1583 crit
555 1556 647 1591 (Ibid,
665 1556 708 1588 Β,
722 1555 780 1590 i3)?

160 1601 187 1629 2.
205 1601 279 1638 [rem
297 1601 314 1629 2
326 1623 333 1634 ,
347 1602 387 1637 5.]
411 1602 480 1637 Ergo
493 1602 614 1629 dicamus
632 1602 702 1636 quod
718 1602 765 1627 iste
781 1601 898 1635 psalmus
914 1609 921 1627 ε

125 1647 260 1675 Sustinens
274 1647 382 1674 sustinui
396 1647 545 1674 Dominum.
568 1647 702 1674 Sustincus
720 1647 845 1677 sustinui,
868 1653 920 1672 non

123 1693 271 1729 quemlibet
286 1693 421 1720 hominem
439 1693 645 1727 promissorem,
669 1693 712 1728 qui
734 1693 817 1727 possit
830 1692 923 1720 fallere

123 1744 150 1766 et
175 1739 248 1772 falli;
274 1748 327 1767 non
340 1739 487 1774 quemlibet
507 1738 642 1766 hominem
654 1739 862 1772 consolatorem.
877 1738 921 1773 qui

124 1790 212 1819 potest
227 1785 333 1812 tristitia
345 1793 391 1812 sua
404 1790 466 1812 ante
484 1785 633 1817 tabescere,
648 1793 726 1819 qvam
742 1793 783 1811 me
799 1785 920 1812 reficere.

123 1830 283 1858 Consoletur
308 1838 351 1858 me
376 1830 458 1857 frater
472 1830 551 1857 ltotno
563 1838 623 1857 cum
639 1830 722 1857 tristis
746 1834 786 1857 est
801 1838 920 1863 mecum;

123 1876 202 1904 simul
217 1884 365 1912 gemamus,
379 1876 457 1904 simul
472 1876 596 1907 fleamus,
612 1876 689 1902 simul
703 1883 825 1907 oremus,
841 1876 921 1902 simul

123 1923 321 1955 sustitteamus;
335 1931 414 1958 quem
426 1944 432 1955 ,
447 1923 497 1949 nisi
513 1922 650 1948 Dominum
663 1922 707 1956 qui
722 1922 852 1956 promissa
868 1929 920 1947 non

122 1969 230 2002 aufert,
252 1969 299 1996 sed
322 1968 429 1996 ditl'ert?
451 1968 594 1995 Exhibebit
617 1968 745 2002 profecto.
769 1968 918 1996 exhibebit:

123 2014 185 2050 quia
203 2014 286 2042 multa
307 2014 363 2049 jam
384 2014 505 2042 exhibuit
521 2023 527 2040 :
541 2018 567 2041 et
590 2014 655 2040 nihil
671 2014 704 2040 de
724 2014 768 2040 Dei
785 2014 897 2040 veritate
911 2015 919 2029 ²

123 2059 269 2088 formidare
281 2059 440 2088 deberemus
454 2080 462 2092 ,
475 2060 579 2087 etiamsi
593 2059 656 2086 nilzil
672 2060 757 2086 adhuc
772 2059 918 2086 exhiberet.

124 2107 194 2135 Ecce
204 2107 259 2142 jam
271 2112 396 2143 putemus
409 2106 454 2140 ita,
471 2107 561 2133 omnia
581 2106 719 2141 promisit,
742 2106 859 2132 nondum
874 2105 920 2131 ali-

122 2153 187 2188 quid
197 2152 272 2181 dedit
286 2162 294 2180 :
307 2152 418 2180 idoneus
438 2152 586 2187 promissor
598 2156 656 2184 est,
680 2151 766 2178 ﬁdelis
780 2151 899 2187 redditor
912 2159 920 2184 ;

124 2205 152 2227 ιιι
167 2203 269 2227 tantum
281 2203 338 2227 esto
352 2198 411 2233 pius
426 2202 549 2230 exactor,
565 2198 614 2225 etsi
626 2197 751 2232 parvulus
762 2218 768 2230 ,
784 2197 833 2224 etsi
847 2197 921 2223 infir-

123 2253 195 2277 mus,
207 2247 284 2281 exige
299 2245 520 2273 misericordiam.
534 2244 592 2271 Non
609 2243 681 2270 vides
695 2248 800 2270 teneros
816 2243 825 2257 ³
839 2250 921 2276 agnos

123 2292 256 2328 capitibus
277 2292 383 2327 pulsare
403 2291 485 2318 ubera
508 2295 633 2322 ntatrum,
650 2294 678 2316 ut
690 2289 757 2316 lacte
771 2289 921 2315 satientur?

125 2339 272 2371 Sustineat,
288 2338 383 2373 inquit,
398 2337 507 2365 sustinui
520 2336 667 2363 Dominum.
684 2335 717 2362 Et
730 2335 791 2370 quid
807 2335 867 2361 ille?
880 2336 921 2360 An

123 2385 260 2413 avertitse
276 2392 290 2411 a
309 2389 352 2417 te,
372 2392 406 2411 an
421 2384 596 2411 susdncntem
610 2382 782 2416 contempsit,
798 2389 829 2407 an
853 2380 921 2407 forte

125 2440 178 2459 non
191 2431 274 2458 vidit?
287 2430 345 2458 Non
366 2430 445 2466 plane
459 2430 504 2456 ita.
521 2429 574 2456 Sed
583 2428 664 2463 quid?
682 2428 714 2454 Et
730 2428 834 2454 attendit
848 2428 919 2459 milii,

124 2484 146 2505 εἰ
157 2477 287 2506 ea‘audivit
302 2477 503 2513 deprecationem
517 2483 609 2502 meum.
626 2474 761 2505 Attendit,
777 2478 802 2498 et
815 2472 921 2499 exaudi-

125 2526 173 2552 vit.
186 2524 256 2551 Ecce
269 2531 321 2551 non
344 2522 441 2550 frustra
455 2521 603 2549 sustinuisti
618 2529 623 2546 :
639 2528 719 2554 super
733 2524 758 2546 te
771 2520 838 2545 oculi
854 2519 920 2553 ejus,

124 2571 157 2597 ad
173 2576 198 2598 te
215 2577 295 2597 aures
315 2569 385 2605 ejus.
409 2568 483 2595 Oculi
498 2567 569 2595 enim
591 2566 694 2593 Domini
712 2574 785 2601 super
792 2566 885 2600 justas,
900 2570 923 2590 rt

125 2621 199 2640 ituras
213 2614 268 2648 ejus
282 2613 307 2639 in
318 2619 403 2647 preces
413 2619 509 2638 eorum.
524 2609 591 2642 Quid
603 2617 681 2644 ergo,
694 2616 754 2635 eum
769 2608 837 2634 male
853 2608 923 2633 rat-e-

127 2667 185 2690 res,
201 2666 263 2685 cum
277 2666 337 2685 eutn
352 2657 570 2690 blaspltcutares,
587 2662 639 2681 non
657 2654 781 2680 videbat?
807 2661 858 2678 non
878 2661 925 2677 :tu-

126 2704 237 2732 dicbat?
260 2704 294 2731 Et
313 2703 357 2730 ubi
376 2701 503 2736 estquod
518 2702 542 2727 in
564 2701 621 2735 ipso
640 2700 741 2734 psalmo
756 2699 855 2725 dictum
872 2703 921 2730 cst,

133 2751 226 2778 Vultus
233 2756 316 2777 autem
327 2748 429 2776 Domini
437 2756 514 2782 super
520 2747 638 2782 facientes
649 2745 735 2771 mala?
748 2744 801 2771 Sed
816 2745 905 2778 utquid
914 2745 925 2770 1'

130 2795 165 2826 Ut
175 2797 265 2834 perdat
274 2796 307 2824 de
324 2801 391 2823 terra
407 2795 552 2821 memoriam
565 2801 650 2819 eorum
667 2791 750 2827 (Psal.
767 2799 863 2821 χχχιιι,
882 2791 925 2823 iti,

163 2859 175 2896 ἶ
185 2869 225 2892 ar.
237 2869 264 2891 et.
273 2864 367 2896 aliquot
376 2865 627 2896 uss.,__tamengtmm.
637 2858 768 2896 αίὲίέιένέάο·

166 2888 264 2922 ’ἧὶἰᾶί
269 2888 349 2921 δῖἐῗέί
358 2888 467 2922 nonali".
479 2900 494 2918 c
506 2891 598 2921 ωιιιυ..
609 2890 641 2916 de
658 2888 703 2915 Dii
713 2888 836 2922 ﬁrmitate.

166 2920 259 2953 ³Ῐιῖξῖί
269 2920 383 2959 plerique
395 2920 460 2956 tussi,
471 2920 597 2957 pet-breves
610 2927 693 2954 agnos.
704 2920 772 2946 Coll).
784 2921 872 2950 codex,
881 2926 926 2951 per

131 2965 216 2993 greges
227 2965 308 2991 agnos.

648 208 848 240 ENARP-ATIO
873 210 906 238 fN
925 208 1087 240 PSALMUI
1106 211 1229 241 XXXIX.

1726 228 1779 257 431

983 264 1039 302 17).
1053 267 1124 313 ergo
1137 274 1235 297 etcum
1247 270 1333 299 maius
1346 279 1430 307 esses,
1444 275 1599 306 attendebat
1612 282 1647 313 te,
1663 281 1711 309 sed
1724 292 1777 312 non

982 312 1135 357 attendebat
1150 313 1207 342 tibi.
1230 315 1347 345 Proinde
1368 318 1419 347 iste
1433 320 1477 355 qui
1499 312 1642 352 sustinens
1653 328 1778 357 sustinuit

982 356 1140 392 Dominum,
1155 368 1248 395 parum
1258 362 1283 389 ei
1295 362 1345 390 fuit
1354 363 1460 399 dicere,
1476 366 1597 397 Attendit
1609 361 1673 399 me:
1688 356 1776 401 Atreu;

981 403 1019 430 dit
1032 404 1105 439 milii,
1117 405 1212 441 inquit,
1229 407 1255 435 id
1266 413 1317 442 est,
1329 410 1493 440 consolando
1504 413 1513 429 ¹
1524 416 1636 443 attendit
1648 437 1656 449 ,
1671 422 1699 445 ut
1711 419 1776 447 mitti

980 449 1130 484 prodesset.
1151 451 1219 486 Quid
1237 454 1371 483 attendit?
1391 456 1424 484 Et
1437 459 1564 487 exaudivit
1577 461 1776 497 depremtiouem

980 503 1071 523 meam.

1015 542 1042 570 5.
1059 543 1092 570 Et
1104 543 1167 579 quid
1179 544 1224 572 tibi
1237 547 1382 581 ιιι-ωςῑίιὶιῖ
1404 549 1467 584 quid
1487 551 1534 579 tibi
1546 551 1625 581 fecit?
1642 553 1677 582 Et
1689 556 1776 584 eduxit

979 596 1019 615 me
1041 588 1073 616 de
1090 589 1149 637 lacu
1169 591 1293 625 miserim,
1312 598 1336 620 et
1350 593 1382 620 de
1395 594 1447 623 luto
1461 596 1517 624 limi
1531 605 1543 626 :
1559 603 1584 626 et
1597 601 1685 628 statuit
1698 610 1776 637 supra

979 638 1076 686 petram
1090 634 1167 670 pedes
1176 644 1244 663 meos
1253 658 1261 670 ,
1283 643 1307 664 et
1318 638 1410 667 direxit
1421 649 1523 676 gressus
1531 651 1610 672 meos.
1626 645 1661 673 Et
1673 634 1774 675 immisit

977 683 1004 706 in
1025 688 1052 707 os
1072 689 1154 708 meum
1180 683 1307 710 canticum
1328 693 1439 720 novum,
1461 686 1584 723 hymnum
1597 689 1653 718 Deo
1677 699 1773 721 nostro.

978 724 1071 774 IMagua
1085 727 1165 774 bona
1174 728 1310 762 praestitit,
1334 734 1361 757 et
1372 730 1459 759 adhuc
1474 733 1579 762 debitor
1589 740 1633 763 est
1647 745 1655 764 :
1671 737 1718 765 sed
1728 739 1773 774 qui

977 769 1036 798 haec
1047 771 1210 807 redditajam
1221 778 1303 806 tenet,
1314 774 1348 802 de
1357 776 1463 804 ueteris
1471 778 1573 813 credat,
1585 780 1630 814 qui
1642 782 1652 797 ¹
1663 769 1774 811 credere

977 816 1068 843 debuit
1089 821 1116 844 et
1139 823 1281 853 antequam
1303 820 1402 855 aliquid
1425 828 1554 851 sumeret.
1581 824 1672 854 Rebus
1693 827 1772 855 etiam

977 862 1042 897 ipsis
1065 863 1197 897 persuasit
1212 864 1289 892 nobis
1303 866 1431 895 Dominus
1448 874 1540 897 noster
1551 870 1658 899 ﬁdelem
1671 880 1701 901 se
1712 881 1774 902 esse

977 909 1179 943 promissorem,
1193 910 1294 946 largum
1305 911 1437 940 datorem.
1451 913 1520 947 Quid
1531 923 1597 951 ergo
1608 924 1679 945 nunc
1692 918 1775 947 fecit?

977 954 1074 995 Eduaait
1087 963 1127 982 me
1149 956 1182 983 de
1194 956 1251 984 lacu
1271 958 1388 986 miseria.
1409 959 1474 994 Quis
1490 966 1532 989 est
1547 962 1620 991 lacus
1635 964 1775 995 miserim!

977 1000 1150 1028 Profunditas‘
1158 1001 1314 1037 iniquitatis.
1330 1011 1362 1031 cx
1372 1005 1526 1035 carnalibus
1537 1009 1773 1044 concupiscentiis.

976 1045 1034 1074 Hoc
1047 1050 1089 1074 est
1098 1047 1181 1081 enim.
1195 1052 1219 1075 et
1231 1047 1328 1076 delato
1341 1050 1405 1077 limi.
1418 1049 1495 1079 Unde
1509 1057 1534 1079 te
1544 1052 1637 1082 eduxit
1645 1054 1658 1082 ἲ
1666 1055 1704 1084 De
1715 1064 1774 1091 pro-

975 1091 1058 1120 fundo
1077 1093 1204 1129 quodam.
1224 1094 1302 1123 Unde
1316 1096 1343 1123 in
1364 1096 1419 1124 alio
1441 1099 1544 1132 psalmo
1560 1100 1715 1130 clamabas:
1734 1103 1774 1132 De

975 1140 1112 1176 profundi:
1131 1140 1239 1168 clamaui
1250 1141 1286 1168 ad
1299 1147 1337 1176 te,
1352 1142 1461 1170 Domine
1475 1144 1559 1180 (Psal.
1575 1154 1670 1181 cxxtx,
1686 1148 1724 1184 Ι).
1738 1149 1773 1177 Et

975 1185 1021 1221 qui
1029 1185 1084 1221 jam
1097 1185 1131 1214 de
1146 1186 1278 1221 profundo
1290 1188 1416 1221 clamant,
1431 1196 1483 1216 tton
1498 1191 1604 1225 penitus
1618 1192 1646 1219 in
1662 1193 1772 1227 profun-

974 1231 1010 1260 do
1020 1236 1101 1259 sunt:
1116 1232 1218 1260 clamor
1231 1233 1349 1268 ipsejam
1360 1233 1440 1262 levat.
1468 1235 1536 1263 Sunt
1554 1238 1597 1265 alii
1616 1239 1772 1273 profundius

974 1277 1003 1305 in
1022 1277 1170 1312 profundo,
1196 1279 1240 1314 qui
1261 1286 1311 1306 nec
1323 1280 1440 1308 sentiunt
1455 1288 1484 1309 se
1499 1289 1559 1310 esse
1579 1283 1605 1310 iu
1627 1285 1770 1319 profuttdo.

974 1322 1054 1351 Tales
1070 1328 1132 1350 sunt
1146 1325 1251 1358 superbi
1265 1329 1463 1360 contemptores
1472 1347 1480 1359 ,
1497 1335 1549 1354 non
1564 1329 1597 1363 pii
1611 1329 1772 1365 deprecato-

973 1377 1034 1403 res,
1048 1377 1101 1397 non
1117 1370 1255 1405 lacvymosi
1266 1370 1424 1399 clamatores
1439 1381 1445 1399 :
1459 1373 1507 1400 sed
1521 1373 1603 1407 tales,
1617 1377 1710 1410 quales
1718 1378 1771 1405 alio

973 1415 1033 1443 loco
1048 1415 1185 1450 Scriptura
1202 1416 1323 1453 dtsiguat
1338 1426 1345 1444 :
1364 1416 1484 1445 Peccator
1493 1427 1550 1446 cum
1562 1422 1653 1448 renerit
1673 1423 1698 1449 in
1709 1417 1771 1457 pro-

973 1462 1082 1499 fundum
1092 1463 1226 1496 nullorum,
1239 1465 1374 1491 contemnit
1389 1464 1479 1501 (Prov.
1495 1474 1573 1498 xvm,
1587 1468 1626 1503 5).
1638 1467 1686 1496 Cui
1697 1471 1770 1498 enim

973 1517 1067 1545 parum
1081 1514 1121 1537 est
1135 1517 1195 1537 esse
1205 1514 1390 1545 peccatoretn,
1405 1511 1455 1538 nisi
1466 1511 1547 1540 etiam
1562 1521 1615 1540 non
1629 1514 1662 1541 sit
1674 1522 1769 1549 pecea-

974 1560 1061 1582 torum
1076 1563 1183 1583 suorum
1196 1553 1345 1589 Confessor,
1359 1556 1406 1584 sed
1418 1556 1554 1591 defensor,
1567 1559 1646 1586 altius
1661 1560 1687 1586 in
1704 1568 1769 1596 pro-

972 1600 1056 1628 fundo
1076 1605 1126 1628 est.
1154 1600 1199 1628 Ille
1213 1606 1303 1628 autem
1325 1602 1368 1636 qui
1392 1601 1427 1629 de
1450 1602 1581 1636 profundo
1599 1605 1767 1639 exclamavit,

970 1646 1027 1682 jam
1040 1647 1074 1674 ab
1089 1647 1143 1673 imo
1164 1646 1288 1680 profundi
1304 1651 1383 1681 caput
1400 1651 1430 1674 ut
1443 1648 1571 1676 clamaret
1584 1648 1682 1677 levavit
1698 1659 1705 1678 :
1720 1658 1769 1678 au-

971 1692 1044 1721 ditus
1053 1687 1104 1726 est,
1118 1692 1229 1720 eductus
1242 1696 1282 1719 est
1295 1692 1329 1720 de
1341 1692 1399 1720 lacu
1414 1693 1540 1727 miseriae,
1552 1694 1622 1722 etde
1632 1695 1689 1723 luto
1700 1695 1768 1724 limi.

972 1739 1031 1768 .‘am
1046 1739 1125 1767 habet
1148 1739 1227 1767 fidem
1240 1759 1248 1770 .
1271 1746 1350 1773 quam
1364 1746 1417 1766 non
1432 1739 1566 1773 habebat;
1589 1740 1669 1768 habet
1681 1749 1767 1776 spem,

973 1785 1032 1813 sine
1041 1792 1092 1820 qua
1103 1789 1161 1812 erat
1173 1793 1181 1817 ;
1197 1785 1222 1812 in
1236 1784 1344 1812 Christo
1356 1784 1485 1817 ambulat,
1500 1786 1547 1821 qui
1561 1786 1588 1813 in
1602 1786 1708 1814 diabolo
1722 1795 1768 1815 er-

972 1832 1059 1859 rabat.
1075 1829 1137 1858 Ideo
1150 1831 1221 1858 enim
1231 1850 1237 1861 ,
1255 1829 1363 1864 Posuit,
1378 1831 1479 1865 inquit,
1491 1839 1570 1866 supra
1581 1837 1678 1866 petram
1693 1833 1769 1867 pedes

971 1885 1051 1910 meos,
1063 1881 1086 1903 et
1105 1876 1197 1903 direxit
1211 1884 1312 1911 gressus
1324 1884 1401 1903 utens.
1424 1875 1502 1903 Petra
1515 1881 1603 1904 autem
1616 1881 1676 1905 erat
1688 1878 1769 1906 Citri-

971 1927 1028 1950 stus
1052 1922 1074 1959 (1
1088 1921 1146 1949 Cor.
1158 1929 1186 1955 x,
1201 1922 1239 1957 4).
1266 1921 1357 1949 Simus
1378 1928 1461 1956 super
1479 1926 1596 1956 petram,
1621 1922 1769 1958 dirigantur

971 1975 1079 2004 gressus
1090 1968 1174 1995 nostri
1189 1976 1196 1995 τ
1207 1974 1275 2002 opus
1288 1971 1329 1995 est
1344 1971 1434 1995 tamen
1446 1966 1534 1994 adhuc
1545 1971 1574 1994 ut
1590 1968 1767 2002 ambulemus,

972 2018 1001 2042 ut
1020 2013 1054 2041 ad
1074 2013 1174 2049 aliquid
1195 2013 1393 2048 perveniamus.
1419 2012 1488 2040 Nam
1502 2012 1600 2041 Paulus
1620 2015 1767 2049 apostolus,

970 2059 1025 2095 jam
1036 2067 1118 2095 super
1136 2065 1239 2094 petram
1251 2079 1259 2092 ,
1280 2058 1336 2094 jam
1355 2058 1465 2086 directis
1483 2058 1595 2094 pedibus
1609 2060 1683 2092 suis,
1704 2061 1768 2095 quid

971 2105 1097 2141 dicebat?
1119 2105 1180 2133 Non
1191 2106 1250 2141 quia
1263 2106 1322 2141 jam‘
1336 2105 1476 2140 acceperim
1487 2125 1496 2138 ,
1517 2109 1561 2132 aut
1569 2106 1626 2141 jam
1643 2108 1769 2142 perfectus

971 2152 1020 2179 sim
1035 2159 1045 2179 :
1057 2151 1148 2186 fratrea
1156 2170 1166 2183 ,
1182 2159 1228 2186 ego
1243 2159 1293 2178 non
1306 2150 1416 2177 arbitror
1428 2158 1468 2178 me
1478 2150 1685 2186 apprehendisset.
1699 2151 1769 2186 Quid

973 2203 1038 2234 ergo
1053 2198 1100 2226 tibi
1114 2197 1261 2234 praestitum
1271 2200 1329 2230 est,
1352 2196 1375 2224 si
1390 2203 1445 2223 non
1457 2195 1679 2232 apprchendisti‘f
1691 2196 1769 2225 Unde

972 2245 1071 2280 gratias
1082 2244 1138 2280 agis
1147 2264 1156 2277 ,
1168 2250 1230 2271 cum
1243 2242 1310 2270 dicis
1323 2251 1330 2270 :
1345 2242 1399 2270 Sed
1410 2242 1609 2269 misericordiam
1621 2247 1769 2270 conseratur:

972 2299 1028 2319 sum
1039 2290 1061 2327 (Ι
1077 2289 1144 2317 Tim.
1158 2297 1177 2322 t,
1194 2289 1257 2325 15)?
1270 2289 1336 2322 Quia
1349 2288 1445 2316 directi
1457 2292 1521 2316 sunt
1531 2287 1624 2323 pedes,
1637 2288 1698 2324 quia
1711 2289 1768 2324 jam

972 2344 1053 2372 supra
1066 2339 1168 2371 petram
1181 2334 1309 2361 ambulat.
1329 2333 1399 2368 Quid
1417 2333 1488 2362 enim
1501 2333 1562 2361 ait?
1586 2332 1672 2361 Unum
1684 2339 1768 2361 autem

960 2373 1030 2418 ἰιιιω
1047 2387 1114 2409 retro
1128 2380 1228 2407 oblitus.
1252 2380 1318 2414 Qua:
1336 2379 1429 2407 retro?
1452 2378 1539 2407 Lacus
1552 2379 1677 2407 miserize.
1700 2379 1769 2414 Quid

973 2432 1030 2460 est,
1043 2426 1136 2454 retro?
1160 2426 1252 2454 Limus
1264 2425 1327 2458 luti,
1341 2424 1565 2460 concupiscentiae
1576 2425 1713 2457 carnales,
1730 2430 1770 2453 te-

973 2474 1063 2502 nebrae
1077 2473 1256 2508 iniquitatem.
1279 2471 1342 2505 Qua:
1357 2476 1424 2498 retro
1442 2471 1535 2499 oblitus
1544 2492 1552 2505 ,
1563 2471 1590 2499 in
1603 2480 1633 2499 ea
1645 2480 1702 2507 qua:
1712 2477 1771 2500 unto

974 2525 1032 2547 sunt
1045 2523 1167 2547 extentus.
1183 2517 1241 2545 Non
1256 2525 1286 2545 se
1299 2517 1398 2545 diceret
1413 2521 1561 2548 extentum.
1574 2517 1596 2544 si
1606 2516 1662 2552 jam
1675 2525 1770 2552 perve-

975 2567 1068 2595 nisset.
1085 2565 1244 2593 Extenditur
1258 2564 1329 2592 enim
1348 2564 1453 2591 anitnus
1470 2563 1606 2591 desiderio
1618 2563 1657 2591 rei
1670 2571 1771 2591 concu-

975 2614 1055 2648 pitat,
1076 2620 1129 2639 non
1154 2611 1244 2638 lmlilia
1257 2614 1419 2637 consectum.
1444 2608 1477 2635 In
1495 2617 1525 2635 ea
1543 2616 1600 2644 qua:
1620 2613 1679 2635 ante
1701 2613 1770 2641 sunt,

976 2659 1077 2694 inqttit,
1090 2661 1203 2685 extentus
1212 2676 1220 2689 ,
1234 2664 1323 2690 sequor
1335 2655 1368 2681 ad
1384 2655 1496 2689 palmam
1506 2661 1622 2688 supernae
1634 2653 1772 2681 vocationis

976 2704 1024 2731 Dei
1034 2704 1061 2730 in
1076 2702 1175 2730 Christo
1183 2701 1246 2729 Jesu
1262 2700 1371 2736 (Philip.
1387 2708 1424 2732 Ill,
1439 2699 1484 2732 12,
1497 2699 1554 2734 15).
1567 2699 1709 2731 Currebat,
1727 2707 1771 2726 se-

977 2749 1108 2784 quebatur
1130 2747 1164 2775 ad
1188 2748 1315 2782 palmam.
1342 2746 1375 2773 Et
1398 2746 1450 2772 alio
1472 2745 1532 2772 loco
1556 2745 1612 2780 jam
1635 2745 1773 2779 proximus

977 2796 1073 2831 palmae
1085 2814 1093 2828 ,
1111 2794 1237 2825 Cursum,
1255 2792 1358 2828 inquit,
1377 2791 1557 2819 consummari.
1584 2789 1697 2823 Quando
1709 2798 1774 2825 ergo

1010 2887 1019 2903 ί
1033 2884 1203 2917 Aliquot‘ltssq
1219 2882 1366 2917 consulendo
1379 2888 1388 2907 ε
1399 2889 1427 2907 ac
1439 2880 1588 2917 pauloﬂpost
1611 2879 1723 2917 plerique
1736 2878 1774 2905 fo-

978 2921 1046 2946 rtutl,
1056 2911 1151 2949 niruu'hi
1162 2911 1285 2947 prodesset
1294 2914 1359 2949 quod
1365 2911 1466 2940 attendit
1481 2918 1489 2937 :
1505 2911 1679 2940 £l'mudt'vit.
1693 2915 1743 2939 etc,

1012 2949 1021 2964 ³
1031 2948 1100 2977 Editi,
1108 2952 1173 2979 qum.
1183 2949 1210 2971 ιιι
1218 2949 1281 2977 κει,
1290 2948 1341 2981 qui.
