3978 6320
432 373 537 427 ι355
1654 364 1723 442 _S.
1765 363 2134 422 AUGUSTINI
2172 359 2481 420 EPISCOPI

431 482 637 538 diccbat
660 521 676 548 ,
712 481 910 549 Sequor
941 480 1007 533 ad
1032 479 1255 548 palmam
1283 493 1519 550 superna:
1546 478 1823 536 uocationis
1846 517 1862 545 ,
1903 477 2025 548 quia

431 577 538 644 iam
565 574 725 646 pedes
749 571 866 644 ejus
893 571 946 627 in
976 580 1126 643 petra
1158 571 1355 627 directi
1382 579 1537 627 erant
1560 612 1576 636 ,
1616 573 1730 642 jam
1758 569 1899 625 viam
1926 570 2029 626 bo-

434 682 556 722 nam
583 663 888 721 ambulabat
916 679 931 717 :
960 663 1155 718 habeat
1195 661 1337 722 unde
1376 663 1576 732 gratias
1605 670 1820 733 ageret,
1860 661 2030 719 habe-

434 756 530 812 bat
553 754 696 827 qnod
723 745 962 827 peteret,
992 754 1191 824 gratias
1225 767 1389 823 agens
1415 752 1482 808 de
1505 752 1762 822 acceptis,
1794 761 1983 822 petens
2013 751 2030 782 ‘

435 847 637 902 delita.
681 845 760 901 De
784 845 978 915 quibus
1003 844 1274 913 acceptis?
1318 845 1394 899 De
1423 843 1746 914 indulgentia
1777 852 2030 913 peccato-

437 953 580 1004 rum,
601 937 668 991 de
691 933 1077 991 illuminatioue
1100 935 1240 1000 iidei,
1259 935 1327 991 de
1352 935 1545 990 robore
1568 934 1703 1004 spei,
1730 935 1796 989 de
1820 935 2030 988 ﬂanuna

437 1030 736 1085 charitatis.
790 1028 944 1085 Unde
989 1038 1164 1083 autem
1202 1029 1377 1084 adhuc
1405 1028 1686 1083 Dominum
1735 1027 2032 1082 debitorem

437 1121 689 1177 tenebat?
713 1120 791 1175 De
813 1130 1020 1186 ctetero,
1054 1121 1242 1189 inquit,
1271 1130 1498 1190 superest
1523 1121 1647 1173 mihi
1670 1136 1858 1174 corona
1873 1119 2033 1191 justio

437 1216 540 1269 tite.
574 1213 762 1269 Adhuc
782 1209 912 1282 ergo
938 1211 1068 1266 mihi
1095 1211 1295 1281 aliquid
1323 1211 1572 1267 debetur.
1602 1209 1739 1278 Quid
1766 1209 2034 1266 debetur?

435 1303 639 1358 Corona
654 1301 905 1375 justitiar,
935 1318 1086 1371 quam
1125 1301 1299 1356 reddet
1326 1301 1452 1355 mihi
1473 1300 1722 1361 Dominus
1753 1300 1807 1355 in
1837 1301 1929 1355 illa
1953 1302 2036 1354 die

434 1399 598 1466 iustus
612 1394 782 1466 judea:
807 1393 872 1466 (ll
896 1390 1030 1448 Tim.
1061 1408 1132 1460 iv,
1161 1392 1196 1448 7
1214 1435 1230 1460 ,
1257 1392 1338 1465 8).
1365 1394 1545 1450 Primo
1574 1393 1834 1464 benignus
1858 1403 2030 1464 pater,

436 1496 498 1541 ut
537 1497 751 1542 erueret
797 1487 866 1541 de
891 1487 1008 1542 lacu
1038 1487 1303 1552 miserim,
1348 1495 1409 1541 ut
1435 1486 1662 1543 donaret
1698 1497 1947 1556 peccata,
1975 1496 2035 1543 ut

437 1579 691 1635 liberaret
719 1579 788 1633 de
812 1579 926 1633 luto
955 1579 1066 1636 limi
1098 1595 1113 1633 :
1150 1591 1333 1650 poetca
1358 1578 1532 1649 justus
1552 1576 1717 1648 judex
1737 1618 1758 1645 ,
1803 1577 2036 1635 reddens

439 1669 576 1726 bene
613 1668 906 1724 ambulanti
951 1667 1094 1739 quod
1144 1669 1427 1739 promisit,
1474 1670 1559 1725 cui
1591 1670 1764 1740 primo
1792 1679 1848 1724 ut
1894 1669 2035 1725 bene

435 1762 733 1819 ambularet
750 1758 991 1817 donavit.
1010 1761 1222 1820 Reddet
1245 1778 1373 1832 ergo
1388 1764 1564 1834 justus
1581 1762 1742 1832 judex
1771 1779 1784 1815 :
1808 1759 1906 1818 sed
1917 1761 2038 1833 qni-

437 1854 540 1910 bus
559 1852 586 1908 l
615 1853 717 1921 Qui
742 1853 1124 1926 perseveraverit
1150 1870 1305 1923 usque
1337 1854 1390 1908 in
1422 1853 1574 1923 ﬁnem
1595 1897 1611 1921 ,
1643 1853 1725 1907 hic
1746 1854 1918 1912 salvus
1940 1853 2035 1909 erit

439 1943 654 2016 (Matth.
679 1960 734 2008 ι,
761 1944 853 2007 2‘2,
880 1953 929 1998 et
957 1943 1244 2008 xxtv,li5).

506 2037 560 2090 4.
591 2032 758 2109 [νει-ε.
790 2034 879 2109 ι]
909 2034 978 2089 Ει
1019 2036 1228 2090 immisit
1265 2035 1318 2089 in
1363 2052 1419 2092 os
1463 2052 1625 2090 meum
1654 2037 1908 2100 canticum
1937 2054 2034 2096 no-

438 2142 573 2181 rum.
621 2127 774 2196 Quod
818 2127 1084 2182 canticum
1129 2127 1367 2187 novum?
1401 2127 1663 2204 Hymnum
1689 2127 1802 2184 Deo
1841 2138 2032 2184 nostra.

441 2218 666 2275 Dicebas
704 2213 844 2273 forte
875 2218 1106 2291 hymnos
1144 2217 1248 2276 diis
1271 2219 1502 2289 alienis,
1525 2227 1738 2275 veteres
1765 2219 2032 2293 hymnos;

441 2310 560 2378 quia
589 2320 742 2364 vetus
762 2309 923 2363 homo
944 2309 1180 2376 dicebat,
1204 2299 1312 2364 non
1335 2323 1504 2363 novus
1526 2309 1688 2370 homo
1711 2309 1801 2364 llat
1827 2325 1841 2364 :
1868 2323 2035 2366 novus

440 2400 624 2465 homo,
651 2400 794 2456 dicat
830 2400 1097 2456 canticum
1128 2415 1322 2456 novum
1353 2417 1367 2455 :
1401 2401 1682 2456 innovatus
1719 2410 1864 2456 amet
1897 2415 2034 2462 nova

436 2493 632 2565 quibus
675 2502 984 2547 renovatur.
1013 2489 1148 2548 Nam
1190 2491 1318 2563 quid
1349 2493 1616 2562 antiquius
1660 2492 1800 2554 Deo.
1835 2492 1925 2562 qui
1953 2502 2038 2547 est

436 2595 563 2642 ante
581 2585 782 2650 omnia,
812 2595 869 2640 et
896 2586 1015 2640 siue
1044 2587 1170 2650 line,
1199 2595 1253 2640 et
1277 2583 1394 2640 sine
1419 2584 1616 2640 initio?
1641 2585 1758 2639 Tibi
1786 2586 1843 2638 iit
1865 2599 2037 2647 novus

435 2675 681 2734 redeunti
706 2693 722 2742 ;
749 2676 871 2748 quia
901 2674 1232 2731 discedendo
1260 2674 1429 2730 factus
1456 2690 1576 2732 eras
1607 2686 1778 2742 vetus,
1805 2686 1858 2730 et
1885 2675 2034 2732 dixe-

437 2783 525 2824 ras
551 2783 569 2826 t
593 2765 880 2823 Inveteraei
904 2769 957 2822 in
982 2769 1213 2822 omnibus
1255 2769 1475 2823 inimicis
1505 2769 1628 2822 meis
1655 2767 1824 2842 (Ps1.
1853 2785 1926 2835 vt,
1951 2768 2032 2839 8).

435 2861 676 2918 Dicimus
699 2864 719 2895 ⁸
746 2877 875 2932 ergo
903 2861 1161 2934 hymnum
1193 2864 1304 2915 Deo
1333 2871 1536 2927 nostro,
1570 2872 1623 2916 et
1662 2862 1777 2930 ipse
1804 2861 2036 2932 hymnus

437 2951 626 3008 liberal
656 2967 776 3007 nos.
811 2951 1053 3005 Laudatis
1096 2952 1239 3005 enim
1286 2950 1524 3005 inrocabo
1556 2951 1826 3005 Dominum
1853 2992 1867 3017 ,
1900 2952 2034 3005 etab

433 3044 652 3099 inimicis
682 3043 804 3096 meis
850 3042 1022 3097 salvus
1049 3059 1137 3096 ero
1177 3041 1350 3115 (Psal.
1374 3058 1479 3097 xvtt
1503 3084 1517 3110 ,
1548 3041 1625 3115 ι).
1672 3043 1911 3114 Hymnus
1952 3050 2035 3098 est

433 3134 579 3189 enim
624 3133 891 3190 canticum
935 3132 1128 3188 laudis.
1175 3131 1426 3188 Laudatis
1462 3132 1670 3201 invoca,
1700 3148 1806 3188 non
1849 3148 2036 3205 repre-

435 3224 698 3281 hendens.
725 3223 953 3292 Quando
979 3224 1122 3280 enim
1151 3223 1370 3290 invocas
1391 3223 1583 3291 Deum,
1614 3232 1672 3279 ut
1699 3234 1907 3294 premat
1933 3225 2035 3280 ini-

434 3319 633 3374 micqu
662 3327 849 3396 tuum,
865 3316 1078 3387 quando
1106 3315 1175 3372 de
1203 3315 1343 3370 maio
1367 3315 1549 3371 alieno
1577 3303 1813 3386 gaudere
1843 3318 1952 3382 vis,
1979 3329 2036 3374 et

431 3407 500 3464 ad
543 3405 644 3465 hoc
672 3409 870 3465 malum
920 3409 1136 3462 invocas
1164 3407 1332 3463 Deum
1360 3448 1375 3473 ,
1407 3407 1720 3479 participem
1751 3425 1872 3463 eum
1905 3409 2033 3466 facis

435 3498 652 3554 malitiae
675 3486 809 3554 tum.
857 3497 914 3554 Si
957 3497 1270 3570 participem
1301 3513 1424 3553 eum
1470 3495 1600 3553 facis
1645 3498 1884 3566 malitiae,
1925 3517 2034 3556 non

429 3605 564 3658 ergo
586 3589 808 3645 laudans
835 3589 1074 3656 invocas,
1098 3588 1193 3644 sed
1225 3588 1645 3659 reprehendens.
1675 3589 1859 3646 Talem
1885 3594 2030 3646 enim

433 3688 592 3753 putas
613 3681 801 3748 Deum,
827 3678 1000 3751 qualis
1027 3689 1083 3734 tu
1110 3693 1186 3734 es.
1217 3678 1372 3736 Unde
1398 3679 1489 3734 tibi
1517 3680 1624 3735 alio
1653 3681 1771 3737 loco
1796 3680 1991 3739 dicitur
2013 3703 2030 3740 :

435 3771 564 3829 Illac
595 3768 762 3844 [edisti
780 3810 795 3834 ,
823 3782 867 3824 et
896 3771 1070 3835 tacui;
1097 3770 1380 3842 suspicatus
1404 3786 1456 3824 es
1481 3768 1796 3844 iniquitatem
1819 3774 1861 3839 ³,
1892 3774 2033 3845 quod

429 3878 519 3918 ero
546 3858 637 3919 tibi
659 3862 841 3916 similis
865 3860 1043 3932 (Psal.
1066 3875 1193 3916 χιιι
1217 3902 1229 3924 ,
1253 3861 1315 3914 2|
1340 3861 1378 3929 ).
1409 3859 1655 3926 Laudans
1682 3877 1810 3932 ergo
1841 3863 2028 3918 invoca

430 3955 716 4011 Donniuum
746 3970 761 4006 :
800 3953 908 4008 noli
948 3967 1070 4008 cum
1117 3961 1304 4023 punire
1331 3952 1558 4006 similem
1591 3952 1721 4018 tibi,
1755 3965 1808 4006 ut
1840 3955 2031 4010 similis

431 4038 672 4104 ιιτωίιιι.
721 4047 900 4103 Estote
941 4047 1075 4100 enim
1104 4045 1236 4101 sicut
1266 4043 1425 4098 Pater
1468 4053 1627 4099 vester
1655 4047 1861 4116 pri-[arti
1887 4088 1900 4108 ,
1944 4049 2030 4116 qui

427 4141 587 4197 solem
610 4155 762 4194 suum
791 4137 914 4193 oriri
946 4137 1070 4210 facit
1094 4153 1251 4206 super
1283 4136 1440 4191 bonos
1478 4145 1525 4189 et
1564 4138 1726 4191 malos
1749 4180 1765 4203 ,
1811 4147 1860 4191 et
1900 4142 2029 4209 ptuit

427 4250 581 4304 super
612 4232 783 4303 justas
825 4241 870 4284 et
911 4229 1129 4300 iujustos
1163 4227 1374 4299 (.llattlt.
1403 4240 1456 4293 ν,
1485 4228 1575 4294 48,
1603 4225 1720 4302 ιε).
1769 4229 1859 4285 Sic
1898 4245 2026 4300 ergo

425 4323 581 4380 lauda
606 4323 912 4386 Dominum,
941 4331 994 4374 ιιι
1024 4321 1161 4375 nolis
1187 4317 1327 4375 male
1350 4317 1582 4376 inimicis
1605 4313 1730 4376 tuis.
1767 4320 1835 4375 Et
1859 4338 2029 4394 quan-

427 4426 540 4473 tum
569 4416 682 4480 eis,
719 4415 930 4484 inquis,
959 4405 1118 4470 velim
1153 4413 1394 4469 bonum?
1431 4413 1700 4481 Quantum
1745 4416 1859 4471 tibi.
1908 4416 2024 4472 Non

423 4510 571 4564 enim
599 4507 670 4563 de
701 4517 792 4562 tuo
817 4505 1090 4575 accepturi
1141 4514 1268 4559 sunt
1305 4513 1374 4559 ut
1418 4505 1544 4560 boni
1591 4507 1698 4560 sint
1719 4549 1732 4570 ,
1764 4516 1856 4562 aut
1882 4510 2023 4580 qubd

425 4601 532 4655 illis
555 4599 791 4664 dabitur,
826 4597 918 4651 tibi
948 4597 1239 4653 minuetur.
1284 4594 1537 4652 Inimicus
1563 4605 1704 4663 tuus,
1744 4600 1868 4670 quia
1905 4615 2024 4655 ma-

424 4693 509 4748 lus
537 4703 642 4757 est,
672 4687 922 4744 inimicus
950 4699 1032 4743 est
1065 4706 1080 4742 :
1113 4690 1168 4743 lit
1211 4688 1388 4743 bonus
1412 4730 1424 4752 ,
1472 4697 1526 4743 et
1555 4690 1760 4746 amicus
1800 4692 1936 4755 erit,
1967 4703 2024 4749 vl,

423 4786 602 4840 socius
642 4779 786 4842 erit;
833 4793 892 4836 ut
930 4781 1091 4836 sinuti
1127 4782 1259 4836 velis
1293 4781 1569 4851 possidere
1598 4782 1740 4854 quod
1779 4788 2018 4860 amabas,

417 4881 528 4945 jam
561 4873 729 4929 frater
765 4873 888 4928 erit.
934 4870 1182 4926 Landans
1226 4886 1356 4942 ergo
1399 4872 1610 4936 invoca,
1639 4872 1898 4945 hymnum
1932 4876 2021 4933 dic

424 4967 534 5019 lico
571 4974 684 5030 tuo.
728 4962 1054 5031 Sacri/icium
1099 4961 1298 5028 laudis,
1325 4962 1432 5029 ait,
1459 4963 1767 5036 giari/icabit
1806 4980 1904 5023 tne.
1951 4968 2019 5028 Ει

422 5055 595 5135 quid?
637 5055 811 5126 major
849 5053 1018 5125 gloria
1061 5055 1166 5110 erit
1206 5053 1341 5122 Deo,
1381 5055 1504 5125 quia
1545 5056 1819 5128 gloriiieas
1851 5060 2018 5116 cum?

414 5158 512 5206 aut
535 5148 783 5205 addimus
808 5147 1033 5218 gloriam
1065 5146 1207 5213 Deo,
1231 5144 1449 5216 quando
1473 5145 1523 5201 ei
1550 5145 1800 5214 dicimus.
1832 5147 2015 5206 Glorio

417 5243 522 5297 lico
553 5250 642 5306 te.
683 5240 829 5297 Deus
857 5235 1054 5294 meus?
1096 5243 1191 5292 aut
1233 5235 1555 5294 sanctiorem
1597 5255 1720 5294 cum
1767 5237 2012 5310 iacimus,

415 5332 630 5399 quando
657 5332 902 5390 dicimus.
931 5329 1200 5386 Benedico
1227 5338 1300 5394 te,
1326 5330 1465 5386 Deus
1491 5330 1682 5387 meus?
1708 5328 1827 5403 ipse
1846 5347 2014 5400 quan-

413 5422 486 5481 do
513 5442 610 5482 nos
635 5423 902 5480 benedicit
923 5463 943 5490 ,
970 5420 1096 5477 facit
1123 5434 1223 5476 nos
1251 5421 1549 5476 sanctiores
1567 5461 1583 5487 ,
1613 5419 1739 5478 facit
1760 5435 1862 5477 nos
1888 5421 2010 5480 feli-

476 5580 494 5610 ί
519 5585 652 5632 ιω..
674 5584 837 5642 petens
865 5573 1047 5629 dimitti
1069 5570 1250 5626 debita.
1275 5572 1518 5633 Verbum,
1543 5571 1754 5636 Μ,
1781 5572 2012 5626 abestab

410 5645 494 5735 αἱ
737 5707 800 5761 at
818 5707 954 5761 ιον..
977 5695 1203 5761 diem
1229 5693 1464 5761 {etiam
1480 5731 1497 5758 ν
1521 5693 1690 5761 W
1707 5708 1816 5749 ⁸⁸⁸·

416 5763 654 5874 ᾠδῆς..
672 5758 838 5826 utique
878 5755 1084 5819 At'ussq
1105 5756 1446 5823 iniquitatem;
1470 5755 1546 5810 ssc
1585 5757 1782 5818 Iratmet
1808 5755 1924 5811 ωδ.
1951 5758 2005 5814 in

3625 360 3732 417 £36

2142 473 2360 538 ciorcs;
2400 474 2617 546 quando
2644 489 2743 530 nos
2771 474 3056 547 gioriiicat,
3087 471 3213 531 facit
3239 487 3336 531 nos
3361 472 3729 545 gloriosiores,

2137 565 2266 623 facit
2308 581 2408 637 nos
2454 565 2829 628 honoratiores
2865 586 2880 626 :
2920 567 3136 641 quando
3177 582 3303 630 eum
3343 567 3730 639 gloriﬁcamus.

2137 659 2296 716 nobis
2332 660 2572 730 prodest,
2610 675 2720 719 non
2751 660 2848 716 illi.
2877 661 3166 731 Quomodo
3190 660 3334 717 enim
3368 675 3492 718 eum
3525 658 3734 730 glorifi-

2136 749 2364 806 camus?
2402 751 2709 808 Cloriosum
2751 752 3002 821 dicendo,
3042 768 3150 808 non
3193 751 3459 808 faciendo.
3501 747 3735 807 Proinde

2131 841 2262 912 quid
2291 852 2508 898 secutus
2533 843 2630 908 ait,
2669 859 2792 899 cum
2811 843 3042 910 diceret,
3068 845 3395 913 Sacriﬁcium
3424 842 3593 897 laudis
3616 843 3729 912 glo-

2137 931 2353 1000 ri/icabit
2395 934 2521 987 me.’
2572 933 2651 990 Nc
2692 924 2911 1004 putares
2956 943 3010 991 te
3052 935 3251 1004 aliquid
3298 944 3556 1004 praestare
3595 935 3730 1000 Deo,

2138 1023 2414 1081 offerendo
2439 1026 2516 1081 illi
2541 1027 2864 1082 sacriﬁcium
2905 1027 3098 1095 laudis,
3125 1025 3194 1084 Et
3215 1026 3286 1083 ibi
3311 1036 3381 1082 est
3408 1027 3516 1090 eia,
3532 1026 3733 1096 inquit,

2138 1114 2223 1168 ubi
2243 1117 2503 1172 ostendam
2525 1118 2603 1172 illi
2624 1121 2849 1180 salutare
2872 1134 3042 1173 meum
3062 1117 3237 1194 (mat.
3261 1134 3404 1183 xux,
3427 1116 3546 1189 25).
3573 1117 3734 1174 Vides

2137 1206 2261 1275 quia
2293 1207 2387 1262 tibi
2435 1207 2675 1280 proderit
2715 1207 2935 1265 laudare
2973 1209 3176 1278 Deum,
3205 1224 3312 1265 non
3349 1209 3480 1265 Deo.
3522 1204 3736 1264 Laudas

2141 1296 2354 1352 Deum?
2397 1299 2654 1354 Ambulas
2679 1300 2842 1355 viam.
2883 1299 3258 1374 Reprehendis
3283 1299 3497 1356 Deum?
3543 1297 3733 1356 Perdi-

2137 1387 2260 1441 disti
2289 1388 2449 1442 viam.
3029 1391 3034 1395 ’

2210 1479 2266 1533 5.
2295 1477 2362 1532 Et
2384 1479 2590 1534 immisit
2609 1481 2666 1534 in
2692 1496 2748 1535 os
2780 1490 2948 1536 mem
2983 1482 3237 1536 canticum
3258 1496 3466 1548 novum,
3491 1479 3735 1553 hymnum

2141 1572 2249 1628 Deo
2275 1583 2468 1629 nostro.
2505 1573 2669 1629 Forte
2694 1575 2886 1646 quaerit
2907 1574 3118 1645 aliquis,
3148 1589 3270 1646 qua:
3291 1588 3522 1645 persona
3551 1573 3738 1646 loqua-

2137 1675 2226 1719 tur
2247 1665 2298 1720 in
2327 1666 2428 1722 hoc
2451 1665 2679 1736 psalmo.
2700 1666 2941 1722 Breviter
2963 1665 3214 1734 dixerim,
3234 1667 3478 1723 Christus
3501 1678 3604 1723 εει.
3629 1665 3735 1722 Sed

2137 1757 2275 1813 sicut
2301 1760 2494 1823 nostis.
2521 1757 2738 1829 fratres,
2779 1767 2833 1816 et
2853 1773 3005 1830 saepe
3031 1759 3320 1816 dicendum
3359 1768 3464 1825 est,
3491 1758 3738 1814 Christus

2137 1851 2426 1923 aliquando
2451 1852 2690 1924 loquitur
2711 1866 2776 1908 ex
2806 1865 2888 1920 se,
2919 1851 2973 1907 id
2996 1860 3079 1908 est
3106 1866 3173 1910 ex
3203 1850 3376 1922 capite
3401 1859 3588 1906 nostro
3617 1869 3632 1906 :
3655 1862 3739 1907 est

2137 1947 2282 2001 cnim
2311 1946 2428 2016 ipse
2454 1945 2703 2004 Salvator
2729 1945 2972 2017 corporis
2995 1987 3012 2014 ,
3051 1954 3214 2017 caput
3248 1954 3494 2003 nostrum
3513 1985 3530 2011 ,
3569 1943 3738 2001 Filius

2138 2039 2234 2101 Dei
2264 2048 2420 2094 natus
2441 2054 2505 2095 ex
2527 2038 2766 2111 virgine,
2799 2053 2988 2109 passm
3015 2053 3113 2109 pro
3148 2037 3327 2104 nobis,
3359 2051 3647 2108 resurgens
3670 2037 3736 2091 ad

2137 2143 2238 2190 nos
2270 2128 2682 2201 justiticandos,
2708 2129 2906 2186 sedens
2932 2128 2998 2184 sd
3025 2127 3301 2186 dexteram
3331 2129 3422 2184 Dei
3461 2129 3529 2183 ad
3567 2127 3738 2184 inter-

2139 2221 2447 2293 pellandum
2487 2236 2585 2294 pro
2623 2222 2800 2290 nobis,
2841 2221 3202 2280 retributurus
3233 2221 3413 2276 omnia
3444 2219 3497 2275 in
3537 2219 3740 2291 judicio

2139 2310 2279 2366 bona
2321 2311 2498 2378 bonis,
2534 2312 2675 2368 maia
2703 2311 2882 2368 malis.
2925 2311 3096 2383 Caput
3138 2321 3381 2368 nostrum
3427 2311 3546 2376 ille,
3577 2319 3736 2382 caput

2139 2401 2392 2473 dignatus
2425 2411 2510 2458 est
2547 2403 2794 2475 corporis
2828 2403 2965 2468 ileri,
2992 2417 3211 2459 carnem
3241 2400 3614 2457 assumendus
3641 2417 3741 2457 uo-

2140 2492 2244 2559 bis,
2289 2494 2342 2549 in
2364 2510 2466 2565 qua
2500 2505 2802 2552 moreretur
2827 2510 2922 2565 pro
2949 2493 3107 2550 nobis
3134 2509 3151 2548 :
3181 2510 3341 2566 quam
3368 2493 3533 2552 etiam
3553 2508 3738 2552 resus-

2138 2583 2317 2639 citavit
2368 2594 2585 2656 propter
2619 2600 2753 2650 nos,
2795 2593 2854 2640 ut
2891 2584 2947 2640 in
2995 2583 3083 2640 illa
3119 2600 3285 2641 carne
3323 2583 3743 2642 resurrectionis

2139 2676 2293 2733 nobis
2337 2677 2613 2748 praeberet
2654 2673 2966 2746 exemplum
2989 2718 3006 2744 ,
3039 2682 3098 2731 ut
3139 2690 3358 2746 sperare
3404 2673 3740 2732 disceremus

2138 2767 2281 2838 quod
2309 2767 2762 2838 desperabamus,
2785 2774 2842 2822 et
2867 2765 3193 2823 haberemus
3213 2765 3323 2837 jam
3363 2764 3531 2838 pedes
3565 2766 3621 2822 in
3646 2779 3740 2836 pec

2140 2866 2243 2922 tra,
2265 2857 2664 2915 ambularemus
2683 2857 2736 2913 in
2757 2857 2993 2936 Christo.
3021 2855 3283 2929 Loquitur
3298 2872 3426 2929 ergo
3455 2856 3740 2928 aliquando

2139 2964 2205 3003 ex
2231 2949 2406 3019 capite
2431 2959 2639 3013 nostro,
2670 2947 2910 3019 loquitur
2945 2945 3234 3026 aliquando
3271 2955 3327 3004 et
3365 2963 3432 3005 ex
3471 2947 3649 3014 nobis,
3687 2947 3738 3003 id

2138 3049 2222 3096 est
2247 3055 2311 3096 ex
2344 3039 2601 3095 membris
2619 3039 2771 3095 suis:
2801 3039 2926 3111 quia
2955 3040 3120 3095 etiam
3160 3037 3375 3109 quando
3399 3038 3570 3104 dixit,
3600 3036 3739 3092 Ess-

2137 3131 2252 3196 rioi,
2294 3138 2343 3184 et
2369 3129 2579 3185 dedistis
2611 3129 2740 3185 mihi
2770 3127 3084 3185 manducare
3119 3129 3338 3200 (Matth.
3361 3145 3489 3194 xxv,
3511 3127 3641 3201 35),
3672 3143 3739 3184 ex

2140 3223 2397 3280 membris
2418 3225 2530 3279 suis
2553 3223 2891 3297 loquebatur,
2918 3237 3026 3278 non
3050 3239 3119 3280 ex
3143 3238 3222 3279 se.
3247 3223 3317 3279 Et
3343 3223 3557 3296 quando
3581 3223 3740 3291 dixit,

2139 3313 2322 3379 Saule,
2350 3311 2531 3380 Saule,
2551 3352 2554 3353 ν
2573 3315 2698 3386 quid
2733 3330 2814 3370 me
2840 3316 3156 3386 persequeris
3184 3314 3324 3387 (Act.
3349 3330 3422 3379 lx,
3448 3313 3549 3386 4)?
3579 3323 3750 3384 caput

2138 3420 2237 3476 pro
2279 3404 2536 3461 membris
2573 3405 2842 3460 clamabat
2878 3419 2893 3460 ε
2932 3415 2987 3458 et
3030 3413 3207 3459 tamen
3252 3419 3360 3460 non
3402 3404 3561 3474 dixit,
3599 3403 3744 3474 Quid

2137 3499 2477 3568 persequeris
2504 3498 2744 3553 membra
2776 3496 2934 3553 mea?
2963 3499 3080 3563 sed,
3107 3497 3230 3567 quid
3264 3513 3343 3552 me
3380 3495 3740 3568 persequeris!

2134 3589 2190 3643 Si
2235 3589 2289 3643 in
2331 3589 2487 3645 nobis
2522 3591 2635 3659 ipse
2673 3588 2890 3659 patitur,
2913 3597 2971 3648 et
2999 3603 3096 3642 nos
3131 3589 3185 3643 in
3217 3587 3309 3644 illo
3333 3589 3739 3647 comnabintur.

2134 3678 2262 3737 llzec
2287 3691 2369 3735 est
2389 3679 2624 3736 Charitas
2639 3679 2864 3735 Christi.
2890 3677 3030 3746 Quid
3051 3675 3183 3733 huic
3201 3676 3501 3750 comparari
3523 3677 3738 3750 potest?

2136 3771 2305 3842 llujns
2346 3771 2424 3827 rei
2456 3772 2712 3844 hymnum
2753 3771 2978 3826 immisit
3022 3771 3074 3825 in
3115 3785 3179 3826 os
3220 3781 3487 3839 nostrum,
3529 3783 3584 3829 et
3604 3771 3738 3831 dicit

2135 3863 2237 3918 hoc
2268 3880 2333 3918 ex
2365 3865 2620 3918 membris
2644 3863 2776 3918 suis.

2204 3961 2259 4010 tt.
2293 3954 2542 4009 Videbunt
2556 3956 2707 4026 justi,
2739 3965 2785 4008 et
2810 3953 3073 4021 timebunt,
3102 3964 3150 4010 et
3187 3956 3460 4028 sperabunt
3479 3956 3532 4010 in
3555 3953 3738 4012 Donti~

2135 4061 2273 4100 nam.
2309 4044 2558 4100 Videbunt
2584 4047 2737 4118 justi.
2777 4045 2880 4114 Qui
2913 4045 3086 4114 justi?
3115 4045 3364 4102 Fideles:
3393 4047 3514 4118 quia
3553 4043 3738 4117 justus

2132 4151 2196 4190 ex
2239 4135 2345 4190 ildc
2383 4136 2513 4190 vivit
2552 4135 2780 4206 (ﬂabat.
2805 4150 2863 4200 ιι,
2891 4138 2947 4202 4,
2971 4148 3018 4191 et
3040 4136 3192 4192 Rom.
3221 4154 3268 4205 l,
3298 4137 3408 4210 l7).
3439 4139 3647 4194 Etehim
3680 4139 3734 4196 in

2134 4227 2373 4284 Ecclesia
2416 4228 2516 4282 iste
2555 4228 2688 4283 ordo
2715 4238 2841 4284 est:
2877 4231 2966 4284 alii
3001 4229 3326 4298 praecedunt,
3370 4231 3463 4286 alii
3492 4247 3732 4302 scqtmn-

2132 4331 2218 4375 tur
2243 4339 2257 4374 :
2285 4329 2340 4376 et
2373 4321 2461 4390 qui
2492 4319 2824 4392 pnuceduut,
2870 4322 3120 4391 exemplo
3147 4337 3207 4378 se
3237 4321 3477 4394 praebent
3502 4338 3734 4394 sequen-

2131 4419 2309 4484 tibus;
2341 4428 2394 4484 et
2421 4419 2856 4489 quiksequuntur,
2893 4419 3172 4485 imitantur
3199 4418 3589 4493 prtecedentes.
3619 4420 3729 4476 Sed

2131 4520 2187 4564 et
2214 4509 2289 4568 illi
2314 4513 2403 4580 qui
2430 4524 2491 4567 se
2522 4512 2772 4580 exemplo
2800 4510 3040 4581 praebent
3074 4509 3442 4583 sequentibus,
3471 4512 3730 4584 numquid

2128 4603 2396 4658 nemiuem
2441 4603 2787 4674 sequuntur?
2814 4603 2873 4661 Si
2915 4604 3187 4660 neminem
3217 4614 3540 4676 sequuntur,
3576 4623 3731 4662 erra-

2128 4695 2280 4750 buut.
2323 4698 2634 4766 Sequuntur
2660 4713 2791 4770 ergo
2831 4707 2886 4753 ct
2930 4697 3007 4754 illi
3051 4699 3309 4772 aliquem,
3356 4699 3526 4768 ipsum
3565 4699 3724 4757 Chri-

2125 4797 2286 4841 stum.
2316 4787 2562 4843 Melior-cs
2585 4790 2783 4860 quique
2803 4789 2857 4846 in
2882 4789 3145 4854 Ecclesia,
3167 4789 3361 4859 quibus
3385 4807 3488 4845 non
3513 4808 3728 4847 reman-

2123 4879 2195 4934 sit
2213 4877 2324 4950 jam
2349 4877 2511 4934 homo
2531 4895 2691 4950 quem
2716 4879 3014 4946 imitentur,
3037 4880 3160 4951 quia
3182 4897 3369 4936 omnes
3391 4881 3723 4952 proﬁcientia

2120 4978 2532 5041 superaverunt,
2562 4971 2676 5041 ipse
2700 4971 2945 5028 Christus
2970 4970 3051 5027 eis
3076 4980 3338 5036 remanet,
3361 4988 3522 5042 quem
3553 4991 3723 5046 usque

2120 5062 2180 5119 in
2224 5061 2385 5118 tinem
2433 5072 2747 5135 sequantur.
2796 5063 2866 5120 Et
2907 5064 3129 5120 cernitis
3155 5065 3174 5097 ¹
3202 5065 3477 5120 ordinatos
3519 5066 3723 5136 gradus

2119 5169 2219 5226 per
2229 5153 2448 5210 Paulum
2465 5157 2765 5224 apostolum
2787 5155 3053 5212 dicentem
3075 5173 3088 5209 ε
3109 5154 3402 5212 Imitatores
3423 5159 3520 5212 mei
3538 5170 3714 5223 estote,

2117 5248 2250 5303 sicut
2269 5253 2319 5302 et
2345 5263 2438 5316 ego
2464 5247 2651 5304 Christi
2673 5247 2728 5322 (I
2751 5248 2872 5304 Cor.
2897 5263 2972 5316 tv,
3001 5249 3114 5320 16).
3145 5250 3286 5323 Ergo
3311 5251 3402 5321 qui
3428 5251 3538 5320 jam
3567 5251 3715 5308 dire-

2117 5350 2236 5396 ctos
2262 5354 2480 5412 gressus
2521 5339 2725 5397 habent
2771 5343 2823 5398 in
2871 5351 3041 5412 petra,
3090 5341 3260 5397 forma
3289 5344 3396 5399 sint
3423 5343 3716 5403 ﬁdelibus:

2119 5429 2229 5486 Sed
2249 5431 2442 5497 forma,
2487 5433 2678 5500 inquit,
2707 5442 2811 5487 esto
2851 5431 3086 5502 ﬁdelibus
3131 5431 3182 5505 (1
3207 5431 3339 5489 Tim.
3364 5449 3436 5502 IV,
3472 5431 3579 5508 I2).
3610 5434 3716 5509 Ipsi

2117 5521 2304 5578 ﬁdeles
2329 5531 2455 5577 sunt
2473 5520 2636 5592 justi,
2664 5522 2754 5594 qui
2794 5523 3132 5580 attendentes
3159 5541 3253 5579 eos
3277 5526 3367 5594 qui
3397 5540 3457 5581 se
3487 5527 3539 5583 iu
3571 5527 3716 5586 bona

2117 5613 2445 5684 praecedunt,
2491 5613 2751 5670 imitando
2792 5624 3112 5684 sequuntur.
3160 5618 3442 5684 Quomodo
3468 5635 3712 5691 sequun-

2114 5705 2244 5762 ωτι
2283 5703 2534 5762 Videbunt
2567 5707 2718 5780 justi,
2764 5717 2812 5762 et
2853 5707 3116 5763 timebunt.
3139 5708 3427 5779 Videbunt,
3453 5721 3508 5768 et
3548 5716 3699 5770 timo-

2178 5821 2197 5853 ¹
2221 5820 2682 5886 Itaxinnpsrsttss;
2710 5827 2764 5874 et
2787 5819 3002 5873 Charitas
3025 5821 3216 5874 ordinat
3237 5823 3325 5877 hos
3344 5825 3548 5892 gradus.
