1989 3160
96 178 146 205 837

94 234 161 262 bunt
174 232 251 269 sequi
269 232 325 262 vias
341 232 436 265 malas,
451 240 511 261 cum
528 232 617 261 vident
628 240 750 269 quosque
764 232 891 261 meliores

93 281 150 316 jam
171 280 286 316 elegisse
299 279 357 307 vias
379 279 485 313 bonas;
505 282 535 307 et
557 278 651 307 dicunt
672 279 698 307 in
717 279 809 307 animo
829 285 890 312 suo,

93 325 320 361 quemadmodum
342 325 430 353 solent
450 324 541 353 dicere
562 323 699 358 viatores,
722 324 892 352 attendentes

93 371 163 399 alios
175 378 236 402 eum
252 370 461 406 przesumptione
473 370 641 399 ambulantes
660 370 687 398 in
702 370 742 398 via
752 391 760 404 ,
776 370 826 405 ipsi
840 369 890 397 ad-

94 416 148 443 huc
161 416 253 444 incerti
267 416 328 449 vim,
341 420 368 443 et
382 415 458 451 quasi
471 415 634 443 ﬂuctuantes
646 423 698 451 qua
711 420 783 448 eant,
799 415 891 443 dicunt

92 461 144 488 sibi
157 470 163 488 :
182 460 242 489 Non
258 459 358 490 [rustra
370 460 408 488 illi
424 460 475 489 hac
490 455 567 494 eunt,
581 460 688 496 quando
700 460 747 488 illo
758 464 823 489 eunt
836 468 891 496 quo

92 515 143 534 nos
165 507 204 534 ire
223 507 364 539 volumus;
384 511 411 533 et
432 514 514 542 quare
534 514 593 533 eum
617 514 711 541 magna
726 506 820 534 ﬁducia
841 507 890 534 hac

92 557 168 587 euut,
193 553 243 580 nisi
265 553 326 588 quia
349 553 409 581 illac
427 555 466 581 ire
480 554 658 588 perniciosum
682 554 743 581 est?
764 553 889 580 Videbunt

92 607 159 633 ergo
179 599 253 633 iusti,
276 603 299 625 et
313 600 444 626 timebunt.
460 601 607 634 Angustam
628 600 696 626 viam
718 600 808 627 \idcut
828 600 887 632 hac,

92 645 174 672 latam
201 645 270 673 viam
295 644 386 672 vident
408 645 491 673 illac:
512 646 561 672 hac
583 645 674 672 vident
698 653 804 678 paucos,
830 645 890 672 illac

92 691 192 718 mullos
212 691 319 727 (.llatt/a.
334 699 382 724 vn,
399 691 430 718 l5
441 711 450 724 ,
471 691 505 718 Li
560 690 613 718 Sed
629 691 650 717 si
664 691 752 725 justus
767 699 795 718 es
806 712 813 723 ,
835 691 889 717 noli

92 745 250 771 munerare,
264 738 311 765 scd
327 738 466 772 appende;
487 742 614 765 stateram
625 737 692 764 all'er
705 745 819 772 mquam,
835 745 888 764 non

91 782 225 813 dolosam.
239 784 302 819 quia
313 784 401 819 justus
413 784 562 819 appellatus
577 792 605 811 es
621 792 627 811 :
644 783 768 811 Videbunt
777 784 852 819 justi,
866 789 890 810 ιιι

93 830 226 863 timebam,
237 831 336 858 dictum
349 835 391 859 est
403 831 436 859 de
451 837 485 858 te.
497 831 558 859 Noli
570 839 634 867 ergo
646 839 789 858 numerare
800 832 890 859 turbas

94 877 234 905 hominum
248 877 404 905 incedentes
418 877 484 904 latas
497 877 563 911 vias,
580 878 722 912 implentes
743 878 888 904 crastinum

92 922 210 956 circum,
224 922 340 950 civitatis
350 922 469 950 Natalem
483 922 624 950 clamando
637 922 813 955 celebrantes,
825 923 890 949 citi-

93 973 175 995 tatcm
192 967 278 1002 ipsam
292 968 362 996 male
375 968 490 996 vivendo
510 973 657 1003 turpantes.
677 967 736 994 Noli
752 975 816 1002 ergo
829 968 890 995 illos

92 1013 251 1047 attendere;
267 1015 343 1042 multi
355 1020 427 1047 sunt,
441 1020 467 1042 et
480 1015 539 1049 quis
554 1014 697 1042 numeral?
710 1015 789 1041 Pauci
800 1019 890 1041 autem

93 1060 223 1095 perviam
240 1065 390 1096 angustant.
413 1060 506 1088 Profer
516 1081 523 1093 ,
540 1060 646 1094 inquam
659 1081 667 1093 ,
681 1065 808 1087 stateram
822 1081 828 1091 ,
843 1067 889 1093 ap-

94 1105 181 1141 pende
203 1115 209 1133 :
230 1106 291 1134 vide
313 1111 406 1135 contra
429 1114 512 1141 pauca
534 1113 616 1141 grana
638 1111 764 1140 quantam
788 1107 889 1140 paleam

95 1153 176 1180 leves.
197 1151 256 1183 Hoc
270 1156 352 1187 agant
368 1151 459 1179 lideles
477 1151 541 1186 justi
563 1151 607 1186 qui
629 1157 785 1186 sequuntur.
801 1151 888 1184 Quid‘

94 1199 131 1226 illi
146 1199 192 1235 qui
208 1198 382 1233 pmcedunt?
403 1198 460 1226 Non
473 1199 640 1232 superbiant,
653 1206 706 1225 non
720 1206 748 1225 sc
761 1198 888 1228 exalteut,

94 1252 148 1272 non
161 1244 297 1279 decipiant
311 1248 464 1279 sequentes.
485 1243 624 1277 Quomodo
638 1248 747 1277 possunt
766 1244 890 1277 decipere

93 1290 258 1326 sequentes?
278 1289 464 1317 Promittendo
489 1289 543 1316 illis
569 1289 594 1315 in
623 1296 652 1315 se
673 1288 794 1315 salutem.
822 1288 890 1322 Quid

94 1342 158 1370 ergo
178 1334 278 1365 debent
303 1334 341 1361 illi
362 1334 407 1369 qui
427 1334 596 1369 sequuntur?
620 1333 743 1360 Videbunt
763 1334 847 1369 justi,
867 1340 891 1361 et

94 1379 224 1413 timebunt,
241 1384 265 1406 et
279 1379 414 1414 sperabunt
425 1379 451 1406 in
464 1379 599 1405 Dominum
611 1387 620 1405 :
638 1387 690 1406 non
704 1379 730 1406 in
744 1387 792 1407 eos
802 1387 815 1405 a
830 1379 889 1414 qui-

94 1425 143 1453 bus
164 1425 350 1460 prmcdunlur
369 1433 377 1452 :
397 1424 444 1452 sed
466 1424 630 1452 attendendo
650 1425 830 1460 prmcedcnles
849 1433 889 1457 se,

92 1475 242 1507 sequmtur
259 1470 366 1506 quidem
380 1475 407 1498 et
427 1470 578 1503 imitantur,
593 1470 640 1498 sed
660 1471 721 1506 quia
741 1470 859 1505 Cogitant
875 1479 889 1497 a

92 1525 146 1553 quo
165 1518 316 1552 acceperint
338 1515 376 1544 illi
388 1520 416 1543 ut
431 1516 592 1551 prmeedaut,
609 1520 635 1543 et
650 1516 678 1543 in
696 1524 756 1543 eum
771 1520 888 1550 sperant.

93 1553 220 1597 Quamvis
237 1569 301 1597 ergo
321 1562 385 1589 istos
399 1562 547 1593 imitentur,
570 1569 645 1596 spem
665 1568 740 1588 suam
762 1566 850 1588 tamen
864 1561 889 1588 iu

93 1610 138 1636 illo
151 1612 264 1643 ponunt,
277 1616 292 1635 a
307 1616 360 1643 quo
373 1612 400 1636 et
419 1608 462 1635 isti
475 1612 638 1642 acceperunt
655 1607 725 1635 unde
739 1607 804 1634 tales
818 1612 888 1634 sunt.

98 1655 223 1682 Videbunt
236 1655 313 1691 jutli,
324 1659 348 1681 et
363 1655 495 1685 timebunt,
506 1660 529 1680 et
539 1650 677 1688 sperabunt
694 1654 720 1680 in
730 1653 869 1680 Dominum
879 1661 890 1680 .-

92 1701 318 1737 quemadmodum
332 1701 359 1728 in
370 1701 422 1728 alio
437 1700 540 1736 psalmo
551 1720 558 1733 ,
571 1699 661 1727 Lwavi
675 1701 759 1727 oculos
777 1708 844 1726 meos
864 1700 890 1726 in

92 1752 200 1777 montes.
220 1745 394 1781 intelligimus
409 1750 524 1778 montes,
548 1745 636 1772 claros
651 1753 771 1780 quosque
790 1750 817 1772 et
831 1753 889 1771 ma-

91 1800 158 1828 gnos
179 1792 308 1820 Ecclesia:
327 1791 480 1827 spirituales
502 1791 590 1822 viros.
613 1798 723 1825 magnos
743 1791 887 1824 soliditate,

92 1846 145 1866 non
158 1843 272 1865 tumore.
294 1837 346 1865 Per
359 1837 430 1871 ipsos
442 1836 519 1863 nobis
531 1836 666 1870 Scriptura
682 1837 768 1862 omnis
781 1836 889 1870 dispen-

90 1889 149 1912 sata
164 1888 222 1917 est;
246 1883 387 1918 Propheta:
404 1887 476 1915 sunt,
490 1882 666 1917 Evangelistm
677 1887 753 1914 sunt,
765 1882 889 1910 doctores

91 1930 155 1959 boui
176 1934 239 1959 sunt
257 1938 264 1957 :
286 1929 348 1957 illuc
369 1929 446 1956 levavi
468 1929 554 1955 oculos
567 1936 635 1956 meos
654 1928 681 1955 in
697 1934 808 1962 montes,
823 1929 890 1955 unde

91 1976 173 2007 veniet
187 1975 313 2002 auxilium
326 1974 397 2001 nti/ti.
420 1974 451 2001 Et
472 1981 506 2001 nc
526 1974 671 2001 humanum
690 1979 795 2008 putares
815 1974 890 2000 auxi-

91 2022 168 2052 lium.
185 2021 316 2056 sequitur,
336 2025 364 2048 et
381 2020 446 2047 dicit
458 2028 465 2046 ι
478 2019 610 2046 Auxilium
630 2028 712 2047 meum
732 2029 747 2046 a
767 2020 887 2052 Domino,

91 2067 136 2103 qui
148 2067 207 2102 fecit
221 2066 310 2093 ctzlttm
329 2070 352 2093 et
371 2070 465 2098 terram
485 2064 570 2101 (Psal.
583 2073 633 2093 cxx
645 2087 652 2098 ,
668 2066 675 2092 i
691 2086 698 2098 ,
710 2065 748 2102 ἓ).
766 2065 889 2093 Videbunt

91 2106 165 2150 justi,
178 2117 201 2138 et
215 2111 347 2145 timebunt,
360 2115 383 2138 el
397 2111 532 2146 sperabunt
544 2111 569 2137 in
583 2111 728 2138 Dominum.

127 2170 156 2197 7.
170 2167 247 2205 [υεη.
258 2167 298 2204 5.]
314 2168 360 2195 Eia
374 2168 419 2203 qni
440 2168 532 2194 volunt
558 2175 666 2202 sperare
686 2169 711 2195 in
731 2168 869 2195 Dominum
881 2190 887 2200 ,

90 2218 137 2252 qui
153 2215 245 2242 vident
262 2219 290 2241 et
309 2214 418 2246 timent,
434 2214 544 2241 timeant
557 2214 695 2241 ambulare
715 2214 772 2241 vias
789 2216 888 2247 malas,

92 2263 152 2289 vias
166 2262 251 2294 latas;
266 2260 364 2296 eligant
378 2261 447 2287 viam
461 2266 610 2295 angustam,
626 2261 670 2287 ubi
680 2260 735 2296 jam
747 2268 826 2295 supra
841 2269 888 2295 pe-

91 2313 162 2337 tram
177 2306 353 2342 quorumdam
376 2306 471 2334 directi
491 2311 553 2333 sunt
572 2313 698 2341 gressus:
721 2307 783 2341 quid
803 2307 889 2335 facere

92 2353 227 2385 debeant,
242 2352 351 2379 audiant
372 2351 461 2379 modo.
487 2352 580 2379 Beatus
600 2353 638 2378 vir
658 2353 730 2387 cujus
749 2357 785 2379 ut
799 2361 890 2380 nonien

92 2399 199 2427 Domini
206 2407 263 2435 spes
271 2400 334 2434 ejus,
349 2404 430 2426 etnon
443 2399 549 2434 respexit
565 2400 590 2425 in
605 2400 726 2426 vanitates
740 2404 764 2425 et
778 2400 890 2427 insanior

92 2445 309 2473 mendaces.Ecce
316 2453 366 2480 qua
376 2445 483 2472 volebas
492 2445 540 2478 ire,
547 2452 609 2472 ecce
617 2446 691 2472 turba
699 2447 747 2472 vise
755 2446 814 2473 latae
822 2455 828 2472 :
837 2455 889 2473 non

93 2491 191 2519 frustra
202 2491 260 2526 ipsa
271 2490 345 2518 ducit
357 2491 391 2518 ad
405 2491 641 2526 amphitheatrum,
658 2499 711 2518 non
725 2492 820 2519 frustra
834 2492 889 2527 ipsa

92 2538 167 2565 ducit
177 2537 210 2564 ad
224 2533 349 2565 mortem.
362 2537 410 2564 Via
423 2537 474 2564 lata
486 2538 619 2564 mortifera
633 2541 692 2564 cst:
710 2537 822 2565 latitudo
833 2537 890 2572 ejus

92 2583 208 2610 delectat
222 2583 255 2610 atl
271 2587 374 2617 tempus
385 2603 391 2614 ,
409 2583 468 2609 ﬂuis
487 2583 545 2615 ejus
557 2587 686 2616 angustus
707 2583 731 2609 in
747 2588 888 2610 teternum.

92 2628 145 2656 Sed
161 2628 245 2656 turbae
257 2633 390 2662 strepunt,
407 2628 491 2655 turba:
504 2628 642 2655 festinant.
658 2629 742 2655 turba:
754 2629 891 2656 coll-.etan-

93 2679 136 2702 tur
163 2674 281 2709 ',turb:n
300 2678 471 2701 concurrunt.
493 2673 552 2700 Νυιὶ
574 2673 686 2705 imitari,
711 2674 765 2701 noli
789 2675 888 2706 aVerli;

93 2718 225 2747 vanitates
244 2723 323 2752 sunt,
346 2723 373 2747 et
395 2719 505 2746 insaniae
526 2719 678 2746 mendaces.
701 2720 740 2746 Sit
763 2720 890 2747 Dominus

94 2765 166 2793 Deus
180 2768 241 2792 tuus
259 2772 321 2801 spes
337 2768 379 2793 tua
393 2774 400 2793 :
416 2773 468 2791 non
484 2764 553 2791 aliud
569 2764 665 2799 aliquid
679 2773 693 2791 a
710 2765 821 2792 Domino
836 2766 890 2793 Deo

124 2840 134 2855 ¹
147 2837 313 2875 εἰιεὲιιῖιειῆιιιικε⁸
325 2843 389 2875 avsa,
407 2844 435 2864 Αι
446 2840 501 2866 ωτι.
513 2846 520 2864 :
535 2844 584 2864 Hoc
595 2844 668 2874 agant
677 2839 761 2873 ﬁdeles
778 2842 840 2873 justi
851 2841 893 2875 qui

92 2869 235 2901 sequuntur,
248 2869 313 2902 quod
321 2869 368 2900 illi,
380 2874 429 2896 etc.
610 2869 622 2874 '

125 2902 136 2918 ⁸
145 2903 182 2927 sic
193 2900 279 2933 plures
290 2905 342 2927 uss.
355 2906 382 2926 At
392 2901 458 2933 edd,
469 2904 636 2928 colluctatam.

630 169 833 204 ΕΝΑἩΒΑΤΙΟ
851 175 886 204 ΙΝ
905 174 1066 204 ΡειΑωιυΜ
1085 176 1208 205 XXXIX.

946 237 993 260 tuo
1005 240 1110 268 speres.
1124 235 1171 262 sed
1184 235 1242 270 ipse
1253 236 1380 266 Dominus
1391 243 1451 267 tuus
1465 239 1500 267 sit
1512 247 1575 276 spes
1589 245 1644 268 tua.
1659 242 1739 270 Natu-

943 286 997 315 quo
1015 280 1091 308 multi
1113 280 1147 309 de
1167 281 1224 309 Deo
1247 288 1356 318 sperant
1372 285 1527 320 pecuniam,
1543 286 1618 314 multi
1637 290 1672 315 de
1684 288 1739 316 Deo

943 330 1054 361 sperant
1065 326 1182 356 honores
1192 328 1308 358 caduco:
1320 334 1347 358 et
1359 330 1505 366 perituros,
1519 332 1590 367 aliud
1603 334 1739 369 quodlibet

943 378 959 399 a
974 371 1029 401 Deo
1039 369 1138 407 prieter
1150 373 1236 409 ipsum
1250 375 1354 404 Deum:
1367 376 1415 404 sed
1429 382 1457 405 tu
1469 376 1556 413 ipsum
1567 379 1649 407 Deum
1658 384 1739 408 tuum

942 422 1027 454 pete:
1046 418 1102 447 imo
1122 427 1187 449 vero
1206 422 1368 458 contemptis
1388 423 1465 456 aliis.
1487 431 1569 458 perge
1590 425 1623 452 ad
1647 423 1739 457 illum;

942 463 1103 493 obliviseeus
1125 466 1197 500 alia,
1221 473 1357 496 metuente
1378 467 1465 502 illius;
1492 470 1645 505 relinquens
1669 476 1742 499 retro

941 509 1005 545 alia,
1018 511 1167 541 extendere
1180 512 1207 540 in'
1220 510 1306 541 lllutn.
1318 506 1377 549 Ipse
1388 520 1463 543 certe
1473 523 1597 544 aversum
1610 517 1744 551 correxit,

942 556 1000 590 ipse
1012 557 1085 585 ducit
1099 564 1201 586 rectum
1218 560 1239 593 ',
1255 560 1313 595 ipse
1326 561 1449 596 perducit
1461 570 1468 589 :
1484 570 1550 598 ergo
1560 562 1596 590 sit
1610 563 1667 598 ipse
1679 571 1742 598 spes

943 606 987 629 tua
997 623 1005 635 ,
1021 603 1067 637 qui
1080 602 1154 631 ducit
1167 609 1194 632 et
1207 605 1340 639 perducit.
1356 605 1415 640 Quo
1428 606 1502 635 ducit
1513 606 1541 635 et
1553 615 1608 645 quo
1621 608 1743 643 perducit

942 650 1046 674 terrena
1061 648 1189 676 avaritia?
1201 648 1310 678 Fundos
1322 651 1472 686 quaerebas,
1488 649 1586 680 terram
1601 653 1740 689 possidere

941 692 1079 728 cupiebas,
1095 694 1198 723 vicinos
1212 695 1389 729 excludebas;
1404 696 1457 724 illis
1470 698 1585 726 exclusis
1595 719 1604 732 ,
1623 699 1683 727 aliis
1698 699 1740 726 vi-

941 738 1009 766 cinis
1023 738 1161 774 inhiahas;
1174 746 1202 769 et
1214 742 1314 770 tamdiu
1325 742 1454 771 tendebas
1464 745 1474 760 '
1488 744 1638 779 avaritiam,
1651 745 1739 774 donec

941 783 975 811 ad
988 784 1078 812 littora
1093 787 1267 820 pervenires:
1284 789 1444 823 perveniens
1462 790 1497 817 ad
1515 790 1620 824 littora,
1637 791 1740 819 insulas

941 830 1126 864 concupiscis;
1150 833 1272 866 possessa
1290 838 1361 861 terra
1373 854 1380 864 .
1394 834 1494 870 coelum
1508 834 1577 863 l'orto
1596 836 1636 864 vis
1659 844 1740 872 prono

941 874 1016 903 dere.
1036 875 1168 912 Relinque
1183 885 1277 907 omnes
1290 886 1416 909 amores:
1431 880 1567 916 pulchrior
1580 887 1622 910 est
1636 882 1681 911 ille
1693 883 1740 919 qui

942 920 1005 948 fecit
1016 921 1113 949 omium
1129 926 1156 949 et
1170 926 1281 951 terram.
1666 936 1669 938 ‘

977 967 1004 995 8.
1018 966 1113 996 Beatus
1130 968 1176 1002 vir,
1189 970 1263 1006 cujus
1276 975 1313 999 at
1330 979 1422 999 nomen
1436 971 1544 1000 Domini
1555 981 1614 1008 apex
1626 973 1683 1009 ejus
1692 995 1700 1008 ,
1716 979 1741 1002 et

942 1020 993 1040 non
1004 1015 1116 1048 respexit
1136 1015 1163 1041 in
1182 1016 1304 1044 cannam
1323 1021 1349 1044 et
1368 1017 1483 1046 insanias
1504 1019 1647 1047 mendaces.
1664 1019 1741 1048 Unde

941 1058 1014 1085 enim
1037 1058 1148 1087 insania:
1170 1060 1334 1089 mendaces?
1356 1061 1462 1090 Insania
1484 1063 1617 1098 mendax,
1639 1064 1742 1094 sanitas

941 1111 1034 1132 verax.
1050 1105 1116 1140 Quae
1129 1105 1204 1135 vides
1217 1106 1286 1134 bona
1308 1112 1387 1143 putas
1404 1108 1428 1142 ³,
1449 1107 1569 1138 falleris:
1584 1117 1665 1137 sanus
1685 1119 1741 1140 non

942 1157 981 1182 es.
998 1150 1079 1178 nimia
1089 1150 1165 1179 febre
1174 1152 1350 1187 phreneticus
1363 1153 1448 1182 lactus
1460 1161 1509 1187 es;
1526 1163 1618 1182 verum
1632 1164 1688 1185 non
1700 1162 1740 1186 est

942 1194 1013 1230 quod
1027 1203 1112 1224 amas.
1126 1196 1233 1225 Laudas
1246 1198 1365 1233 aurigam
1382 1198 1438 1235 (α),
1459 1200 1560 1228 clamas
1572 1201 1684 1238 aurigae,
1701 1202 1742 1229 in—

941 1241 1014 1268 sanis
1033 1241 1060 1269 in
1074 1241 1204 1284 aurigam.
1219 1242 1331 1271 Vauitas
1351 1249 1391 1272 eet
1403 1265 1411 1278 ,
1432 1243 1536 1273 insania
1556 1247 1673 1275 mendax
1687 1251 1739 1276 est.

942 1286 1000 1315 Non
1013 1291 1072 1320 est,
1086 1287 1142 1316 ait:
1159 1288 1226 1317 nihil
1239 1289 1354 1323 melius,
1375 1290 1443 1318 nihil
1462 1291 1658 1321 delectabilius.
1672 1293 1742 1328 Quid

942 1331 1011 1360 facio
1023 1332 1165 1362 lebrientit
1177 1334 1205 1362 Si
1216 1338 1259 1376 est
1270 1334 1297 1363 in
1309 1335 1386 1363 vobis
1399 1335 1596 1371 misericordia,
1606 1344 1683 1367 orate
1692 1347 1742 1376 pro

942 1377 1050 1406 talibus.
1065 1378 1138 1412 Quia.
1149 1383 1179 1407 et
1190 1374 1249 1414 ipse
1262 1380 1382 1408 medicus
1396 1381 1557 1418 plerumque
1569 1384 1595 1411 i'n
1613 1374 1742 1419 despera-

942 1422 1017 1451 tione
1025 1424 1195 1453 eonvertilur
1208 1425 1242 1453 ad
1257 1433 1305 1454 eos
1317 1426 1364 1461 qui
1374 1426 1552 1456 circumstant
1563 1428 1742 1465 lacrymantes

942 1467 971 1495 in
983 1467 1075 1501 domo,
1090 1468 1136 1504 qui
1152 1468 1269 1505 pendent
1287 1477 1321 1498 ex
1338 1478 1386 1499 ore
1401 1471 1460 1506 ejus
1473 1473 1568 1502 audire
1581 1474 1743 1503 sententiam

942 1512 977 1541 de
990 1518 1092 1549 tgroto
1108 1518 1137 1542 et
1151 1514 1339 1550 periclitante:
1353 1514 1410 1544 stat
1419 1524 1521 1553 anceps
1534 1519 1654 1547 medicus
1663 1540 1672 1553 .
1688 1527 1742 1550 non

942 1558 1015 1587 videt
1029 1559 1128 1587 bonum
1143 1560 1215 1596 quod
1233 1560 1389 1596 promittat,
1406 1562 1484 1590 timet
1500 1565 1600 1592 malum
1622 1573 1742 1600 pronun-

942 1603 1021 1634 tiare,
1036 1605 1071 1632 ne
1085 1608 1202 1639 terreat;
1217 1605 1369 1635 modestam
1385 1607 1466 1642 plane
1477 1608 1529 1637 iste
1542 1610 1660 1645 cunelpit:
1676 1618 1741 1639 sen-

941 1650 1052 1678 tentiam
1066 1658 1073 1678 :
1087 1651 1178 1679 Bonus
1196 1652 1267 1681 Deus
1286 1654 1377 1682 omnia
1398 1658 1504 1690 potest,
1519 1660 1594 1685 orate
1613 1664 1663 1692 pro
1683 1657 1741 1686 illo.

941 1694 1028 1729 Quem
1055 1696 1145 1734 itaque
1172 1698 1402 1734 comprehendam
1430 1700 1542 1729 istorum
1565 1702 1742 1731 insanorum?

941 1740 1007 1774 Quis
1020 1749 1063 1769 me
1076 1741 1188 1770 audiat?
1198 1743 1260 1779 quis
1278 1751 1372 1773 eorum
1385 1751 1436 1774 nos
1448 1753 1502 1774 non
1521 1747 1637 1775 miseros
1651 1748 1743 1777 dicat!

942 1785 1008 1820 Quia
1023 1794 1084 1814 cum
1105 1787 1146 1815 eis
1167 1794 1222 1815 non
1245 1789 1413 1823 insanimus,
1433 1791 1557 1820 amisisse
1579 1799 1630 1820 nos
1648 1797 1743 1829 putant

941 1839 1053 1869 magnas
1064 1838 1090 1861 et
1102 1834 1192 1862 varias
1200 1828 1362 1870 voluptates,
1376 1835 1402 1863 in
1413 1836 1512 1871 quibus
1521 1837 1571 1873 ipsi
1584 1837 1721 1867 insanth
1733 1847 1740 1868 :

941 1885 991 1906 nec
1006 1879 1098 1907 vident
1109 1880 1171 1915 quia
1186 1881 1331 1909 mendaces
1341 1886 1416 1910 sunt.
1431 1882 1546 1917 Quando
1559 1884 1596 1912 illi
1610 1893 1691 1913 ovum
1705 1886 1741 1914 do

941 1925 984 1953 vel
998 1924 1098 1959 invito,
1114 1926 1158 1954 vel
1172 1926 1284 1955 calicem
1296 1927 1443 1956 salutarem
1458 1930 1570 1966 porrigo
1582 1932 1690 1965 saucio;
1712 1936 1741 1960 et

941 1972 1076 2008 quomodo
1089 1972 1224 2010 reﬁciam,
1240 1974 1348 2010 quando
1366 1975 1496 2005 invenio?
1509 1976 1548 2006 Ne
1564 1978 1651 2006 inedia
1671 1978 1741 2007 dell-

941 2017 1009 2050 ciat,
1029 2021 1057 2046 et
1073 2018 1107 2046 ad
1127 2019 1267 2048 sanitatem
1281 2028 1335 2048 non
1357 2023 1513 2057 perveniat,
1528 2022 1622 2052 hortor
1634 2024 1663 2052 ut
1676 2025 1740 2053 reﬂ—

941 2063 996 2091 ciat
1007 2062 1018 2079 ⁴
1031 2072 1037 2090 :
1051 2071 1156 2099 pugnos
1174 2070 1267 2100 parat,
1282 2066 1379 2094 steviro
1393 2067 1451 2095 vult
1464 2068 1492 2095 in
1512 2068 1656 2097 medicum.
1672 2070 1705 2097 Et
1717 2071 1741 2099 si

942 2110 1115 2144 percusserit,
1131 2109 1272 2146 diligatur;
1288 2115 1317 2139 et
1330 2111 1354 2139 si
1368 2111 1495 2147 injuriam
1511 2113 1611 2148 iecerit,
1628 2122 1683 2143 non
1697 2123 1741 2144 re-

942 2153 1095 2190 linquatur:
1110 2154 1244 2184 rediturus
1256 2160 1298 2184 est
1311 2156 1344 2184 ad
1359 2162 1492 2190 mentem.
1507 2159 1607 2194 gratias
1620 2164 1739 2189 acturus.

942 2200 1026 2233 Quam
1042 2200 1117 2227 multi
1133 2200 1177 2228 hic
1197 2205 1363 2236 cognoscunt
1376 2209 1423 2237 se,
1442 2203 1537 2231 vident
1555 2210 1587 2232 se
1608 2204 1739 2240 invicem,

942 2250 969 2273 et
981 2246 1125 2280 loquuntur
1135 2246 1170 2274 de
1184 2253 1214 2274 se
1234 2246 1262 2274 in
1280 2247 1404 2275 Ecclesia
1415 2248 1481 2282 Dei;
1496 2248 1523 2277 in
1536 2249 1666 2278 Ecclesiae
1676 2258 1741 2279 san-

942 2296 992 2319 ctae
1005 2292 1108 2327 gremio
1122 2292 1265 2321 attendunt
1276 2293 1364 2322 studia
1381 2301 1428 2321 sua
1439 2294 1500 2329 jam
1508 2295 1579 2323 bona
1595 2296 1667 2324 circa
1680 2304 1741 2326 veo-

975 2413 983 2447 ξ
996 2412 1106 2441 Nonnulli
1117 2416 1187 2447 m.._
1195 2419 1306 2447 aversum
1316 2413 1426 2447 corrigit,
1436 2414 1490 2447 ipse
1498 2414 1565 2447 ducit
1576 2420 1721 2447 correctum.

974 2445 985 2460 π
997 2447 1064 2473 ων..
1075 2443 1230 2477 extendebat.
1243 2444 1339 2477 Aliquot
1346 2443 1410 2476 υθέ..
1564 2446 1608 2472 Alli
1619 2454 1675 2473 etun
1686 2452 1739 2474 Arn.

944 2478 971 2500 et
980 2478 1028 2504 an,
1040 2474 1146 2500 tenebas.
1286 2474 1295 2477 '
1403 2474 1408 2476 ’

975 2506 985 2541 ξ
996 2509 1086 2541 omnes
1162 2509 1247 2541 quem
1256 2505 1341 2541 verbo,
1353 2509 1433 2541 putas.

1174 2535 1212 2580 '3."
1218 2535 1747 2580 ηἮλΜιὲιοωΞξενεξΕεανεὲι

942 2567 1749 2636 unum.

1018 2628 1162 2664 Wojut'
1171 2634 1242 2664 ouum
1251 2629 1332 2664 do‘cet
1344 2628 1432 2664 incito,
1449 2628 1639 2664 sanitati
1649 2638 1741 2664 resou-

1019 2647 1741 2697 ῑῖὀῖιεῖιὶἂῐῖἐιιῦιιοττεῖἶὲῗῦιῗῦἴοῐ

942 2690 1025 2715 Colb.:
1041 2690 1150 2723 Quando
1161 2689 1199 2715 illi
1207 2690 1238 2716 do
1250 2691 1287 2716 uel
1292 2689 1370 2723 fruita
1380 2691 1482 2723 calicem
1494 2689 1609 2723 salutaris
1619 2692 1700 2723 succi,
1718 2696 1742 2723 et

943 2719 1191 2777 quomodo
1211 2725 1260 2747 etc.
1274 2721 1317 2757 olil
1336 2722 1460 2758 nonnulli:
1477 2722 1577 2759 quando
1589 2722 1628 2749 illi
1638 2719 1745 2761 opto'

943 2751 1015 2777 multo
1024 2754 1051 2777 ut
1141 2758 1166 2777 nt
1176 2752 1291 2777 saltum
1310 2756 1425 2777 occinuit.
1447 2754 1558 2777 mtuam.
1570 2753 1691 2777 οιωηωήο
1704 2755 1745 2777 ιι..

942 2751 1291 2808 ἰὲηυὶιυειιιᾶοωέξοαεηηαιωαάε
1310 2752 1425 2785 accipiat.
1447 2754 1558 2785 Quidam,
1570 2751 1691 2785 mundo
1704 2753 1746 2781 διε

975 2812 1012 2845 (ιι)
1024 2813 1139 2847 aurigam
1149 2814 1277 2847 vocabant.
1288 2815 1330 2846 qui
1348 2814 1448 2847 curules
1459 2821 1538 2847 equos
1547 2816 1572 2841 in
1583 2816 1650 2842 Circo
1660 2822 1736 2847 repe-

943 2844 986 2882 bat
1033 2844 1153 2882 uitale”.
1160 2844 1304 2882 ιιιρμνίεξεέ
1312 2844 1426 2882 suetam
1436 2844 1510 2882 ίίιὶεῖυ
1517 2844 1746 2882 modum”.

944 2874 1384 2935 ﬁgxtitmhgosrelatensisprni,
1393 2874 1447 2903 ian.
1459 2877 1485 2908 4,
1499 2881 1526 2904 et
1537 2874 1739 2904 “anausim:

1033 2923 1041 2936 1
1100 2923 1106 2930 ⁸
1120 2924 1132 2930 ⁵
1152 2926 1161 2938 Ι
