1989 3158
265 175 317 204 $39

265 239 327 260 num
343 231 404 266 Dei,
422 232 492 260 circa
505 231 592 260 ofﬁcia
603 236 630 260 ct
644 231 773 268 obsequia
788 230 926 259 charitatis
935 251 943 265 ,
956 230 990 259 ad
1005 230 1062 259 fre-

265 277 448 314 quentandum
462 286 571 314 gregem
585 279 685 307 Christi
706 286 759 307 non
774 277 902 307 recedere
914 278 948 305 de
967 277 1062 306 Eccle-

265 325 316 357 sia,
331 325 422 352 vident
434 328 463 353 et
476 325 620 360 loquuntur
633 325 667 353 ad
682 324 797 353 invicem
809 324 844 352 de
857 324 982 352 invicem.
997 323 1063 358 Quis

265 376 308 398 est
318 371 370 399 iste
379 371 568 400 circissariusi
583 370 649 406 Quis
661 375 704 399 est
717 371 768 398 iste
780 375 884 398 amator
895 374 924 398 et
942 369 1063 398 laudator

267 416 340 444 illius
349 417 487 445 venatoris
497 417 550 453 (a),
563 416 634 445 illius
649 416 806 445 histrionis?
820 416 858 444 De
869 416 924 444 alio
934 415 1062 451 loquitur,

266 465 291 489 et
306 461 351 490 ille
370 462 406 490 de
419 463 488 498 Ipso.
503 462 584 490 Certe
604 462 655 490 ista
668 466 747 495 sunt,
772 466 845 490 certe
866 460 1014 497 gaudemus
1029 460 1064 489 de

267 507 373 536 talibus.
387 506 416 535 Si
429 507 578 543 gaudemus
590 507 624 536 de
637 507 735 535 talibus
743 527 752 541 ,
765 514 820 534 non
842 506 1017 541 desperemus
1029 505 1064 534 de

269 550 376 581 talibusl
391 552 507 581 Oremus
529 560 578 588 pro
598 552 680 588 ipsis,
705 551 802 580 fratres
824 551 979 580 carissimi:
1002 550 1064 579 inde

266 599 365 627 crescit
376 607 505 628 numerus
516 603 687 633 sanctorum,
701 598 737 627 de
757 605 870 626 numero
882 597 929 633 qui
941 601 999 626 erat
1011 597 1064 624 im-

267 645 383 680 piorum.
393 645 431 673 'Et
451 654 502 673 non
515 646 624 682 respersit
639 646 666 673 in
678 645 801 673 vanitates
821 649 845 672 et
861 644 975 672 insanias
991 652 1063 671 men—

267 691 353 719 daces.
371 690 418 720 llle
431 692 510 727 vicit,
531 692 611 720 talem
631 700 731 728 equum
751 691 841 726 junxit
855 691 876 725 ί.
892 691 1063 726 pronuntiat,

266 737 342 771 quasi
352 736 460 765 divinus
467 737 524 765 vult
531 745 594 766 esse
605 746 612 765 :
624 737 733 766 allectat
740 737 906 766 divinitatem
916 736 1064 763 amittendo

258 782 369 818 fontem
382 781 528 811 divinitatis
540 791 548 810 :
564 787 592 811 et
604 789 676 818 saepe
689 782 853 818 pronuntiat,
870 785 898 809 et
909 788 982 817 stupe
995 781 1065 809 falli-

268 834 322 857 tur.
332 828 422 863 Quare
434 828 509 857 hoc?
523 829 590 864 Quia
606 828 719 857 insaniae
733 828 878 857 mendaces
888 832 960 856 sunt.
975 827 1065 861 Quare

267 880 357 903 autem
378 875 523 910 aliquando
544 875 707 910 proveniunt
720 882 782 910 qua
804 873 911 902 dicunt!
932 873 968 902 Ut
982 873 1066 901 abdu-

268 925 331 949 cant
342 921 461 955 insanos,
475 926 504 949 ut
518 921 634 949 amando
647 921 683 949 ibi
698 920 816 957 speciem
827 921 964 954 veritatis,
977 920 1067 948 incur-

270 971 331 993 rant
345 967 469 1002 laqueum
484 966 625 995 falsitatis:
640 970 713 995 retro
724 967 789 999 sint,
802 966 997 1001 relinquantur,
1009 973 1067 996 am.-

268 1017 406 1046 putentur.
428 1011 457 1040 Si
482 1012 604 1040 membra
626 1017 719 1040 nostra
737 1016 833 1046 erant,
848 1011 1064 1040 mortiﬁcentur:

271 1055 435 1090 Mortiﬁcate,
450 1056 551 1092 inquit,
564 1055 677 1085 membra
688 1061 770 1084 uestra
783 1064 841 1092 qua
853 1060 912 1084 sunt
925 1065 1002 1093 super
1013 1061 1065 1084 ter-

269 1111 326 1129 ram
341 1102 452 1138 (Colon.
467 1110 512 1136 ut,
525 1101 565 1139 5).
576 1102 618 1131 Sit
631 1109 695 1138 spes
711 1107 803 1131 nostra
815 1103 887 1131 Deus
899 1108 1000 1131 noster.
1014 1103 1065 1137 Qui

269 1147 331 1175 fecit
347 1147 437 1176 omnia
447 1169 455 1181 ,
471 1148 568 1176 melior
585 1152 628 1177 est
645 1148 788 1183 omnibus;
801 1149 846 1185 qui
861 1148 970 1184 pulchra
992 1149 1064 1183 fecit,

270 1194 406 1226 pulchrior
426 1198 469 1222 est
489 1194 631 1228 omnibus;
652 1195 697 1231 qui
715 1194 811 1228 fortia,
834 1194 930 1223 fortior
946 1199 1005 1229 est;
1020 1196 1065 1231 qui

269 1247 362 1275 magna
372 1260 380 1273 ,
396 1240 484 1275 major
497 1245 540 1268 est
553 1248 561 1268 :
576 1240 705 1277 quidquid
718 1241 864 1273 amaveris.
881 1241 925 1269 ille
943 1241 989 1269 tibi
1003 1244 1065 1274 erit,

270 1286 347 1314 Disce
365 1293 457 1314 amare
479 1287 507 1314 in
531 1291 652 1314 creatura
674 1290 841 1320 creatorem,
865 1291 893 1314 et
915 1286 941 1314 in
964 1286 1065 1315 factura

269 1332 417 1366 factorem;
442 1340 478 1361 ne
495 1338 584 1361 teneat
604 1337 630 1361 te
643 1333 714 1369 quod
733 1333 768 1362 ab
786 1333 831 1361 illo
850 1334 947 1361 factum
964 1337 1023 1367 est,
1037 1337 1066 1361 et

268 1378 376 1405 amittas
388 1386 450 1406 eum
461 1386 477 1406 a
489 1386 544 1415 quo
555 1383 584 1407 et
596 1379 653 1415 ipse
665 1379 749 1407 factus
762 1385 802 1406 es.
818 1378 889 1414 Ergo
898 1400 907 1413 ,
921 1378 1015 1406 Beatus
1027 1378 1066 1406 air

267 1425 341 1459 cujus
361 1430 398 1452 est
415 1432 508 1453 nomen
526 1425 631 1453 Domini
643 1434 700 1461 spes
714 1426 784 1462 ejus,
803 1430 828 1453 et
846 1434 898 1453 non
916 1425 1026 1462 respexit
1038 1425 1065 1453 in

267 1471 390 1498 vanitates
401 1476 426 1499 et
439 1472 553 1499 insanias
566 1471 708 1500 utendas“.

301 1517 329 1546 9.
344 1516 422 1554 [πη.
440 1516 515 1555 6-9.]
529 1517 611 1546 Forte
623 1518 701 1546 nobis
713 1517 835 1546 dicturus
847 1522 903 1550 est.
918 1518 964 1553 qui
984 1525 1065 1546 versu

268 1564 320 1592 isto
333 1571 476 1600 percussus
489 1564 588 1601 corrigi
604 1565 736 1599 voluerit,
751 1569 779 1593 et
800 1572 880 1600 quem
894 1566 1066 1601 occupaverit

268 1610 350 1638 timor
369 1609 415 1639 ille
426 1610 538 1646 iustitia
558 1610 638 1643 fidei,
654 1615 682 1639 et
694 1610 787 1639 volens
801 1611 914 1646 ceperit
927 1611 1064 1639 ambulare

266 1660 407 1691 angustam
424 1656 513 1689 viam;
528 1656 648 1684 dicturus
667 1662 708 1684 est
728 1656 805 1685 nobis
818 1665 826 1685 :
841 1652 986 1685 Ambulare
1009 1665 1064 1685 non

266 1702 380 1735 clumbe,
392 1702 414 1729 si
426 1702 493 1729 nihil
506 1701 643 1737 spectabo.
657 1701 727 1735 Quid
739 1701 805 1738 er'go
817 1701 939 1736 facimus,
951 1701 1064 1730 fratres?

267 1748 407 1776 Dimissuri
421 1755 482 1776 eum
496 1756 590 1776 sumus
600 1748 660 1777 sine
672 1748 844 1784 spectaculo?
856 1748 993 1783 Morietur,
1009 1757 1063 1777 non

266 1795 404 1829 subsistet,
421 1802 473 1822 non
489 1802 538 1822 nos
552 1799 690 1830 sequetur.
702 1794 771 1828 Quid
785 1801 851 1830 ergo
864 1794 996 1822 facimus?
1012 1794 1064 1822 De-

266 1848 327 1868 mus
349 1848 398 1875 pro
419 1840 578 1875 spectaculis
592 1841 754 1876 spectacula.
777 1840 809 1868 Et
829 1848 890 1876 qua:
910 1841 1062 1876 spectacula

266 1887 354 1922 daturi
369 1894 463 1915 sumus
482 1886 630 1915 christiano
653 1886 772 1921 homini,
792 1894 872 1922 quem
885 1886 1009 1914 volumus
1028 1887 1063 1915 ab

266 1933 319 1961 illis
332 1932 494 1967 spectaculis
514 1932 662 1961 revocare?
676 1932 782 1960 Gratias
801 1939 851 1968 ago
875 1932 986 1960 Domino
1007 1932 1062 1960 Deo

266 1985 378 2008 nostro:
394 1980 517 2015 sequenti
536 1987 616 2007 versu
635 1979 733 2007 Psalmi
747 1979 866 2007 ostendit
886 1979 979 2013 nobis,
1002 1974 1062 2015 quae

266 2024 463 2060 spectatoribus
474 2029 596 2060 spectare
607 2025 759 2053 volentibus
773 2025 924 2060 spectacula
941 2024 1062 2060 prmbcre

265 2076 293 2099 et
308 2071 451 2099 ostendere
463 2071 618 2100 debeamus.
633 2071 703 2099 Ecce
716 2079 828 2099 aversus
845 2071 926 2099 fuerit
937 2080 952 2098 a
970 2072 1042 2100 circo
1051 2093 1060 2106 ,

265 2127 280 2144 κ
304 2117 426 2150 theatro,
448 2117 483 2145 ab
495 2117 704 2152 amphitheatro,
726 2122 830 2152 quaerat
850 2116 922 2153 quod
941 2122 1060 2152 spectet,

264 2170 374 2198 promus
388 2167 508 2198 quaerat;
523 2170 577 2190 non
598 2170 659 2190 eum
683 2162 858 2197 relinquimus
879 2163 938 2191 sine
954 2167 1061 2198 specta-

265 2209 337 2236 culo.
353 2209 422 2243 Quid
444 2216 492 2244 pro
512 2208 565 2237 illis
586 2208 731 2247 dabimus?
750 2209 820 2237 Audi
837 2209 902 2244 quid
920 2209 1059 2244 sequitur:

265 2253 349 2282 Multa
368 2255 450 2289 fecisti
472 2258 514 2288 tu,
534 2253 643 2282 Domine
661 2254 731 2282 Deus
750 2263 835 2288 meus,
857 2255 984 2282 mirabilia
1005 2260 1058 2283 tua.

239 2336 242 2339 Δ
264 2301 389 2329 Miracula
400 2301 537 2329 hominum
550 2300 713 2334 intuebatur,
725 2300 844 2328 intendat
858 2300 988 2329 mirabilia
1001 2301 1059 2329 Dei.

263 2347 346 2375 Multa
359 2347 431 2375 fecit
454 2346 583 2374 Dominus
603 2346 736 2374 mirabilia
757 2353 822 2379 sua;
844 2346 902 2374 hare
923 2346 1058 2381 respiciat.

263 2393 353 2427 Quare
369 2393 408 2420 illi
427 2391 576 2420 viluerunt?
586 2391 715 2428 Aurigam
734 2391 825 2419 laudat
838 2397 975 2427 regentem
995 2400 1061 2428 qua-

263 2444 325 2467 tuor
338 2446 437 2475 equos,
450 2444 477 2466 et
491 2439 551 2466 sine
569 2438 631 2467 labe
644 2443 725 2473 atque
737 2437 886 2466 offensione
897 2443 1037 2467 currentes
1050 2448 1058 2467 :

263 2486 334 2512 forte
348 2485 409 2512 talia
429 2484 556 2512 miracula
580 2484 728 2519 spiritualia
749 2491 804 2512 non
827 2483 891 2512 fecit
913 2478 1059 2513 Dominus?

262 2531 348 2565 [tegat
359 2530 513 2564 luxuriam,
529 2534 604 2565 regat
616 2529 763 2565 ignaviam,
784 2534 860 2565 regat
879 2524 1057 2565 injustitiam,

262 2581 337 2612 regat
352 2576 577 2612 imprudentiam,
601 2581 691 2603 motus
709 2576 774 2604 istos
793 2576 837 2611 qui
860 2576 971 2604 nimium
990 2577 1058 2613 lapsi

263 2621 321 2649 haec
337 2622 400 2649 vitia
413 2622 524 2660 faciunt,
539 2625 615 2657 regat
626 2625 654 2649 et
666 2621 763 2649 subdat
775 2621 841 2654 sibi,
856 2626 884 2649 et
903 2626 995 2650 teneat
1009 2623 1058 2650 ha-

261 2667 356 2701 benas,
369 2659 399 2694 et
411 2659 464 2695 non
477 2667 609 2704 rapiatur;
625 2666 705 2694 ducat
719 2676 772 2703 quo
789 2667 854 2700 vult,
867 2675 921 2695 non
937 2668 1058 2697 trahatur

261 2721 316 2748 quo
327 2721 381 2741 non
394 2711 460 2741 vult.
480 2714 606 2749 Aurigam
621 2713 764 2747 laudabat,
777 2714 868 2750 auriga
884 2714 1036 2743 laudabitur
1048 2724 1056 2743 :

260 2758 395 2788 clamabat
405 2764 435 2787 ut
446 2759 538 2796 auriga
549 2763 624 2787 veste
643 2759 838 2795 cooperiretur,
854 2759 1057 2789 immortalitate

292 2817 301 2834 ι
310 2820 348 2853 ita
355 2815 509 2853 mib._et_x_iex
517 2820 549 2853 μ
553 2816 589 2852 ad
597 2823 652 2853 eam
664 2816 796 2853 lectionem
804 2817 1007 2853 prppeaeeeduut
1011 2816 1056 2853 ali-

258 2851 319 2879 quot.
325 2850 379 2873 las.
388 2850 416 2873 At
423 2848 490 2874 add;
503 2847 546 2873 Ille
552 2847 625 2873 uincit
635 2848 745 2879 tutemet
752 2847 896 2879 cuniuincit,
907 2847 1054 2880 prmisit.

257 2877 445 2937 ὢέπέὤῖηαιοτ
455 2880 489 2905 hu
504 2880 546 2904 loci
559 2883 607 2910 est,
615 2880 658 2913 qui
669 2886 724 2905 wm
734 2880 820 2906 bestiis
827 2879 852 2904 iu
863 2885 939 2905 arena
949 2886 1055 2911 congre-

888 173 919 202 S.
935 173 1117 202 AUGUSTINI
1138 173 1291 203 El’lSCOPl

722 2851 745 2874 et
752 2846 896 2879 cwriuiticit,
907 2847 1054 2880 prmisit.
1079 2867 1081 2870 .

1864 180 1916 208 Mil

1115 231 1256 260 vestietur.
1275 231 1339 260 Haec
1357 240 1483 268 munera,
1498 235 1557 263 hac
1573 236 1724 271 spectacula
1738 237 1794 265 edit
1809 237 1816 254 '
1833 237 1913 266 Deus.

1115 275 1219 305 Clamat
1230 277 1265 306 de
1278 278 1369 308 celo:
1390 279 1489 315 Specto
1504 288 1569 314 vos;
1586 282 1740 317 luctamini,
1761 284 1896 319 adjuvahu
1907 294 1925 316 ;.

1115 323 1225 357 vincite,
1238 325 1383 353 coronaho.
1392 324 1476 353 Nulla
1485 326 1567 361 fecisti
1580 332 1618 360 tu,
1632 327 1740 357 Domine
1751 328 1821 358 Deus
1832 340 1915 364 meus,

1115 369 1243 397 mirabilia
1256 374 1317 404 tua;
1331 374 1356 398 et
1368 371 1562 407 cogitationibus
1577 374 1628 401 tuis
1642 382 1694 402 non
1707 380 1745 404 est
1761 377 1807 411 qui
1823 377 1917 405 similis

1116 416 1148 443 sit
1161 414 1216 443 tibi.
1230 415 1308 443 Nunc
1322 422 1413 451 specta
1435 416 1605 447 histrionem.
1624 410 1722 448 Didicit
1740 410 1812 450 enim
1833 423 1916 453 homo

1115 467 1213 497 magno
1222 461 1312 489 studio
1321 462 1349 490 in
1360 462 1424 491 fune
1432 463 1580 498 ambulare,
1592 470 1620 494 et
1632 467 1752 502 pendens
1763 473 1789 497 te
1800 478 1915 506 suspen-

1116 506 1164 534 dit.
1180 506 1255 535 lllum
1270 508 1379 536 attende
1391 509 1522 538 editorcm
1538 511 1670 547 majorum
1686 516 1914 549 spectaculorum.

1117 551 1214 579 Didicit
1227 552 1278 580 iste
1296 553 1322 580 in
1337 554 1399 581 fune
1411 554 1567 591 ambulare,
1589 559 1720 594 numquid
1730 559 1796 589 fecit
1807 562 1834 589 in
1847 564 1916 591 niari

1116 598 1274 627 ambulare?
1288 599 1451 630 Oblivisccre
1472 602 1607 631 theatrum
1622 609 1713 640 tuum,
1737 609 1848 637 attende
1863 610 1915 638 Pe-

1117 647 1188 671 trum
1201 649 1337 678 nostrum,
1358 653 1410 673 non
1424 645 1620 683 funambulum,
1636 651 1695 685 sed,
1710 657 1739 679 ut
1754 652 1789 680 ita
1804 654 1894 682 dicam
1905 677 1913 687 ,

1117 689 1332 718 mariambulum.
1346 691 1460 720 Ambula
1481 697 1509 722 et
1528 698 1555 722 tu
1570 702 1623 723 non
1645 696 1673 724 in
1686 697 1740 725 illis
1759 699 1851 734 aquis,
1870 701 1914 728 ubi

1117 735 1213 764 Petrus
1222 736 1321 772 aliquid
1333 738 1486 773 signiﬁcans
1497 740 1652 775 ambulavit,
1663 743 1711 770 sed
1724 743 1750 770 in
1760 744 1837 776 aliis;
1851 747 1914 781 quia

1117 783 1169 811 hoc
1182 785 1308 813 szcculum
1324 794 1396 813 mare
1411 792 1461 814 est.
1480 788 1564 815 liabet
1576 790 1780 819 amaritudinem
1794 793 1913 824 noxiam.

1118 829 1198 858 habet
1208 829 1304 859 ﬂuctus
1314 832 1523 865 tribulationum,
1537 840 1710 870 tempestates
1720 839 1913 873 tentalionum;

1118 875 1199 904 habet
1219 876 1341 905 homines
1356 879 1425 905 velut
1441 880 1526 913 pisces
1540 880 1574 907 de
1594 889 1643 909 suo
1664 883 1735 911 malo
1749 885 1896 919 gaudentes
1906 908 1913 919 ,

1117 926 1145 949 et
1158 926 1284 957 tanquam
1296 930 1326 950 se
1347 924 1461 951 iuviccm
1475 925 1652 960 devorantes;
1668 927 1711 956 hic
1729 930 1846 964 ambula,
1863 931 1914 959 hoc

1117 967 1201 996 calca.
1216 967 1344 1004 Spectare
1366 970 1405 997 vis
1417 976 1431 1001 .'
1449 976 1507 998 esto
1528 973 1719 1007 spectaculum.
1735 975 1775 1003 Ne
1787 976 1896 1005 deficias
1906 999 1913 1009 .

1117 1015 1179 1043 vide
1190 1015 1329 1052 prtecedcn
1335 1022 1386 1045 tem
1402 1023 1428 1045 et
1440 1018 1574 1047 dicentem
1587 1029 1594 1047 :
1610 1020 1789 1055 Spectaculum
1802 1025 1865 1059 facti
1874 1034 1915 1052 su-

1117 1069 1174 1088 mus
1185 1061 1244 1089 huic
1255 1063 1359 1096 arundo,
1372 1068 1395 1090 et
1406 1064 1519 1099 Angelis,
1534 1070 1558 1091 et
1568 1066 1709 1094 hostim'bus
1720 1068 1741 1103 (Ι
1752 1068 1810 1097 Cor.
1826 1078 1862 1103 tv,
1874 1070 1912 1106 9).

1117 1107 1196 1135 Colca
1212 1116 1296 1142 mare,
1312 1117 1345 1136 ne
1359 1112 1488 1145 mergaris
1501 1112 1525 1138 iu
1542 1113 1619 1139 mari.
1632 1113 1689 1141 Non
1707 1114 1772 1148 ibis,
1789 1124 1842 1143 non
1856 1119 1912 1144 eal-

1117 1150 1209 1187 cabls,
1225 1154 1275 1182 nisi
1296 1155 1340 1182 ille
1351 1155 1462 1190 jusscrit
1475 1158 1518 1191 qui
1540 1159 1613 1192 prior
1633 1159 1658 1186 in
1676 1162 1740 1187 mari
1755 1163 1911 1190 ambulaxit.

1117 1198 1163 1227 Sic
1176 1200 1248 1227 enim
1260 1201 1298 1228 ait
1311 1201 1404 1229 Petrus
1417 1211 1423 1228 :
1439 1203 1469 1230 Si
1484 1208 1511 1229 tu
1526 1212 1561 1237 es,
1574 1205 1637 1239 jube
1651 1214 1691 1232 me
1701 1207 1784 1234 ccm're
1794 1208 1829 1235 ad
1839 1214 1863 1235 te
1873 1219 1913 1235 stt-

1117 1253 1163 1281 per
1173 1253 1262 1280 aquas.
1279 1246 1313 1273 Et
1323 1248 1384 1281 quia
1400 1247 1458 1283 ipse
1469 1254 1536 1282 urat,
1548 1251 1649 1278 audivit
1662 1257 1807 1286 petentem,
1823 1255 1912 1282 tribuit

1117 1290 1298 1326 desideranti,
1313 1294 1418 1320 vocavit
1432 1295 1612 1323 ambulantem
1623 1317 1631 1329 ,
1649 1299 1735 1325 erexit
1748 1306 1912 1333 "tergentem

1117 1336 1225 1371 (Matth.
1247 1346 1302 1372 alv,
1320 1339 1426 1377 28-51).
1450 1341 1511 1368 [huc
1533 1343 1661 1371 mirabilia
1685 1344 1747 1372 fecit
1768 1346 1910 1380 Dominus,

1117 1383 1175 1418 ipsa
1186 1383 1307 1418 intuere;
1321 1386 1414 1412 oculos
1429 1389 1575 1420 spectantis
1590 1389 1655 1416 ﬁdes
1667 1391 1711 1417 sit.
1729 1391 1762 1418 Et
1776 1392 1817 1419 l'ac
1834 1398 1861 1420 tu
1877 1400 1912 1420 la-
1931 1417 1936 1421 .

1116 1428 1168 1463 lla;
1181 1430 1243 1465 quia
1256 1429 1308 1458 etsi
1320 1431 1392 1459 venti
1406 1432 1578 1465 turbaverint,
1595 1436 1644 1462 etsi
1658 1434 1754 1465 ﬂuctus
1765 1437 1912 1467 infremue-

1116 1474 1181 1507 rint,
1194 1479 1220 1503 et
1233 1480 1260 1503 te
1273 1475 1389 1504 humana
1404 1476 1533 1514 fragilitas
1545 1479 1578 1508 ad
1591 1479 1705 1517 aliquam
1718 1482 1912 1513 dbitationem

1116 1523 1169 1548 tuze
1181 1521 1276 1550 salutis
1290 1522 1449 1557 adduxerit,
1472 1523 1555 1554 habes
1574 1526 1691 1556 clamare
1710 1528 1740 1562 ';
1754 1529 1838 1565 dicis,
1860 1532 1907 1559 Do-

1115 1567 1199 1601 mine,
1212 1575 1304 1604 pereo.
1316 1564 1374 1597 Non
1387 1570 1450 1598 sinit
1461 1571 1506 1600 ille
1518 1573 1623 1607 perire,
1636 1575 1681 1610 qui
1691 1575 1772 1610 jussit
1785 1582 1812 1605 te
1820 1564 1912 1606 ambu-

1115 1613 1182 1642 lare.
1194 1614 1261 1649 Quia
1274 1615 1345 1643 enim
1356 1615 1412 1651 jam
1428 1616 1454 1644 in
1468 1622 1545 1653 petra
1560 1619 1697 1655 ambulas,
1719 1629 1770 1650 nec
1790 1623 1817 1651 in
1840 1633 1913 1654 mare

1116 1660 1213 1688 times:
1228 1661 1250 1688 si
1264 1662 1323 1689 sine
1346 1667 1421 1697 petra
1445 1662 1539 1698 fueris,
1561 1664 1588 1692 in
1604 1673 1677 1695 mare
1691 1669 1837 1704 mergeris,
1852 1672 1912 1706 quia

1115 1706 1142 1748 in
1166 1707 1213 1734 tali
1238 1712 1312 1742 petra
1337 1708 1528 1738 ambulandum
1551 1716 1610 1745 est,
1637 1720 1696 1748 qua:
1718 1714 1745 1742 in
1767 1717 1833 1744 mari
1858 1725 1911 1745 non

1115 1760 1203 1781 mersa
1219 1758 1269 1781 est.

1152 1798 1196 1827 it).
1214 1798 1279 1828 Vide
1293 1800 1426 1830 mirabilia
1439 1801 1496 1831 Dei.
1510 1803 1680 1840 Annuntiapi‘,
1694 1809 1719 1834 et
1729 1805 1827 1836 locatus
1840 1818 1908 1842 sum,

1115 1845 1277 1881 multiplicati
1289 1852 1349 1875 sunt
1367 1856 1445 1884 super
1455 1857 1599 1878 numerum.
1614 1851 1663 1880 Est
1682 1860 1826 1887 numerus.
1850 1860 1911 1884 sunt

1114 1898 1196 1926 super
1209 1899 1361 1921 numerum.
1374 1893 1508 1923 Numerus
1522 1900 1611 1924 certus
1621 1899 1826 1933 est,,pertinens
1836 1901 1870 1928 ad
1883 1902 1911 1928 il~

1114 1936 1167 1964 lam
1178 1937 1317 1966 cmlestem
1332 1938 1495 1967 Jerusalem.
1510 1940 1588 1968 Nurit
1608 1942 1680 1970 enim
1696 1943 1843 1980 Dominus,
1866 1947 1910 1982 qui

1114 1989 1177 2011 sunt
1200 1983 1259 2018 ejus
1283 1983 1325 2021 (ll
1347 1984 1414 2012 Tim.
1441 1993 1477 2019 II,
1499 1986 1556 2022 19),
1581 1986 1743 2017 christianos
1765 1990 1910 2026 timentes,

1113 2028 1273 2058 christianos
1291 2030 1399 2063 ﬁdeles,
1420 2031 1582 2061 christianos
1602 2040 1734 2071 praecepta
1755 2042 1909 2072 sonantes,

1113 2075 1162 2103 Dei
1177 2075 1234 2104 vias
1251 2076 1431 2110 ambulantes,
1446 2084 1462 2105 a
1476 2079 1594 2113 peccatis
1607 2079 1787 2116 abstinentes,
1801 2083 1824 2110 si
1838 2084 1910 2112 ccci-

1112 2121 1202 2150 derint
1219 2122 1378 2151 conﬁtentes
1393 2132 1400 2150 :
1417 2123 1468 2160 ipsi
1489 2124 1524 2153 ad
1541 2133 1681 2155 numerum
1697 2129 1840 2163 pertinent.
1856 2130 1910 2159 Sed

1112 2168 1241 2204 numquid
1250 2169 1301 2196 soli
1314 2169 1395 2197 sunt?
1406 2168 1473 2199 Sunt
1485 2174 1513 2199 et
1522 2178 1604 2207 super
1614 2180 1766 2202 numerum.
1778 2175 1846 2204 Nam
1859 2179 1910 2206 etsi

1112 2213 1195 2241 modo
1209 2214 1289 2249 pauci
1299 2218 1372 2247 sunt,
1388 2214 1466 2250 pauci
1484 2215 1511 2243 in
1521 2217 1721 2252 comparatione
1735 2219 1909 2250 multitudiuh

1112 2260 1243 2295 majorum
1257 2260 1269 2276 ²
1284 2260 1493 2296 frequentiamm
1512 2263 1640 2298 :quautis
1659 2264 1744 2293 turbis
1766 2265 1908 2301 implentur

1112 2305 1253 2339 ecclesiae,
1273 2307 1405 2343 stipantur
1430 2308 1565 2343 parietes,
1585 2311 1719 2345 pressuris
1738 2318 1769 2340 se
1793 2319 1906 2348 urgent,

1111 2358 1197 2387 prope
1210 2360 1239 2380 se
1253 2352 1386 2381 suti‘ucant
1406 2354 1587 2384 multitudine.
1606 2355 1709 2384 Rursus
1721 2357 1756 2385 ab
1773 2358 1812 2386 eis
1828 2359 1906 2394 ipsis,

1111 2398 1134 2425 si
1148 2405 1245 2425 munus
1255 2397 1266 2413 ⁸
1275 2403 1326 2431 est,
1337 2399 1455 2427 curritur
1467 2400 1500 2427 ad
1510 2401 1735 2436 amphitheatrum
1746 2412 1753 2431 :
1770 2403 1813 2431 isti
1827 2411 1908 2440 super

1111 2451 1253 2472 numerum
1269 2448 1340 2472 sunt.
1354 2444 1406 2473 Sed
1422 2445 1483 2474 ideo
1497 2446 1546 2474 ista
1560 2446 1684 2481 dicimus,
1707 2452 1737 2476 ut
1754 2449 1781 2476 in
1794 2457 1907 2479 numero

1111 2490 1164 2517 sint
1177 2499 1183 2516 :
1197 2491 1259 2525 quia
1271 2498 1325 2518 non
1339 2491 1444 2524 adsunt,
1459 2499 1511 2519 non
1524 2492 1637 2521 audiunt
1649 2501 1663 2520 a
1675 2494 1770 2528 nobis;
1786 2496 1832 2523 sed
1845 2503 1906 2525 eum

1110 2535 1239 2568 exieritis,
1258 2536 1368 2563 audiant
1380 2543 1395 2563 a
1411 2536 1498 2564 vobis.
1511 2537 1678 2573 Annuntiam',
1692 2539 1788 2575 inquit,
1803 2545 1828 2568 et
1836 2542 1907 2569 Iocu-

1110 2585 1152 2607 tua
1172 2589 1239 2608 sum.
1259 2581 1381 2609 Christus
1400 2582 1486 2610 dicit:
1502 2584 1669 2611 annuntiavit
1689 2584 1750 2620 ipse
1766 2592 1799 2613 ex
1820 2588 1905 2622 capite

1110 2630 1204 2653 nostro
1213 2646 1221 2659 ,
1235 2626 1473 2661 ipse-annuntiavit
1484 2635 1519 2655 ex
1532 2629 1662 2657 membris
1675 2630 1742 2664 suis,
1763 2631 1822 2667 ipse
1834 2633 1904 2662 misit

1110 2669 1323 2706 annuntiatores,
1344 2673 1401 2708 ipse
1423 2673 1496 2700 misit
1510 2674 1654 2708 Apostolus
1667 2683 1675 2700 :
1690 2674 1717 2703 in
1730 2683 1837 2704 omnem
1850 2682 1904 2706 ter~

1111 2726 1167 2746 ram
1186 2719 1268 2746 exivit
1281 2727 1363 2747 sonus
1373 2727 1476 2753 eorum,
1491 2724 1518 2748 et
1530 2720 1557 2748 in
1570 2720 1637 2749 ﬁnes
1646 2721 1720 2749 orbis
1730 2726 1809 2751 terra:
1822 2726 1901 2753 verba

1141 2785 1150 2821 ξ
1161 2784 1228 2821 φᾶ.)
1239 2782 1315 2821 dedit.
1329 2790 1358 2811 At
1365 2786 1478 2821 plerique
1486 2790 1552 2819 ntss.-,
1563 2787 1623 2819 edit,
1633 2787 1682 2819 vel,
1693 2786 1780 2815 θάνω.

1139 2816 1151 2832 ι
1163 2815 1275 2847 Plerique
1287 2820 1350 2845 Mss,
1362 2815 1501 2843 clausuram.

1141 2847 1152 2878 Ρ
1164 2847 1201 2871 sic
1213 2850 1265 2872 uss.
1285 2851 1314 2878 At
1323 2848 1391 2878 Edd.,
1403 2848 1532 2875 nautarum.

1139 2877 1155 2916 τ’
1163 2878 1242 2916 coda
1251 2878 1275 2903 si
1284 2876 1367 2905 num
1380 2876 1423 2905 ea.
1437 2884 1462 2905 Αι
1473 2883 1527 2906 Mss.
1539 2900 1546 2911 ,
1566 2879 1588 2907 si
1598 2888 1685 2907 munus
1696 2885 1732 2908 est
1741 2888 1752 2907 :
1763 2883 1810 2909 hoc
1821 2888 1870 2916 est,
1881 2886 1899 2909 si

1108 2905 1156 2934 ludi
1170 2905 1284 2934 mittatur.
