3978 6338
248 429 343 485 Mi

243 561 429 599 eorum
460 542 627 615 (Psal.
663 561 810 612 xvtu,
942 543 1133 612 Quanti
1175 543 1362 599 ﬁdeles
1387 545 1840 614 agglomerantnr,

243 647 458 706 quantm
485 637 1023 705 llll‘b.L'-CttllClll'l'lllll,
1056 637 1207 692 multi
1236 653 1360 692 vere
1386 636 1653 702 conversi,
1688 634 1842 688 multi

245 728 380 782 falso
429 729 709 794 conversi;
762 738 816 783 et
871 729 1153 799 pauciores
1204 738 1328 802 sunt
1381 744 1503 782 vere
1553 725 1840 792 conversi,

246 820 426 886 plures
471 818 603 874 falso
641 820 933 886 conversi;
984 819 1108 891 quia
1157 819 1482 890 multiplicati
1527 828 1644 882 sunt
1693 833 1844 888 super

245 926 533 964 numerum.

321 1003 407 1057 Η.
434 1002 741 1057 Annuntiavi
767 1003 1036 1057 allocutus
1061 1020 1170 1056 sum
1190 1045 1205 1070 ,
1251 1001 1577 1071 multiplicati
1605 1010 1722 1053 sunt
1752 1017 1843 1053 su-

244 1112 338 1162 per
359 1111 643 1149 numerum.
685 1097 1011 1165 Sacriﬁcium
1041 1105 1087 1149 et
1116 1095 1420 1149 oblationem
1454 1093 1681 1147 noluisti.
1715 1093 1842 1147 [Lee

242 1186 502 1241 miracula
525 1188 617 1242 Dei
648 1174 805 1254 sunt,
835 1187 918 1242 ha:
954 1188 1300 1258 cogitationes
1332 1186 1428 1241 Dei
1465 1195 1609 1252 sunt,
1647 1184 1842 1255 quibus

242 1291 404 1330 nemo
432 1285 514 1331 est
531 1277 721 1332 similis
747 1295 760 1330 :
791 1287 846 1331 ut
871 1287 1143 1348 spectator
1169 1277 1260 1334 ille
1288 1277 1583 1331 abducatur
1609 1291 1638 1331 a
1665 1275 1842 1330 curio-

241 1366 404 1421 sitate
437 1367 485 1433 ¹,
533 1377 588 1421 ει
625 1377 829 1436 quau-at
860 1369 958 1422 ista
989 1368 1265 1423 nobiscum
1307 1368 1560 1436 meliora,
1600 1367 1837 1430 fructuo-

239 1457 384 1511 siora
405 1498 421 1525 ,
454 1459 742 1529 de'quibus
779 1460 1009 1515 inventis
1037 1461 1327 1531 gaudebit;
1378 1471 1432 1516 et
1460 1461 1537 1516 sic
1567 1460 1837 1531 gaudebit,

239 1558 300 1603 ut
329 1564 435 1603 non
476 1551 659 1606 timeat
698 1566 765 1606 ne
808 1552 1054 1606 vincatur
1097 1569 1255 1621 quem
1299 1560 1444 1606 amat
1474 1570 1487 1604 :
1513 1561 1656 1606 amat
1696 1553 1839 1606 enim

238 1640 479 1710 aurigam
501 1645 522 1708 ',
554 1657 661 1712 quo
679 1643 821 1698 victo
851 1643 1225 1699 insultationcs
1262 1643 1414 1698 ferat.
1465 1643 1688 1712 Quando
1720 1645 1838 1698 vin-

236 1730 312 1784 cit
355 1734 536 1802 auriga
565 1774 579 1798 ,
635 1734 749 1802 ipse
797 1735 1042 1788 vcstitur.
1090 1733 1354 1804 Numquid
1404 1751 1604 1805 pauper
1631 1734 1720 1804 qui
1761 1734 1839 1789 illi

235 1824 475 1877 clamat?
510 1824 687 1902 Victor
717 1825 832 1895 ipse
855 1821 1098 1892 vestitur,
1137 1843 1232 1896 pro
1262 1828 1400 1882 victo
1429 1827 1501 1881 illi
1532 1827 1834 1882 insultatur.

234 1913 420 1980 Quare
459 1929 566 1984 pro
610 1915 700 1969 illo
749 1915 981 1987 percipis
1021 1918 1533 1986 reprehensionem,
1583 1934 1839 1988 cumquo

237 2023 350 2062 non
378 2008 574 2064 dividis
599 2010 844 2065 vestem?
870 2010 981 2066 Hac
1006 2011 1148 2066 aliud
1180 2010 1232 2065 iu
1265 2011 1584 2080 spectaculis
1614 2010 1837 2066 nostris.

239 2099 431 2155 Omnes
462 2103 664 2173 quidem
708 2113 952 2170 currunt,
1008 2103 1206 2159 Paulus
1254 2104 1530 2173 apostolus
1567 2102 1739 2167 dixit,
1782 2103 1838 2158 in

234 2193 334 2250 illo
359 2195 532 2250 stadio
551 2236 568 2264 ,
598 2196 650 2250 in
675 2196 767 2251 illo
790 2197 1097 2266 spectaculo
1114 2237 1128 2261 ,
1160 2214 1292 2250 unus
1316 2207 1484 2250 tamen
1510 2196 1695 2267 accipit
1721 2195 1840 2249 bra-

234 2289 376 2341 oium
405 2302 426 2342 :
451 2288 632 2343 caeteri
664 2288 787 2344 victi
823 2288 1106 2344 discedunt
1133 2287 1174 2361 (Ι
1204 2286 1322 2344 Cor.
1353 2305 1403 2343 ix
1427 2331 1440 2354 ,
1462 2287 1580 2360 ει).
1621 2289 1686 2344 Ει
1715 2304 1837 2358 per-

236 2381 626 2434 severaverunt
667 2378 1016 2434 in’curreudo
1048 2396 1060 2432 :
1091 2378 1186 2434 sed
1216 2393 1337 2434 cum
1367 2379 1638 2448 acceperit
1678 2394 1835 2443 unus,

191 2491 197 2496 ·
236 2478 526 2528 remanent
549 2470 729 2526 caueri
756 2471 846 2542 qui
884 2470 1130 2525 similiter
1154 2470 1556 2524 laboraverunt.
1587 2468 1697 2522 llac
1728 2484 1836 2523 non

233 2571 322 2615 est
364 2563 462 2617 sic.
511 2560 785 2631 Quotquot
830 2569 1087 2627 currunt,
1142 2572 1551 2632 perseveranter
1595 2567 1834 2624 currant,

234 2666 428 2707 oniiies
453 2652 765 2724 accipiunt:
792 2661 844 2707 et
885 2652 973 2722 qui
1008 2653 1154 2721 prior
1182 2652 1423 2716 venerit,
1469 2660 1746 2719 exspectat
1779 2659 1838 2704 ut

233 2759 359 2798 cum
388 2745 687 2813 posteriore
710 2754 1020 2800 coronetur.
1057 2747 1299 2814 Agenem
1325 2746 1524 2814 quippe
1540 2744 1700 2798 istum
1729 2759 1843 2819 non

232 2835 525 2905 cupiditas,
557 2835 652 2890 sed
673 2835 910 2891 charitas
942 2835 1068 2891 facit
1099 2854 1112 2890 :
1141 2851 1328 2892 omnes
1354 2845 1631 2890 currentes
1654 2819 1836 2891 amant

233 2942 316 2994 se,
348 2938 400 2983 et
433 2928 546 2998 ipse
573 2944 727 2982 amor
750 2943 938 2982 cursus
964 2937 1066 2985 est.

309 3017 400 3073 12.
425 3018 752 3088 Sacriﬁcium
779 3027 826 3074 et
855 3020 1157 3073 oblationem
1198 3019 1405 3074 noluisti
1429 3061 1442 3085 ,
1485 3022 1559 3074 ait
1602 3019 1835 3089 pSalmus

233 3111 370 3166 Deo.
401 3112 618 3182 Antiqui
647 3112 790 3166 enim
820 3153 835 3178 ,
867 3111 1080 3182 quando
1109 3111 1284 3166 adhuc
1311 3113 1629 3167 sacriﬁcium
1651 3128 1834 3167 verum

231 3202 381 3274 quod
404 3203 590 3259 fideles
613 3213 840 3269 norunt,
874 3203 926 3258 in
959 3202 1143 3274 figuris
1177 3203 1660 3272 prmnuntiabatur,
1687 3202 1833 3258 cele-

234 3295 468 3350 brabant
493 3297 691 3365 figuras
737 3294 929 3350 futurae
970 3294 1046 3349 rei
1075 3312 1088 3349 :
1114 3293 1521 3349 multi-scientes
1547 3336 1560 3357 ,
1590 3293 1684 3349 sed
1714 3293 1837 3364 plu»

235 3399 327 3440 res
369 3386 698 3456 ignorantes.
755 3384 887 3440 Nam
917 3383 1198 3454 Prophetze
1226 3393 1281 3438 et
1318 3382 1489 3439 sancti
1516 3384 1836 3440 Patriarchaa

236 3485 505 3532 noverant
529 3474 672 3546 quod
699 3475 1046 3531 celebrabant
1080 3492 1092 3526 :
1123 3483 1318 3530 caetera
1346 3484 1525 3532 autem
1555 3475 1836 3530 multitudo

235 3569 422 3638 iniqua
446 3609 463 3634 ,
490 3567 724 3623 carnalis
749 3567 828 3623 sic
848 3577 987 3634 erat,
1021 3576 1079 3620 ut
1108 3566 1261 3622 ﬁeret
1287 3565 1357 3621 de
1378 3567 1468 3621 illa
1499 3566 1638 3636 quod
1666 3565 1833 3637 signi-

236 3659 425 3714 ﬁcaret
455 3658 754 3727 posteriora
787 3668 1010 3714 ventura
1045 3677 1059 3712 :
1090 3667 1144 3712 et
1171 3657 1317 3711 venit
1344 3658 1367 3689 '
1394 3656 1607 3711 sublato
1634 3657 1725 3714 illo
1747 3673 1835 3711 sa-

236 3749 446 3806 crificio
473 3745 648 3821 primo
671 3791 689 3817 ,
739 3749 964 3805 sublatis
995 3748 1324 3803 holocaustis
1349 3749 1576 3802 arietum
1600 3789 1614 3813 ,
1656 3747 1838 3802 hirco-

236 3857 360 3897 rum
379 3881 398 3908 ,
433 3840 722 3895 vitulorum
747 3880 766 3909 ,
793 3849 1218 3910 ceterarumque
1247 3839 1580 3894 vietimarum
1606 3855 1620 3904 ;
1669 3837 1840 3892 noluit

236 3934 328 3989 illa
347 3933 520 3989 Deus.
543 3932 722 4001 Quare
750 3933 840 3986 illa
868 3931 1076 3986 noluit?
1096 3946 1260 4001 quare
1282 3931 1455 4000 primo
1476 3930 1642 3984 voluit
1662 3931 1685 3984 ’ἔ
1705 3930 1836 3998 Quia

237 4027 330 4082 illa
356 4026 535 4080 omnia
561 4025 713 4097 quasi
745 4026 906 4079 verba
949 4033 1102 4078 erant
1139 4021 1537 4092 promittentis;
1583 4031 1638 4076 et
1677 4021 1835 4076 verba

235 4118 558 4190 promissiva
583 4160 599 4186 ,
647 4134 769 4173 cum
801 4119 1006 4173 venerit
1032 4116 1173 4187 quod
1202 4117 1554 4185 promittunt,
1595 4131 1700 4171 non
1725 4116 1835 4187 jam

237 4212 610 4267 enuntiantur.
666 4210 893 4265 Tamdiu
936 4211 1162 4280 quisque
1205 4209 1505 4278 promissor
1531 4217 1634 4273 est,
1666 4208 1840 4264 donec

243 4305 342 4359 del
369 4318 385 4355 :
412 4317 533 4357 cum
585 4300 827 4366 dederit,
871 4309 1043 4355 mutat
1082 4299 1263 4354 verba.
1318 4299 1432 4354 Non
1472 4298 1600 4353 dicit
1640 4299 1836 4364 adhuc,

240 4395 428 4459 Dabo,
477 4391 616 4464 quod
644 4409 704 4448 se
727 4393 974 4448 daturum
1013 4391 1266 4456 dicebat;
1312 4390 1405 4445 sed
1445 4389 1616 4456 dicit,
1663 4391 1837 4448 Dedi:

240 4485 470 4542 mutavit
489 4484 734 4539 verbum.
759 4483 934 4551 Quare
963 4483 1036 4537 illi
1057 4482 1228 4551 primo
1251 4480 1451 4552 placuit
1473 4479 1573 4535 hoc
1591 4482 1835 4550 verbum,

239 4588 299 4633 et
327 4593 497 4648 quare
521 4574 652 4632 illud
693 4574 960 4630 mutavit?
1011 4573 1146 4640 Quia
1194 4573 1452 4643 temporis
1493 4577 1574 4627 sui
1615 4573 1838 4628 verbum

241 4669 380 4736 fuit,
422 4678 479 4724 et
507 4683 604 4739 pro
630 4677 870 4736 tempore
899 4680 998 4720 suo
1028 4665 1244 4736 placuit.
1291 4662 1515 4730 Quando
1555 4665 1840 4733 promitte-

241 4765 438 4826 batur,
484 4771 610 4817 tunc
654 4760 930 4816 dieebatur
958 4777 971 4814 :
998 4773 1118 4813 cum
1160 4765 1336 4811 autem
1367 4757 1548 4811 datum
1589 4766 1670 4811 est
1697 4757 1839 4826 quod

239 4859 569 4934 promissum
598 4865 680 4911 est
699 4896 715 4922 ,
768 4854 940 4909 ablata
971 4860 1096 4907 sunt
1121 4851 1282 4905 verba
1314 4850 1631 4920 promissiva
1655 4890 1672 4916 ,
1714 4850 1839 4905 data

241 4959 372 5006 Sttttl
393 4947 732 5016 completiva.
774 4944 1044 5000 Sacriﬁcia
1072 4958 1200 5014 ergo
1225 4941 1346 5006 illa,
1396 4950 1646 5010 tanquam
1678 4942 1839 4996 verba

242 5042 602 5116 promissiva,
647 5039 824 5094 ablata
867 5046 1011 5092 sunt.
1060 5034 1199 5104 Quid
1240 5043 1324 5089 est
1369 5032 1512 5104 quod
1542 5031 1726 5087 datum
1756 5040 1842 5088 est

241 5132 668 5206 completivum?
695 5130 904 5200 Corpus
928 5129 1070 5201 quod
1101 5128 1269 5182 nostis
1291 5169 1306 5194 ,
1348 5126 1489 5198 quod
1517 5142 1621 5181 non
1652 5142 1839 5182 omnes

245 5230 418 5287 nostis
453 5228 570 5302 (a);
617 5223 759 5296 quod
792 5223 993 5294 utinam
1034 5221 1124 5293 qui
1157 5220 1325 5274 nostis
1350 5262 1365 5284 ,
1412 5234 1602 5275 omnes
1631 5234 1736 5274 non
1770 5218 1839 5273 ad

240 5321 502 5394 judicium
536 5315 810 5372 noveritis.
834 5312 1025 5368 Videte
1054 5311 1268 5382 quando
1295 5311 1496 5366 dictum
1525 5320 1641 5373 est;
1683 5310 1840 5364 Chri-

245 5424 365 5468 stus
401 5411 542 5464 enim
575 5408 665 5464 ille
689 5415 771 5460 est
802 5403 1057 5459 Dominus
1082 5410 1264 5457 noster
1285 5443 1300 5468 ,
1330 5401 1492 5456 modo
1518 5401 1745 5469 loquens
1772 5415 1837 5454 ex

247 5502 510 5560 membris
536 5500 648 5555 suis
667 5540 682 5567 ,
725 5495 886 5552 modo
913 5496 1136 5565 loquens
1165 5508 1228 5548 ex
1259 5507 1486 5563 persona
1512 5505 1627 5546 sua.
1659 5491 1838 5546 Sacri-

309 5689 327 5712 ι
354 5686 535 5728 omnes
557 5675 665 5724 fere
681 5681 811 5733 Mss,
835 5670 1111 5733 adducatur
1133 5671 1201 5733 ad
1222 5668 1564 5719 curiositatem.

304 5745 326 5775 ³
347 5749 468 5790 'n‘es
488 5745 615 5788 uss:
638 5745 706 5786 En
728 5729 851 5786 venit
874 5732 1047 5784 veritas
1069 5729 1269 5786 sublato,
1294 5739 1389 5780 etc.

300 5788 497 5867 (uitiae
520 5796 748 5866 loquendi
791 5794 994 5847 formula
1025 5794 1413 5845 catechumenos
1447 5797 1722 5857 praesentes
1741 5788 1834 5842 de-

233 5873 414 5933 signat.

1316 426 1715 485 ENARRATIO
1754 424 1818 481 IN
1861 422 2184 486 PSALMUM
2227 431 2468 490 XXXIX.

3441 443 3546 504 ΜΞ

1955 542 2144 612 ﬁcium,
2177 548 2366 617 inquit,
2397 559 2441 602 et
2471 549 2774 606 oblationem
2806 553 3034 608 noluisti.
3082 552 3216 622 Quid
3248 557 3414 628 ergo?
3442 559 3548 614 Nos

1949 637 2060 706 ja‘m
2088 638 2189 694 hoc
2219 651 2460 711 tempore
2476 643 2592 698 sine
2613 645 2876 699 sacrificio
2898 647 3101 701 dimissi
3129 649 3351 702 sumus?
3372 650 3545 704 Absit.

1954 725 2152 796 Corpus
2181 741 2350 784 autem
2379 734 2637 805 perfecisti
2664 736 2807 788 mihi.
2844 735 2969 790 Ideo
2999 738 3083 791 illa
3113 737 3327 792 noluisti
3360 750 3415 792 ut
3446 740 3546 795 hoc

1954 820 2289 889 perﬁceres:
2338 823 2423 877 illa
2475 826 2692 880 voluisti
2740 835 3026 897 antequam
3086 831 3189 885 hoc
3238 828 3544 898 perficeres.

1951 911 2213 968 Perfectio
2252 916 2639 984 promissorum
2688 919 2908 972 abstulit
2949 921 3110 974 verba
3155 921 3540 984 prominentia.

1949 1001 2083 1056 Nam
2114 1004 2158 1060 si
2199 1006 2375 1061 adhuc
2401 1018 2524 1062 sunt
2569 1010 2933 1079 promittentia
2955 1052 2970 1077 ,
3001 1010 3231 1066 nondum
3261 1012 3542 1082 impletum

1949 1096 2195 1165 estquod
2240 1100 2559 1167 promissum
2590 1108 2694 1154 est.
2744 1100 2857 1154 Hoc
2889 1103 3299 1171 promittebatur
3321 1104 3543 1174 quibus-

1948 1184 2070 1240 dam
2094 1187 2259 1257 signis
2292 1207 2306 1244 :
2338 1190 2513 1244 ablata
2535 1201 2659 1245 sunt
2682 1193 2834 1262 signa
2868 1195 3228 1261 promittentia
3252 1237 3272 1263 ,
3298 1197 3421 1267 quia
3445 1213 3543 1252 ex-

1948 1275 2109 1332 hibita
2157 1290 2238 1332 est
2265 1280 2457 1334 veritas
2498 1283 2783 1348 promissa.
2841 1283 2896 1336 In
2943 1283 3047 1339 hoc
3073 1301 3302 1354 corpore
3333 1303 3540 1353 smnus,

1948 1366 2107 1436 hujus
2134 1371 2374 1438 corporis
2405 1372 2692 1440 participes
2719 1389 2927 1440 sumus,
2954 1375 3094 1444 quod
3127 1376 3416 1446 accipimus
3446 1395 3542 1432 no-

1947 1459 2121 1515 vimus
2148 1477 2163 1513 :
2192 1471 2247 1515 et
2275 1463 2363 1532 qui
2391 1479 2495 1516 non
2528 1465 2697 1538 nostis
2730 1465 2982 1519 noveritis
3005 1507 3019 1530 ,
3053 1477 3108 1521 et
3138 1483 3258 1522 cum
3291 1467 3541 1524 didiceri-

1947 1551 2013 1606 tis
2039 1595 2053 1620 ,
2108 1554 2306 1608 utinam
2354 1571 2458 1608 non
2499 1556 2564 1610 ad
2609 1555 2864 1620 judicium
2906 1558 3199 1627 accipiatis.
3254 1560 3354 1626 Qui
3397 1561 3539 1616 enim

1946 1633 2235 1698 manduca'.
2259 1655 2311 1699 et
2337 1645 2469 1698 bibit
2503 1647 2737 1716 indigne,
2761 1647 3020 1716 judicium
3048 1650 3150 1704 sibi
3176 1650 3464 1716 manducet
3487 1662 3539 1708 et

1946 1731 2077 1787 bibit
2104 1733 2145 1807 (l
2178 1735 2294 1788 Cor.
2325 1736 2530 1805 x,|9.9).
2565 1737 2866 1794 Perfectum
2892 1748 2974 1794 est
3001 1740 3152 1795 nobis
3181 1757 3398 1811 corpus,
3424 1758 3539 1812 per-

1945 1823 2188 1880 ftciamur
2215 1828 2265 1880 in
2298 1843 2541 1898 corpore.

2019 1918 2106 1973 ~13.
2138 1917 2457 1987 Sacri/icium
2486 1929 2531 1972 et
2559 1919 2862 1975 oblationem
2907 1922 3132 1990 noluisti,
3159 1939 3346 1995 corpus
3373 1919 3538 1992 auten;

1945 2008 2209 2080 perfecis'i
2241 2010 2385 2066 mihi.
2435 2009 2753 2065 Holocausta
2791 2013 2942 2066 etiam
2982 2031 3076 2084 pro
3108 2013 3290 2068 delicto
3320 2019 3421 2070 non
3452 2033 3540 2086 pe-

1944 2100 2048 2153 tisti
2079 2107 2233 2153 :tune
2276 2100 2387 2154 dixi
2409 2143 2424 2164 ,
2470 2100 2606 2156 Ecce
2643 2103 2804 2157 venio.
2861 2103 3131 2173 Numquid
3162 2106 3535 2175 exponendum

1944 2201 2028 2246 est
2048 2235 2064 2259 ,
2099 2186 2425 2261 Sacri/icium
2454 2205 2500 2248 et
2529 2195 2828 2249 oblationem
2860 2197 3068 2251 noluisti
3085 2239 3101 2262 ,
3149 2215 3335 2268 corpus
3367 2210 3536 2256 autem

1944 2282 2197 2351 perfeciin
2243 2284 2368 2337 milii
2384 2285 2409 2338 2
2453 2283 2766 2340 Holocausta
2791 2289 2942 2340 etiam
2982 2306 3073 2358 pro
3100 2288 3283 2343 delicto
3313 2306 3414 2344 non
3441 2308 3535 2362 pe-

1944 2374 2045 2428 tisti
2070 2389 2089 2427 :
2115 2391 2234 2443 qua:
2279 2376 2493 2444 petebat
2525 2379 2542 2409 ί
2574 2386 2749 2433 antea.
2810 2377 2952 2432 Tum:
2991 2379 3134 2447 dixi,
3190 2379 3323 2435 Ecce
3368 2396 3532 2437 vento.

1942 2465 2175 2536 Tempus
2200 2477 2280 2523 est
2309 2479 2364 2523 ut
2388 2469 2603 2524 veniant
2630 2486 2747 2540 qua:
2774 2471 3217 2539 promittebantur
3237 2514 3250 2536 ,
3279 2473 3402 2542 quia
3427 2488 3530 2527 auo

1941 2558 2183 2613 feruntur
2205 2575 2266 2615 ea
2296 2575 2389 2628 per
2415 2577 2534 2630 qum
2556 2561 3023 2627 promittebantur.
3057 2562 3121 2616 Et
3149 2577 3275 2617 vere
3295 2604 3310 2628 ,
3341 2561 3533 2618 fratres

1941 2653 2067 2718 mei,
2098 2651 2458 2706 attenditeilla
2484 2653 2680 2720 ablata,
2709 2652 2824 2708 bmc
2844 2652 3079 2724 impleta.
3108 2653 3205 2709 Det
3222 2654 3350 2709 mihi
3373 2654 3533 2709 modo
3567 2715 3571 2718 ,

1937 2756 2071 2811 gens
2088 2741 2298 2812 judaica
2328 2743 2684 2798 sacerdotem.
2712 2743 2814 2799 Ubi
2840 2754 2963 2798 sunt
2991 2745 3248 2799 sacriﬁcia
3281 2737 3530 2799 illorum?

1938 2831 2098 2886 Certe
2128 2830 2441 2901 perierunt,
2491 2841 2640 2887 certe
2681 2833 2857 2887 ablata
2894 2843 3020 2887 sunt
3061 2849 3221 2888 nunc.
3265 2833 3530 2904 Numquid

1943 2932 2069 2978 tunc
2095 2923 2507 2993 reprobaremus
2546 2938 2608 2979 ea
2633 2923 2658 2976 ‘l
2701 2924 3071 2993 Reprobamus
3100 2923 3259 2978 modo
3290 2941 3304 2976 :
3335 2924 3456 2993 quia
3485 2925 3531 2987 si

1939 3015 2100 3070 modo
2120 3015 2252 3069 velis
2277 3013 2473 3080 facere,
2504 3013 2856 3086 intemporale
2882 3027 2966 3071 est
2991 3020 3135 3080 ,'non
3163 3026 3245 3071 est
3267 3027 3533 3088 opportu-

1939 3123 2100 3173 num,
2150 3123 2255 3161 non
2300 3107 2561 3177 congruit.
2606 3107 2798 3164 Adhuc
2830 3109 3125 3178 promittis,
3172 3110 3282 3178 jam
3326 3109 3529 3178 accepi.

1939 3199 2216 3254 Remansit
2259 3198 2366 3253 illis
2405 3198 2656 3269 quiddam
2688 3199 2831 3270 quod
2857 3199 3168 3266 celebrent,
3216 3215 3285 3255 ne
3311 3193 3532 3256 omnino

1939 3291 2055 3345 sine
2081 3291 2232 3361 signo
2258 3299 2624 3345 remanerent.
2670 3289 2800 3344 Cain
2829 3292 2975 3344 enim
3015 3291 3188 3360 major
3217 3289 3414 3357 frater,
3440 3292 3532 3361 qui

1939 3384 2134 3441 occidit
2179 3385 2439 3439 minorem
2487 3383 2737 3448 fratrem,
2783 3383 2992 3452 accepit
3037 3383 3286 3452 signum,
3317 3399 3385 3438 ne
3412 3384 3532 3454 quis

1939 3497 2061 3536 eum
2089 3477 2357 3534 occideret
2383 3519 2398 3542 ,
2443 3479 2580 3534 sicut
2604 3477 2860 3547 scriptum
2886 3487 2969 3532 est
3002 3477 3054 3531 in
3083 3476 3275 3533 Genesi
3306 3495 3321 3536 :
3352 3475 3533 3533 Posuit

1947 3584 2078 3634 Deus
2106 3571 2233 3627 Cain
2261 3571 2486 3641 signum,
2517 3579 2570 3624 ut
2599 3588 2745 3625 nemo
2772 3587 2889 3625 eum
2919 3569 3186 3626 occideret.
3219 3571 3451 3627 Proinde
3477 3581 3533 3628 et

1939 3663 2052 3732 ipsa
2073 3677 2202 3732 gens
2225 3662 2400 3732 judara
2425 3667 2603 3716 manet
2635 3663 2676 3716 ⁸.
2745 3661 2943 3716 Omnes
2968 3668 3153 3733 gentes
3180 3662 3404 3717 subdita:
3423 3664 3533 3733 juri

1939 3769 2184 3821 romano,
2209 3754 2260 3808 in
2282 3755 2371 3825 jus
2398 3768 2676 3809 romanum
2707 3755 3100 3818 conﬂuxerunt,
3127 3756 3535 3824 superstitiones

1940 3847 2506 3911 communicaverunt;
2533 3855 2716 3918 postea
2745 3846 2867 3900 inde
2893 3857 3171 3916 coeperunt
3188 3863 3283 3918 per
3309 3848 3532 3918 gratiam

1936 3925 2155 3993 Domini
2204 3939 2372 3992 nostri
2412 3939 2541 3995 Jesu
2587 3939 2786 3993 Christi
2826 3939 3106 4008 separari:
3138 3939 3227 3993 illa
3283 3956 3408 3994 vero
3456 3941 3534 3997 sic

1941 4027 2134 4084 mansit
2163 4043 2283 4085 cum
2313 4029 2464 4099 signo
2490 4044 2608 4095 suo,
2632 4044 2752 4083 cum
2770 4028 2921 4098 signo
2950 4029 3390 4096 circumcisiouis,
3410 4047 3533 4088 cum

1942 4121 2093 4191 signo
2121 4136 2431 4192 azymorum
2482 4120 2561 4175 sic
2599 4120 2798 4176 mansit
2828 4138 2841 4174 :
2874 4135 2980 4174 non
3021 4130 3105 4175 est
3142 4120 3350 4176 occisus
3376 4121 3531 4187 Cain,

1943 4226 2048 4266 non
2077 4219 2159 4265 est
2183 4211 2413 4276 accisus,
2452 4211 2613 4266 habet
2646 4212 2857 4281 signum
2888 4227 3065 4266 suum.
3119 4211 3428 4268 Maledictus
3450 4223 3534 4270 est

1942 4320 1972 4358 a
2013 4314 2154 4359 terra
2179 4347 2194 4364 .
2241 4319 2359 4374 quae
2401 4304 2611 4374 aperuit
2639 4319 2881 4358 ossuum
2924 4303 3171 4374 excipere
3220 4305 3532 4374 sanguinem

1942 4396 2121 4452 fratris
2151 4398 2268 4466 ejus
2292 4395 2360 4451 de
2385 4411 2545 4450 manu
2574 4395 2710 4463 ejus.
2745 4394 2837 4449 Ille
2865 4394 3007 4448 enim
3038 4393 3171 4448 fudit
3195 4395 3531 4464 sanguinem,

1943 4505 2049 4545 non
2079 4490 2288 4559 excepit
2320 4505 2332 4540 :
2362 4487 2450 4542 ille
2487 4486 2657 4550 fudit,
2707 4486 2810 4540 alia
2843 4493 2980 4540 terra
3013 4486 3225 4554 excepit
3253 4500 3267 4538 :
3295 4496 3349 4540 et
3373 4485 3440 4539 ab
3468 4500 3533 4540 ea

1945 4595 2088 4638 terra
2117 4599 2234 4653 qum
2263 4596 2325 4635 os
2347 4581 2558 4650 aperuit
2580 4588 2636 4634 et
2664 4579 2907 4647 excepit,
2955 4577 3044 4631 ille
3070 4575 3381 4632 maledictus
3409 4585 3490 4630 est
3517 4593 3530 4630 :

1942 4683 1998 4729 et
2036 4673 2147 4743 ipsa
2190 4682 2328 4727 terra
2371 4686 2490 4741 quae
2529 4685 2624 4724 ore
2658 4669 2869 4740 excepit
2899 4668 3248 4738 sanguinem,
3293 4667 3533 4722 Ecclesia

1942 4774 2042 4819 est.
2074 4764 2156 4818 Ab
2185 4761 2286 4816 hac
2310 4777 2439 4831 ergo
2469 4761 2555 4815 ille
2594 4759 2910 4814 maledictus
2935 4769 3036 4814 est.
3090 4759 3157 4813 Et
3196 4759 3282 4814 ille
3319 4759 3533 4827 sanguis

1943 4857 2138 4912 clamat
2159 4855 2227 4910 de
2255 4864 2395 4910 terra
2426 4853 2490 4908 ad
2520 4867 2624 4906 me.
2677 4852 2752 4905 De
2770 4844 2880 4905 hac
2914 4853 3055 4905 enim
3089 4859 3243 4905 terra
3263 4849 3393 4903 dixit
3428 4850 3532 4902 lto-

1944 4951 2121 5006 minus
2141 4988 2154 5012 ,
2194 4947 2308 5002 Vox
2327 4931 2591 5017 sanguinis
2619 4945 2793 5015 fratris
2815 4943 2888 4996 tui
2909 4942 3092 4998 clamat
3120 4941 3188 4995 ad
3217 4959 3294 4994 me
3315 4944 3379 4994 de
3402 4951 3534 4995 terra

1946 5042 2099 5112 (Gen.
2133 5057 2185 5097 ιν
2208 5081 2225 5107 ,
2255 5041 2355 5104 l5,
2383 5037 2495 5111 10).
2543 5036 2785 5108 Clamat,
2830 5033 3032 5104 inquit,
3070 5033 3136 5088 ad
3164 5049 3249 5088 me
3274 5032 3342 5088 de
3368 5042 3532 5087 terra.

1945 5135 2152 5186 Clamat
2172 5131 2239 5186 ad
2284 5130 2566 5185 Dominum
2597 5145 2609 5181 :
2643 5126 2736 5181 sed
2773 5125 2967 5180 surdus
3004 5132 3087 5179 est
3114 5126 3201 5195 qui
3225 5125 3530 5193 sanguinem

1947 5225 2098 5288 fudit,
2127 5209 2368 5293 quianon
2395 5219 2581 5276 bibit‘.
2604 5218 2921 5288 llliergoita
2949 5225 3094 5281 sunt,
3129 5227 3377 5287 tauquam
3399 5216 3532 5269 Cain

1944 5333 2066 5372 cum
2115 5317 2288 5386 signo.
2341 5311 2611 5370 Sacriﬁcia
2653 5326 2785 5365 vero
2829 5326 2948 5380 qua:
2988 5310 3059 5366 ibi
3087 5308 3315 5376 fiebant,
3356 5309 3532 5363 ablata

1945 5417 2104 5472 sunt;
2134 5403 2351 5475 etquod
2381 5403 2459 5458 eis
2480 5401 2737 5458 remansit
2759 5400 2823 5454 ad
2853 5401 3059 5471 signum
3086 5399 3216 5453 Cain
3237 5438 3253 5465 ,
3279 5399 3388 5468 jam
3411 5413 3532 5468 per-

2009 5541 2026 5571 ¹
2045 5539 2118 5606 S_ic
2139 5534 2357 5606 nonnulli
2381 5541 2485 5583 uss.
2511 5532 2594 5581 Alii
2615 5565 2630 5591 ,
2653 5537 2700 5581 et
2722 5541 2832 5593 qua:
2853 5529 3150 5606 petebantur.
3189 5526 3323 5586 Edd.,
3347 5502 3394 5577 et
3417 5539 3526 5592 qui:

2208 5663 2366 5708 manet
2386 5668 2474 5718 per
2495 5667 2657 5705 omnes
2678 5659 2840 5724 gentes
2862 5650 3055 5724 subdita
3091 5649 3202 5711 juri
3225 5658 3449 5700 nontam.
3479 5652 3538 5699 tu

1934 5724 2025 5788 ιω
2047 5717 2323 5788 Romo
2349 5717 2443 5788 επὶ·
2461 5723 2639 5788 Low“!
2735 5722 2842 5788 ἕξει
2866 5717 3176 5788 meisme-

2009 5770 2182 5846 ξλὼά
2204 5770 2334 5846 ιργξ,
2351 5779 2466 5846 quia
2593 5775 2721 5826 me.
2746 5784 2802 5826 At
2823 5775 2947 5839 apud
2985 5770 3149 5846 ἰείη-ει
3193 5780 3300 5824 Mss.
3321 5770 3532 5837 aliquot,

1945 5843 2067 5914 quia
2090 5833 2194 5897 'non
2217 5833 2332 5896 bibat
2360 5833 2378 5894 ἓ
2402 5844 2453 5892 ιιι
2475 5841 2585 5893 aliis
2600 5847 2730 5902 uss,
2746 5833 2886 5903 queri:
2909 5851 3002 5889 non
3027 5833 3162 5888 bibit.
