1989 3164
91 201 143 231 668

91 258 154 288 fessi
169 262 233 287 sunt
243 255 401 287 Christum:
418 261 499 294 caput
517 255 589 293 quod
610 262 784 293 ptmecsserat
795 278 802 289 .
816 256 887 285 sicut

90 305 211 334 membra
221 323 232 339 .
242 304 317 340 sequi
327 303 531 340 concupierunt.
541 302 596 332 Sed
604 304 649 339 qui
656 303 849 338 concupierunt
860 302 888 329 ιν

92 350 121 380 In
144 350 286 379 tormentis
310 349 462 386 patientes.
481 349 509 378 in
530 348 700 377 confessione
724 347 837 381 ﬁdeles,
860 348 887 375 in

89 404 219 425 sermone
231 403 351 424 veraces.
367 394 558 424 Jaculabantur
572 394 644 422 enim
664 394 690 421 in
704 401 756 435 .ora
773 393 889 421 interm-

89 443 211 478 gantinm
225 448 256 470 se
277 441 389 476 sagittas
408 440 476 473 Dei.
498 445 525 468 et
544 439 719 467 vulnerabant
741 438 774 467 ad
796 439 887 472 iram;

90 487 192 515 mullos
217 486 426 513 vulneraverunt
448 489 477 514 et
499 485 532 513 ad
557 485 681 512 salutem.
709 484 772 512 Hmc
796 484 885 512 Omnia

93 532 270 568 proponimus
285 531 363 560 nobis
374 552 381 564 ,
394 536 420 558 et
436 531 571 558 intuemur
582 531 624 557 illa
636 552 643 563 ,
656 534 681 557 et
692 534 816 564 optamus
828 529 888 557 imi-

88 579 150 607 tari.
170 578 231 606 llaec
245 583 307 606 sunt
320 578 471 613 spectacula
487 577 630 605 christiana
645 597 651 609 ,
673 576 731 604 haec
751 575 823 603 videt
837 575 886 602 dc-

90 633 174 660 super
188 625 258 656 Deus
270 645 278 658 ,
292 624 326 651 ad
343 624 399 651 inec
413 623 535 650 hortatur
548 644 554 656 ,
571 623 602 649 ad
619 622 675 649 lucc
697 621 823 657 adjuvat;
845 619 887 648 his

87 671 282 700 certaminibus
305 671 414 706 pra‘mia
438 670 564 705 proponit
583 674 609 696 et
631 668 723 695 donat.
739 667 807 695 Ecce
818 667 886 694 labia

89 727 145 744 mea
161 726 213 744 non
224 716 371 752 prohibebo.
388 715 454 743 Vide
469 724 501 742 nc
517 715 609 741 timeas
623 735 631 748 ,
650 719 676 741 et
689 713 831 749 prohibens
845 713 884 740 la-

84 763 130 791 hia
145 770 200 790 tua.
215 762 342 797 Domine,
356 768 382 789 tu
393 760 531 797 cognovisti
545 769 554 787 :
567 760 627 795 quia
650 764 691 787 est
712 764 739 787 et
759 759 786 786 iu
803 758 885 787 corde

87 810 160 847 quod
176 813 254 837 sonat
266 813 294 836 ct
307 809 333 836 in
349 808 437 836 labiis.

122 856 167 883 i7.
179 854 256 892 [rem
271 853 328 890 il.]
337 853 468 881 Justitiam
479 860 562 880 meam
576 860 627 879 non
642 851 761 879 abscondi
772 850 798 878 in
808 850 885 881 corde

87 910 158 928 utea.
171 899 240 934 Quid
256 905 298 927 est
312 920 320 932 .
331 900 459 935 justitiam
473 899 572 925 meam?
586 897 678 925 Fidem
693 904 800 924 meam:
822 896 884 931 quia

84 951 173 981 justus
185 955 219 975 ex
234 946 286 976 lida
308 943 373 975 vivit
396 946 406 980 (
420 944 520 973 lIabac.
537 952 555 972 ιι
570 965 578 978 ,
593 944 609 972 Ai
622 966 629 975 .
643 949 667 971 et
683 942 758 972 Rom.
773 951 802 976 ι,
816 942 850 971 l7
861 943 883 975 ).

86 994 120 1022 Lit
135 999 198 1028 puta
210 1014 219 1027 ,
234 993 381 1028 interrogat
403 992 453 1018 sub
473 998 549 1026 pinna
571 994 728 1025 persecutor
738 1010 748 1022 ,
760 987 832 1024 quod
844 987 885 1017 cis

84 1041 158 1067 licuit
172 1038 317 1074 aliquando
327 1059 335 1071 ,
357 1037 426 1071 Quid
439 1045 469 1064 cs
478 1037 491 1063 ‘t
505 1044 620 1071 paganus
633 1056 640 1069 ,
655 1044 689 1063 an
703 1033 885 1064 christianos?

83 1084 262 1113 Christianus.
279 1084 338 1121 Ipsa
350 1089 390 1111 est
403 1083 506 1119 iustitia
525 1084 582 1117 ejus
597 1092 605 1109 :
622 1080 756 1115 credidit,
775 1088 810 1109 ex
828 1080 883 1109 fido

83 1132 159 1162 virit.
170 1129 229 1159 Non
240 1127 379 1157 abscondit
393 1129 418 1155 in
430 1129 511 1156 corde
525 1136 573 1155 suo
582 1128 711 1162 justitiam
724 1134 810 1154 suam.
825 1126 884 1155 Non

83 1178 151 1205 dixit
163 1175 233 1212 apud
246 1184 277 1204 se
290 1184 298 1203 ς
313 1174 401 1203 Credo
414 1174 522 1210 quidem
542 1175 567 1201 in
581 1174 715 1202 Christum
728 1195 735 1207 ,
754 1173 801 1201 sed
821 1172 883 1201 huic

85 1221 252 1259 persecutori
267 1229 328 1248 tneo
342 1221 463 1248 stnvienti
477 1225 505 1248 ct
518 1220 629 1248 minanti
645 1228 697 1247 nun
713 1219 799 1247 dicant
812 1219 883 1255 quod

83 1267 208 1297 credidi:
224 1267 299 1295 novit
314 1266 383 1294 Deus
403 1274 479 1293 meus
502 1267 573 1293 intus
594 1266 619 1292 in
638 1265 720 1293 corde
742 1272 803 1292 meo
821 1264 882 1300 quia

83 1315 167 1344 credo
178 1336 184 1348 ,
201 1315 259 1351 ipse
270 1314 319 1341 scit
330 1314 394 1349 quia.
406 1313 443 1341 illi
455 1321 508 1340 non
522 1311 656 1339 renuntio;
671 1311 740 1339 Ecce
751 1310 802 1338 hoc
815 1310 884 1338 dicis

85 1368 110 1390 lc
124 1363 196 1392 intus
210 1361 310 1388 habere
324 1360 351 1387 in
372 1359 473 1388 corde:
495 1359 521 1386 in
541 1358 619 1386 labiis
637 1357 724 1393 quid?
744 1357 802 1385 Non
823 1365 882 1385 sutn

84 1407 271 1436 christianus?
294 1406 394 1433 Contra
416 1413 463 1432 cor
485 1409 558 1432 tuum
584 1403 766 1432 testimonium
790 1402 884 1431 dicunt

84 1454 154 1482 labia
168 1457 224 1480 tua.
236 1451 370 1482 Justitiam
380 1458 461 1477 meum
472 1458 521 1477 non
534 1449 656 1477 abscondi
671 1450 697 1477 in
708 1448 785 1476 corde
796 1456 863 1475 mro.

121 1499 167 1528 18.
193 1497 329 1526 Veritatem
344 1503 412 1524 tuam
425 1501 449 1523 et
463 1496 575 1524 salutare
586 1501 656 1521 lttttm
670 1495 735 1522 dixi.
748 1494 883 1522 Christum

85 1552 161 1573 tuum
176 1543 231 1572 dixl
243 1564 252 1576 ,
268 1543 320 1571 hoc
332 1546 373 1570 est
386 1563 394 1575 ,
414 1540 551 1570 Veritatem
566 1546 635 1567 tuum
652 1546 674 1567 et
688 1541 801 1568 salutare
811 1544 883 1568 tuttnt

83 1591 150 1618 dixi.
165 1589 242 1618 Unde
255 1588 353 1616 veritas
365 1587 509 1615 Christus?
530 1586 584 1623 Ego
605 1595 661 1613 sum
680 1586 770 1614 veritos
782 1587 792 1623 (
802 1585 882 1614 Jaan.

85 1644 155 1670 xiv,
169 1636 217 1671 ti).
242 1634 321 1663 Unde
348 1634 466 1661 salutare
493 1633 576 1667 ipsius
595 1631 748 1660 Christus?
772 1631 883 1659 Simcon

83 1682 194 1719 agnovit
217 1681 345 1714 infantem
368 1680 395 1708 in
417 1679 540 1706 manibus
561 1680 653 1706 matris
673 1678 702 1705 in
720 1678 841 1714 templo,
856 1680 885 1706 et

82 1729 170 1756 dixit:
182 1727 309 1761 Quoniam
321 1725 436 1753 siderant
449 1725 516 1752 oculi
531 1725 578 1751 mei
592 1725 702 1751 salutare
712 1728 782 1751 tuum
794 1723 804 1761 (
817 1722 881 1751 Lua.

83 1784 100 1803 ιι
114 1796 122 1808 ,
136 1774 207 1803 30L
225 1773 341 1811 Agnovit
363 1772 493 1799 infantem
514 1778 595 1798 senex
609 1791 616 1803 ,
643 1772 728 1798 fartus
750 1770 776 1797 in
801 1777 884 1806 puero

86 1829 152 1856 puer
165 1841 173 1851 ,
187 1819 329 1847 innovatus
342 1817 406 1845 fide.
416 1817 563 1850 Accoperat
576 1817 647 1843 enim
661 1823 820 1851 responsum
832 1836 840 1849 ο
856 1821 884 1845 et

84 1867 136 1897 hoc
149 1865 217 1894 dixit
236 1874 243 1893 :
264 1865 369 1893 dixerat
386 1865 410 1892 ei
431 1863 559 1890 Dominus
572 1883 579 1896 ,
603 1863 664 1898 quin
688 1869 741 1890 non
764 1863 884 1892 exiturus

83 1916 142 1941 erat
151 1911 186 1940 de
198 1910 251 1939 bac
260 1911 312 1938 vita
325 1931 333 1943 ,
346 1910 501 1945 priusquam
515 1908 616 1935 videret
630 1908 745 1935 salutare
755 1908 813 1935 Dei.
828 1907 884 1936 Hoc

83 1958 204 1987 salutare
225 1956 273 1986 Del
297 1956 396 1984 bonum
420 1946 461 1982 est
481 1958 512 1981 ut
533 1952 691 1980 ostendatur
707 1953 881 1980 hominibus:

84 2005 132 2033 sed
144 2003 263 2032 clament
274 2022 283 2036 .
298 2001 409 2029 Ostende
422 1999 492 2027 nobis
507 2020 515 2032 ,
537 1998 647 2027 Domine
658 2020 665 2031 ,
684 1998 884 2026 misericordium

84 2056 156 2078 mm
166 2070 175 2082 ,
191 2053 215 2077 et
228 2049 341 2077 salutare
357 2052 428 2074 tuum
450 2046 483 2072 do
502 2045 573 2073 nobis
595 2046 605 2081 (
620 2044 690 2071 Psut.
705 2051 817 2078 Lxxxtv,
831 2044 847 2072 8
860 2044 881 2079 ).

82 2095 208 2124 Salutare
220 2098 310 2122 autem
323 2092 370 2120 Dei
386 2093 412 2120 in
427 2091 551 2119 omnibus
570 2090 694 2126 gentibus
709 2099 716 2117 :
739 2090 799 2126 quia
820 2098 882 2118 cum

82 2143 196 2171 dixisset
209 2140 324 2177 qundam
340 2139 399 2167 loco
411 2160 418 2171 ,
430 2137 499 2165 Deus
511 2138 657 2164 misereatur
670 2137 741 2164 nobis
752 2157 760 2168 ,
773 2142 797 2164 et
809 2136 882 2164 bene-

82 2189 152 2216 dicat
167 2195 213 2215 nos
223 2207 232 2219 ,
245 2186 370 2213 illuminat
385 2184 480 2211 cultum
493 2191 566 2214 suum
579 2190 655 2217 super
670 2190 715 2208 nos
726 2203 734 2216 ,
749 2186 776 2209 ut
788 2190 883 2216 cogno-

83 2242 186 2262 scamus
200 2234 226 2260 in
238 2238 305 2259 terra
316 2232 381 2260 viam
395 2236 464 2257 tuom
476 2250 484 2263 ,
498 2230 595 2263 adjecit
610 2238 615 2255 :
632 2228 663 2255 lu
677 2229 792 2256 omnibus
801 2229 883 2265 genti-

82 2282 129 2309 bus
145 2280 260 2311 salutare
281 2284 362 2306 tuum.
383 2278 472 2305 Primo
492 2276 577 2309 dixit,
603 2275 636 2303 Ut
656 2283 836 2312 cognoscantur
854 2276 882 2304 in

83 2333 150 2354 terra
166 2325 232 2353 riam
247 2330 316 2352 tuom
328 2344 335 2356 ,
352 2327 378 2351 et
393 2328 499 2351 secutus
515 2327 556 2349 est
571 2330 576 2347 :
593 2321 625 2348 1n
642 2321 756 2349 omnibus
767 2322 881 2357 gentibus

83 2373 195 2400 salutare
206 2377 277 2398 tuum
287 2370 296 2406 (
308 2368 380 2397 Psal.
395 2377 458 2397 Lm
471 2390 477 2401 ,
491 2368 509 2395 ‘2.
523 2389 529 2400 ,
541 2369 556 2394 5
569 2369 588 2402 ).
600 2367 680 2400 Quasi
692 2367 827 2395 diceretur
837 2368 861 2395 ci
870 2388 879 2401 ,

82 2418 148 2451 Qua:
161 2421 203 2444 est
214 2416 256 2444 via
268 2422 348 2450 quam
360 2414 434 2449 cupis
448 2413 613 2448 agnoscere?
625 2413 753 2440 Homines
765 2411 798 2439 ad
811 2413 880 2440 viam

83 2462 193 2490 veniunt
203 2459 355 2495 ,‘numquid
368 2461 409 2486 via
422 2459 496 2485 venit
514 2458 547 2484 ad
569 2457 713 2485 homines?
726 2457 773 2485 Via
788 2462 881 2486 nostra

81 2508 154 2536 venit
174 2506 207 2534 ad
228 2506 351 2534 homines
364 2525 372 2537 ,
394 2504 493 2531 invenit
517 2508 654 2536 errantes,
676 2504 779 2535 vocavit
796 2503 830 2531 ad
850 2510 881 2531 so

82 2561 158 2583 cura
178 2552 347 2581 ambulantes
359 2552 382 2578 ¹.
407 2551 436 2578 ln
459 2558 521 2583 me,
547 2550 651 2584 inquit,
675 2549 830 2584 ambulate,
852 2555 881 2579 et

82 2609 135 2629 non
148 2599 272 2628 errabitis
284 2607 290 2625 :
310 2597 363 2633 Ego
374 2606 428 2623 sum
442 2598 482 2623 uia
494 2617 500 2628 ,
518 2601 541 2623 et
554 2597 643 2622 veritas
656 2616 663 2626 .
679 2602 703 2623 et
716 2597 767 2623 uita
780 2596 879 2630 (Joan.

82 2655 136 2680 xw,
149 2646 168 2674 8
180 2645 200 2680 ).
218 2644 256 2672 Ne
266 2644 371 2671 diceres
383 2664 390 2674 ,
403 2642 451 2669 L'hi
466 2647 504 2669 est
519 2641 560 2668 via
573 2641 641 2668 Dei?
654 2641 686 2668 ad
699 2648 778 2677 quam
792 2642 880 2677 regio.

82 2701 143 2721 nem
157 2692 202 2719 ibo
211 2692 224 2718 τ
234 2698 313 2726 quem
328 2694 445 2716 montem
460 2688 601 2714 ascendam
613 2687 625 2713 i
636 2695 703 2721 quos
712 2695 822 2723 campos
837 2688 880 2715 in-

81 2737 208 2774 quiram?
222 2737 298 2764 Viam
312 2735 357 2763 Dei
371 2734 482 2769 inquiris
493 2735 505 2761 ’ἶ
516 2734 636 2761 Salutare
651 2734 696 2761 Dei
706 2738 748 2762 est
760 2734 801 2762 via
813 2734 861 2764 Dei
870 2755 880 2769 ,

81 2791 108 2813 ct
122 2784 219 2818 ubique
231 2782 290 2811 btcc
302 2786 361 2808 est:
376 2781 436 2816 quia
453 2780 478 2807 in
493 2780 617 2806 omnibus
627 2778 751 2814 gentibus
763 2779 880 2808 salutare

113 2881 122 2900 ³
135 2884 161 2907 In
170 2880 295 2907 manliis
306 2882 359 2904 ω.
371 2878 453 2913 deost:
467 2878 512 2902 sed
525 2878 567 2909 qui
759 2875 772 2903 .’

85 2913 228 2972 bmqmt
241 2915 308 2943 sua,
319 2910 410 2936 vocavit
418 2914 450 2934 aa
462 2915 494 2935 se.
509 2913 586 2935 Extra
595 2908 731 2940 mulntlult's,
743 2908 768 2935 in
779 2914 882 2935 mam-

629 199 828 232 ENARRATIO
846 200 881 231 IN
902 199 1061 231 PSALMUM
1079 201 1201 233 XXXIX.

1685 205 1737 236 αδ

943 261 1032 289 tuum.
1049 256 1183 287 Veritatem
1197 264 1266 288 tuam
1279 265 1304 288 at
1317 261 1429 290 saluta"
1442 266 1514 289 tuum
1524 261 1590 290 disi.

977 304 1022 333 l9.
1043 303 1106 333 Non
1130 304 1210 333 celaui
1234 306 1435 340 odsericordiaut
1465 312 1536 336 tuam
1559 312 1583 335 et
1608 308 1738 337 anitatem

940 352 1012 383 luant
1021 358 1037 377 α
1045 351 1238 387 congregatione
1248 352 1340 380 multa.
1355 351 1393 381 lbi
1406 353 1491 380 simus
1498 374 1506 386 ,
1524 354 1551 380 io
1564 346 1616 381 hoc
1623 359 1739 388 corpora

941 403 1115 425 numeremur
1128 401 1155 425 et
1167 405 1217 425 nos
1228 418 1236 430 ,
1250 406 1304 426 non
1318 398 1439 426 celcmus
1458 398 1669 427 misericordiam
1686 399 1736 427 Do-

941 439 1006 468 mini
1021 447 1047 469 et
1062 442 1204 470 veritatem
1219 442 1336 471 Domini.
1359 440 1407 472 Vis
1418 443 1511 472 audire
1526 444 1738 472 misericordiam

941 486 1070 515 Domini?
1094 488 1202 517 Recede
1226 497 1241 516 a
1264 490 1401 524 peccatis,
1421 489 1533 518 donabit
1550 494 1670 526 perc-tta.
1692 489 1737 517 Vis

939 532 1034 561 audire
1044 533 1184 561 veritatem
1199 527 1304 563 Domini
1314 535 1327 562 Ἰ
1341 534 1415 563 Tene
1429 534 1559 570 justitiam
1571 555 1581 569 ,
1595 536 1735 564 coronabi-

938 581 984 606 tur
994 577 1108 613 justitia.
1122 579 1201 608 Modo
1215 580 1287 608 enim
1302 580 1486 609 misericordia
1501 581 1549 609 tibi
1565 581 1734 616 prmdicatur,

939 628 1032 658 postea
1053 624 1151 652 veritas
1169 624 1350 653 exhibebitur.
1365 624 1424 654 Non
1445 623 1520 654 enim
1543 626 1582 653 sic
1604 630 1646 653 est
1667 626 1737 654 Deus

938 668 1094 706 misericors
1107 689 1116 702 ,
1132 674 1160 697 ut
1173 670 1287 705 injustus
1299 670 1353 704 sit;
1370 678 1421 698 nec
1439 671 1479 699 sic
1488 670 1576 705 justus
1587 692 1595 703 ,
1609 675 1638 698 ut
1653 671 1735 698 mise-

938 713 1022 744 ricors
1041 722 1094 742 non
1117 715 1162 743 sit.
1187 715 1310 744 Parvaue
1331 715 1514 744 misericordia
1538 715 1584 744 tibi
1599 716 1662 744 est?
1675 716 1734 745 Non

939 759 1081 797 imputabit
1094 760 1102 776 ²
1116 761 1205 796 priora
1221 761 1310 788 omnia
1324 769 1332 789 :
1348 761 1418 789 male
1432 760 1520 790 vixisti
1539 769 1624 797 usque
1642 761 1669 789 in
1684 762 1735 790 ho.-

937 804 1059 833 dicrnurn
1073 805 1143 833 diem
1156 826 1164 839 ,
1179 805 1268 841 adhuc
1279 806 1348 836 vivis
1358 827 1367 839 ,
1382 806 1452 835 bene
1468 805 1530 835 vive
1548 805 1629 844 hodie
1640 827 1648 839 .
1664 806 1735 835 banc

937 850 1148 879 miscricordiam
1162 859 1215 879 non
1229 851 1339 880 celabis.
1351 852 1380 880 Si
1393 851 1452 881 hate
1471 856 1515 880 est
1530 851 1712 881 misericordia
1725 860 1734 881 :

937 902 998 929 quae
1016 895 1137 924 veritas?
1155 896 1396 933 Congregabuutur
1409 901 1472 925 ante
1485 905 1548 926 eum
1561 904 1656 925 omnes
1669 905 1735 933 geo-

937 943 978 967 tes
988 960 997 974 ,
1010 943 1039 968 et
1048 940 1149 969 dividet
1160 948 1209 969 eas
1219 942 1290 973 sicut
1299 946 1390 977 pastor
1399 940 1494 970 dividit
1504 949 1570 971 oves
1580 941 1615 971 ab
1627 942 1732 976 Medis;

935 992 1001 1013 oves
1013 991 1096 1023 portet
1108 986 1143 1015 ad
1156 985 1294 1017 dexteram
1307 1008 1315 1022 ,
1339 987 1434 1017 bmdos
1454 988 1488 1017 ad
1509 989 1656 1018 sinistram.
1668 989 1733 1017 Ovi-

935 1030 987 1060 bus
997 1031 1085 1068 quid!
1109 1032 1197 1061 Venite
1206 1054 1214 1067 ,
1226 1033 1350 1062 benedicti
1365 1036 1451 1062 Patris
1472 1035 1522 1063 mei
1533 1056 1541 1069 .
1556 1035 1677 1071 percipite
1690 1044 1732 1064 re-

935 1085 1015 1125 gnum
1034 1078 1103 1113 quod
1123 1079 1194 1107 vobis
1213 1083 1329 1114 paratum
1355 1084 1402 1108 ut.
1426 1080 1518 1109 llmdis
1534 1080 1620 1125 quid?
1644 1080 1684 1108 Ite
1705 1081 1733 1108 in

934 1123 1019 1159 ignem
1032 1130 1153 1152 retentum
1168 1124 1178 1161 (
1190 1125 1282 1160 Matth.
1298 1133 1361 1159 ut,
1375 1126 1411 1154 5?.
1419 1143 1432 1161 ,»
1442 1127 1477 1155 iii
1489 1148 1498 1161 ,
1510 1123 1578 1164 Lf).
1595 1127 1631 1155 lbi
1648 1127 1732 1162 petii-

935 1169 1026 1197 tentizo
1040 1170 1115 1198 locus
1129 1179 1181 1198 non
1197 1176 1250 1199 est.
1274 1170 1341 1205 Quia
1365 1171 1576 1200 misericordiam
1600 1172 1644 1199 Dei
1664 1179 1731 1200 cou-

936 1217 1065 1253 tempsisti
1078 1237 1087 1250 ,
1101 1216 1240 1246 veritatem
1253 1219 1371 1246 senties:
1385 1218 1408 1246 si
1429 1224 1518 1246 autem
1537 1226 1590 1246 non
1609 1224 1731 1247 contenti-

935 1261 1011 1296 psisti
1026 1261 1237 1290 miscricordiam
1251 1283 1259 1295 .
1275 1262 1387 1291 veritate
1399 1262 1538 1299 gaudebis.

969 1307 1015 1335 20.
1036 1306 1120 1344 [σενι.
1136 1308 1252 1346 ιιι-ιι]
1266 1308 1305 1336 Tu
1314 1313 1399 1336 autem
1410 1329 1419 1343 ,
1434 1308 1544 1337 Domina
1553 1330 1561 1342 ,
1576 1317 1608 1337 ne
1617 1309 1732 1345 elongt'n-

934 1355 1049 1389 quat'eris
1060 1355 1245 1383 misaicordias
1256 1360 1313 1384 tuas
1323 1365 1339 1383 ιι
1349 1364 1398 1384 me.
1408 1356 1536 1391 Respexit
1546 1356 1579 1383 ad
1590 1356 1710 1384 membra
1721 1357 1732 1373 '

934 1400 1035 1429 saucia.
1050 1400 1118 1435 Quia
1133 1401 1344 1430 misericordiam
1366 1406 1437 1429 tuam
1461 1406 1489 1429 et
1508 1403 1646 1430 viritatcm
1660 1407 1733 1430 tuam

934 1453 987 1473 non
1003 1447 1087 1485 celavi
1100 1454 1115 1474 a
1130 1448 1337 1483 congregatione
1351 1448 1432 1475 multa
1444 1469 1452 1482 ,
1466 1448 1501 1476 ab
1515 1448 1633 1476 Ecclesia
1647 1448 1735 1477 unita-

935 1492 970 1519 tis
982 1491 1056 1520 orbis
1068 1498 1201 1521 terrarum
1217 1502 1225 1521 :
1241 1493 1350 1526 attende
1363 1493 1483 1523 membra
1502 1493 1591 1521 saucia
1602 1514 1612 1527 ,
1626 1492 1733 1522 attendo

933 1537 1079 1566 delictores
1091 1543 1117 1566 et
1130 1543 1288 1574 peccatores
1299 1560 1307 1573 ,
1321 1544 1348 1567 et
1361 1539 1416 1567 noli
1429 1547 1570 1568 removere
1582 1539 1734 1568 misericor-

935 1582 993 1612 dias
1007 1588 1078 1612 tuas.
1095 1584 1273 1613 Misericordia
1287 1590 1331 1613 tua
1344 1590 1367 1614 et
1380 1586 1472 1614 ueritas
1484 1590 1529 1613 tua
1537 1594 1635 1622 semper
1646 1594 1733 1614 susce-

935 1635 1087 1668 mntme.
1099 1631 1157 1660 Non
1175 1631 1304 1660 auderem
1325 1632 1468 1666 converti,
1495 1631 1547 1659 nisi
1566 1639 1677 1660 securus
1698 1631 1734 1660 do

934 1675 1094 1703 remissione
1109 1684 1118 1704 :
1132 1684 1184 1704 non
1197 1676 1323 1705 durarem
1337 1684 1511 1712 perseverare
1522 1697 1530 1711 ,
1549 1676 1600 1705 nisi
1623 1684 1734 1705 securus

934 1720 970 1750 de
981 1721 1171 1757 promissione.
1186 1720 1365 1751 Misericordia
1378 1727 1422 1749 tua
1435 1726 1459 1749 et
1472 1722 1565 1750 acritas
1576 1727 1621 1749 tua
1633 1730 1734 1757 semper

933 1771 1097 1802 suscepmnt
1107 1775 1157 1795 nte.
1171 1766 1288 1796 Atteodo
1298 1768 1360 1803 quia
1375 1768 1463 1796 bonus
1474 1774 1506 1796 es
1515 1787 1525 1802 ,
1547 1766 1658 1801 attendo
1670 1767 1733 1803 quia

933 1813 1023 1849 justus
1032 1821 1063 1841 es
1074 1823 1082 1840 :
1095 1821 1158 1843 amo
1167 1813 1267 1843 bonum
1277 1834 1285 1847 ,
1298 1814 1380 1842 timeo
1389 1813 1504 1849 justum.
1517 1815 1601 1842 Amor
1612 1818 1640 1842 et
1654 1814 1735 1842 timor

935 1858 1085 1894 perducunt
1099 1867 1144 1888 me
1157 1867 1166 1887 t
1181 1859 1242 1896 quia
1253 1880 1261 1893 ,
1276 1859 1450 1889 misericordia
1458 1864 1484 1888 et
1495 1860 1586 1889 veritas
1602 1865 1647 1888 tua
1664 1868 1733 1887 um-

936 1912 982 1941 per
990 1910 1154 1941 susceperunt
1169 1913 1218 1933 me.
1232 1904 1323 1939 Quare
1346 1905 1402 1941 ipsa
1422 1906 1591 1941 suscipiunt.
1605 1910 1634 1934 et
1645 1904 1681 1934 ab
1693 1905 1734 1934 eis

935 1951 1030 1979 oculus
1042 1951 1205 1980 avertendus
1219 1959 1273 1980 non
1285 1950 1349 1980 est?
1370 1951 1496 1985 Quoniam
1513 1951 1734 1980 circumdederant

934 2005 975 2024 tuo
984 1998 1053 2025 mata
1062 2018 1070 2031 ,
1082 2006 1190 2034 quorum
1199 2005 1252 2026 non
1259 2002 1297 2026 est
1306 2006 1438 2031 numerus.
1452 1997 1518 2034 Quis
1531 2004 1654 2027 numerat
1669 2006 1734 2034 pec-

934 2042 1015 2069 cata?
1030 2038 1231 2078 quis-numerat
1246 2041 1401 2079 iniquitates
1421 2043 1522 2071 alienas
1543 2040 1572 2072 et
1591 2040 1732 2080 pi'oprias?
1765 2042 1768 2045 ’

934 2087 990 2116 Sub
1004 2095 1057 2124 quo
1066 2088 1175 2117 cumulo
1183 2088 1308 2124 gemebat
1317 2090 1362 2124 qui
1372 2089 1478 2117 dicebat
1492 2097 1500 2116 :
1510 2089 1549 2117 Ab
1557 2089 1662 2117 occultis
1670 2090 1732 2117 meis

934 2134 1031 2162 munda
1039 2143 1080 2162 me
1089 2155 1097 2168 ,
1109 2134 1219 2163 Domine
1227 2154 1237 2169 .
1245 2135 1310 2163 etab
1317 2136 1409 2163 alicui:
1417 2143 1494 2170 parce
1503 2143 1574 2163 rem
1583 2141 1627 2163 tuo
1638 2135 1648 2171 (
1656 2134 1731 2163 Paul.

935 2188 998 2208 xvm
1011 2202 1019 2214 ,
1035 2181 1069 2209 t3
1082 2201 1092 2216 ,
1106 2181 1139 2210 Η
1153 2181 1172 2217 >.
1186 2181 1270 2211 Parva
1281 2186 1357 2210 erant
1367 2186 1469 2216 nostra,
1480 2182 1655 2217 imponuntur
1664 2183 1732 2211 alio-

934 2234 968 2254 na
983 2235 990 2252 :
1004 2226 1086 2254 timeo
1102 2227 1167 2255 mihi
1179 2247 1189 2260 .
1214 2226 1296 2255 timeo
1315 2227 1386 2255 bono
1406 2227 1481 2256 fratri
1494 2248 1502 2260 ,
1525 2228 1612 2255 tolero
1631 2228 1730 2255 malmn

933 2272 1064 2306 fratrem;
1079 2278 1107 2301 et
1118 2272 1169 2300 sub
1188 2273 1241 2302 isto
1260 2273 1370 2302 cumulo
1387 2273 1453 2309 quid
1473 2274 1575 2303 erimus
1588 2295 1595 2307 ,
1609 2274 1630 2302 si
1643 2278 1731 2303 cesset

934 2319 1117 2346 misericordia
1132 2319 1201 2346 Dei?
1217 2317 1254 2346 Tu
1268 2324 1369 2352 autem,
1384 2318 1507 2352 Domine.
1522 2327 1554 2346 ne
1565 2320 1731 2355 etongiuqua-

934 2365 997 2393 reris
1010 2372 1021 2392 :
1038 2373 1120 2400 prope
1134 2370 1203 2394 esto.
1218 2365 1266 2393 Cui
1284 2372 1367 2401 prope
1386 2369 1429 2393 est
1450 2365 1601 2393 Dominus?
1619 2366 1665 2394 llis
1684 2366 1729 2401 qui

933 2411 1100 2439 abtrivcrnnt
1111 2419 1158 2439 cor
1169 2411 1179 2447 (
1189 2411 1261 2439 Psal.
1274 2419 1357 2440 χχχιιι
1370 2433 1378 2446 ,
1391 2412 1424 2440 l9
1435 2412 1456 2448 ).
1467 2412 1559 2448 Longe
1567 2421 1581 2440 ει
1594 2413 1728 2448 superbis,

933 2465 1017 2493 prope
1029 2456 1063 2486 ad
1082 2457 1206 2485 humiles.
1227 2456 1360 2486 Excelsus
1378 2462 1421 2485 est
1438 2458 1510 2486 etum
1532 2458 1661 2486 Dominus
1674 2479 1682 2492 ,
1703 2464 1731 2486 et

933 2503 1041 2531 humilia
1055 2503 1174 2537 respicit.
1188 2503 1241 2532 Sed
1254 2511 1308 2531 non
1321 2510 1351 2532 se
1365 2508 1456 2539 putent
1470 2504 1554 2532 latere
1566 2505 1610 2540 qui
1621 2505 1729 2539 superbi

932 2554 995 2578 sunt
1008 2559 1015 2577 :
1031 2550 1135 2578 excelsa
1148 2549 1220 2577 enim
1234 2556 1249 2576 ι
1263 2549 1342 2585 longe
1356 2551 1494 2585 cognoscit
1506 2550 1515 2586 (
1526 2550 1600 2579 Ptol.
1610 2558 1730 2583 cxxxur,

933 2596 982 2631 6).
994 2595 1179 2631 Cognosccbat
1192 2603 1208 2623 a
1228 2595 1307 2632 longe
1325 2595 1473 2631 jactantem
1493 2604 1523 2624 se
1542 2596 1708 2625 Pharis-xum
1720 2618 1729 2633 ,

932 2640 1108 2670 subveniebat
1130 2641 1164 2669 de
1179 2642 1302 2677 proximo
1322 2643 1460 2671 confitenti
1483 2642 1629 2672 Pultlicano
1643 2645 1653 2679 (
1664 2643 1729 2671 Luc.

932 2697 999 2717 xvnt
1012 2710 1019 2721 .
1034 2689 1065 2717 ii
1079 2689 1100 2725 ).
1116 2684 1237 2717 Iactabat
1251 2689 1296 2718 ille
1310 2690 1406 2718 merita
1418 2698 1467 2718 sua
1478 2710 1488 2724 ,
1506 2695 1535 2720 et
1552 2691 1658 2726 tegebat
1671 2692 1728 2719 vul-

933 2742 998 2762 nera
1014 2741 1063 2762 sua
1083 2743 1091 2761 :
1115 2742 1169 2763 non
1186 2734 1306 2770 jactabat
1323 2734 1369 2764 ille
1385 2737 1481 2764 merita
1493 2756 1503 2770 .
1525 2736 1574 2766 sed
1598 2736 1730 2766 oderebat

932 2780 1053 2808 vulnera.
1067 2779 1110 2808 Ad
1122 2779 1254 2809 medicum
1268 2786 1399 2815 venerat,
1409 2781 1709 2819 sciebatselanguidum
1720 2804 1729 2817 ,

931 2878 980 2933 an;
1146 2896 1156 2910 ,
1167 2885 1215 2906 non
1224 2878 1350 2913 {reputavit
1368 2887 1379 2908 :
1390 2885 1417 2908 et
1426 2882 1498 2914 Intra,
1508 2889 1557 2909 om
1566 2884 1651 2916 cruri,
1666 2885 1719 2911 loco

966 2941 977 2957 ι
988 2940 1056 2973 κω.»
1067 2941 1224 2969 membrum
1234 2940 1326 2977 ιιωεία,
1336 2944 1419 2976 Abeat,
1428 2951 1483 2976 sua,
1494 2952 1508 2971 a
1519 2944 1581 2975 Mss.
