3978 6326
508 434 610 491 ΗῚ

504 545 791 603 sciebatse
818 541 1156 599 sanandum:
1202 538 1388 593 oculos
1426 535 1493 591 ad
1533 534 1728 591 coelum
1774 533 1951 588 levare
1986 546 2092 587 non

504 638 734 695 audebat
757 679 773 704 ,
818 646 1004 708 pectus
1036 633 1367 704 percuticbat
1394 647 1409 684 :
1442 629 1542 685 sibi
1574 644 1677 681 non
1710 625 1959 696 parcebat
1982 666 1999 691 ,
2044 632 2102 677 ut

506 734 596 787 ille
625 739 903 801 parceret;
930 742 990 782 se
1032 725 1357 797 agnoscebat
1384 765 1397 785 .
1442 729 1500 776 ut
1541 720 1630 776 ille
1675 721 2007 790 ignosceret;
2041 732 2101 772 se

506 823 758 893 punit-bat
782 864 798 887 ,
830 830 889 875 ut
913 820 1001 874 ille
1024 819 1299 873 liberaret.
1327 815 1486 870 Tales
1514 814 1599 867 hic
1623 827 1783 867 vores
1808 820 1930 865 sunt
1954 825 1969 873 ;
2003 825 2101 863 au-

507 918 716 969 diamus
765 929 857 968 eas
898 913 1021 981 pie,
1066 920 1121 965 et
1156 922 1399 963 amemus
1451 908 1577 977 pie:
1623 904 1824 966 corde.
1877 902 2052 972 lingua
2080 942 2096 968 ,

509 1007 755 1060 omnibus
803 1004 1052 1059 medullis
1100 1001 1296 1056 nostris
1339 996 1454 1054 lucc
1518 998 1779 1051 dicanms.
1818 992 1987 1049 Nemo
2039 1007 2099 1047 se

505 1099 703 1167 justum
744 1106 937 1167 putet:
970 1097 1096 1149 vivit
1138 1095 1224 1164 qui
1274 1093 1543 1163 loquitur;
1580 1091 1751 1155 vivit,
1799 1098 1854 1144 ει
1892 1088 2094 1143 utinam

506 1191 688 1244 vivat!
720 1191 906 1245 Adhuc
932 1188 1018 1242 hic
1044 1187 1173 1239 vivit
1202 1226 1218 1253 ,
1248 1186 1423 1238 adhuc
1452 1194 1572 1238 cum
1614 1190 1786 1237 morte
1831 1179 1997 1234 vivit:
2043 1190 2099 1234 et

502 1285 549 1337 si
579 1282 797 1351 spiritus
823 1282 930 1335 vita
961 1288 1043 1335 est
1083 1290 1302 1348 propter
1337 1276 1595 1346 justitiam
1622 1319 1637 1342 ,
1676 1289 1869 1344 corpus
1919 1284 2096 1327 tamen

505 1384 776 1429 mortuum
803 1382 885 1427 est
918 1380 1136 1443 proliter
1161 1380 1435 1440 peccatum
1468 1368 1486 1437 (
1517 1367 1664 1422 Itoni.
1694 1382 1785 1420 vut
1810 1407 1826 1430 ,
1859 1365 1987 1436 l0).
2032 1365 2099 1418 Et

503 1482 698 1536 corpus
741 1464 882 1537 quod
924 1462 1282 1533 corrumpitur
1323 1470 1573 1531 aggravat
1615 1460 1849 1514 animam
1875 1500 1889 1523 ,
1923 1466 1978 1511 et
2003 1458 2097 1512 de-

504 1558 686 1627 primit
717 1567 928 1611 terrena
960 1554 1273 1609 inhabitatiu
1317 1568 1534 1607 sensum
1574 1552 1736 1605 multa
1772 1549 2097 1621 cogitantem

503 1649 523 1718 (
551 1648 679 1716 Sap.
710 1662 764 1701 Ix
793 1688 806 1706 .
839 1647 905 1702 l5
930 1647 969 1716 ).
1002 1644 1244 1699 Pertinet
1270 1658 1399 1713 ergo
1428 1642 1494 1697 ad
1533 1650 1585 1697 te
1624 1641 1857 1695 clamare
1880 1681 1896 1709 ,
1926 1640 2098 1712 perti-

504 1748 596 1795 net
627 1752 843 1809 gemere
867 1778 883 1803 ,
907 1737 1138 1807 pertinet
1165 1734 1413 1789 confiteri
1434 1777 1447 1798 ,
1478 1749 1582 1788 non
1611 1744 1663 1788 te
1684 1732 1922 1787 exaltare
1946 1774 1961 1793 .
1991 1748 2097 1785 non

507 1841 560 1887 te
583 1832 829 1901 jactare,
859 1846 965 1884 non
1015 1838 1067 1886 te
1112 1829 1216 1883 tuis
1268 1826 1473 1882 meritis
1518 1826 1777 1897 gloriari:
1823 1826 1943 1896 quia
1973 1825 2099 1882 etsi

505 1923 676 1978 babes
702 1922 903 1992 aliquid
924 1920 1263 1991 gaudendum
1289 1959 1303 1984 ,
1330 1916 1458 1989 quid
1490 1926 1573 1972 est
1610 1918 1751 1987 quod
1787 1934 1893 1971 nou
1940 1932 2099 1975 acce-

504 2015 631 2087 pisti
663 2013 681 2086 (
706 2014 725 2068 l
750 2013 868 2068 Cor.
902 2028 975 2079 tv,
1004 2010 1060 2084 7)
1084 2013 1108 2066 ’ἰ
1138 2010 1390 2078 Quoniam
1416 2009 1851 2064 circumdederunt
1883 2025 1961 2063 me
1985 2027 2099 2081 ma-

508 2106 561 2160 la
585 2148 601 2171 ,
627 2122 839 2177 quorum
869 2121 971 2158 non
997 2114 1067 2158 est
1093 2119 1348 2157 numerus.

576 2199 668 2254 21.
708 2196 1208 2267 Comprehenderuut
1250 2210 1330 2247 me
1368 2193 1657 2263 iniquitates
1700 2208 1854 2257 mete,
1900 2200 1948 2246 et
1994 2206 2097 2246 non

512 2292 652 2355 potui
693 2299 745 2344 ut
785 2290 1025 2365 uiderem.
1075 2286 1171 2357 Est
1213 2284 1412 2355 aliquid
1453 2286 1593 2356 quod
1632 2283 2101 2355 videamuszquid

513 2381 706 2453 prcutit
737 2389 791 2435 ut
822 2396 926 2433 non
958 2377 1271 2433 videamus?
1318 2376 1505 2431 Nonne
1545 2375 1834 2445 iniquitas?
1877 2374 2100 2430 Oculum

509 2484 661 2526 tuum
688 2514 704 2539 ,
754 2487 822 2525 ne
852 2470 1007 2524 ismm
1038 2468 1211 2524 lucem
1238 2467 1420 2522 videre
1452 2482 1656 2537 posses,
1687 2466 1965 2536 premebat
1992 2466 2102 2519 for-

511 2564 672 2618 tassis
725 2562 921 2634 humor
980 2560 1229 2625 irruens,
1282 2556 1562 2630 premebat
1618 2558 1843 2611 fortasse
1895 2557 2101 2625 fumus,

513 2654 707 2722 pulvis,
735 2637 933 2723 aliquid
967 2651 1255 2721 injectum;
1287 2658 1343 2705 et
1384 2650 1565 2704 levare
1604 2648 1819 2703 oculum
1861 2646 2101 2703 saucium

512 2762 619 2799 non
646 2754 858 2815 poteras
882 2742 1131 2797 adistam
1157 2741 1329 2796 lucem
1357 2756 1370 2793 :
1393 2739 1520 2809 quid
1542 2753 1671 2808 ergo
1694 2779 1710 2804 ,
1743 2754 1837 2793 cor
1862 2736 2103 2794 saucium

513 2838 715 2892 levabis
758 2836 825 2892 ad
879 2832 1081 2891 Deum?
1124 2833 1314 2889 Nonne
1365 2832 1514 2904 prius
1569 2830 1867 2886 sanandum
1914 2838 1997 2885 est
2046 2837 2106 2884 ut

512 2928 735 2985 videas?
758 2927 947 2983 Nonne
974 2924 1242 2995 superbus
1272 2923 1549 2986 inveniris,
1578 2937 1699 2977 cum
1729 2921 1864 2977 dicis
1889 2941 1902 2976 :
1924 2921 2105 2977 Primo

511 3020 725 3076 videam
747 3062 760 3080 .
806 3028 859 3073 et
890 3019 967 3073 sic
994 3014 1255 3075 credam?
1279 3016 1408 3084 Quis
1433 3014 1598 3070 dicit?
1624 3013 1754 3083 Quis
1783 3014 1924 3069 enim
1954 3014 2105 3069 visu-

513 3128 606 3167 rus
631 3111 798 3166 dicit:
826 3109 1070 3175 Videam,
1099 3117 1152 3164 et
1181 3108 1259 3163 sic
1286 3105 1541 3162 credam?
1568 3104 1766 3160 Lucem
1792 3113 2105 3175 ostensurus

511 3222 654 3270 smn,
684 3204 789 3258 imo
817 3216 945 3258 vero
971 3202 1085 3272 ipsa
1114 3216 1174 3257 se
1202 3200 1293 3255 lux
1321 3192 1607 3254 ostendere
1631 3188 1762 3277 vult.
1790 3192 1924 3253 cui?
1946 3196 2103 3254 (Ζωεο

513 3312 619 3350 mm
656 3302 865 3364 potest,
918 3306 1025 3347 non
1070 3290 1236 3346 videt.
1279 3288 1432 3346 Unde
1481 3304 1587 3344 non
1632 3288 1821 3344 videt?
1871 3288 2105 3345 Gravato

510 3386 667 3439 oculo
694 3383 877 3438 multis
907 3385 1161 3452 peccatis.
1193 3380 1332 3450 Quid
1375 3380 1518 3435 enim
1547 3380 1661 3435 ait?
1697 3378 2104 3448 Comprehende-

510 3485 628 3529 ruut
658 3490 737 3527 me
760 3473 1048 3545 iniquitates
1074 3488 1219 3537 meat,
1253 3481 1299 3525 et
1328 3486 1429 3524 non
1471 3469 1613 3539 potui
1640 3478 1695 3523 ut
1723 3468 1964 3527 viderem.
1994 3468 2105 3525 Re-

519 3574 835 3621 tnoveantur
886 3578 1015 3634 ergo
1062 3560 1404 3631 iniquitates,
1457 3559 1792 3615 dimittantur
1845 3566 2103 3628 peccata,

510 3659 718 3713 levetur
746 3654 956 3727 pondus
981 3652 1049 3707 ab
1076 3654 1232 3707 oculo
1259 3694 1273 3718 ,
1302 3663 1521 3707 sanetur
1545 3650 1687 3721 quod
1714 3649 1954 3705 saucium
1981 3658 2063 3705 est
2085 3691 2103 3718 ,

462 3762 465 3763 '
511 3746 827 3802 adhibeatur
850 3744 1069 3800 mordax
1093 3754 1421 3815 prteceptum
1448 3742 1597 3813 quasi
1627 3741 1932 3814 collyrium.
1950 3740 2107 3798 Prius

513 3840 669 3895 effice
714 3838 859 3909 quod
902 3838 994 3892 tibi
1045 3836 1355 3907 prmcipitur
1380 3854 1393 3890 :
1418 3849 1545 3889 sana
1573 3850 1705 3900 cor,
1744 3834 1943 3889 munda
1973 3850 2102 3902 cor,

510 3933 674 4003 dilige
713 3932 985 3986 inimicum
1023 3940 1172 3985 tuum
1204 3928 1394 4001 (Matth
1442 3945 1509 3995 ν,
1542 3929 1644 3991 44,
1686 3936 1733 3981 et
1758 3926 1887 3983 Luc.
1914 3943 1987 3994 γι,
2011 3927 2104 3994 27,

516 4024 628 4094 '55).
653 4022 722 4078 Et
741 4023 861 4093 quis
887 4021 1059 4093 diligit
1087 4019 1360 4075 inimicum
1390 4020 1592 4075 suum?
1622 4019 1732 4089 Hoc
1755 4019 1907 4089 jubet
1933 4015 2105 4074 medio

512 4129 645 4177 cus;
696 4128 939 4167 amarum
986 4120 1102 4178 est,
1150 4110 1244 4167 sed
1274 4111 1507 4166 salubre.
1553 4110 1690 4178 Quid
1735 4110 1827 4164 tibi
1875 4110 2105 4174 faciam,

516 4204 724 4276 inquit?
755 4203 829 4257 Ita
856 4210 1077 4258 vexatus
1102 4216 1184 4267 es,
1213 4210 1268 4255 ut
1298 4201 1421 4255 inde
1446 4201 1668 4255 saneris.
1705 4199 1773 4254 Et
1800 4199 1918 4269 plus
1938 4200 2066 4255 dicit
2090 4216 2104 4253 :

514 4297 714 4353 Sanato
741 4310 847 4350 non
877 4295 979 4349 crit
1009 4308 1296 4347 onerosum
1317 4332 1333 4358 ,
1362 4291 1678 4361 voluptuose
1706 4290 1896 4360 diliges
1926 4290 2107 4344 inimi-

515 4404 639 4443 cum
669 4378 926 4451 sanatusi
953 4400 1150 4439 conare
1188 4393 1245 4439 tu
1282 4392 1340 4438 ut
1378 4383 1607 4439 saueris.
1649 4382 1707 4438 In
1750 4381 2108 4438 tribulationi-

516 4480 653 4544 bus,
682 4479 734 4533 in
762 4477 1023 4547 angustiis
1042 4518 1056 4541 ,
1103 4478 1155 4532 in
1186 4476 1569 4533 tentationihus
1608 4475 1760 4531 fortis
1801 4486 1952 4543 esto,
1984 4491 2109 4547 per-

496 4571 652 4626 ‘dura
676 4589 691 4625 :
717 4569 910 4625 medici
938 4584 1128 4623 manus
1155 4577 1258 4633 est,
1302 4583 1408 4623 non
1450 4568 1688 4623 latronis.
1720 4565 1880 4635 Ecce,
1912 4566 2106 4637 inquit,

520 4661 807 4732 prmceptis
834 4660 1092 4731 acceptis,
1124 4667 1175 4713 et
1206 4658 1307 4713 lide
1332 4666 1537 4714 retenta
1563 4700 1578 4725 ,
1609 4659 1757 4728 prius
1782 4659 1916 4713 sicut
1950 4656 2110 4729 jubes

522 4750 726 4808 sanabo
745 4758 867 4815 'cor.
900 4760 956 4805 ut
984 4749 1157 4805 dicis:
1185 4758 1372 4804 sanato
1400 4747 1561 4804 corde
1585 4757 1641 4803 et
1667 4748 1923 4804 mundato
1947 4747 2111 4805 corde

522 4841 648 4911 quid
673 4840 905 4896 videbo?
933 4839 1079 4895 Beati
1110 4840 1309 4895 mundo
1332 4840 1515 4903 corde,
1543 4840 1793 4909 quoniam
1821 4840 1919 4910 ipsi
1944 4841 2110 4896 Deum

521 4934 782 4989 videbunt
806 4932 1022 5003 (Matth.
1054 4948 1107 4999 ν,
1141 4932 1218 5004 8).
1264 4933 1375 4987 lloc
1415 4932 1592 4992 modo.
1627 4932 1817 5004 inquit,
1851 4948 1956 4987 non
1990 4949 2115 5005 pos-

522 5040 664 5079 sum.
708 5023 1209 5093 Comprehenderunt
1256 5038 1335 5077 me
1380 5023 1672 5095 iniquitates
1715 5040 1868 5091 metu,
1916 5033 1963 5079 et
2008 5042 2113 5080 nou

524 5116 669 5188 potui
693 5128 747 5170 ut
771 5117 1007 5170 uiderem.

593 5208 685 5261 2‘2.
740 5206 1099 5275 Multiplicatat
1142 5217 1256 5260 sunt
1304 5223 1456 5274 super
1501 5207 1714 5277 capillos
1764 5207 1943 5277 rapitis
1991 5209 2110 5262 mei.

522 5298 757 5370 Capillos
798 5301 987 5370 capitis
1050 5299 1117 5355 ad
1164 5300 1369 5355 numeri
1419 5300 1815 5355 multitudinem
1870 5310 2112 5357 revocat.

525 5395 660 5462 Quis
688 5401 933 5448 numerat
957 5392 1181 5461 capillos
1210 5392 1397 5461 capitis
1436 5392 1560 5446 sui?
1586 5391 1751 5446 Multo
1781 5392 1959 5447 minus
1988 5408 2114 5461 pec-

526 5496 682 5547 cata.
726 5501 845 5555 que
892 5483 1159 5539 excedunt
1200 5498 1484 5538 numerqu
1529 5483 1867 5553 capillorum.
1913 5483 2113 5537 Minuta

526 5579 813 5643 videntur,
856 5576 948 5632 sed
999 5576 1163 5629 multa
1207 5582 1351 5631 sunt.
1397 5574 1705 5630 Praecavisti
1748 5575 2114 5644 magna;jam

528 5688 635 5730 non
661 5668 793 5725 facis
817 5667 1161 5730 adulterium,
1182 5665 1292 5735 jam
1319 5680 1426 5721 non
1454 5665 1584 5720 facis
1606 5665 1975 5735 homicidium,
2009 5680 2115 5720 non

527 5762 674 5832 rapis
696 5775 784 5816 res
811 5759 1038 5823 alienas,
1083 5772 1189 5814 non
1230 5756 1594 5825 blasphemas,
1624 5771 1730 5811 nou
1761 5755 1895 5811 dicis
1921 5755 2115 5810 falsum

527 5850 895 5909 testimonium
924 5869 939 5906 :
966 5849 1139 5907 moles
1182 5848 1297 5906 ista:
1340 5857 1461 5904 sunt
1505 5856 1872 5919 peccatorum.
1921 5847 2110 5919 Magna

1745 421 1803 479 S.
1844 416 2210 477 AUCUSTINI
2252 420 2554 481 EPISCOPI
3704 422 3799 482 ιιι

2210 536 2505 604 przrcavisli
2524 580 2539 604 ,
2583 537 2650 594 de
2679 537 2896 595 minutis
2921 540 3044 611 quid
3085 539 3240 611 agis?
3270 539 3349 595 An
3378 523 3482 595 non
3515 541 3676 595 times
3704 542 3797 595 mi-

2208 628 2376 679 nuta?
2426 627 2701 697 Projecisti
2752 630 2984 697 molem,
3029 630 3151 685 vide
3200 646 3268 685 ne
3314 647 3478 687 arena
3530 633 3794 688 obruaris.

2209 715 2566 787 Multiplieatae
2590 729 2706 774 sunt
2734 738 2886 791 super
2911 722 3127 792 capillos
3154 722 3336 792 capitis
3364 723 3482 776 mei.

2274 809 2366 864 9.3.
2410 808 2562 883 [vers.
2598 810 2709 886 ιι]
2753 812 2821 867 Et
2868 831 2954 868 cor
2994 832 3157 869 meum
3204 814 3470 886 dereliquit
3516 832 3616 867 me.
3658 813 3792 882 Quid

2206 900 2398 955 mirum
2445 912 2560 968 est,
2612 904 2657 958 si
2700 920 2794 958 cor
2832 914 2980 960 tuum
3022 906 3294 961 desertum
3335 916 3413 961 est
3463 922 3492 959 a
3542 906 3652 960 Deo
3683 917 3793 975 tuo,

2204 991 2420 1060 quando
2446 995 2678 1062 seipsum
2720 993 2998 1051 deseruit?
3030 996 3166 1065 Quid
3193 1004 3294 1061 est,
3325 995 3424 1053 Cor
3450 1013 3615 1050 meum
3650 998 3795 1051 dere.

2206 1083 2350 1152 liquit
2372 1084 2493 1139 me?
2521 1084 2633 1139 Non
2660 1094 2744 1140 est
2772 1087 3019 1141 idoneum
3046 1104 3143 1143 cur
3168 1103 3344 1143 meum
3371 1087 3437 1142 ad
3466 1103 3795 1157 cognoscen-

2205 1175 2330 1230 dum
2375 1190 2454 1231 se.
2499 1176 2612 1232 Hoc
2651 1177 2821 1243 dixit,
2855 1177 2956 1232 Cor
2985 1196 3152 1233 meum
3195 1179 3459 1248 dereliquit
3486 1180 3798 1237 me:Cordo

2204 1282 2325 1321 meo
2352 1267 2635 1323 Dominum
2665 1268 2787 1325 volo
2813 1269 3019 1339 videre,
3043 1280 3097 1326 et
3117 1286 3223 1325 non
3248 1286 3487 1341 possum,
3515 1286 3627 1341 pra:
3651 1269 3795 1326 mul-

2205 1355 2431 1413 titudine
2478 1369 2821 1431 peccatorum
2869 1378 3111 1419 meorum
3140 1380 3367 1435 :parum
3406 1373 3526 1430 est,
3571 1380 3674 1420 nec
3700 1379 3800 1421 cor

2204 1465 2394 1534 meum
2419 1452 2931 1523 se'comprehendit.
2962 1453 3133 1511 Nemo
3161 1457 3302 1511 enim
3346 1472 3406 1511 se
3433 1457 3795 1528 comprehen-

2204 1541 2304 1607 dit,
2333 1558 2491 1598 nemo
2528 1543 2596 1599 de
2624 1560 2683 1599 se
2712 1548 3053 1615 pratsumat'.
3085 1546 3355 1617 Numquid
3384 1548 3799 1619 comprehendit

2204 1634 2366 1689 corde
2394 1649 2493 1691 suo
2530 1650 2627 1691 cor
2654 1652 2814 1692 suum
2853 1637 3042 1692 Petrus
3063 1681 3079 1706 ,
3121 1640 3209 1710 qui
3238 1639 3392 1706 dixit,
3426 1638 3609 1693 Tecum
3638 1657 3801 1713 usque

2175 1731 2178 1735 ’
2203 1729 2274 1781 ad
2294 1738 2503 1782 mortem
2532 1745 2618 1784 ero
2650 1728 2864 1804 (Matth.
2893 1748 3039 1796 xxvi,
3068 1733 3199 1805 55)?
3228 1732 3285 1789 ln
3312 1734 3474 1790 corde
3501 1744 3615 1790 erat
3659 1752 3800 1806 prae.

2206 1819 2443 1889 sumptio
2470 1817 2602 1875 falsa
2622 1860 2638 1888 ,
2689 1820 2741 1875 iu
2772 1821 2935 1877 corde
2979 1822 3176 1877 latebat
3204 1823 3364 1878 timor
3386 1840 3546 1881 verus
3570 1843 3585 1880 :
3608 1833 3665 1881 et
3692 1842 3799 1881 non

2206 1922 2323 1968 erat
2370 1912 2621 1967 idoneum
2674 1928 2772 1969 cor
2817 1914 2883 1969 ad
2928 1914 3492 1986 comprehendendum
3534 1932 3649 1974 cor.
3692 1917 3803 1973 Cor

2206 2012 2467 2071 aegrotum
2499 2003 2732 2070 latebat,
2764 2005 2858 2060 sed
2903 2005 3111 2061 medico
3152 2007 3388 2077 patebat.
3426 2008 3581 2077 Quod
3610 2008 3678 2063 de
3704 2009 3801 2064 illo

2207 2094 2603 2164 pronuntiatum
2628 2103 2739 2161 est,
2776 2096 2878 2151 hoc
2904 2096 3177 2164 impletum
3218 2108 3320 2154 est.
3356 2099 3587 2155 Noverat
3613 2102 3668 2155 in
3695 2100 3793 2158 illo

2211 2183 2349 2237 Deus
2374 2185 2514 2253 quod
2542 2185 2594 2239 in
2625 2199 2684 2241 se
2713 2173 2828 2257 ipse
2855 2203 2958 2243 non
2992 2198 3243 2256 noverat;
3275 2190 3397 2261 quia
3425 2206 3521 2247 cor
3547 2190 3665 2263 ejus
3688 2192 3793 2248 de—

2208 2276 2495 2344 reliquerat
2512 2291 2657 2343 cum,
2675 2278 2905 2349 corejtm
2931 2278 3128 2335 latebat
3156 2296 3253 2335 cor
3281 2282 3417 2353 ejus.
3438 2280 3504 2336 Et
3522 2299 3613 2338 eor
3630 2301 3804 2340 meum

2209 2372 2475 2441 dereliquit
2500 2391 2596 2430 me.
2628 2374 2764 2441 Quid
2790 2376 2961 2446 ergo?
3001 2375 3126 2445 quid
3156 2376 3481 2434 clamamus?
3509 2378 3637 2450 quid
3667 2379 3808 2435 dici-

2208 2464 2367 2519 mus?
2398 2464 2604 2519 Placeat
2628 2465 2732 2532 tibi,
2767 2454 3004 2529 Domine,
3036 2484 3209 2523 eruere
3235 2485 3314 2522 me
3334 2485 3353 2523 :
3376 2476 3625 2539 tanquam
3653 2467 3807 2525 dice-

2211 2566 2294 2609 ret
2313 2597 2327 2618 ,
2372 2555 2428 2610 Si
2462 2557 2537 2611 vis
2556 2597 2572 2621 ,
2598 2565 2751 2628 potes
2779 2574 2865 2613 me
2892 2558 3149 2613 mundare
3179 2557 3294 2629 (Id.
3326 2575 3442 2628 vui,
3469 2558 3547 2625 2).
3593 2559 3808 2615 Placeat

2209 2645 2296 2699 tibi
2322 2663 2493 2701 eruere
2520 2665 2619 2714 me,
2673 2647 2919 2717 Domine,
2956 2650 3009 2704 in
3049 2650 3399 2721 adjuvandum
3427 2652 3553 2706 mihi
3583 2660 3802 2723 respice.

2211 2738 2443 2792 Membra
2490 2740 2798 2809 paenitentia
2820 2742 2841 2774 ¹
2864 2783 2881 2809 ,
2924 2741 3163 2796 membra
3196 2742 3250 2797 in
3279 2742 3553 2800 doloribus
3589 2744 3761 2814 posita
3789 2787 3806 2810 ,

2211 2829 2451 2884 tuetubra
2482 2830 2581 2885 sub
2610 2829 2949 2886 ferramentis
2989 2832 3180 2887 medici
3209 2833 3491 2888 clamantia
3512 2876 3528 2899 ,
3558 2835 3653 2891 sed
3679 2852 3807 2907 spe-

2210 2922 2401 2975 rantia.
2436 2923 2672 2988 Domine,
2704 2924 2755 2976 in
2785 2923 3134 2993 adiuvandum
3161 2924 3286 2977 mihi
3308 2924 3516 2998 respice.

2279 3012 2374 3068 Ἡ.
2409 3011 2559 3085 [ιένε.
2598 3015 2674 3069 ll}
2698 3012 2808 3087 l7.]
2838 3013 3264 3089 Coufundaututj,
3302 3027 3351 3071 et
3392 3027 3713 3073 revereontur
3738 3020 3814 3075 si-

2210 3104 2352 3172 mul,
2400 3106 2488 3175 qui
2530 3114 2761 3174 (ιιιαντιικι
2803 3106 3028 3161 animam
3080 3103 3243 3161 meam
3291 3102 3346 3162 ut
3388 3102 3624 3181 auferant
3657 3128 3809 3166 eam.

2210 3194 2451 3263 Quodam
2500 3196 2644 3249 enim
2689 3194 2809 3274 locg
2852 3206 3199 3278 accusat..et
3222 3198 3377 3265 dicit,
3410 3199 3730 3269 Aspieiebam
3756 3203 3812 3257 in

2209 3284 2489 3351 dexteram,
2520 3294 2567 3339 et
2595 3284 2822 3339 videbam
2842 3320 2867 3351 ,η
2897 3296 2947 3342 ει
2984 3304 3085 3341 non
3124 3300 3230 3344 erat
3254 3289 3343 3359 qui
3378 3290 3651 3361 requireret
3690 3293 3811 3346 aui-

2210 3388 2346 3429 mam
2372 3392 2554 3429 meam.
2582 3374 2757 3447 (Psal.
2786 3392 2907 3433 cxu
2930 3420 2945 3443 ,
2977 3379 3064 3448 5);
3097 3379 3147 3434 id
3175 3388 3282 3445 est,
3314 3395 3419 3436 nou
3457 3393 3570 3437 erat
3599 3384 3691 3453 qui
3723 3399 3813 3441 me

2212 3468 2525 3523 imitaretur.
2551 3468 2796 3525 Christus
2822 3470 2874 3524 in
2905 3470 3151 3540 passione
3174 3463 3409 3543 loquitur
3434 3491 3448 3528 :
3472 3473 3541 3528 Et
3562 3475 3815 3531 attende-

2211 3559 2335 3616 bam
2365 3561 2417 3616 in
2445 3561 2742 3629 dexteram,
2768 3561 2821 3618 id
2851 3571 2956 3627 est,
2988 3579 3094 3618 non
3124 3563 3190 3619 ad
3231 3560 3423 3636 impios
3444 3564 3691 3639 Judzeos,
3714 3569 3833 3625 sed

2212 3654 2278 3710 ad
2311 3655 2479 3725 ipsam
2517 3654 2825 3721 dexteram,
2855 3655 2927 3711 ad
2966 3657 3110 3726 ipsos
3146 3658 3461 3728 Apostolos;
3499 3669 3547 3714 et
3572 3677 3676 3715 non
3703 3669 3817 3717 erat

2210 3747 2298 3819 qui
2345 3747 2613 3815 requireret
2651 3748 2875 3801 animam
2917 3764 3103 3803 meam.
3147 3747 3329 3819 Usque
3365 3748 3501 3805 adeo
3542 3766 3648 3805 non
3695 3762 3815 3809 erat

2211 3837 2299 3908 qui
2329 3837 2626 3908 requireret
2659 3839 2892 3893 animam
2924 3853 3096 3893 meam
3120 3879 3137 3904 ,
3178 3850 3235 3893 ut
3265 3839 3355 3909 qui
3394 3853 3819 3912 pnesumpserat

2213 3939 2431 4002 negaret
2447 3930 2677 3983 animam
2696 3946 2867 3985 meam
2885 3927 3098 4003 (Matth.
3116 3946 3267 3997 xxvi,
3288 3930 3402 4002 70).
3416 3931 3520 3987 Sed
3538 3934 3661 4003 quia
3679 3933 3816 3989 duo-

2214 4020 2312 4075 bus
2334 4020 2505 4075 modis
2526 4022 2782 4091 quaeritur
2805 4021 2965 4075 homo
2984 4062 2997 4086 ,
3034 4030 3127 4075 aut
3154 4036 3262 4093 quo
3290 4024 3502 4089 fruaris,
3526 4032 3617 4078 aut
3642 4041 3807 4095 quem

2213 4110 2590 4181 persequaris:
2614 4110 2735 4166 ideo
2762 4111 2849 4167 hic
2875 4111 3012 4167 alios
3038 4111 3169 4167 dicit
3194 4152 3211 4178 ,
3239 4127 3375 4184 quos
3401 4114 3513 4169 vult
3551 4114 3814 4174 confundi

2213 4212 2268 4259 et
2310 4204 2544 4260 revereri
2589 4204 2682 4274 qui
2723 4213 2972 4275 quaerunt
3016 4204 3251 4260 animam
3293 4205 3605 4265 suam..Sed
3635 4224 3704 4264 ne
3732 4212 3813 4266 sic

2214 4295 2561 4366 intelligeres,
2591 4294 2862 4365 quomodo
2895 4311 3017 4352 cum
3044 4297 3288 4367 queritur
3312 4297 3381 4353 de
3406 4299 3675 4354 nonnullis
3704 4317 3811 4357 non

2214 4385 2577 4457 qumrcnlibus
2603 4386 2836 4441 animam
2866 4386 3064 4455 suam';
3093 4396 3151 4442 ut
3181 4390 3418 4460 auferam
3445 4406 3577 4460 eam,
3612 4392 3810 4461 inquit,

2214 4476 2266 4531 id
2292 4486 2390 4542 est,
2424 4477 2497 4532 ad
2521 4488 2747 4532 mortem
2789 4487 3039 4548 qurerunt
3077 4480 3308 4534 animam
3333 4496 3508 4537 meam
3533 4500 3548 4536 :
3570 4482 3765 4553 adjecit
3794 4524 3810 4549 ,

2216 4567 2612 4642 Confundantur
2645 4577 2693 4624 et
2734 4580 3077 4625 revereantur.
3121 4571 3190 4626 Et
3224 4587 3351 4629 vere
3378 4574 3531 4630 multi
3574 4577 3812 4645 quasie-

2215 4669 2340 4715 rnut
2367 4660 2598 4715 animam
2623 4660 2810 4731 ipsius,
2834 4671 2892 4717 et
2911 4662 3121 4719 confusi
3147 4672 3201 4718 et
3226 4665 3442 4720 reveriti
3469 4675 3627 4734 sunt;
3656 4684 3813 4739 qua:-

2216 4753 2421 4807 sierunt
2440 4752 2674 4806 animam
2702 4751 2891 4823 ipsius,
2919 4762 2975 4808 et
2994 4753 3132 4808 sicut
3154 4754 3260 4811 illis
3288 4756 3460 4811 visum
3487 4766 3588 4824 est,
3620 4757 3812 4814 abstu-

2217 4844 2397 4899 lerunt
2435 4843 2670 4897 animam
2724 4843 2892 4914 ipsius
2924 4862 2939 4899 :
2970 4844 3065 4899 sed
3118 4844 3210 4900 ille
3260 4854 3577 4917 potestatem
3627 4848 3815 4905 habuit

2217 4934 2450 5004 ponendi
2494 4934 2725 4987 animam
2770 4947 2960 5001 suam,
3007 4943 3061 4990 et
3102 4945 3421 5006 potestatem
3465 4937 3649 4993 habuit
3674 4943 3815 4996 reci-

2218 5023 2394 5095 piendi
2421 5023 2658 5077 animam
2688 5038 2839 5077 suam
2870 5022 3052 5093 (Joan.
3079 5040 3149 5090 x,
3196 5026 3308 5099 18).
3343 5028 3483 5098 Ergo
3521 5028 3595 5083 illi
3634 5031 3811 5100 gavisi

2220 5126 2345 5174 sunt
2367 5132 2490 5173 cum
2515 5116 2724 5189 posuit,
2769 5115 2980 5173 confusi
3008 5127 3133 5174 sunt
3166 5132 3288 5175 cum
3326 5122 3545 5192 recepit.
3579 5119 3818 5194 Confun-

2284 5363 2303 5395 ι
2326 5361 2400 5411 sic
2424 5358 2615 5424 aliquot
2650 5366 2762 5411 Im.
2806 5360 3020 5424 Attende
3064 5370 3245 5413 Parion
3274 5371 3345 5415 est
3367 5378 3428 5416 ne
3448 5378 3532 5417 cor
3577 5381 3742 5421 atem
3761 5384 3815 5423 se

2219 5421 2608 5510 ΞἮςεεςηᾱαι.
2634 5431 2779 5473 nemo
2799 5422 2928 5474 enim
2950 5438 3001 5475 se
3037 5425 3399 5489 conlprehendit
3415 5463 3431 5489 ,
3476 5442 3615 5481 nemo
3656 5430 3719 5484 de
3764 5421 3817 5485 se

2726 5545 3035 5618 aetatm.
3067 5555 3177 5598 ius.
3194 5548 3393 5614 aliquot,
3412 5550 3694 5613 νωηίιαυία
3713 5569 3732 5605 .-
3765 5565 3818 5609 ei

2220 5607 2301 5657 alu
2324 5608 2537 5657 quidam.
2557 5620 2610 5655 ut
2631 5614 2927 5657 attenuentur.
2978 5639 2983 5646 -

2220 5615 2301 5657 alii
2324 5615 2537 5671 quidam,
2557 5620 2610 5655 ιη
2631 5615 2927 5669 paenitentia.
2978 5639 2994 5681 ι

2286 5669 2462 5742 find,
2507 5668 2745 5742 quomodo
2766 5677 3072 5742 qunquentur
3119 5670 3183 5742 de
3224 5672 3465 5725 uomuellis
3488 5682 3816 5742 quiet-rutilius

2221 5727 2436 5804 auiam
2451 5727 2611 5787 um,
2627 5736 2682 5804 ut
2703 5727 2925 5804 au[era'nt
2938 5745 3104 5804 eant“:
3127 5732 3182 5783 id
3196 5742 3293 5804 est,
3313 5744 3439 5793 etc.,
3461 5727 3543 5786 ubi
3568 5752 3657 5787 nos
3673 5727 3815 5804 pani;
3882 5782 3885 5783 ν

2420 5804 2551 5853 non,
2592 5798 2647 5842 et
2680 5790 2905 5853 verbum,
2929 5792 3118 5859 inquit,
3164 5790 3350 5858 aliquot
3395 5790 3500 5847 atas.
3535 5812 3633 5862 ope
3674 5790 3817 5863 ἱερο-
