3978 6338
182 355 284 409 ΗΟ

175 492 381 557 dantur,
400 499 445 545 et
461 502 781 547 reret-cantur
805 493 976 562 simul,
993 495 1081 566 qui
1099 506 1336 567 qum-unt
1353 498 1579 552 animum
1601 514 1768 552 meam

171 592 223 633 ut
252 586 485 652 auferant
517 600 649 637 eam.
1281 603 1286 608 ‘

238 671 328 727 ‘25.
360 671 726 728 Convertuntur
753 687 1063 744 retrorsum,
1104 690 1150 734 et
1187 691 1536 746 revereantur,
1566 683 1651 751 qui
1680 698 1765 736 vo-

170 764 276 817 lunt
317 765 441 819 mihi
484 767 639 822 mala.
683 766 1052 824 Convertuntur
1090 782 1527 829 retrorsum:nec
1567 773 1668 828 hoc
1711 774 1765 828 in

165 855 365 910 litatum
392 858 736 928 accipiamus.
768 860 914 916 Bene
954 862 1057 917 illis
1086 871 1271 932 optat;
1304 874 1357 920 et
1382 881 1482 919 vox
1515 866 1656 919 illius
1682 874 1766 920 est

164 949 256 1017 qui
300 950 436 1006 dixit
463 951 530 1006 de
557 966 754 1008 cruce:
778 952 956 1018 Pater,
984 955 1186 1025 ignosce
1222 957 1354 1022 illis,
1389 958 1508 1027 q'uia
1535 957 1764 1011 nesciunt

163 1042 290 1111 quid
321 1045 512 1112 faciunt
543 1042 691 1112 (Luc.
737 1061 864 1100 χχιιι
889 1089 904 1111 ,
956 1048 1067 1118 54),
1099 1048 1276 1114 Quare
1307 1048 1408 1102 illis
1441 1064 1568 1118 ergo
1593 1048 1758 1113 dicit,

163 1142 222 1186 ut
250 1146 546 1189 retrorsum
572 1137 832 1192 redeant?
856 1139 991 1204 Quia
1019 1141 1108 1210 qui
1138 1152 1262 1195 ante
1287 1142 1500 1209 superbi
1527 1152 1678 1195 erant
1704 1151 1762 1194 ut

162 1227 421 1282 caderent
474 1237 660 1294 retro,
711 1229 948 1287 humiles
997 1230 1123 1286 facti
1172 1242 1297 1287 sunt
1350 1240 1756 1302 ut,resurgant.

160 1320 388 1385 Quando
411 1321 555 1376 enim
583 1331 706 1376 ante
735 1335 881 1391 sunt,
913 1324 1217 1392 praecedere
1242 1325 1427 1379 volunt
1454 1325 1756 1388 Dominum,

160 1413 416 1466 meliores
442 1412 627 1467 volunt
661 1429 779 1468 esse
824 1430 983 1485 quam
1016 1417 1273 1473 Dominus
1301 1436 1314 1471 :
1339 1417 1381 1470 si
1409 1426 1585 1470 autem
1615 1426 1758 1472 retro

159 1513 308 1570 sunt,
342 1506 513 1574 ipsum
543 1518 836 1576 agnoscunt
868 1507 1167 1573 meliorem,
1201 1514 1375 1578 ipsum
1405 1510 1661 1578 priorem,
1697 1525 1758 1564 se

161 1598 511 1665 posteriores,
544 1608 602 1653 ut
642 1600 732 1655 ille
760 1600 1046 1668 pra-cedat,
1079 1601 1157 1655 illi
1184 1610 1496 1671 sequantur.
1526 1601 1757 1658 Proinde

161 1688 381 1743 Petrum
427 1692 565 1744 male
606 1691 706 1746 sibi
752 1691 970 1746 dantem
1011 1692 1295 1746 consilium
1336 1693 1414 1748 sic
1459 1692 1752 1762 redarguit.

157 1778 426 1835 Passurus
454 1784 596 1836 ciunt
629 1783 886 1837 Dominus
913 1793 1024 1838 erat
1056 1800 1151 1853 pro
1178 1785 1348 1838 salute
1374 1795 1574 1851 nostra,
1608 1794 1664 1840 et
1689 1785 1756 1840 de

155 1872 271 1941 ipsa
305 1875 553 1943 passione
599 1890 720 1944 qua:
767 1874 940 1929 futura
987 1879 1171 1930 erant‘
1205 1876 1528 1944 praedicabat
1554 1894 1566 1928 ε
1597 1884 1652 1930 et
1680 1876 1757 1931 ait

153 1964 371 2030 Petrus,
402 1967 541 2020 Absit
571 1965 821 2030 Domine;
851 1967 1100 2038 propitius
1124 1968 1210 2021 tibi
1238 1976 1362 2032 esto,
1392 1983 1492 2020 non
1523 1968 1608 2037 ﬁet
1639 1967 1751 2022 hoc.

154 2058 474 2114 Prazcedere
496 2059 707 2114 volebat
734 2059 1018 2114 Dominum
1036 2101 1050 2125 ,
1096 2071 1151 2114 et
1176 2061 1457 2114 consilimn
1485 2060 1614 2115 dare
1635 2075 1753 2114 ma-

153 2150 350 2221 gistro.
373 2149 634 2213 Dominus
657 2159 835 2206 autem
863 2160 919 2205 ut
946 2168 1050 2205 non
1080 2166 1201 2206 eum
1227 2151 1424 2205 faceret
1447 2150 1754 2218 praeceden-

155 2251 303 2305 tem,
362 2242 458 2298 sed
510 2251 856 2313 sequentem,
911 2241 1070 2307 Redi,
1105 2243 1313 2312 inqttit,
1362 2252 1497 2296 retro
1545 2252 1754 2298 satanas

161 2333 384 2405 (Matth.
415 2350 521 2398 xvt,
548 2334 641 2398 2‘2,
668 2333 784 2405 25).
816 2333 960 2398 Ideo,
1007 2334 1199 2404 inquit,
1243 2342 1480 2401 satanas,
1517 2334 1640 2403 quia
1672 2334 1751 2389 vis

154 2426 478 2482 antecedere
521 2441 643 2480 eum
670 2441 829 2496 quem
854 2425 1018 2479 debes
1063 2424 1211 2494 sequi
1244 2442 1259 2479 :
1290 2425 1332 2477 si
1377 2433 1558 2478 autem
1605 2432 1751 2479 retro

155 2517 347 2583 fueris,
373 2526 428 2572 et
453 2525 671 2571 secutus
693 2515 876 2586 fueris,
896 2516 1006 2584 jam
1033 2531 1137 2569 non
1162 2525 1398 2569 satanas.
1423 2515 1560 2583 Quid
1585 2514 1751 2583 ergo?

154 2606 331 2678 Super
357 2607 489 2661 Itane
530 2615 724 2678 petram
761 2606 1026 2675 wdiftcabo
1049 2595 1332 2659 Ecclesium
1367 2622 1528 2660 meum
1559 2604 1608 2677 (1
1619 2605 1746 2672 bid,

155 2703 271 2773 18).

222 2794 314 2850 26.
344 2794 713 2848 Convertuntur
733 2801 1006 2847 retrorsum
1032 2800 1077 2845 et
1097 2801 1438 2858 retineantur,
1464 2793 1548 2862 qui
1575 2792 1749 2845 uolunt

153 2887 279 2942 mihi
314 2885 474 2940 uiola.
503 2884 743 2939 Malevoli
769 2895 915 2948 sunt,
947 2885 1035 2954 qui
1063 2882 1223 2937 etiam
1251 2900 1370 2936 cum
1401 2883 1746 2948 benedicunt,

153 2989 417 3053 quantum
442 2979 494 3033 in
519 2977 682 3033 corde
707 2994 894 3032 eorum
917 2986 999 3032 est
1021 2976 1366 3031 maledicunt.
1399 2977 1538 3030 Dicis
1566 2977 1745 3039 alicui,

153 3074 288 3130 Esto
327 3071 648 3128 christianos
681 3087 695 3125 :
725 3070 810 3124 Sis
852 3069 1203 3135 christianos,
1253 3068 1348 3123 sed
1396 3071 1510 3124 tu‘.
1547 3068 1748 3127 Bonam

153 3179 268 3219 rem
301 3161 456 3226 dixit,
485 3160 580 3216 sed
613 3176 718 3214 non
750 3159 826 3214 illi
857 3159 1146 3229 imputatur
1172 3158 1315 3230 quod
1341 3157 1492 3227 dixit,
1522 3158 1617 3214 sed
1643 3173 1749 3228 quo

151 3255 338 3310 animo
389 3253 568 3308 dixit:
603 3250 874 3322 quomodo
924 3252 1241 3320 imputatum
1291 3259 1373 3305 est
1422 3259 1478 3305 et
1525 3249 1745 3317 Judaeis,

151 3345 371 3418 quando
394 3344 483 3398 ille
508 3360 571 3398 ex
597 3358 740 3396 cznco
767 3351 890 3396 nato
917 3340 1087 3396 lactus
1111 3351 1194 3396 est
1221 3341 1406 3396 videns
1432 3359 1446 3395 :
1471 3356 1591 3395 eum
1623 3334 1746 3395 eum

159 3444 467 3508 premerent
489 3433 917 3489 insultationibus
947 3441 999 3488 et
1030 3441 1299 3502 urgerent,
1329 3431 1403 3485 ait
1432 3432 1554 3495 illis,
1579 3430 1749 3486 Nunt-

150 3531 273 3601 quid
323 3539 372 3584 et
418 3543 503 3581 vos
547 3526 781 3596 discipuli
819 3526 928 3596 ejus
983 3526 1131 3578 vultis
1172 3524 1319 3578 esse?
1369 3525 1435 3578 Et
1471 3525 1543 3579 illi
1583 3525 1749 3580 male-

151 3623 404 3677 dixerunt
433 3620 505 3674 ei.
549 3618 661 3674 lloc
699 3617 773 3672 ait
801 3615 1120 3686 evangelista
1145 3633 1158 3669 :
1184 3615 1559 3670 Muledixerunt
1593 3616 1640 3671 ei
1663 3616 1750 3670 di-

147 3724 339 3777 centes,
381 3709 462 3764 Tu
485 3709 556 3764 sis
581 3709 858 3773 discipulus
899 3709 1007 3777 ejus
1046 3706 1222 3778 (Joan.
1262 3722 1337 3772 lx,
1365 3707 1456 3771 27,
1482 3705 1597 3778 28).
1642 3706 1749 3763 Illis

153 3801 601 3859 maledicentibus
624 3839 639 3862 ,
685 3798 941 3851 Dominus
979 3797 1290 3853 benedixit:
1322 3797 1446 3852 fecit
1485 3797 1628 3868 quod
1673 3798 1746 3853 illi

153 3896 449 3961 dixerunt,
498 3891 745 3946 retribuit
783 3900 960 3944 autem
1006 3890 1108 3943 illis
1150 3888 1290 3959 quod
1335 3889 1745 3944 maledixeruut.

153 3987 526 4042 Convertuntur
553 3991 846 4047 retrorsum,
876 3991 922 4034 et
951 3991 1290 4048 revereuntur,
1318 3982 1404 4052 qui
1428 3983 1597 4036 volunt
1623 3983 1747 4036 mihi

157 4081 319 4132 mata.
350 4077 492 4133 Sunt
521 4083 700 4130 autem
741 4074 830 4129 alii
859 4089 966 4127 non
1007 4072 1134 4128 boni
1165 4072 1255 4142 qui
1289 4072 1422 4127 bona
1451 4073 1660 4139 volunt,
1692 4084 1750 4129 et

162 4171 264 4241 ipsi
286 4167 535 4223 cavendi.
555 4163 832 4234 Quomodo
853 4165 994 4220 enim
1017 4164 1092 4219 illi
1118 4163 1460 4228 maledicunt,
1491 4173 1543 4218 et
1565 4164 1748 4220 dicunt

155 4261 294 4315 bona
327 4268 544 4323 nostra,
588 4255 682 4311 sed
713 4255 854 4310 malo
880 4255 1088 4320 animo;
1119 4255 1197 4308 sic
1225 4256 1372 4308 multi
1404 4255 1538 4308 mala
1567 4265 1747 4310 nostra

154 4355 299 4408 bono
321 4351 524 4407 animo.
559 4350 671 4404 lloc
699 4349 848 4413 dico,
878 4347 978 4415 Qui
1007 4347 1202 4402 dixerit
1240 4346 1360 4412 tibi,
1397 4346 1476 4402 Tu
1503 4349 1578 4402 sis
1606 4348 1750 4403 chri—

151 4448 380 4510 stianos,
428 4445 628 4498 bonum
660 4453 803 4496 tuum
847 4440 974 4495 dicit
1013 4440 1154 4494 malo
1194 4439 1525 4510 animozqui
1568 4450 1746 4494 autem

148 4538 354 4592 dixerit
379 4535 472 4590 tibi
500 4535 569 4587 ita
595 4575 611 4598 ,
643 4532 718 4588 Te
748 4531 942 4587 melior
965 4545 1160 4596 nemo;
1189 4530 1320 4584 siin
1345 4529 1538 4585 factis’
1566 4531 1745 4600 malis,

148 4628 407 4699 quoniam
441 4625 687 4681 laudatur
713 4628 963 4694 peccator
985 4622 1040 4677 iu
1071 4621 1355 4677 desideriis
1377 4620 1571 4676 anima:
1599 4636 1744 4689 suae,

147 4729 201 4776 et
225 4721 317 4791 qui
349 4718 528 4788 iniqua
553 4715 691 4787 gerit
715 4714 1047 4769 benedicitur
1072 4711 1245 4786 (Psal.
1271 4728 1330 4778 ι,
1362 4713 1421 4783 ὅ)
1446 4729 1462 4776 ;
1493 4713 1630 4768 mala
1657 4721 1745 4768 tua

148 4813 278 4868 dicit
306 4808 554 4864 laudans.
585 4805 866 4876 Quomodo
897 4805 985 4859 ille
1010 4804 1147 4859 bona
1176 4812 1263 4858 tua
1292 4802 1503 4858 dicebat
1524 4803 1748 4859 maledi-

146 4921 273 4960 cens
296 4945 313 4969 ,
359 4902 439 4958 sic
482 4902 583 4956 iste
622 4900 760 4956 mala
800 4908 889 4954 tua
928 4897 1252 4954 benedicens
1280 4915 1293 4950 :
1321 4896 1417 4952 sed
1461 4907 1746 4968 utrumque

145 5010 316 5066 genus
357 4993 527 5048 hostis
569 4992 712 5062 fuge,
760 4999 1049 5060 utrumque
1089 5004 1240 5044 cave.
1286 4988 1382 5043 llle
1422 4990 1595 5057 saevit,
1645 4989 1746 5045 iste

146 5087 452 5150 blanditur;
488 5093 713 5153 uterque
743 5081 915 5136 malus
943 5097 958 5136 :
989 5081 1079 5136 ille
1107 5079 1396 5135 iracundus
1420 5089 1531 5146 est,
1565 5089 1620 5136 et
1645 5080 1745 5137 iste

144 5179 195 5233 in
228 5176 391 5232 laude
430 5174 724 5239 subdolus;
756 5173 843 5227 ille
872 5171 1230 5241 reprehensor
1268 5180 1382 5240 est,
1426 5171 1526 5226 iste
1555 5170 1742 5225 lauda-

141 5281 226 5325 tor
249 5286 265 5322 :
291 5268 390 5324 sed
419 5277 473 5323 et
502 5267 594 5322 ille
624 5266 678 5321 in
706 5263 1124 5334 reprehensione
1151 5263 1399 5319 inimicus
1423 5271 1539 5328 est,
1570 5273 1624 5318 et
1651 5261 1742 5320 ille

140 5363 192 5416 iu
223 5360 386 5416 laude
413 5359 686 5414 subdolus.
717 5355 860 5413 Cave
884 5367 1174 5428 utrumque
1197 5397 1210 5420 ,
1240 5364 1428 5411 contra
1457 5365 1741 5428 utrumque

204 5495 221 5528 ι
250 5496 326 5543 sic
342 5491 562 5541 nonnulli
588 5500 692 5542 Mss.
711 5498 768 5542 At
787 5489 922 5551 Μὰ,
945 5495 1070 5542 erat

201 5561 223 5624 ξ
257 5565 325 5606 tta
355 5564 456 5624 uss.
479 5568 577 5624 nec,
595 5552 723 5624 male
743 5556 806 5624 si_
825 5550 1238 5624 bie'sttbauditpr,
1255 5550 1404 5624 etille
1428 5550 1735 5624 .Porro

138 5619 260 5670 edit.
289 5626 400 5666 ων.
435 5618 586 5679 habet
607 5617 677 5679 sic
701 5629 714 5666 :
743 5614 871 5667 Dicit
895 5614 1070 5679 aliquis
1092 5613 1257 5674 alicui,
1281 5622 1390 5665 Esto
1410 5613 1731 5676 atriaticum,

136 5681 226 5734 sed
249 5683 318 5731 sis
341 5687 386 5729 et
410 5686 461 5730 tu
485 5678 804 5729 Christianus.
836 5678 1033 5736 Bonam,
1059 5685 1152 5727 etc.

204 5746 225 5774 ³
257 5747 331 5814 ξυίυ
376 5743 572 5814 ξιιὶψιοιΔ
586 5749 688 5814 uss.
716 5739 800 5814 Alii
825 5753 980 5814 vero“:
1012 5735 1224 5814 Dixerit
1243 5735 1736 5814 ἠὺήιςιξαιιιρῌρξειὶρζ

135 5807 327 5858 nurnine
352 5804 416 5855 sis
448 5801 500 5854 in
541 5801 701 5866 factis,
726 5809 820 5852 etc.
845 5803 1043 5866 Quidam
1068 5815 1079 5852 :
1111 5807 1254 5866 Tanto
1273 5801 1461 5866 nation
1484 5811 1623 5850 netia
1661 5812 1734 5852 sic

138 5882 191 5918 in
210 5869 368 5930 fartis,
397 5875 492 5917 etc.
522 5860 656 5928 tidd.,
679 5860 823 5916 Tanto
841 5864 1011 5915 melio'
1035 5877 1174 5915 nemo
1194 5863 1255 5914 sit
1270 5861 1320 5914 in
1342 5860 1511 5928 factis,
1526 5868 1634 5914 etc.

1243 380 1641 438 ENARIMTIO
1682 383 1746 438 IN
1787 383 2106 443 PSALMUM
2149 389 2396 447 XXXIX.

3362 406 3472 461 450

1873 514 1990 554 ora.
2019 502 2119 570 Qui
2158 506 2300 560 enim
2329 507 2520 572 oravit,
2560 508 2926 567 Convertuntur
2949 521 3242 582 retrorsum,
3269 525 3317 571 et
3339 534 3466 573 cou-

1873 592 2156 658 fundantur
2194 598 2282 666 qui
2327 597 2508 653 volunt
2549 602 2672 655 milii
2716 605 2884 670 mala,
2935 608 3170 675 respexit
3211 605 3277 661 ad
3317 609 3461 664 aliud

1869 695 2038 750 genus
2066 683 2250 740 dolose
2277 688 2617 753 malevolum,
2645 701 2701 746 et
2727 693 2857 747 falso
2888 693 3203 749 hcuedieum
3230 714 3242 750 :
3270 696 3463 751 Ferant

1870 775 2132 842 confestim
2175 779 2523 850 confusionem
2569 799 2734 850 suam,
2777 785 2862 854 qui
2896 786 3070 840 dicunt
3097 788 3241 851 milii,
3277 787 3420 859 Euge
3443 830 3460 856 ,

1871 877 2012 931 euge.
2047 864 2285 922 Laudant
2313 870 2445 923 falso
2468 872 2484 902 ί
2512 889 2525 924 :
2551 873 2764 943 Magnus
2795 875 2892 937 vir,
2924 875 3094 931 bonus
3117 879 3218 941 vir,
3251 879 3459 933 littera—

1873 962 1978 1019 tus,
2008 954 2218 1021 doctus,
2248 962 2343 1016 sed
2383 979 2549 1033 quare
2590 965 2947 1022 chrisuanus?
2980 968 3052 1022 Ea
3087 979 3172 1024 tua
3200 970 3458 1038 laudant,

1868 1061 1988 1116 qua:
2020 1049 2191 1105 nolles
2217 1052 2423 1108 laudari
2446 1073 2459 1109 :
2481 1055 2607 1109 illud
2639 1058 3040 1125 reprehendunt
3071 1059 3210 1116 unde
3237 1062 3456 1131 gaudes.

1866 1136 1974 1193 Sed
2015 1141 2057 1194 si
2089 1141 2225 1198 forte
2254 1144 2389 1200 dicis
2421 1165 2434 1201 :
2462 1147 2598 1214 Quid
2625 1148 2678 1202 in
2707 1165 2792 1204 me
2819 1151 3019 1214 laudas,
3049 1167 3083 1207 ο
3112 1152 3270 1207 homo
3293 1195 3308 1218 ,
3335 1155 3459 1224 quia

1864 1231 1947 1283 vir
1974 1230 2164 1298 bonus,
2189 1235 2311 1304 quia
2339 1236 2610 1307 virjustus
2634 1241 2789 1294 sum?
2809 1239 2864 1296 Si
2891 1240 2990 1296 hoc
3015 1252 3188 1312 putas,
3213 1244 3460 1301 Christus

1864 1337 1952 1377 me
1982 1324 2083 1379 hoc
2111 1325 2236 1381 fecit
2259 1369 2272 1392 ,
2309 1328 2481 1397 ipsum
2512 1329 2689 1385 lauda.
2738 1335 2808 1387 At
2849 1334 2938 1389 ille
2964 1351 2978 1388 :
3004 1335 3190 1402 Absit;
3224 1339 3329 1392 noli
3361 1340 3456 1395 tibi

1863 1411 2110 1481 injuriam
2157 1416 2333 1472 facere
2354 1461 2367 1482 ,
2396 1427 2452 1474 tu
2480 1428 2531 1475 te
2558 1422 2673 1491 ipse
2704 1423 2863 1477 talem
2893 1424 3085 1480 fecisti.
3115 1426 3455 1497 Confundtm-

1864 1513 1964 1568 tur,
1993 1507 2081 1575 qui
2105 1507 2281 1562 dicunt
2320 1512 2482 1578 mihi,
2512 1511 2690 1584 Euge,
2724 1531 2867 1586 euge.
2915 1518 2982 1572 Et
3019 1519 3143 1589 quid
3174 1521 3456 1589 sequitur?

1862 1593 2133 1651 Exsultent
2149 1608 2195 1652 et
2201 1601 2551 1670 jucundentnr
2572 1622 2743 1659 omnes
2759 1609 2842 1675 qui
2873 1617 2919 1662 te
2939 1620 3189 1678 quierunt,
3213 1610 3451 1667 Domine.

1859 1685 1977 1742 Non
2008 1701 2253 1757 quaerunt
2282 1709 2399 1760 me,
2432 1693 2525 1749 sed
2557 1708 2803 1764 qumrunt
2836 1707 2885 1752 te
2913 1717 2925 1752 :
2950 1715 3057 1753 non
3087 1701 3241 1768 mihi,
3273 1703 3453 1774 Euge,

1860 1792 1992 1846 euge
2021 1779 2236 1847 dicunt;
2269 1782 2366 1836 sed
2411 1784 2462 1838 in
2511 1791 2563 1839 te
2603 1800 2689 1839 me
2718 1787 2932 1855 gloriari
2966 1790 3213 1857 vident’,
3256 1793 3300 1846 si
3326 1794 3454 1863 quid

1861 1868 2032 1924 habeo
2061 1870 2262 1940 glorize.
2295 1874 2398 1940 Qui
2437 1875 2578 1930 enim
2606 1876 2884 1946 gloriatur,
2914 1879 2966 1934 in
3000 1879 3224 1936 Domino
3252 1883 3455 1954 glorie-

1858 1967 1947 2013 tur
1975 1960 2018 2030 (Ι
2050 1960 2168 2016 Cor.
2200 1978 2256 2035 1.,
2285 1964 2399 2031 5|).
2435 1964 2705 2020 Exsultent
2728 1978 2777 2022 et
2795 1972 3145 2038 jucundentur
3172 1989 3343 2027 omnes
3365 1975 3455 2045 qui

1859 2061 1908 2104 te
1932 2062 2206 2122 quaerunt,
2254 2053 2494 2122 Domine,
2541 2067 2588 2111 et
2631 2059 2806 2112 dicant
2843 2076 3076 2129 semper:
3096 2061 3454 2134 Magni/iretur

1860 2142 2126 2199 Dominus.
2151 2145 2284 2212 Quia
2313 2148 2413 2202 etsi
2439 2164 2503 2202 ex
2528 2159 2811 2218 peccatore
2838 2150 2894 2204 ﬁt
2917 2153 3114 2220 justus,
3138 2156 3201 2207 da
3224 2155 3451 2224 gloriam

1857 2235 1933 2291 illi
1959 2237 2050 2307 qui
2076 2238 2335 2306 justllicat
2360 2240 2581 2309 impium
2609 2239 2786 2310 (Rom.
2819 2259 2890 2308 IV,
2915 2243 2990 2314 5).
3024 2243 3148 2299 Sive
3176 2260 3303 2316 ergo
3324 2261 3451 2315 pce-

1854 2341 2009 2386 calor
2049 2333 2150 2396 sit,
2197 2332 2442 2388 laudetur
2471 2334 2562 2403 qui
2591 2334 2675 2406 .ad
2708 2334 3088 2404 indulgentiam
3121 2348 3274 2392 vocat
3298 2357 3311 2391 :
3334 2338 3452 2395 sive

1855 2421 1977 2491 quis
1998 2422 2108 2490 jam
2134 2422 2375 2477 ambulet
2404 2424 2455 2478 in
2485 2425 2567 2477 via
2593 2423 2846 2492 justitiae,
2881 2425 3125 2480 laudetur
3148 2429 3237 2498 qui
3263 2427 3327 2482 ad
3358 2445 3451 2484 co-

1857 2529 2045 2569 ronam
2077 2525 2249 2569 vocat.
2301 2516 2514 2586 Semper
2551 2517 2906 2588 utuguiﬁcetur
2953 2518 3200 2574 Dominus
3221 2561 3235 2586 ,
3267 2522 3335 2575 ab
3365 2520 3450 2577 his

1854 2605 1941 2675 qui
1965 2605 2184 2674 diligunt
2210 2607 2436 2660 salutare
2461 2617 2623 2660 tuum.

1925 2696 2016 2751 27.
2066 2695 2216 2769 (vers.
2267 2697 2379 2770 18.]
2432 2697 2543 2768 Ego
2581 2708 2901 2756 autem:cul
2947 2702 3258 2773 quaerebant
3288 2705 3446 2759 mala.

1857 2788 1967 2857 Ego
1995 2797 2160 2841 autem
2184 2804 2202 2841 :
2226 2789 2381 2857 cujus
2424 2791 2655 2845 animam
2707 2793 3037 2863 quaerebant,
3085 2807 3144 2849 ut
3177 2797 3450 2852 auferrent

1853 2895 1993 2936 eam.
2033 2879 2140 2935 Sed
2169 2889 2426 2935 converte
2461 2890 2512 2936 te
2535 2881 2601 2936 ad
2631 2882 2775 2937 aliud
2806 2899 2977 2953 genus
3005 2885 3301 2940 hominum.
3339 2886 3450 2957 Ego

1853 2981 2053 3036 autem,
2099 2971 2182 3025 cui
2229 2963 2513 3036 diccb'ant;
2545 2973 2725 3043 Euge,
2773 2990 2906 3044 euge
2925 3018 2940 3040 ,
2971 2993 3156 3047 egenus
3181 2988 3228 3032 et
3256 2997 3450 3049 pauper

1853 3077 1985 3136 sum.
2013 3060 2130 3115 Non
2154 3071 2231 3117 est
2264 3065 2403 3132 quod
2437 3063 2489 3116 in
2521 3078 2608 3118 me
2635 3079 2811 3118 meum
2831 3066 2851 3096 ³
2873 3067 3138 3122 laudetur.
3175 3069 3447 3125 Diseindat

1854 3154 1944 3210 ille
1993 3169 2208 3211 saccum
2252 3172 2470 3222 meum,
2519 3157 2793 3227 cooperiat
2838 3174 2924 3214 me
2963 3160 3097 3215 stola
3142 3176 3258 3216 sua.
3316 3163 3447 3218 Vivo

1855 3247 1998 3302 enim
2025 3247 2139 3318 jam
2172 3264 2278 3302 non
2310 3263 2430 3318 ego,
2463 3248 2593 3304 vivit
2628 3259 2806 3303 autem
2837 3249 2890 3304 in
2920 3267 3006 3306 me
3027 3237 3270 3307 Christus
3299 3252 3443 3327 (Gul.

1852 3355 1913 3406 tt,
1937 3338 2055 3411 20).
2102 3339 2158 3395 Si
2191 3340 2316 3394 vivit
2346 3342 2399 3395 in
2431 3349 2484 3397 te
2512 3341 2758 3396 Christus
2782 3384 2797 3407 ,
2840 3353 2895 3397 et
2927 3351 3092 3398 totum
3134 3346 3274 3415 quod
3319 3347 3447 3402 boui

1855 3432 2020 3487 habes
2045 3429 2241 3488 ChriSti
2273 3442 2373 3497 est,
2406 3443 2572 3488 totum
2603 3433 2743 3502 quod
2775 3433 2994 3489 habebis
3018 3435 3216 3490 Christi
3245 3451 3363 3492 est:
3390 3450 3446 3494 tn

1854 3538 1962 3599 per
1998 3525 2226 3594 teipsum
2282 3524 2408 3593 quid
2447 3524 2552 3579 es?
2601 3523 2709 3594 Ego
2755 3542 2940 3596 egenus
2983 3537 3029 3582 et
3074 3545 3285 3598 pauper.
3332 3530 3447 3598 Ego

1851 3622 2029 3669 autem
2063 3629 2168 3669 non
2195 3613 2363 3677 dives,
2394 3615 2516 3685 quia
2550 3630 2655 3669 non
2683 3629 2801 3670 sum
2833 3618 3117 3686 superbus.
3149 3619 3303 3673 Dives
3330 3632 3448 3676 erat

1853 3705 1942 3761 ille
1980 3704 2072 3774 qui
2098 3704 2329 3770 dicebat,
2366 3704 2569 3759 (iratius
2598 3705 2683 3759 tibi
2710 3723 2806 3776 ago
2829 3749 2842 3770 ,
2893 3706 3140 3777 Domine,
3187 3712 3305 3780 quia
3344 3729 3446 3766 non

1851 3813 1965 3852 sum
2007 3798 2135 3851 sicut
2179 3799 2349 3851 ewteri
2409 3800 2634 3852 homines
2666 3813 2685 3852 :
2714 3798 3034 3854 Publicanus
3095 3811 3272 3855 autem
3330 3817 3448 3858 erat

1853 3905 2076 3964 pauper,
2105 3891 2192 3960 qui
2224 3889 2455 3952 dicebat,
2488 3888 2723 3951 Domine,
2759 3891 3007 3960 propitius
3036 3901 3140 3945 esto
3171 3893 3294 3945 milii
3322 3910 3444 3962 pce-

1853 3981 2015 4035 ratori
2047 3980 2200 4050 (Luc.
2220 3995 2376 4046 xvut,
2412 3982 2498 4043 ll,
2531 3978 2652 4049 l5).
2673 3979 2764 4034 Ille
2785 3979 2852 4034 de
2874 3981 3148 4034 saturitate
3178 3984 3441 4048 ructabat,

1853 4073 1942 4128 ille
1971 4071 2038 4127 de
2067 4071 2205 4126 tante
2234 4069 2493 4140 plorabat.
2523 4069 2728 4139 Egerius
2763 4080 2810 4124 et
2837 4087 3032 4141 pauper
3061 4088 3190 4126 sum.
3226 4074 3290 4128 Et
3316 4076 3444 4145 quid

1853 4163 2089 4218 facturus
2109 4178 2186 4226 es,
2207 4181 2238 4216 ο
2257 4178 2422 4232 cgene
2445 4171 2494 4215 et
2519 4163 2760 4230 pauper?
2786 4163 3021 4216 lllendica
3045 4162 3066 4193 ‘
3083 4175 3205 4219 ante
3222 4165 3442 4233 jauuam

1854 4259 1983 4323 Dei;
2028 4256 2204 4327 pulsa,
2246 4265 2299 4308 et
2341 4257 2608 4324 aperietur
2650 4255 2761 4308 tibi.
2812 4254 2923 4325 Ego
2969 4267 3137 4310 autent
3183 4275 3364 4328 (genus
3397 4272 3444 4314 et

1853 4349 2202 4421 pauper'sum
2233 4363 2252 4402 :
2283 4346 2534 4400 Dominus
2576 4363 2752 4400 curam
2801 4349 2998 4401 habebit
3040 4349 3155 4402 mei.
3199 4350 3348 4404 Jacta
3393 4355 3448 4409 in

1858 4441 2141 4496 Dominum
2181 4439 2364 4495 curam
2409 4447 2552 4493 tuam
2573 4481 2586 4503 ,
2618 4448 2672 4494 et
2700 4454 2856 4508 spera
2884 4441 2936 4494 in
2966 4457 3118 4506 eum,
3148 4450 3201 4496 et
3228 4443 3341 4512 ipse
3367 4443 3445 4497 la—

1852 4535 1959 4589 ciet
1989 4532 2162 4605 (Psal.
2206 4546 2312 4596 LI“,
2340 4529 2454 4600 23).
2480 4530 2617 4597 Quid
2647 4530 2740 4583 tibi
2768 4540 3049 4585 curaturus
3076 4532 3168 4586 es?
3195 4532 3319 4601 quid
3349 4535 3440 4590 tibi

1853 4624 2205 4696 provisuros?
2234 4622 2438 4677 Habeat
2460 4623 2533 4676 tui
2559 4637 2745 4677 curam
2770 4623 2859 4691 qui
2891 4622 3015 4678 fecit
3041 4632 3110 4677 te.
3135 4624 3235 4692 Qui
3259 4625 3444 4682 habuit

1851 4719 1927 4775 tui
1954 4733 2137 4774 curam
2160 4724 2444 4786 antequam
2469 4728 2637 4780 esses,
2672 4715 2941 4784 quomodo
2966 4731 3071 4770 non
3103 4715 3318 4773 habebit
3345 4735 3442 4775 cu-

1849 4827 1964 4866 ram
1993 4825 2114 4866 cum
2137 4811 2248 4880 jam
2281 4808 2384 4864 hoc
2408 4823 2469 4863 es
2492 4807 2635 4877 quod
2665 4808 2830 4862 voluit
2858 4817 2915 4862 ut
2939 4809 3127 4864 esses?
3150 4808 3266 4864 Jam
3294 4813 3440 4868 enim

1849 4904 2023 4959 ﬁdelis
2050 4919 2132 4970 es,
2152 4903 2264 4973 jam
2291 4901 2534 4957 ambulas
2559 4900 2611 4954 in
2642 4899 2724 4953 via
2741 4899 2981 4970 justitim.
3010 4901 3203 4957 Curam
3231 4902 3307 4958 tui
3330 4919 3438 4959 non

1848 4994 2104 5060 habebit,
2146 4995 2235 5065 qui
2267 4993 2391 5048 facit
2419 4991 2587 5046 solem
2629 5005 2784 5046 suum
2830 4991 2958 5047 oriri
3001 5006 3162 5062 super
3190 4995 3360 5051 bonos
3384 5005 3440 5052 et

1847 5088 2038 5150 malos,
2063 5096 2115 5139 et
2137 5085 2271 5156 pluit
2291 5097 2454 5152 super
2472 5081 2647 5153 jnstos
2667 5091 2722 5136 et
2745 5081 2972 5151 injustas
2993 5081 3205 5155 (Matth.
3231 5101 3286 5152 v,
3309 5086 3439 5159 45)?

1847 5187 1902 5234 te
1925 5177 2034 5248 jam
2058 5175 2260 5246 justum
2286 5189 2353 5228 ex
2381 5172 2485 5227 (ide
2509 5172 2772 5227 viventem
2805 5170 2980 5242 (Rom.
3007 5189 3044 5238 ι,
3069 5173 3159 5244 17)
3186 5173 3434 5259 negligat,

1833 5270 2080 5336 deseret,
2111 5264 2384 5322 dimittet?
2411 5265 2524 5320 [mo
2549 5278 2678 5319 vero
2702 5272 2757 5319 et
2784 5262 2872 5318 hic
2897 5263 3056 5330 fovet,
3091 5274 3145 5319 et
3171 5264 3260 5321 hic
3283 5265 3437 5338 adju-

1907 5486 2179 5554 tvlerique
2203 5481 2490 5554 Mss-Julia
2685 5543 2739 5554 ..
2801 5549 2812 5554 -
2989 5543 3002 5554 .
3063 5541 3112 5554 .-
3283 5541 3295 5553 .

1903 5552 1925 5584 '
1949 5541 2174 5613 Plerique
2189 5541 2428 5613 ussulsed
2452 5544 2502 5596 in
2524 5542 2627 5604 illo,
2651 5547 2698 5613 et
2719 5543 2776 5613 in
2795 5549 2839 5594 te
2853 5555 2930 5594 me
2948 5541 3227 5613 gloriﬁcare
3248 5541 3437 5613 rideret-

1844 5610 2068 5662 Konnulli
2092 5604 2108 5658 Ξ
2131 5610 2217 5670 sed
2258 5604 2333 5659 illi
2369 5607 2420 5670 in
2441 5613 2487 5670 te
2508 5619 2582 5655 me
2615 5604 2892 5670 glorificare
2913 5604 3152 5670 uidentur.
3180 5611 3299 5655 Item
3321 5607 3430 5669 qui-

1838 5673 1951 5740 dam
1978 5685 1991 5721 :
2017 5671 2103 5721 sed
2118 5672 2170 5721 in
2192 5669 2293 5728 illo,
2311 5668 2427 5740 quia
2442 5668 2498 5740 in
2518 5675 2565 5740 te
2586 5665 2893 5740 megloriari
2909 5665 3124 5740 uident."

1905 5737 1926 5768 ³
1949 5743 2068 5793 vox,
2093 5728 2456 5791 nteunuaberat
2486 5731 2550 5780 ab
2586 5728 2731 5778 editis
2754 5743 2768 5781 :
2803 5730 2896 5780 sed
2926 5730 2979 5779 in
3008 5728 3294 5781 meliorlbm
3323 5734 3440 5779 uss-

1839 5802 2020 5849 exstat.

1827 5921 1830 5923 _
1903 5857 1928 5892 δ
1951 5865 2133 5910 omne.
2151 5855 2260 5908 εει-ο
2280 5861 2407 5919 355.,
2431 5867 2614 5918 pauper
2633 5887 2649 5916 ,
2673 5850 2935 5904 mendum
2957 5857 3308 5919 anuejtmucm,
3332 5864 3432 5907 etc.
