3978 6328
302 426 408 481 453

301 539 390 610 qui
420 535 519 591 sibi
549 547 653 588 non
685 531 922 604 pepercit
951 528 1205 586 militibus
1229 529 1495 598 imperans
1519 543 1768 598 pugnam,
1791 524 1885 581 sed

303 629 451 697 prior
472 627 744 696 pugnavit,
770 623 916 693 priOr
944 621 1089 687 vicit,
1113 629 1170 676 ut
1197 629 1493 690 pugnantes
1522 616 1771 688 exemplo
1793 630 1892 668 suo

303 720 629 780 hortaretur,
647 725 701 770 et
716 715 992 784 majestate
1017 728 1109 766 sua
1135 712 1429 779 adjuvaret,
1451 719 1504 764 et
1533 707 1893 778 promiSsione

300 819 607 872 coronaret,
649 804 926 859 audiamus
975 803 1173 871 aliquid
1224 803 1274 856 in
1321 801 1427 854 isto
1470 798 1698 868 psalmo,
1748 796 1892 866 quod

301 899 569 969 pertineat
608 895 672 948 a'd
700 896 816 965 ejus
860 894 1184 964 passionem.
1213 889 1665 945 Conuneudamus
1714 897 1891 942 autem

300 990 517 1057 saepius,
564 1002 663 1040 nec
701 999 798 1039 nos
839 986 984 1054 piget
1032 984 1224 1037 iterare
1266 982 1409 1053 quod
1452 981 1606 1036 vobis
1649 979 1779 1034 utile
1808 987 1896 1034 est.

307 1080 568 1143 retinere,
600 1075 882 1130 Dominum
906 1084 1143 1129 nostrum
1166 1072 1346 1128 Jesnm
1364 1071 1635 1127 Christum
1655 1071 1891 1141 plerum-

302 1185 408 1238 que
431 1168 572 1237 lnqni
595 1182 660 1221 ex
683 1181 758 1229 se,
788 1166 837 1219 id
857 1172 937 1219 est
985 1180 1050 1218 cx
1081 1178 1307 1233 persona
1332 1178 1448 1225 sna,
1469 1161 1610 1231 quod
1633 1171 1714 1216 est
1735 1169 1893 1229 caput

303 1271 578 1322 nostrum;
614 1258 923 1327 plerumque
951 1270 1015 1310 ex
1052 1270 1277 1324 persona
1323 1255 1563 1323 corporis
1601 1253 1704 1319 sui,
1747 1253 1889 1323 quod

304 1366 491 1405 smnus
518 1366 615 1404 nos
653 1356 707 1402 et
736 1349 972 1402 Ecclesia
1014 1347 1162 1415 ejus;
1196 1345 1288 1399 sed
1318 1346 1388 1398 ita
1434 1344 1583 1414 quasi
1632 1359 1696 1398 ex
1733 1345 1890 1396 unius

305 1441 541 1494 hominis
568 1442 692 1494 ore‘
722 1453 914 1495 sonare
950 1438 1133 1491 verba.
1164 1443 1221 1489 ut
1267 1435 1624 1503 intelligamus
1652 1442 1811 1503 caput
1836 1441 1891 1488 et

306 1546 501 1601 rorpus
525 1532 577 1585 iu
611 1531 817 1585 unitate
852 1528 1172 1598 integritatis
1200 1526 1518 1586 consistere,
1545 1539 1641 1579 nec
1668 1538 1888 1592 separa-

305 1625 347 1677 ri
392 1624 459 1677 ab
490 1622 744 1684 invicem;
776 1628 1026 1689 tanquam
1074 1613 1376 1688 conjuginm
1410 1614 1558 1679 illud,
1584 1614 1652 1668 de
1677 1628 1783 1683 quo
1802 1611 1892 1667 di-

305 1726 446 1768 etum
497 1723 578 1769 est
612 1732 624 1768 :
657 1713 819 1767 Erunt
861 1712 964 1765 duo
1007 1709 1062 1763 in
1100 1726 1251 1763 carne
1288 1724 1390 1761 una
1425 1706 1573 1780 (Gen.
1615 1721 1673 1772 tt,
1718 1706 1811 1771 ‘24,
1842 1711 1900 1762 et

305 1805 496 1874 Ephes.
514 1820 568 1871 v,
598 1804 779 1876 5|).Si
807 1817 938 1871 ergo
976 1800 1313 1873 agnoscimus
1337 1798 1473 1853 duos
1496 1798 1549 1852 in
1571 1813 1733 1852 carne
1760 1813 1887 1863 una,

302 1913 655 1970 agnoscamus
681 1895 815 1950 duos
859 1895 914 1949 in
940 1908 1069 1948 voce
1123 1908 1248 1948 una.
1279 1892 1463 1947 Primo
1503 1891 1644 1961 quod
1692 1891 1888 1960 legenti

302 1989 688 2061 respondentes
702 1987 1368 2055 cantavimns,quanquam
1391 1983 1459 2038 de
1480 1982 1658 2038 medio
1677 1981 1890 2036 Psalmo

299 2085 392 2149 sit,
427 2081 548 2135 hinc
576 2089 752 2136 tamen
792 2077 1056 2134 sermonis
1082 2075 1340 2130 ducamus
1364 2073 1659 2128 exordium.
1687 2072 1891 2126 Inimici

300 2173 403 2226 mei
432 2173 670 2226 dixerunt
723 2170 861 2223 mala
894 2167 1020 2222 mihi
1049 2184 1064 2221 :
1094 2163 1312 2231 Quando
1347 2165 1610 2229 morietur,
1633 2172 1680 2216 et
1711 2163 1890 2233 peribit

301 2279 482 2319 nomen
532 2263 660 2331 ejus.
707 2260 941 2316 Persona
984 2265 1068 2314 est
1114 2257 1230 2312 luce
1283 2256 1487 2310 Domini
1546 2256 1711 2309 nostri
1761 2253 1889 2310 Jesu

297 2356 497 2411 Christi
518 2371 532 2408 :
551 2354 644 2408 sed
664 2351 859 2418 videte,
878 2351 922 2406 si
943 2365 1050 2405 non
1068 2348 1139 2404 ibi
1165 2348 1529 2416 intelliguntur
1553 2356 1604 2401 et
1625 2346 1883 2400 membra.

300 2449 510 2503 Dictum
557 2455 640 2502 est
666 2456 718 2500 ct
750 2444 870 2507 hoc,
895 2458 1029 2498 cum.
1059 2441 1172 2512 ipse
1218 2440 1472 2494 Dominus
1503 2449 1684 2492 noster
1714 2437 1799 2493 hic
1830 2437 1885 2492 in

297 2551 438 2595 terra
470 2542 524 2594 in
542 2555 702 2594 carne
744 2535 1060 2593 ambularet.
1090 2533 1222 2590 Cum
1266 2534 1408 2587 enim
1435 2531 1678 2586 viderent
1705 2531 1884 2585 multi-

297 2633 535 2688 tudinem
583 2630 730 2699 sequi
775 2628 1144 2682 auctoritatem
1190 2626 1327 2694 ejus,
1358 2635 1412 2679 et
1457 2624 1786 2678 divinitatem
1831 2634 1887 2680 et

295 2724 628 2792 majestatem
667 2718 940 2774 miraculis
982 2715 1421 2782 prtescntatam';
1449 2729 1567 2768 cum
1607 2713 1708 2768 hoc
1734 2713 1884 2769 vide-

300 2812 636 2879 renuntiari,
681 2810 750 2864 de
792 2809 984 2880 quibus
1026 2807 1140 2877 ipse
1185 2806 1440 2859 Dominus
1483 2804 1880 2859 similitudinem

294 2905 492 2978 posuit,
523 2905 644 2976 quia
666 2903 932 2964 dixerunt.
960 2899 1061 2954 Hic
1077 2909 1149 2954 est
1182 2899 1375 2962 haeres;
1405 2899 1562 2952 vsnite
1595 2897 1881 2953 aceidamus

293 3014 410 3051 eum
429 3037 443 3060 ,
467 3004 514 3050 et
540 3005 709 3049 nostra
727 2996 820 3048 erit
835 2991 1103 3045 hmreditas
1122 2987 1333 3062 (Matth.
1353 3005 1466 3054 im,
1489 2987 1602 3059 58),
1632 2990 1880 3044 dixerunt

292 3091 435 3162 apud
465 3089 805 3158 semetipsos,
838 3086 888 3140 id
915 3093 998 3140 est
1026 3085 1164 3139 inter
1187 3099 1265 3149 se,
1289 3083 1428 3139 unde
1454 3082 1721 3152 pontiﬁcis
1739 3083 1880 3137 illius

292 3185 509 3255 Caiphse
553 3198 653 3237 vox
680 3191 760 3236 est
793 3198 807 3235 ε
849 3179 1035 3232 Videtis
1063 3176 1199 3249 quod
1219 3175 1363 3229 turba
1390 3178 1547 3229 multa
1574 3191 1684 3229 eum
1715 3176 1881 3246 sequi-

292 3287 397 3338 tur,
426 3275 470 3328 e't
502 3272 744 3327 saeculum
787 3278 899 3339 post
936 3268 1084 3323 illum
1124 3267 1248 3322 abiit
1272 3283 1290 3320 :
1311 3268 1355 3322 si
1383 3267 1720 3321 dimiserimus
1767 3283 1879 3320 eum

289 3367 454 3419 vivere
477 3405 492 3431 ,
533 3363 726 3416 uenient
761 3359 1017 3425 Romani,
1060 3369 1106 3413 et
1148 3359 1325 3412 tollent
1363 3357 1504 3411 nobis
1540 3366 1586 3409 et
1626 3355 1787 3410 locum
1832 3367 1880 3412 et

295 3465 510 3529 gentem.
535 3453 751 3522 Expedit
775 3461 830 3504 ut
856 3466 990 3505 unus
1014 3449 1258 3502 moriatur
1274 3449 1444 3512 homo,
1466 3463 1615 3519 quam
1639 3457 1742 3500 tota
1757 3464 1880 3520 gens

293 3558 481 3619 pereat.
497 3543 832 3615 Evangeiista
845 3552 1022 3596 autem
1035 3541 1194 3595 verba
1211 3540 1493 3596 nescientis
1505 3540 1626 3609 quid
1651 3540 1873 3606 diceret,

289 3638 537 3708 exposuit
563 3635 736 3694 nobis.
769 3643 823 3689 et
850 3635 924 3686 ait
955 3651 968 3687 :
1003 3631 1114 3688 Hoc
1139 3641 1307 3686 autem
1335 3647 1434 3686 non
1464 3648 1495 3683 a
1522 3647 1576 3685 se
1604 3633 1769 3698 dixit;
1790 3633 1879 3688 sed

290 3747 405 3784 cum
444 3737 568 3782 esset
611 3727 838 3797 pontifex
887 3723 1202 3796 prophetavit
1235 3723 1355 3794 quia
1397 3723 1654 3794 Oportebat
1698 3723 1877 3778 Iesum

289 3819 420 3873 uteri
440 3833 530 3890 pro
551 3815 738 3886 papula
763 3824 809 3867 et
829 3825 974 3886 gente
1005 3812 1184 3881 (Joan.
1217 3829 1290 3878 ιιι,
1326 3811 1545 3884 ,47ε51).
1571 3814 1772 3870 Tamen
1802 3815 1878 3870 illi

286 3925 412 3964 cum
433 3909 666 3962 viderent
689 3905 936 3977 populum
952 3913 1071 3974 post
1092 3905 1236 3958 illum
1260 3905 1356 3970 ire,
1372 3904 1642 3970 dixerunt,
1664 3906 1880 3973 Quando

287 4000 551 4062 morietur,
569 4008 616 4050 et
628 3996 805 4066 peribit
834 4011 1013 4049 nomen
1028 3995 1233 4066 ejus:id
1259 4003 1359 4061 est,
1391 3997 1881 4053 eumocciderimus

289 4107 437 4153 eum,
457 4089 567 4159 jam
606 4102 799 4142 nomen
837 4087 956 4155 ejus
984 4101 1088 4140 non
1112 4086 1215 4142 erit
1241 4086 1294 4140 in
1322 4095 1487 4150 terra,
1524 4102 1624 4142 nec
1660 4088 1882 4146 seducet

290 4183 502 4252 aliquos
524 4189 765 4235 mortuus
783 4194 798 4245 ;
825 4179 918 4234 sed
939 4179 1050 4248 ipsa
1067 4179 1184 4250 ejus
1201 4178 1570 4236 interiectione
1585 4181 1882 4253 intelligent

291 4275 558 4339 homines,
586 4272 708 4342 quia
739 4271 1007 4325 hominem
1051 4270 1429 4341 sequebantur,
1460 4272 1582 4341 quia
1623 4288 1726 4326 non
1767 4284 1882 4330 erat

291 4369 344 4421 in
369 4381 437 4423 eo
453 4379 576 4436 spes
603 4364 820 4430 salutis;
845 4373 901 4421 et
919 4363 1165 4419 deserent
1181 4378 1372 4419 nomen
1391 4363 1526 4436 ejus,
1555 4374 1609 4420 et
1629 4382 1732 4420 non
1757 4369 1877 4425 erit.

289 4462 528 4517 Mortuus
541 4468 654 4528 est;
675 4470 729 4515 et
746 4475 849 4515 non
879 4460 1036 4530 periit
1058 4473 1252 4513 nomen
1277 4457 1414 4529 ejus,
1444 4459 1540 4514 sed
1561 4460 1879 4516 seniinatum

287 4567 368 4610 est
407 4569 600 4610 nomen
630 4553 748 4624 ejus
787 4539 1073 4614 :mortnus
1097 4561 1211 4608 est:
1243 4553 1339 4607 sed
1377 4567 1598 4623 granum
1625 4553 1737 4619 fuit,
1774 4569 1881 4626 quo

289 4648 611 4701 mortiilcato
638 4659 793 4715 seges
818 4644 1073 4700 continuo
1130 4653 1442 4714 exsurgeret
1479 4643 1499 4717 (
1533 4642 1616 4698 Id.
1645 4660 1738 4710 xu,
1761 4644 1877 4717 25).

287 4737 599 4795 Giiiriticatn
624 4753 765 4810 ergo.
792 4736 1017 4792 Domino
1057 4746 1243 4792 nostro
1268 4736 1397 4792 Jcsu
1428 4738 1670 4802 Christo,
1698 4753 1882 4811 ccepe-

289 4842 423 4888 rnnt
457 4832 625 4888 multo
666 4832 836 4904 magis
875 4831 1147 4903 multoque
1191 4831 1528 4886 numerosius
1566 4833 1792 4887 credere
1827 4833 1880 4888 in

291 4922 475 4990 illum;
505 4933 560 4978 et
587 4930 865 4994 coeperunt
907 4921 1148 4977 membra
1185 4920 1302 4992 ejus
1341 4921 1526 4976 audire
1555 4919 1694 4993 quod
1723 4932 1884 4994 caput
1967 4943 1971 4948 ·

286 5013 558 5070 audiebat.
597 5013 714 5069 Jam
757 5027 884 5084 ergo
930 5012 1160 5068 Domino
1199 5022 1383 5066 nostro
1418 5009 1546 5067 Jesu
1584 5012 1796 5068 Christo
1830 5014 1882 5069 in

286 5106 430 5161 malo
457 5105 866 5174 constituto,.et
899 5104 1015 5173 ipso
1045 5104 1096 5158 in
1137 5102 1292 5158 nobis
1320 5103 1373 5157 in
1402 5112 1542 5158 terra
1572 5103 1846 5160 laborante
1867 5145 1882 5168 ,

288 5196 540 5252 dixerunt
565 5193 739 5250 adhuc
768 5193 965 5248 inimici
995 5194 1111 5264 ejus
1138 5210 1152 5246 :
1184 5192 1402 5267 Quando
1431 5195 1690 5258 morietur,
1709 5203 1754 5249 et
1771 5212 1887 5267 per-

283 5288 378 5342 ibit
429 5302 611 5340 nomen
640 5285 772 5353 eius.
800 5283 934 5340 Hinc
958 5285 1101 5339 enim
1133 5264 1532 5353 persecutiones
1558 5264 1802 5341 diabolus
1830 5285 1882 5342 in

291 5376 532 5433 Ecclesia
553 5377 838 5432 concitavit
859 5375 924 5430 ad
952 5375 1283 5446 perdendum
1310 5388 1505 5442 nomen
1528 5374 1746 5431 Christi.
1773 5376 1884 5431 Nisi

288 5469 431 5527 forte
457 5454 688 5539 putatis,
710 5467 904 5523 fratres
924 5467 1089 5541 ,quia
1118 5466 1189 5520 illi
1221 5466 1416 5536 Pagani
1445 5466 1661 5537 quando
1688 5467 1882 5524 stevie-

287 5566 418 5620 hant
461 5563 516 5619 in
555 5561 924 5622 Christianos.
954 5575 1061 5615 non
1103 5560 1203 5615 hoc
1246 5560 1346 5615 sibi
1386 5559 1669 5628 dicebant,
1700 5559 1882 5617 delere

289 5739 371 5847 ωε
399 5734 448 5784 lu
475 5743 577 5784 Mss.
603 5736 748 5784 deest
770 5747 862 5785 vox
905 5746 990 5784 ore
1019 5746 1036 5784 :
1062 5741 1116 5784 ut
1143 5735 1257 5799 ejus
1277 5731 1384 5785 loco
1401 5733 1744 5799 subaudiatur,
1773 5749 1882 5801 per-

357 5811 421 5845 ιιι.

357 5811 421 5845 ιιι.

362 5879 373 5895 ι
396 5866 491 5909 sex
513 5863 641 5919 Mss,
663 5854 1045 5922 prmfutgentem.

1404 414 1794 472 ENARRATIO
1833 410 1897 467 lN
1936 405 2260 475 essenon
2293 400 2403 469 XL.

3488 414 3595 480 454

2005 525 2198 583 nomen
2223 527 2420 582 Christi
2441 527 2508 584 de
2529 536 2693 584 terra.
2719 527 2788 586 Ut
2809 530 3324 588 moreretur'iterum
3348 531 3595 589 Christus

2000 631 2106 672 non
2136 620 2187 673 in
2217 621 2408 689 capite,
2438 610 2531 674 sed
2557 620 2610 674 in
2635 620 2860 690 cerpore
2884 635 3002 688 suo,
3031 623 3191 677 occisi
3217 631 3348 678 sunt
3365 633 3421 679 et-
3449 639 3589 678 maru

2003 719 2165 780 tyres.
2217 709 2293 763 Ad
2339 709 2793 778 multiplicandam
2839 710 3129 766 Ecclesium
3169 712 3334 767 valuit
3375 725 3591 768 sanctus

1999 801 2213 868 sanguis
2251 798 2484 863 eil‘usns,
2517 798 2856 854 seminationi
2879 801 2896 831 '
2934 802 3158 856 accessit
3188 810 3242 855 et
3276 818 3420 857 mors
3448 820 3592 858 mar-

2002 901 2195 961 tyrum.
2229 891 2465 945 Pretiosa
2500 891 2550 945 in
2585 899 2875 960 conspectu
2909 892 3115 946 Domini
3147 908 3294 948 mors
3323 894 3590 962 justorum

1998 983 2112 1052 ejus
2144 982 2322 1051 (Psal.
2357 999 2479 1048 cxv,
2512 982 2637 1055 15).
2679 982 3010 1053 Multiplieati
3041 994 3165 1038 sunt
3194 986 3362 1056 magis
3392 987 3591 1057 magis-

1997 1088 2099 1142 que
2129 1071 2454 1136 Christiani,
2485 1083 2537 1127 et
2576 1088 2681 1127 non
2723 1079 2807 1128 est
2846 1073 3123 1142 impletum
3162 1076 3302 1146 quod
3345 1076 3589 1133 dixerunt

1997 1163 2216 1230 inimici,
2248 1165 2462 1231 Quando
2486 1166 2749 1233 morietur,
2771 1178 2816 1221 et
2842 1166 3020 1238 peribit
3041 1183 3223 1223 nomen
3244 1168 3372 1239 ejus.
3405 1169 3591 1223 Adhui:

1995 1265 2048 1309 et
2092 1257 2251 1311 modo
2291 1258 2504 1312 dicitur.
2545 1257 2749 1315 Sedent.
2787 1260 3016 1332 t’agani,
3050 1270 3104 1315 et
3142 1270 3451 1330 computant
3487 1262 3588 1316 sibi

1995 1361 2184 1410 annos,
2215 1348 2293 1418 (α)
2321 1347 2540 1404 audiunt
2568 1347 2830 1405 fanaticos
2855 1366 2983 1406 suos
3004 1350 3261 1419 dicentes,
3290 1352 3585 1423 Aliquando

1994 1434 2279 1491 Christiani
2314 1455 2418 1492 non
2445 1447 2621 1506 erunt,
2649 1450 2703 1494 et
2731 1439 2870 1494 idola
2901 1441 2989 1494 illa
3018 1441 3122 1495 coli
3153 1440 3369 1502 habent.
3402 1457 3585 1512 quem-

1995 1528 2280 1584 admodum
2327 1543 2478 1586 antea
2525 1533 2865 1600 colebantur,
2906 1533 3080 1589 adhuc
3119 1536 3332 1602 dicunt,
3368 1533 3581 1601 Quando

1994 1622 2249 1688 morietur,
2280 1631 2326 1675 et
2354 1624 2532 1691 peribit
2561 1642 2743 1680 nomen
2769 1627 2897 1698 ejus.
2923 1626 3012 1680 Bis
3038 1627 3184 1693 victi,
3210 1627 3292 1683 vel
3319 1629 3476 1683 tertio
3501 1643 3586 1681 sa-

1994 1712 2101 1781 pite
2130 1730 2144 1766 :
2174 1725 2415 1769 mortuus
2441 1724 2523 1770 est
2552 1716 2817 1777 Christus.
2851 1733 2956 1772 non
2989 1717 3179 1787 peribit
3207 1733 3399 1772 nomen
3431 1718 3579 1788 ejus;

1996 1804 2189 1856 mortui
2231 1813 2354 1858 sunt
2388 1814 2680 1878 martyres,
2711 1808 3052 1878 multiplicata
3080 1817 3164 1864 est
3194 1809 3363 1879 magis
3400 1810 3584 1864 Eccle-

1995 1891 2069 1946 sia
2091 1935 2106 1960 ,
2143 1899 2336 1950 crescit
2371 1913 2465 1966 per
2489 1913 2678 1954 omnes
2705 1909 2890 1968 gentes
2920 1914 3113 1955 nomen
3141 1899 3356 1955 Christi.
3386 1900 3486 1970 Qui
3516 1901 3585 1957 de

1995 1994 2168 2040 morte
2197 2002 2288 2039 sua
2320 1997 2373 2042 et
2400 1987 2468 2044 de
2507 1988 2900 2045 resurrectione
2937 2005 3032 2044 sua
3074 1991 3358 2060 praedixit,
3394 2007 3482 2061 qut
3516 1990 3583 2047 de

1995 2077 2255 2132 mortibus
2294 2079 2582 2150 Martyrum
2615 2096 2837 2136 suorum
2872 2089 2926 2138 et
2966 2080 3034 2137 de
3069 2095 3268 2138 corona
3303 2083 3581 2153 praedixit.

1995 2168 2109 2238 ipse
2145 2179 2197 2224 et
2237 2171 2303 2226 de
2343 2172 2580 2228 Ecclesia
2625 2189 2720 2228 sua
2763 2171 2937 2228 futura
2987 2172 3237 2242 praedixit
3269 2191 3282 2226 :
3315 2175 3357 2228 si
3397 2189 3582 2230 verum

1993 2258 2126 2314 dixit
2165 2260 2245 2315 bis
2265 2304 2279 2325 ,
2309 2264 2468 2317 tertio
2506 2264 2759 2318 mentitus
2793 2263 3141 2319 estiVanum
3168 2272 3252 2319 εει
3284 2280 3412 2336 ergo
3440 2267 3582 2337 quod

1993 2351 2211 2406 creditis
2233 2364 2417 2407 contra
2447 2354 2593 2408 illum
2617 2371 2631 2419 ;
2666 2355 2857 2409 melius
2881 2363 2965 2410 est
2989 2365 3044 2408 ut
3068 2355 3300 2411 credatis
3331 2358 3383 2410 in
3410 2357 3580 2422 illum,

1994 2451 2052 2494 ut.
2074 2441 2363 2513 intelligetis
2382 2461 2535 2513 super
2557 2461 2767 2514 egenum
2789 2456 2835 2499 et
2856 2461 3164 2516 pauperem;
3183 2446 3432 2517 quoniam
3453 2465 3585 2518 pau-

1991 2551 2082 2605 per
2104 2540 2269 2607 [actus
2296 2546 2404 2603 est,
2428 2553 2544 2592 cum
2569 2538 2706 2592 dives
2733 2547 2892 2603 esset,
2920 2549 2974 2591 ut
3003 2538 3161 2607 ipsius
3179 2579 3195 2604 ,
3224 2538 3422 2608 inquit,
3452 2556 3582 2610 pau-

1990 2636 2182 2697 pertate
2201 2643 2286 2680 vos
2311 2629 2597 2682 ditaremini
2619 2628 2685 2700 (ll
2712 2627 2830 2683 Cor.
2853 2645 2966 2692 vui,
2989 2629 3069 2700 9).
3093 2628 3244 2685 Nunc
3262 2640 3438 2686 autem
3460 2631 3582 2700 quia

1989 2732 2192 2788 pauper
2217 2717 2388 2773 factus
2409 2729 2511 2783 est,
2535 2720 2918 2787 contemnitur,
2939 2729 2995 2776 et
3018 2719 3239 2776 dicitur:
3257 2722 3426 2776 liomo
3444 2732 3580 2778 erat.

1986 2809 2121 2877 Quid
2152 2812 2302 2866 erat?
2334 2810 2571 2867 Mortuus
2596 2819 2706 2879 est,
2735 2811 3025 2867 cruciﬁxus
3050 2821 3167 2873 est;
3197 2811 3466 2868 hominem
3493 2828 3581 2867 eo.

1985 2900 2128 2967 litis,
2162 2901 2214 2955 in
2251 2900 2520 2957 hominem
2561 2917 2711 2972 spem
2749 2900 2981 2968 habetis,
3015 2909 3284 2956 mortuum
3323 2902 3580 2959 adoratis.

1987 2992 2231 3049 Falleris.
2266 2993 2502 3064 intellige
2541 3009 2702 3064 super
2728 3008 2955 3064 egenum
2984 3003 3039 3050 et
3078 3008 3400 3064 pauperem,
3432 3003 3487 3048 ut
3516 2995 3583 3049 ii-

1986 3083 2087 3139 Iius
2133 3094 2444 3155 paupertate
2483 3084 2634 3139 dives
2676 3083 2944 3139 el‘llciaris.
2996 3085 3131 3152 Quid
3180 3093 3296 3147 est.
3343 3083 3584 3157 Intelligo

1984 3190 2146 3246 super
2171 3193 2395 3247 egenum
2424 3183 2480 3231 et
2509 3178 2834 3246 pauperem?
2858 3174 2929 3232 Ut
2957 3175 3128 3246 ipsum
3153 3176 3422 3233 Christum
3453 3193 3549 3248 ege

1984 3282 2111 3320 num
2140 3275 2192 3322 et
2225 3282 2510 3338 pauperem
2537 3266 2788 3339 accipias,
2819 3265 3084 3322 dicentem
3116 3267 3168 3321 in
3195 3268 3300 3322 alio
3328 3269 3533 3339 psalmo
3559 3291 3579 3329 :

1984 3355 2098 3426 Ego
2123 3366 2292 3410 autem
2321 3373 2505 3428 egenus
2531 3366 2578 3412 et
2608 3372 2802 3428 pauper
2833 3372 2974 3422 sum,
3010 3355 3254 3411 Dominus
3281 3373 3456 3411 curam
3480 3359 3577 3413 ha.

1982 3446 2062 3502 bet
2088 3447 2182 3504 mei
2214 3446 2384 3520 (Psal.
2423 3463 2628 3515 χχιιι,
2669 3447 2782 3518 18).
2813 3445 2950 3515 Quid
2971 3457 3053 3502 est
3082 3447 3376 3519 intelligere
3416 3465 3589 3521 super

1983 3553 2209 3609 egenum
2235 3549 2287 3593 et
2313 3537 2639 3609 pauperem?
2659 3536 2792 3608 Quia
2812 3538 3130 3609 semetipsum
3152 3539 3446 3609 exinanivit,
3473 3545 3581 3612 for-

1983 3645 2120 3684 mam
2147 3630 2275 3683 servi
2301 3629 2570 3700 accipiens,
2601 3629 2655 3682 in
2680 3628 3011 3682 similitudine
3037 3629 3295 3682 hominum
3323 3633 3506 3701 factus,
3533 3639 3580 3686 et

1985 3719 2156 3774 habitu
2183 3721 2410 3774 inventus
2436 3729 2488 3774 ut
2517 3719 2667 3774 homo
2691 3717 2914 3792 (Philip.
2944 3735 2996 3784 It,
3023 3720 3082 3790 7)
3105 3736 3120 3773 :
3141 3721 3292 3774 dives
3316 3722 3454 3792 apud
3479 3721 3583 3777 Pa-

1968 3819 2151 3878 trem,
2179 3818 2236 3865 et
2273 3825 2472 3883 pauper
2499 3809 2640 3883 apud
2669 3827 2797 3879 nos;
2825 3812 2974 3868 dives
3003 3811 3056 3867 in
3083 3811 3219 3868 caelo
3238 3852 3255 3881 ,
3292 3828 3495 3885 pauper
3523 3816 3578 3871 in
3665 3885 3669 3889 Δ

1985 3910 2162 3969 terra;
2193 3901 2342 3959 dives
2373 3903 2536 3972 Deus,
2564 3915 2765 3974 pauper
2795 3903 2973 3957 homo.
3005 3901 3119 3958 Hoc
3147 3909 3199 3957 te
3227 3918 3353 3974 ergo
3381 3905 3576 3969 turbat,

1984 3994 2124 4065 quod
2170 3995 2442 4068 hominem
2484 3994 2666 4062 vides,
2706 3994 2846 4066 quod
2884 4009 3100 4049 carnem
3142 3996 3395 4064 intueris,
3436 3999 3578 4068 quod

1984 4094 2210 4140 mortem
2235 4063 2478 4157 respicis,
2504 4086 2645 4157 quod
2671 4063 2882 4142 crucem
2913 4085 3142 4141 irrides"
3167 4088 3267 4142 hoc
3294 4095 3344 4143 te
3369 4063 3582 4144 turbati.

1985 4175 2226 4248 intellige
2265 4193 2425 4248 super
2461 4193 2688 4247 egenum
2724 4187 2776 4232 et
2817 4184 3125 4248 pauperem.
3164 4177 3299 4248 Quid
3328 4187 3412 4234 est
3438 4178 3581 4236 hoc?

1986 4269 2250 4341 lntellige,
2273 4271 2392 4339 quia
2420 4269 2506 4324 ubi
2537 4269 2628 4323 tibi
2654 4270 2892 4338 exposita
2919 4276 3002 4322 est
3026 4267 3326 4336 inﬁrmitas,
3352 4269 3426 4326 ibi
3451 4271 3582 4328 latet

1983 4362 2254 4418 divinitas.
2289 4361 2463 4427 Dives,
2495 4361 2615 4431 quia
2647 4361 2725 4416 sic
2749 4368 2862 4427 est;
2889 4373 3110 4430 panper,
3137 4361 3260 4431 quia
3280 4359 3391 4432 jam
3417 4369 3476 4417 tu
3501 4363 3580 4418 sic

1985 4468 2126 4509 eras.
2150 4452 2255 4510 Sed
2278 4462 2451 4508 tamen
2475 4461 2761 4523 paupertas
2779 4451 2965 4522 ipsius,
2983 4450 3181 4508 divitiae
3203 4461 3402 4508 nostra:
3419 4465 3537 4511 sunt
3566 4470 3585 4507 :

1986 4547 2253 4618 quomodo
2282 4545 2566 4600 infirmitas
2606 4544 2771 4617 ipsius
2807 4543 3062 4599 fortitudo
3090 4553 3274 4600 nostra
3300 4555 3414 4612 est;
3441 4562 3584 4618 quo-

1987 4639 2149 4694 modo
2190 4639 2410 4694 stultum
2455 4636 2625 4709 ipsius
2659 4636 2915 4707 sapientia
2953 4644 3132 4692 nostra
3167 4645 3280 4702 est;
3312 4636 3585 4705 quomodo

1987 4732 2282 4788 mortalitas
2319 4730 2518 4803 ipsius,
2563 4728 2934 4784 immortalitas
2975 4736 3156 4784 nostra
3190 4737 3272 4783 est
3295 4727 3348 4801 (l
3377 4726 3493 4782 Cor.
3525 4745 3578 4795 l-,

1987 4825 2098 4894 30).
2129 4823 2265 4892 Quid
2296 4823 2363 4877 sit
2403 4837 2622 4893 pauper,
2654 4819 2872 4876 attende
2902 4836 2917 4874 :
2951 4833 3055 4874 non
3084 4834 3205 4875 eum
3241 4833 3308 4874 ex
3348 4817 3576 4874 aliorum

2053 4937 2070 4970 ι
2095 4936 2168 4985 sic
2215 4942 2320 4984 Mss.
2367 4941 2424 4985 At
2467 4932 2600 4996 add,
2648 4933 2828 4997 emtsus
2885 4927 3193 4983 seminatioue
3237 4942 3255 4981 :
3305 4929 3503 4983 accessit
3533 4938 3580 4982 et

1988 5010 2135 5130 ’θ’ίῗξῗῖ
2158 5005 2314 5108 sagum
2337 5057 2568 5130 viderent
2588 5072 2610 5100 ιι
2641 5056 2831 5118 Pagani,
2859 5055 3017 5118 inquit
3030 5053 3325 5114 Augustinus
3339 5056 3389 5128 in
3408 5053 3495 5125 lib.
3524 5055 3582 5105 18

1988 5119 2053 5170 de
2076 5123 2272 5170 civitate
2297 5127 2402 5170 Dei.
2425 5131 2470 5169 c.
2494 5119 2577 5170 53.
2597 5137 2620 5164 ι
2637 5131 2732 5168 nec
2753 5123 2823 5167 tot
2847 5119 3091 5170 tantisque
3108 5117 3528 5170 persecutzoeibus
3557 5134 3577 5156 ι

1990 5129 2053 5170 de
2076 5129 2272 5170 civitate
2297 5129 2380 5169 Dei
2425 5131 2470 5169 c.
2494 5129 2577 5177 ac,
2597 5137 2620 5164 ι
2637 5131 2732 5168 nee
2753 5129 2823 5167 tot
2847 5129 3091 5182 tantisque
3108 5129 3528 5179 persecutionmus
3557 5134 3576 5156 ι

1990 5183 2296 5250 Christianam
2317 5154 2610 5242 religionem
2641 5179 2903 5250 «potuisse
2937 5179 3176 5250 cotisumi.
3203 5176 3292 5250 sed
3321 5176 3398 5250 bis
3421 5177 3576 5250 potius

1999 5262 2022 5290 ιι
2044 5246 2161 5292 mira
2186 5239 2489 5292 incrementa
2511 5239 2794 5304 sumpsisse,
2821 5239 3225 5304 echgitavernnt
3245 5239 3431 5304 nescio
3462 5249 3591 5298 quos

1999 5324 2022 5351 ι
2043 5317 2444 5367 versusgmoos,
2464 5299 2713 5367 tanquam
2737 5299 3011 5367 consulenti
3050 5300 3258 5367 cuidam,
3289 5299 3454 5367 αἱ)μο
3477 5309 3583 5350 ora-

1999 5385 2022 5419 ι
2044 5368 2154 5417 culo
2173 5360 2372 5420 etl‘usos,
2391 5360 2537 5414 ubi...
2565 5360 2758 5414 P'etrum
2794 5360 3043 5412 maleﬁciis
3077 5360 3254 5412 fecisse
3277 5362 3580 5425 Subiunth

1999 5446 2021 5473 ι
2044 5436 2100 5476 ιιι
2119 5427 2368 5478 coleretur
2389 5427 2558 5490 Christi
2577 5438 2755 5490 nomen
2780 5437 2868 5486 per
2892 5432 3142 5474 trecentos
3163 5425 3419 5490 sexaginta
3440 5426 3581 5486 quin-

1999 5508 2022 5534 ιι
2041 5503 2142 5599 que
2164 5502 2331 5549 annos,
2354 5487 2534 5538 deinde
2565 5486 2810 5550 completo
2829 5493 3096 5536 memorato
3118 5486 3329 5534 numero
3345 5497 3584 5557 annorum

1999 5567 2021 5596 ιι
2043 5566 2065 5600 ε
2088 5563 2152 5600 ne
2192 5563 2323 5600 mora
2355 5557 2577 5600 sumeret
2617 5547 2784 5598 linem.
2822 5563 2844 5592 ι
2876 5553 3050 5596 verum
3075 5555 3202 5598 anno
3221 5546 3394 5597 chi-isti
3415 5546 3509 5598 399
3527 5560 3580 5596 ιη

1999 5567 2021 5596 α
2043 5567 2152 5601 sine
2192 5567 2323 5600 mora
2355 5567 2577 5600 sumeret
2618 5567 2784 5598 liuent.
2822 5567 2844 5592 ι
2881 5567 3050 5596 \cruul
3075 5567 3202 5611 anno
3221 5567 3394 5597 uu'lsu
3415 5567 3509 5598 0w
3527 5567 3578 5596 111

1991 5625 2090 5675 quo
2123 5612 2380 5676 praedictus
2401 5623 2635 5676 annorum
2676 5621 2926 5676 numerus,
2957 5608 2995 5657 si
3021 5621 3050 5656 a
3073 5610 3200 5659 Petri
3227 5609 3273 5656 in
3293 5609 3375 5676 die
3398 5616 3578 5676 Pente-

2178 5674 2519 5746 igreduaiione
2540 5670 3126 5746 εοεηρυιξιιιτιηιιφδμηρτς
3141 5669 3430 5746 stemus
3454 5669 3581 5719 »σευ

1986 5748 2084 5784 non
2108 5730 2291 5784 defecit
2311 5734 2470 5782 cultus
2492 5730 2699 5783 nominis
2719 5732 2909 5791 Christi,
2940 5738 2992 5779 ut
3014 5730 3141 5794 inde
3175 5730 3580 5794 maxime,ever-

1989 5809 2075 5864 ξιξ,
2096 5810 2207 5864 qua:
2241 5797 2431 5858 reliqua
2455 5803 2620 5864 erant,
2651 5791 3150 5864 deorumtempliset
3183 5790 3351 5864 fractis
3383 5790 3579 5845 Simula-

1990 5860 2086 5907 cris
2113 5856 2412 5912 increverit.
2442 5875 2503 5908 es
2531 5857 2641 5908 cod.
2662 5856 2746 5908 lib.
2771 5857 2834 5905 de
2861 5856 2991 5905 civit.
3017 5856 3117 5921 Dei,
3145 5868 3189 5907 ς.
3234 5859 3315 5910 5i.
