1989 3161
213 180 264 209 ιεε

212 239 365 272 paupertate
381 233 509 261 metiaris.
524 231 637 267 lmplere
647 231 718 259 venit
735 237 874 266 pauperes,
887 228 930 264 qui
944 235 1010 263 pau-

211 291 260 319 per
271 282 383 310 etl'ectus
396 285 447 309 est.
462 280 609 315 Propterea
624 278 697 313 aperi
713 278 800 304 sinum
816 275 891 308 ﬁdei;
906 274 1014 309 suscipe

212 335 356 364 pauperem
367 328 389 361 ι,
402 334 436 354 ne
448 333 551 361 [nuper
563 330 715 351 remaneas.
964 335 966 337 -

246 374 273 401 2.
287 373 363 409 [τετε.
377 371 418 408 2.]
430 371 525 398 Beatus
537 370 580 405 qui
589 368 706 404 intelligit
718 375 793 402 super
803 374 907 402 egenum
917 369 940 392 et
950 372 1014 399 part-

213 428 306 456 perem,
318 420 345 446 in
358 419 399 445 die
410 418 479 445 mala
492 415 606 444 liberabit
619 414 823 443 euntDomintts.
835 412 931 441 Veniet
941 411 1013 439 enim

214 467 271 494 dies
291 466 359 493 mala
374 474 382 493 :
397 465 464 492 velis
489 464 576 496 nolis,
595 463 699 494 veniet;
725 461 783 488 dies
800 459 892 495 iudicii
909 458 1012 490 aderit,

214 513 284 540 mala
297 512 365 544 dies,
379 511 467 538 sinon
480 508 643 537 intellexeris
655 514 737 542 super
748 513 861 541 egenum
875 509 902 533 et
915 511 1015 540 paupe-

214 567 282 586 rem.
296 557 372 592 Quod
385 557 457 585 enim
477 555 558 583 modo
576 562 630 581 non
643 553 684 581 vis
698 552 809 580 credere
819 556 831 585 ,'
842 551 1013 578 manifestum

214 605 265 632 erit
278 604 304 631 in
321 600 383 630 ﬁne.
402 602 454 630 Sed
471 609 523 629 non
538 600 622 635 fugies
634 620 641 631 ,
654 606 714 626 cum
731 597 811 625 fuerit
825 595 1012 628 manifestum,

214 651 338 687 quianon
358 649 445 677 credis
463 656 524 676 cttm
543 652 584 675 est
602 646 747 674 occultum.
763 644 888 672 Invitat-is
901 648 929 670 ut
942 642 1013 678 quod

214 706 267 724 non
283 696 357 723 vides
370 694 475 727 credas,
491 702 525 720 ne
539 701 598 720 cum
613 691 711 719 videris
726 690 878 718 erubescas.
892 689 1014 724 lntellige

213 751 277 779 ergo
290 750 370 777 super
384 749 497 777 egenum
511 745 539 768 et
552 746 710 774 pauperem,
726 737 752 764 id
767 742 826 769 est,
843 743 924 771 super
935 735 1013 763 Chri-

214 795 299 822 stum;
312 788 428 822 intellige
439 787 466 813 in
477 793 509 813 eo
520 785 638 812 occultas
648 783 763 814 divitias,
776 789 854 817 quem
868 787 1012 816 pauperem

215 833 299 861 vides.
320 832 348 860 In
367 840 401 860 eo
418 836 481 859 sunt
499 830 570 858 enim
590 836 684 857 omnes
701 828 819 855 thesauri
835 826 973 861 sapientire
987 829 1014 853 et

215 878 333 907 scientia:
346 876 494 906 absconditi
510 875 618 912 (Colon.
634 883 663 906 ιι.
677 875 717 910 5).
729 873 797 901 llinc
808 872 879 901 enim
893 877 918 899 te
931 871 957 899 in
971 871 1014 899 die

216 925 287 953 mala
307 923 446 957 liberabit,
468 931 500 951 ex
519 930 552 949 eo
570 921 640 957 quod
661 921 731 948 Deus
749 924 790 947 est
804 928 811 946 :
826 926 861 946 ex
878 926 911 946 eo
925 923 1013 946 autem

216 970 286 1006 quod
307 969 388 997 homo
405 973 463 1000 est,
481 972 507 996 et
524 967 589 995 illud
603 966 673 1002 quod
693 966 719 992 in
735 965 780 992 illo
798 964 942 991 humanum
957 967 1016 991 erat

216 1015 395 1048 resuscitavit,
409 1019 436 1042 et
448 1014 474 1041 in
487 1013 583 1041 melius
597 1012 739 1045 convertit,
754 1012 779 1038 in
794 1011 890 1039 calum
907 1010 1013 1037 levavit.

216 1060 262 1090 ille
281 1066 369 1089 autem
383 1060 428 1096 qui
443 1060 513 1087 Deus
526 1062 582 1092 est,
596 1057 643 1094 qui
660 1065 739 1085 unatn
759 1063 901 1092 personam
915 1055 1015 1083 habere

216 1106 244 1136 in
259 1108 368 1136 homine
380 1111 408 1135 et
421 1107 482 1134 'cum
501 1105 609 1133 homine
621 1103 718 1135 voluit,
734 1110 784 1130 nec
796 1102 952 1129 decrescere
965 1109 1015 1128 nec

215 1161 339 1183 crescere
358 1153 453 1188 potuit,
469 1150 519 1179 nec
532 1150 599 1178 mori
614 1157 665 1177 nec
680 1155 829 1183 resurgere.
844 1147 961 1175 Mortuus
974 1151 1015 1174 est

215 1209 249 1228 ex
270 1199 423 1227 inﬁrmitate
440 1197 571 1230 hominis,
588 1201 714 1223 ctcterum
731 1194 801 1221 Deus
819 1201 872 1220 non
891 1192 1013 1220 moritur.

216 1248 281 1276 Nam
303 1246 374 1283 quod
394 1245 512 1274 Verbum
533 1245 579 1272 Dei
603 1251 656 1271 non
680 1243 809 1276 moritur,
833 1250 867 1270 ne
889 1241 1012 1274 mireris,

216 1294 323 1331 quando
346 1301 400 1320 non
425 1292 537 1319 moritur
557 1291 651 1318 anima
668 1289 695 1317 in
718 1294 844 1325 martyre.
866 1287 944 1316 Modo
961 1295 1013 1315 non

216 1339 389 1368 audiebamus
402 1338 487 1373 ipsum
502 1336 643 1364 Dominum
657 1335 789 1363 dicentem
804 1343 811 1360 :
827 1333 914 1361 Nolite
928 1333 1014 1361 timere

216 1395 258 1415 eos
270 1387 315 1422 qui
325 1393 417 1417 corpus
431 1383 558 1415 occidunt,
573 1382 684 1408 animant
699 1386 782 1407 autent
795 1389 845 1407 non
858 1384 963 1415 possunt
972 1388 1015 1407 oc-

215 1433 299 1460 cidere
313 1430 424 1468 (Matth.
440 1437 467 1461 ι,
482 1428 532 1464 ‘28)
542 1428 555 1455 ‘l
569 1428 637 1463 Ergo
657 1425 833 1454 morientibus
852 1424 1015 1461 martyribus

216 1478 313 1505 auium
340 1476 483 1512 Martyrum
510 1477 621 1501 mortua:
648 1474 806 1503 non.sunt,
833 1475 861 1498 et
883 1470 1015 1499 moriente

215 1524 322 1552 Christo
338 1521 494 1549 moriturum
510 1523 569 1547 erat
579 1518 715 1546 Verbum?
728 1517 823 1553 Utique
840 1517 952 1545 \‘crbum
967 1517 1014 1544 Dei

216 1569 301 1597 multo
315 1566 429 1602 amplius
442 1569 483 1593 est
497 1572 578 1600 quam
591 1563 679 1592 anima
699 1562 814 1590 hominis
829 1572 836 1590 :
850 1562 910 1598 quia
926 1561 1013 1589 anima

216 1614 332 1643 hominis
342 1614 410 1640 facta
420 1617 460 1640 est
470 1619 485 1639 a
496 1611 568 1644 Deo;
580 1614 607 1637 et
619 1610 641 1637 si
655 1609 721 1637 facta
734 1615 774 1637 est
785 1617 799 1636 a
811 1609 877 1642 Deo,
890 1617 937 1643 per
947 1609 1014 1636 Ver-

215 1661 280 1689 bum
292 1659 359 1687 facta
371 1663 411 1686 cst
422 1657 499 1693 :quia
510 1656 599 1683 omnia
612 1663 661 1690 per
672 1654 758 1689 ipsum
770 1654 839 1681 facta
849 1658 914 1682 sunt
923 1653 1012 1689 (Joan.

215 1714 235 1738 I,
250 1705 294 1741 5).
309 1704 379 1739 Ergo
398 1710 448 1730 nec
464 1701 578 1729 moritur
592 1700 727 1733 Verbum,
742 1707 803 1727 curn
819 1707 872 1727 non
885 1700 1015 1727 moriatur

216 1753 304 1781 anima
314 1751 381 1779 facta
395 1758 443 1784 per
453 1748 582 1777 Verbum.
596 1747 649 1775 Sed
660 1746 795 1782 quomodo
807 1751 879 1774 recte
890 1745 1012 1778 dicimus,

215 1798 334 1826 Mortuus
347 1801 388 1824 est
401 1796 481 1823 homo
490 1814 498 1828 ,
513 1793 563 1821 etsi
576 1792 664 1820 anima
675 1793 687 1808 ³
701 1791 786 1827 ipsius
798 1798 850 1818 non
867 1791 1012 1823 moriatur;

216 1844 256 1872 sic
268 1846 340 1870 recte
352 1841 477 1873 dicimus,
489 1839 613 1866 Mortuus
623 1841 665 1864 est
677 1836 809 1870 Christus,
825 1836 875 1863 etsi
889 1835 1014 1863 divinitas

216 1889 275 1923 ejus
286 1894 338 1914 non
349 1885 487 1913 moriatur.
499 1883 619 1911 Mortuus
630 1881 721 1909 unde?
731 1880 798 1920 Quia
807 1887 907 1916 egenus
917 1885 944 1908 et
955 1888 1014 1914 pau-

217 1941 276 1969 per.
296 1932 355 1960 Non
371 1936 397 1959 te
416 1929 578 1966 perstringat
597 1934 670 1955 mors
690 1927 789 1961 ipsius,
803 1931 831 1953 et
843 1930 945 1953 avertat
960 1930 986 1953 te
998 1934 1013 1953 a

216 1978 368 2008 contuenda
378 1975 524 2004 divinitate.
539 1973 632 2001 Beatus
642 1972 685 2008 qui
696 1971 813 2006 intelligit
823 1979 900 2006 super
909 1979 1015 2006 egenum

218 2031 242 2053 et
255 2032 399 2061 pauperem.
414 2021 529 2057 Respice
541 2025 567 2048 et
583 2025 723 2055 pauperes,
734 2022 851 2053 egentes,
866 2018 1015 2045 esurientes

217 2078 245 2101 et
257 2072 388 2103 sitientes,
401 2069 612 2105 peregrinantes,
624 2065 719 2098 nudos,
733 2069 857 2100 aegrotos,
869 2065 895 2091 in
907 2072 1014 2093 carcere

217 2118 391 2149 constitutos;
407 2114 523 2149 intelligo
540 2117 568 2141 et
586 2119 667 2146 super
681 2110 761 2138 talem
777 2118 939 2146 pauperem,
952 2111 1013 2146 quia

217 2169 245 2191 et
258 2163 280 2190 si
293 2170 373 2197 super
388 2160 467 2187 talem
488 2157 631 2192 intelligis,
646 2163 727 2191 super
741 2155 814 2182 illum
830 2155 955 2191 intelligis
968 2155 1015 2191 qui

216 2209 294 2241 dixit,
311 2206 422 2239 Esurini,
439 2203 514 2237 ritivi,
531 2202 625 2235 nudus,
645 2201 802 2237 peregrinus,
817 2208 893 2236 (eger,
912 2201 938 2228 in
956 2209 1014 2228 car-

217 2263 273 2283 cera
286 2254 323 2288 fui
336 2251 442 2288 (illati/1.
458 2258 521 2283 xxv,
535 2249 580 2280 55,
595 2247 650 2284 56).
664 2247 701 2274 Ita
715 2247 742 2274 in
755 2246 798 2274 die
811 2247 924 2283 maligna
939 2251 1015 2275 eruet

217 2305 245 2328 te
260 2299 396 2327 Dominus.

255 2345 282 2373 3.
296 2343 378 2381 [υεη.
393 2340 433 2378 5.]
449 2341 482 2368 Et
499 2340 560 2368 vide
578 2338 769 2366 beatitudinem
788 2343 871 2366 tuam.
889 2338 1015 2366 Dominus

218 2394 345 2419 autumet
355 2396 422 2416 eum.
434 2385 566 2421 Propheta
577 2385 646 2413 bene
656 2389 730 2421 optat
742 2384 842 2412 homini
856 2384 1014 2420 intelligenti

220 2444 301 2472 super
308 2441 421 2470 egenum
431 2437 458 2460 et
470 2439 622 2467 pauperem.
635 2430 685 2458 Ista
695 2430 796 2465 optatio
807 2431 946 2465 promissio
958 2435 1013 2464 est;
1043 2445 1047 2449 ~

221 2479 310 2510 securi
327 2482 484 2515 exspectent
501 2477 546 2512 qui
566 2477 618 2504 hoc
636 2480 727 2512 agunt.
746 2475 870 2503 Dontiuus
887 2481 1015 2504 conservet

221 2536 288 2560 eum,
300 2530 323 2553 et
335 2525 441 2559 nivi/iret
452 2531 520 2551 eunt.
534 2522 601 2557 Quid
612 2526 663 2555 est,
678 2527 804 2549 conservet
815 2530 883 2556 eum,
898 2528 922 2549 et
935 2523 1016 2557 nivi/i-

219 2579 259 2602 αι
273 2572 349 2600 eum?
362 2571 421 2605 Quo
436 2570 567 2605 pertinet,
581 2569 687 2604 viviﬁcet
698 2569 777 2595 eum?
789 2568 828 2596 Ad
839 2568 959 2596 futuram
974 2569 1015 2597 vi-

220 2624 287 2647 tam.
308 2617 463 2645 Viviﬁcatur
485 2616 554 2643 enim
577 2614 621 2649 qui
647 2619 768 2642 mortuus
791 2618 858 2641 erat.
882 2614 1014 2650 Numquid

220 2669 310 2692 autem
330 2665 419 2699 potest
439 2665 560 2688 mortuus
584 2659 732 2695 intelligere
755 2667 836 2694 super
855 2667 968 2695 egenum
988 2664 1016 2688 et

220 2708 383 2746 pauperem!
398 2707 452 2735 Sed
465 2706 669 2734 viviticationem
684 2705 761 2733 nobis
776 2705 848 2732 illam
865 2705 1013 2741 promittit,

220 2757 256 2785 de
273 2762 325 2791 qua
345 2754 409 2782 dicit
426 2752 571 2789 Apostolus
586 2761 594 2779 :
609 2751 707 2787 Corpus
720 2751 820 2787 quidem
836 2756 962 2780 mortuum
978 2756 1016 2781 ett

219 2843 263 2930 du:
272 2841 451 2934 ξ”ιξὲἓ
457 2844 652 2903 ἕιανῗηωνῖἷῖὲω
659 2868 776 2896 morum
789 2874 799 2894 :
809 2868 852 2894 ubi
863 2868 961 2902 quidam
971 2868 1014 2894 ιι.

254 2911 270 2929 ιι
353 2920 360 2928 .

254 2911 290 2929 ιιι.
301 2911 360 2929 εοω.

833 173 862 201 S.
883 170 1068 201 AUGUSTINI
1089 170 1240 201 EPISCOPI

1810 176 1861 204 456

1066 233 1171 263 propter
1182 232 1311 264 patratum
1320 248 1328 261 ,
1344 229 1447 264 spiritus
1461 234 1544 257 autem
1557 230 1608 257 vita
1621 236 1656 258 est
1671 233 1862 267 propter-Justi-

1067 274 1128 301 tiam
1139 282 1148 301 :
1158 275 1181 301 si
1192 280 1275 301 autem
1288 274 1331 310 qui
1341 276 1469 302 aute-itam
1480 275 1609 304 Christum
1623 285 1639 303 a
1652 278 1756 305 mortuis
1767 279 1862 306 habitat

1066 321 1092 346 in
1107 320 1189 352 nobis,
1203 320 1247 356 qui
1259 321 1388 348 suscitavit
1402 319 1528 349 Christum
1544 330 1560 348 α
1574 323 1679 350 mortuis
1692 324 1827 358 vimﬁcabit
1840 329 1863 351 et

1066 366 1185 392 mortalia
1201 375 1308 401 corpora
1324 372 1407 394 vestra
1424 372 1527 403 propter
1543 368 1722 396 inltabitanIent
1736 370 1862 405 Spiritum

1066 414 1122 449 ejus
1136 413 1163 440 in
1178 413 1246 441 vobis
1262 413 1349 450 (Rom.
1366 422 1423 447 vut,
1438 414 1480 444 l0,
1497 414 1552 450 tt).
1571 415 1633 442 lla-e
1647 419 1688 443 est
1699 424 1764 452 ergo
1776 416 1863 444 viviﬁ-

1065 459 1136 487 catio
1157 468 1216 495 quae
1239 460 1402 494 promittitur
1424 460 1580 496 intelligenti
1603 469 1684 496 super
1704 470 1817 497 egenum
1834 468 1863 491 et

1067 513 1222 541 pauperem.
1237 506 1288 533 Sed
1304 507 1362 540 quia
1380 506 1443 533 dicit
1464 508 1606 541 Apostolus
1625 508 1657 535 ad
1674 508 1861 542 Timotheum,

1067 549 1265 580 Promissionem
1281 553 1373 579 [rubras
1388 554 1445 580 rius
1462 555 1591 588 pra'scntis
1606 560 1629 581 ct
1643 557 1737 590 futurae
1751 556 1781 591 (l
1794 556 1861 584 Tim.

1067 606 1105 631 tv,
1119 599 1166 634 8);
1186 607 1219 626 ne
1238 604 1360 633 [tltlﬂl't‘ul
1376 600 1411 625 illi
1432 600 1474 634 qui
1493 600 1642 634 intelligunt
1657 609 1736 636 super
1749 610 1862 637 egenum

1066 649 1094 672 et
1108 652 1251 680 pauperem
1262 666 1268 677 ,
1285 646 1453 679 recipiendos
1468 645 1573 680 quidem
1590 654 1618 673 se.
1633 654 1692 675 esse
1707 647 1733 675 in
1746 648 1861 681 ctrlum,

1066 691 1113 717 sed
1128 691 1224 726 negligi
1239 691 1265 719 in
1281 696 1350 718 terra
1363 700 1369 720 :
1386 697 1410 719 et
1425 700 1477 718 non
1493 699 1632 727 sperarent
1645 694 1695 720 nisi
1709 695 1777 728 quod
1794 694 1863 722 futu-

1067 745 1125 764 rum
1139 742 1177 764 est
1195 737 1221 765 in
1236 738 1451 772 :ctcrnum,qund
1468 744 1556 766 autem
1571 739 1604 765 ad
1619 747 1735 773 praesens
1747 746 1798 774 est,
1815 749 1860 776 pu~

1068 787 1155 810 tarenl
1170 783 1252 811 Deum
1269 791 1321 810 non
1336 792 1431 812 curare
1453 785 1478 811 in
1496 785 1595 812 sanctis
1611 791 1637 812 et
1657 785 1777 814 ﬁdelibus
1791 788 1862 818 suis:

1067 829 1110 856 ubi
1125 828 1192 856 dixit
1203 829 1272 864 quod
1289 830 1403 856 maxime
1419 836 1574 865 exspectare
1588 831 1725 864 debemus,
1740 832 1863 860 Dentium

1066 878 1193 901 conterret
1213 882 1283 906 eum,
1299 880 1320 900 et
1342 876 1447 908 t'it'i/icet
1467 884 1539 908 eum;
1554 877 1670 911 respexit
1684 877 1716 904 ad
1728 879 1808 910 istam
1822 879 1863 905 vi-

1068 925 1131 953 tam,
1147 919 1180 946 Et
1194 920 1302 952 beatum,
1315 921 1409 954 inquit,
1425 922 1503 955 faciat
1514 930 1570 948 eum
1582 922 1607 948 in
1622 927 1697 949 terra.
1709 922 1787 959 Erige
1799 931 1864 959 ergo

1067 965 1161 993 oculos
1176 965 1201 992 in
1218 965 1273 992 huc
1289 967 1419 1000 promissa
1435 966 1577 993 christiana
1594 967 1644 995 ﬁde
1659 977 1665 994 :
1679 976 1730 995 non
1747 974 1771 997 te
1784 969 1864 997 dese-

1067 1011 1101 1037 rit
1115 1010 1185 1038 Deus
1201 1011 1226 1037 in
1242 1016 1329 1043 terra,
1346 1016 1371 1038 et
1387 1012 1483 1046 aliquid
1501 1013 1630 1047 promittit
1650 1013 1674 1040 in
1694 1014 1773 1042 cmio.
1789 1015 1863 1043 Mulli

1066 1056 1137 1083 enim
1153 1056 1215 1083 mali
1228 1056 1361 1083 christiani
1379 1058 1545 1092 inspectores
1560 1059 1789 1093 cphemeridarum
1802 1062 1820 1094 ¹,
1835 1067 1862 1090 et

1067 1101 1238 1137 inquisitores
1251 1107 1329 1136 atque
1343 1103 1530 1131 observatores
1544 1109 1690 1139 temporum
1707 1112 1732 1134 ct
1746 1107 1861 1141 dierum,

1067 1155 1127 1175 cum
1142 1149 1271 1183 coeperint
1287 1150 1320 1175 ibi
1336 1150 1468 1185 objurgari
1484 1159 1498 1177 a
1514 1152 1591 1179 nobis
1601 1173 1607 1185 ,
1624 1153 1664 1180 vel
1678 1161 1693 1179 a
1707 1154 1861 1188 quihusdam

1067 1192 1144 1220 bonis
1164 1194 1371 1228 melioribusque
1391 1195 1560 1226 Christianis,
1578 1205 1659 1232 quare
1679 1199 1727 1226 ista
1745 1199 1861 1233 faciant,

1067 1239 1230 1274 respondent
1242 1249 1248 1266 :
1262 1240 1322 1266 ΙΙωο
1333 1247 1440 1275 propter
1452 1247 1554 1277 tempus
1564 1243 1615 1270 hoc
1626 1245 1773 1273 necessaria
1784 1252 1860 1279 sunt;

1067 1286 1203 1313 christiani
1215 1291 1304 1313 autem
1320 1295 1412 1315 smnus
1427 1294 1536 1325 propter
1548 1291 1627 1317 vitam
1642 1297 1785 1326 wtcrnam;
1799 1301 1862 1329 pru-

1066 1337 1157 1366 ptcrea
1177 1333 1203 1359 in
1224 1332 1359 1360 Christum
1382 1335 1558 1369 credidimus,
1574 1342 1602 1364 ut
1621 1337 1666 1365 det
1685 1338 1761 1366 nobis
1781 1340 1862 1368 vitam

1066 1382 1212 1413 :eternam;
1227 1387 1287 1407 nam
1306 1381 1356 1407 vita
1373 1382 1421 1408 ista
1438 1383 1592 1417 temporalis
1607 1384 1632 1411 in
1647 1392 1698 1419 qua
1712 1393 1861 1421 versamur,

1066 1426 1100 1453 ad
1110 1433 1201 1454 curam
1214 1427 1295 1462 ipsius
1309 1435 1360 1454 non
1372 1428 1496 1462 pertinet.
1512 1430 1688 1465 Relinquitur,
1700 1437 1728 1459 ut
1740 1433 1789 1460 hoc
1800 1433 1847 1461 bro

1066 1471 1135 1499 vitcr
1147 1471 1246 1506 dicant,
1263 1478 1291 1499 ut
1307 1479 1414 1508 propter
1429 1477 1506 1502 vitam
1523 1481 1650 1503 :eternam
1665 1477 1747 1510 Deus,
1760 1482 1787 1505 et
1800 1486 1862 1513 pro-

1066 1521 1125 1551 pter
1144 1518 1224 1545 vitam
1250 1524 1407 1552 pra'sentem
1430 1520 1551 1548 diabolus
1575 1522 1685 1549 eolatur.
1710 1523 1862 1558 Respondet

1066 1562 1118 1590 illis
1132 1564 1187 1597 ipse
1198 1563 1320 1591 Christus
1334 1575 1340 1591 :
1356 1564 1415 1591 Non
1429 1566 1530 1600 potestis
1541 1568 1637 1594 duobus
1650 1568 1758 1595 dominis
1770 1570 1863 1597 seruire

1068 1608 1172 1643 (.‘llattlt.
1189 1617 1225 1642 vt,
1239 1610 1294 1645 Ἡ).
1313 1611 1344 1637 Et
1357 1612 1436 1638 alium
1451 1613 1515 1639 colis
1530 1619 1637 1648 propter
1649 1614 1673 1641 id
1685 1616 1755 1650 quod
1768 1624 1863 1650 exspe-

1066 1660 1122 1681 ctas
1134 1655 1159 1681 in
1173 1656 1251 1687 coelo,
1265 1661 1291 1683 et
1306 1657 1384 1686 alium
1400 1658 1464 1684 colis
1478 1664 1586 1693 propter
1600 1660 1625 1686 id
1640 1661 1710 1695 quod
1724 1667 1863 1695 exspectas

1066 1700 1092 1727 in
1110 1704 1178 1728 terra
1194 1710 1201 1728 :
1216 1706 1314 1735 quanto
1330 1704 1425 1729 melius
1441 1712 1521 1730 unum
1536 1705 1618 1738 colis,
1633 1707 1677 1740 qtti
1692 1706 1753 1733 fecit
1766 1707 1862 1735 ccelunt

1065 1750 1092 1773 et
1106 1746 1222 1773 terram?
1234 1747 1282 1780 Qui
1297 1749 1401 1775 curavit
1414 1754 1442 1776 ut
1455 1755 1525 1777 esset
1538 1755 1619 1784 terra,
1632 1752 1772 1787 imaginem
1787 1761 1862 1781 suam

1066 1791 1175 1827 negligit
1187 1791 1214 1819 in
1229 1797 1297 1820 terra
1307 1794 1317 1819 Υ
1332 1794 1411 1828 Ergo,
1429 1794 1560 1822 Conservet
1577 1805 1632 1823 eum
1650 1796 1774 1825 Dentium
1787 1803 1809 1825 et
1824 1799 1862 1826 vi-

1066 1838 1146 1873 ttilicet
1159 1846 1224 1870 eum,
1242 1839 1431 1874 inn-iligentem
1445 1849 1525 1875 super
1539 1850 1651 1876 egenum
1667 1848 1694 1870 et
1708 1851 1862 1879 pauperem.

1066 1884 1176 1919 insuper
1192 1886 1312 1920 quamvis
1333 1886 1357 1913 in
1378 1891 1506 1915 aeternum
1524 1888 1653 1922 viviﬁcet,
1669 1890 1768 1918 beatum
1784 1892 1865 1927 faciat

1066 1939 1124 1958 eum
1138 1932 1164 1958 in
1178 1936 1255 1958 tetra.

1101 1978 1128 2005 4.
1140 1977 1175 2004 Et
1186 1986 1235 2004 non
1248 1978 1332 2006 tradat
1344 1987 1401 2007 eum
1413 1980 1441 2007 in
1452 1988 1543 2008 manus
1554 1981 1651 2009 inimici
1661 1982 1726 2019 ejus.
1738 1981 1864 2012 Inimicus

1067 2022 1110 2050 ille
1122 2022 1244 2051 diabolus
1261 2029 1311 2052 est.
1327 2024 1412 2053 Nemo
1423 2026 1542 2054 attendat
1561 2027 1697 2055 inimicum
1716 2035 1795 2057 suum
1815 2029 1865 2056 hn-

1066 2069 1164 2097 mincm
1175 2091 1183 2102 ,
1198 2070 1304 2105 quando
1316 2072 1391 2099 audit
1403 2072 1484 2100 verba
1498 2073 1556 2100 ista.
1572 2074 1631 2101 1am
1646 2074 1714 2103 forte
1727 2075 1765 2103 de
1776 2076 1865 2103 vicino

1067 2123 1115 2143 suo
1128 2117 1270 2152 cogitabat,
1286 2117 1320 2145 de
1333 2118 1379 2146 illo
1392 2119 1437 2154 qui
1450 2127 1510 2147 cum
1526 2119 1571 2148 illo
1583 2120 1657 2148 litem
1671 2121 1697 2149 in
1712 2121 1769 2150 toro
1782 2122 1865 2150 hahe-

1067 2162 1128 2196 bat,
1142 2163 1176 2190 de
1191 2163 1235 2190 illo
1247 2164 1293 2199 qui
1307 2164 1344 2191 illi
1358 2164 1415 2192 vult
1428 2165 1533 2193 auferre
1547 2167 1760 2201 possessionem,
1774 2168 1818 2203 qui
1831 2167 1866 2195 il-

1067 2209 1120 2236 lum
1136 2210 1193 2236 vult
1207 2217 1329 2245 premere
1342 2214 1371 2237 ut
1384 2211 1481 2238 vendat
1496 2212 1531 2239 illi
1547 2213 1655 2240 domum
1673 2221 1758 2240 suam.
1776 2213 1865 2242 Nolite

1066 2254 1117 2282 ista
1130 2255 1262 2290 cogitare:
1271 2257 1322 2285 sed
1340 2254 1410 2284 ilum
1424 2256 1560 2285 inimicum
1574 2258 1698 2293 cogitate,
1711 2260 1745 2286 de
1757 2267 1810 2294 quo
1821 2260 1865 2288 di-

1066 2301 1103 2328 cit
1117 2300 1261 2333 Dominus,
1278 2300 1403 2329 Inmtt'cus
1414 2302 1488 2331 homo
1503 2303 1551 2331 Itoc
1567 2304 1626 2340 fecit
1641 2304 1700 2340 (Id.
1718 2313 1781 2339 xm,
1795 2306 1862 2341 28).

1067 2345 1127 2381 Ipse
1138 2350 1179 2374 est
1191 2346 1262 2374 enim
1275 2347 1319 2382 qui
1332 2349 1451 2383 suggerit
1464 2353 1492 2376 ut
1505 2355 1614 2385 propter
1627 2358 1670 2378 res
1684 2355 1804 2379 terrenas
1817 2359 1864 2380 ω·
1886 2365 1888 2367 -

1066 2392 1154 2426 tatur;
1168 2393 1230 2428 quia
1245 2401 1298 2421 non
1317 2398 1406 2428 potest
1425 2400 1547 2423 evertere
1568 2403 1666 2424 nomen
1687 2397 1863 2425 christianum

1067 2439 1191 2467 inimicus
1202 2439 1254 2467 iste
1268 2448 1275 2467 :
1289 2439 1355 2467 vidit
1372 2440 1444 2468 eniut
1460 2448 1491 2469 se
1505 2441 1603 2469 victum
1618 2441 1687 2469 fama
1701 2447 1728 2470 et
1739 2442 1865 2470 laudibus

1067 2484 1176 2517 Christi,
1190 2484 1255 2512 vidit
1267 2484 1292 2512 in
1303 2492 1336 2513 eo
1348 2485 1419 2520 quod
1430 2486 1524 2514 occidit
1539 2491 1670 2523 martyres
1681 2486 1789 2520 Christi,
1802 2489 1865 2515 illus

1067 2535 1218 2564 coronatos,
1229 2536 1257 2559 et
1267 2539 1297 2560 se
1310 2532 1500 2567 triumphatum
1510 2541 1517 2566 ;
1528 2538 1556 2561 et
1565 2534 1643 2570 cmpit
1655 2541 1707 2561 non
1721 2541 1798 2569 pisse
1810 2535 1863 2562 hnc

1067 2579 1227 2613 persuadere
1238 2579 1399 2613 hominibus,
1411 2580 1481 2614 quod
1493 2580 1561 2607 nihil
1571 2581 1606 2608 sit
1614 2580 1750 2614 Christus;
1761 2585 1789 2608 et
1799 2583 1862 2617 quia
1901 2583 1903 2586 ’

1067 2624 1242 2660 vituperando
1255 2624 1400 2656 Christum.
1412 2625 1467 2660 jam
1480 2625 1588 2654 difﬁcile
1599 2626 1695 2661 decipit
1707 2635 1715 2658 ;
1730 2627 1863 2654 laudando

1067 2671 1212 2703 Christum,
1221 2677 1334 2699 conatur
1340 2671 1473 2705 decipere.
1485 2672 1525 2699 Au
1530 2677 1569 2699 tea
1578 2672 1639 2708 quid
1648 2673 1769 2700 diccbat?
1777 2673 1863 2707 Quem

1067 2717 1172 2744 colitis?
1188 2717 1309 2744 Judavum
1328 2721 1479 2750 mortuum,
1495 2718 1651 2745 cruciﬁxum
1662 2738 1669 2750 ,
1687 2718 1783 2745 nullius
1801 2726 1863 2745 tuo-

1067 2762 1151 2790 menti
1167 2762 1317 2795 hominem,
1333 2762 1377 2797 qui
1395 2770 1447 2790 non
1467 2763 1551 2797 potuit
1564 2770 1580 2790 a
1594 2770 1623 2790 sc
1640 2768 1753 2790 mortem
1767 2764 1864 2798 depel~

1068 2808 1134 2836 lere.
1147 2807 1199 2838 Ubi
1216 2808 1244 2836 iu
1263 2808 1371 2837 nomine
1384 2808 1442 2844 ejus
1455 2808 1522 2835 vidit
1539 2815 1646 2836 currere
1666 2816 1749 2844 genus
1767 2808 1861 2836 huma-

1102 2900 1111 2916 ι
1122 2898 1229 2926 conten.
1241 2901 1293 2930 his,
1304 2896 1422 2924 rationum
1432 2896 1633 2930 ephanerz'arunt.
