3978 6338
214 363 313 424 ιω

209 482 320 547 58).
351 477 508 533 Stulti
529 478 543 532 !
570 473 838 547 quomodo
856 481 1030 528 vestra
1052 480 1153 527 erit
1174 457 1492 525 haereditas?
1511 470 1631 540 quia
1653 473 1792 525 occi-

206 573 358 628 distis
385 569 545 624 cum?
576 568 715 622 Ecce
743 577 794 621 et
824 564 1089 619 occidistis
1116 578 1259 628 cum,
1288 571 1342 615 et
1361 571 1536 617 vestra
1564 577 1667 616 non
1690 560 1793 615 erit

207 663 509 718 Ita-reditas.
536 657 796 729 Numquid
815 657 899 726 qui
914 655 1096 710 dormit
1117 670 1216 708 non
1237 652 1436 723 adjiciat
1457 663 1511 705 ut
1531 653 1795 722 resurgat?

202 746 429 823 Quando
458 769 551 808 vos
577 751 880 807 exsultastis
905 747 1164 803 occidisse
1192 761 1333 809 cum,
1367 745 1456 799 ille
1497 740 1744 798 dormivit
1775 760 1788 798 :

199 846 334 902 dicit
360 845 502 901 enim
526 851 581 900 et
610 843 660 896 in
692 842 798 895 alio
823 839 1048 910 psalmo,
1081 835 1192 907 Ego
1222 836 1454 889 dormivi.
1500 835 1574 889 Illi
1605 837 1792 888 srevie-

201 945 344 999 runt,
392 948 448 992 ct
491 935 734 992 occidere
781 934 1059 987 voluerunt
1090 949 1102 985 :
1133 929 1243 998 Ego
1281 928 1516 982 dormivi.
1564 927 1695 982 Nam
1742 928 1786 982 si

199 1031 518 1094 noluissem,
551 1044 647 1082 nec
671 1027 1007 1081 dormissem.
1054 1022 1167 1092 Ego
1196 1021 1410 1074 dormivi
1438 1021 1605 1090 :‘quia
1646 1030 1785 1089 pote.

195 1131 377 1178 uatem
404 1120 562 1174 habeo
590 1118 805 1188 ponendi
831 1117 1050 1169 animam
1073 1130 1255 1175 meam,
1284 1121 1328 1165 et
1359 1120 1649 1180 potestatem
1688 1110 1784 1162 Ιιιιο

196 1213 286 1266 beo
312 1212 493 1265 iterum
522 1209 746 1264 sumendi
769 1223 885 1260 eam
905 1203 1081 1279 (Joan.
1119 1219 1174 1267 κ,
1213 1203 1319 1273 18).
1355 1200 1785 1271 Εροτᾱοηιιὶυἰ,τει

193 1311 428 1357 υοηιηιιηι
453 1303 580 1370 cepi.
614 1311 658 1354 et
698 1298 956 1353 exsurrexi
984 1295 1149 1367 (Psal.
1184 1309 1258 1356 ιιι,
1292 1293 1370 1361 6).
1399 1291 1632 1347 vaiant
1655 1305 1782 1361 ergo

191 1392 385 1454 Judaei,
418 1403 555 1447 terra
588 1391 824 1444 tradatur
854 1390 904 1442 in
928 1401 1126 1441 manus
1164 1385 1310 1455 impii
1353 1381 1489 1457 (Job
1521 1399 1604 1445 Ix,
1629 1381 1734 1453 Ἡ)
1763 1423 1777 1446 ,

190 1495 320 1540 ειη-ο
347 1487 680 1554 permittatur
705 1483 947 1536 itionibus
977 1478 1428 1549 persequentium,
1455 1475 1781 1543 suspendant

191 1579 246 1633 in
278 1580 439 1650 ligno,
468 1579 631 1631 clavis
660 1575 985 1644 transﬁgant.
1015 1573 1196 1626 lancea
1236 1568 1540 1641 perfodiant
1567 1585 1583 1621 :
1616 1565 1782 1619 Num-

187 1674 312 1746 quid
337 1673 422 1741 qui
449 1669 632 1724 dormit
662 1686 760 1722 non
787 1666 988 1737 adjiciet
1019 1675 1071 1717 ut
1101 1660 1372 1732 resurgat?
1411 1657 1607 1730 thuid
1649 1657 1778 1711 dor-

188 1759 384 1818 mittit?
407 1761 538 1830 Quia
584 1759 750 1814 Adam
781 1755 948 1812 forma
993 1761 1108 1809 erat
1136 1751 1294 1805 futuri
1340 1749 1513 1820 (liam.
1548 1763 1601 1810 ν,
1642 1747 1731 1815 14)
1760 1765 1783 1797 .~

184 1865 241 1910 et
271 1851 716 1910 Adam-dormivit
738 1893 752 1917 ,
785 1847 996 1919 quando
1029 1846 1097 1900 de
1138 1845 1302 1897 latore
1345 1843 1461 1910 ejus
1490 1840 1601 1895 Eva
1640 1839 1774 1893 facta

183 1957 270 2004 est
300 1945 451 2004 (Gen.
476 1963 532 2010 ιι,
557 1945 674 2016 21).
699 1943 874 1998 Adam
906 1941 957 1994 in
986 1939 1151 2009 figura
1177 1935 1394 2002 Christi,
1427 1935 1540 1989 Eva
1562 1934 1613 1987 lu
1643 1933 1784 2002 ligo--

182 2053 242 2094 ra
292 2037 542 2093 Ecclesiae
586 2056 598 2089 :
642 2033 782 2087 unde
827 2045 911 2087 est
968 2030 1230 2099 appellata
1280 2033 1450 2080 mater
1509 2023 1773 2078 vivorum.

180 2127 409 2196 Quando
460 2126 709 2182 fabricata
763 2130 845 2178 est
892 2119 1052 2176 Eva?
1099 2121 1234 2174 Dum
1281 2116 1538 2170 dormiret
1581 2114 1771 2169 Adam.

179 2217 407 2290 Quando
444 2218 511 2274 de
533 2219 700 2273 latere
721 2215 915 2270 Christi
944 2219 1272 2267 sacramenta
1302 2208 1554 2264 Ecclesiae
1579 2208 1775 2275 proﬂu-

180 2326 370 2372 xerunt
387 2314 413 2368 τ
435 2312 570 2368 Cum
595 2309 852 2367 dormiret
877 2307 929 2364 iu
953 2317 1128 2361 cruce.
1177 2299 1438 2372 Numquid
1461 2300 1547 2372 qui
1590 2300 1771 2352 dormit

177 2419 282 2464 non
308 2406 510 2479 adjicict
540 2414 592 2457 ut
617 2402 888 2472 resurgat?

243 2502 332 2556 11.
373 2498 526 2572 [νοτε.
568 2492 681 2566 10.]
713 2493 777 2548 Ει
805 2492 944 2544 unde
967 2487 1260 2543 dormivit?
1302 2485 1376 2538 Ex
1424 2482 1511 2536 illo
1553 2482 1639 2552 qui
1686 2482 1766 2533 in-

175 2586 395 2666 gressus
418 2600 499 2646 cst
526 2597 584 2646 ut
603 2587 823 2645 videret,
850 2593 902 2637 et
927 2577 1269 2650 congregavit
1289 2575 1616 2644 iniquitatem
1645 2573 1763 2628 sibi.

178 2663 381 2756 Etenim
411 2681 560 2735 homo
604 2678 742 2750 pacis
771 2687 908 2738 mea,
954 2674 1005 2726 in
1042 2685 1186 2740 quem
1231 2667 1449 2736 sperari,
1482 2667 1567 2732 φά
1595 2663 1768 2717 edebat

175 2787 335 2849 partes
348 2791 506 2836 meos,
525 2770 782 2842 ampliavit
806 2774 956 2836 super
967 2780 1049 2818 me
1074 2763 1382 2816 calcaueum.
1397 2759 1587 2813 Erexit
1608 2772 1768 2827 super

173 2879 264 2925 me
291 2863 482 2939 pedem
515 2883 529 2918 :
561 2862 873 2918 conculcarc
895 2872 980 2911 me
1007 2855 1189 2907 voluit.
1218 2851 1349 2920 Quis
1373 2858 1456 2905 est
1475 2850 1577 2904 iste
1604 2849 1764 2901 homo

173 2959 328 3032 pacis
366 2955 574 3028 ipsius?
611 2953 793 3009 Judas.
827 2949 895 3004 Et
933 2949 986 3002 in
1032 2946 1178 2999 illum
1223 2941 1470 2998 Christus
1498 2942 1762 3011 speravit,

171 3039 298 3124 quia
327 3049 478 3111 dixit.
509 3047 577 3102 In
621 3061 764 3117 quem
808 3041 1048 3112 speravi?
1090 3038 1275 3092 Nonne
1300 3036 1466 3089 illum
1507 3035 1575 3088 ab
1616 3032 1764 3086 initio

173 3123 438 3197 noverat?
466 3148 642 3193 nonn’e
684 3141 966 3202 antequam
1010 3137 1318 3183 nasceretur
1356 3125 1589 3180 futurum
1625 3123 1766 3178 θεῖε-α

173 3223 305 3288 hat?
335 3241 510 3287 nonne
537 3229 784 3285 omnibus
810 3223 1082 3293 discipulis
1110 3220 1218 3276 suis
1259 3219 1464 3274 (ﬁxerat
1484 3259 1499 3284 ,
1537 3215 1650 3288 Ego
1677 3230 1764 3270 vos

171 3323 439 3379 duodecim
466 3316 612 3392 elegi,
630 3325 841 3373 ‘et'unus
863 3331 925 3370 ea:
948 3313 1085 3368 uobis
1109 3310 1340 3366 diabolus
1376 3309 1447 3363 est
1473 3307 1651 3376 (Joan.
1686 3321 1756 3369 vi,

170 3413 611 3488 7|)?Quomodd
649 3425 776 3482 ergo
823 3409 875 3463 in
919 3406 1063 3462 illum
1094 3403 1346 3474 speravit,
1394 3401 1494 3456 nisi
1539 3401 1659 3470 quia
1707 3401 1760 3454 in

170 3486 429 3563 mctnbrls
457 3499 566 3560 suis
593 3505 704 3572 ipsc
731 3509 833 3566 est,
861 3507 916 3554 et
956 3495 1095 3568 quod
1125 3494 1275 3548 multi
1308 3492 1488 3547 fideles
1518 3491 1584 3545 de
1625 3486 1757 3546 Juda

168 3605 540 3668 spcraveront,
565 3592 668 3648 hoc
687 3593 738 3646 in
769 3604 828 3647 se
845 3585 1234 3658 tmnsliguravit
1260 3582 1554 3639 Dominus?
1576 3582 1759 3648 Quan-

167 3689 238 3744 do
286 3690 430 3743 enim
479 3684 728 3739 videbant
773 3680 962 3738 ludam
1005 3677 1158 3731 Multi
1186 3675 1276 3745 qui
1325 3674 1658 3729 crediderant
1705 3673 1758 3724 in

167 3779 460 3843 Christum,
507 3775 776 3829 ambulare
819 3771 956 3826 inter
981 3756 1259 3822 duodecim
1287 3764 1593 3832 discipulos.
1633 3777 1757 3833 spe-

71 3889 73 3891 ‘
167 3856 460 3926 rabant'in
509 3862 652 3919 illum
706 3859 1070 3932 aliqum-quia
1123 3858 1242 3911 talis
1284 3863 1428 3919 erat,
1477 3853 1661 3923 qttales
1705 3860 1757 3906 et

164 3959 347 4016 caeteri
381 3978 393 4011 :
426 3958 668 4012 Christus
687 3966 860 4008 autem
889 3946 1011 4021 quia
1033 3952 1084 4003 in
1114 3947 1367 4002 membr-is
1386 3947 1498 3999 suis
1519 3954 1636 3999 erat
1657 3944 1761 3998 hoc

164 4052 524 4122 sperantibus,
558 4046 828 4119 quomodo
854 4046 905 4098 in
951 4044 1053 4097 illis
1078 4051 1160 4095 est
1201 4040 1557 4093 esurientibus
1587 4046 1641 4091 et
1681 4024 1757 4088 si-

167 4142 460 4206 tientibus;
489 4135 756 4211 quomodo
799 4135 937 4189 dixit
968 4133 1188 4195 Esnrivi,
1229 4131 1305 4183 sic
1345 4129 1479 4183 dixit
1517 4129 1752 4198 Speraui.

165 4235 398 4290 Proinde
423 4232 466 4286 si
493 4232 571 4286 sic
600 4231 670 4283 illi
699 4228 955 4288 dieamus,
987 4224 1227 4285 Dmninc,
1256 4221 1473 4290 quando
1492 4220 1757 4289 sperasti?

163 4325 435 4397 quomodo
464 4324 538 4379 illi
580 4323 784 4378 dictum
826 4327 928 4384 est,
973 4316 1210 4382 Domine,
1242 4312 1454 4384 quando
1497 4312 1755 4366 esuristi‘?

163 4419 446 4488 Quomodo
484 4416 635 4470 nobis
682 4416 749 4469 ibi
795 4413 944 4475 dixit,
994 4407 1120 4465 Cum
1148 4410 1234 4461 uni
1277 4423 1337 4460 ex
1376 4405 1596 4457 minimis
1635 4407 1754 4458 meis

164 4512 376 4587 fecistis,
420 4511 542 4587 milii
568 4508 752 4579 fecistis
784 4505 994 4576 (Matth.
1028 4517 1156 4564 XXV,
1183 4502 1270 4565 57,
1305 4499 1394 4566 40)
1420 4515 1438 4562 ;‹
1467 4499 1756 4566 siepotcst

162 4585 346 4659 dicere
389 4622 402 4658 :
437 4585 573 4656 Cum
621 4614 757 4653 unus
799 4612 865 4650 ex
910 4592 1144 4648 minimis
1183 4592 1315 4645 meis
1359 4588 1609 4659 speravit,
1655 4603 1754 4656 ego

161 4695 399 4764 speravi.
434 4691 489 4746 In
515 4703 682 4760 quem
705 4685 954 4758 speravi?
989 4682 1154 4736 "ante
1181 4682 1319 4750 pacis
1344 4697 1486 4744 metr,
1527 4681 1579 4732 iu
1608 4697 1754 4750 quem

161 4786 358 4858 sperari
376 4829 390 4851 ,
419 4785 502 4854 qui
529 4782 699 4836 edebat
727 4797 881 4851 panes
908 4795 1058 4832 meos.
1084 4774 1549 4844 Quomodoipsnm
1573 4762 1754 4826 osten-

161 4879 240 4934 dit
272 4879 324 4932 in
355 4879 623 4947 passione,
670 4873 738 4929 de
767 4873 879 4925 istis
907 4867 1081 4924 verbis
1125 4864 1457 4936 prophetiae?
1486 4864 1586 4917 l‘cr
1626 4863 1754 4916 buc-

161 4971 353 5025 ecllam
383 4970 527 5022 illum
569 4964 862 5034 designavit
893 4960 1069 5032 (Joan.
1101 4974 1214 5020 xm,
1243 4957 1358 5025 26),
1390 4964 1444 5009 ut
1474 4962 1753 5024 appareret

162 5062 229 5117 dc
253 5059 344 5116 tuo
372 5060 596 5121 dictum,
631 5057 728 5123 Qui
748 5056 920 5108 edebat
947 5053 1109 5121 partes
1129 5065 1281 5102 meos.
1313 5047 1516 5101 Rutsus
1541 5044 1754 5115 quando

165 5156 308 5208 venit
330 5163 388 5205 ut
413 5150 645 5204 traderet
665 5132 806 5210 eum,
831 5145 1072 5198 osculum
1101 5141 1171 5194 illi
1195 5137 1338 5192 dedit
1359 5136 1577 5206 (Matth.
1606 5147 1748 5198 xxvi,

163 5247 278 5316 49),
299 5254 356 5299 ut
377 5232 738 5314 apparerctde
761 5239 850 5292 illo
870 5237 1087 5300 dictum,
1123 5230 1287 5286 Homo
1344 5229 1484 5299 pacis
1515 5242 1652 5281 metu.

235 5336 325 5402 13.
357 5339 508 5407 [verm
537 5329 648 5403 11.]
673 5329 753 5382 Tu
774 5338 961 5390 autem,
990 5325 1221 5387 Domine,
1247 5320 1479 5374 miserere
1501 5319 1614 5370 mei.
1641 5318 1751 5370 lloc

163 5445 226 5485 ex
256 5429 426 5482 forma
469 5425 628 5487 servi,
680 5423 780 5475 hoc
829 5435 891 5473 ex
937 5417 1104 5472 forma
1133 5415 1149 5446 ¹
1178 5413 1352 5482 inopis
1395 5419 1449 5464 et
1478 5407 1748 5479 pauperis.

165 5523 353 5575 Beatus
380 5517 522 5574 enim
566 5515 652 5586 qui
678 5511 910 5582 intelligit
939 5517 1090 5578 super
1133 5520 1344 5577 egenum
1390 5513 1435 5556 et
1458 5515 1749 5572 pauperem.

165 5598 410 5668 Miserere
450 5609 580 5674 mei,
609 5616 654 5661 et
683 5605 927 5659 resuscita‘
963 5617 1059 5664 me,
1093 5607 1137 5652 et
1166 5596 1370 5652 reddam
1407 5594 1533 5649 illis.
1568 5589 1761 5646 Videte

165 5703 380 5777 quando
404 5702 605 5758 dictum
632 5685 734 5765 est,
759 5709 868 5770 3am
899 5690 1095 5750 factum
1121 5700 1222 5750 est.
1262 5688 1583 5747 Deciderunt
1608 5684 1749 5741 enim

228 5831 253 5872 τ·
270 5835 409 5900 ωτι..
432 5845 655 5902 peream.
680 5820 817 5895 Μὲθη
836 5829 1010 5897 (emta.

1317 355 1713 411 ΕΝᾹΒΠΑΤΙΟ
1753 355 1817 412 IN
1855 357 2172 415 PSALMUM
2218 359 2329 424 XL.

3379 371 3499 432 (ΘΞ

1901 493 2168 548 Christum
2192 493 2382 562 Judaei,
2415 510 2484 552 ne
2513 495 2798 565 perderent
2825 498 2998 553 locmn
3031 499 3210 569 (Joan.
3246 519 3318 568 ιι,
3352 505 3442 574 «18)
3470 524 3482 559 :

1901 583 1992 639 illo
2040 585 2220 640 occiso
2264 586 2607 654 perdiderunt
2652 588 2824 644 locum
2849 602 2866 655 ;
2897 593 3146 646 cradicati
3175 604 3206 647 a
3232 611 3395 665 regno
3423 599 3439 629 ¹
3467 640 3483 664 ,

1898 671 2122 742 dispersi
2154 683 2296 729 sunt.
2325 675 2622 731 Suscitatus
2649 678 2877 733 reddidit
2918 681 3022 734 illis
3049 683 3437 742 tribulationem
3467 708 3481 743 :

1897 762 2127 818 reddidit
2148 763 2215 818 ad
2236 765 2674 833 admonitionem,
2707 768 2939 824 nondum
2969 769 3034 825 ad
3061 772 3478 830 damnationem.

1893 851 2094 906 Civitas
2135 854 2276 907 enim
2309 852 2395 909 illa
2447 855 2495 908 in
2532 870 2632 924 qua
2683 853 2896 911 fremuit
2941 860 3186 927 populus,
3228 873 3481 931 tanquam

1894 941 1979 997 leo
2005 945 2217 1013 mpicns
2242 955 2296 999 et
2321 945 2557 1016 rugiens,
2587 948 2915 1016 exclamans,
2945 949 3213 1022 Cruci/ige,
3243 957 3482 1025 cruciﬁge

1893 1027 2043 1104 (Luc.
2071 1050 2225 1099 χχιιι,
2250 1035 2338 1099 2|,
2365 1045 2412 1088 et
2448 1035 2604 1089 Joau.
2639 1053 2753 1105 six,
2797 1038 2875 1109 6).
2908 1041 3192 1095 cradicatis
3236 1043 3358 1098 inde
3383 1044 3481 1098 Ju-

1889 1122 2041 1186 daeis,
2082 1120 2415 1178 Christianos
2458 1125 2636 1192 habet,
2671 1144 2698 1176 a
2731 1126 2916 1185 Juda'o
2945 1129 3090 1183 nullo
3117 1131 3477 1188 «iuhabitatur.

1889 1209 2228 1268 P-lantataest
2259 1214 2329 1268 ibi
2361 1215 2596 1271 Ecclesia
2626 1215 2846 1284 Christi,
2877 1220 3018 1273 unde
3047 1221 3327 1278 eradicane
3355 1235 3479 1279 sunt

1887 1305 2054 1372 spina:
2096 1303 2409 1377 Synagogzc.
2455 1307 2688 1369 Proinde
2715 1323 2839 1364 vere
2873 1311 3008 1380 ignis
3037 1327 3222 1366 eorum
3253 1316 3473 1382 exarsit,

1885 1397 2023 1450 sicut
2049 1397 2099 1452 in
2130 1399 2294 1467 spinis
2317 1397 2478 1470 (Psal.
2508 1412 2672 1465 csvn,
2702 1402 2790 1470 Η)
2820 1419 2834 1456 :
2867 1401 3122 1457 Dominus
3147 1416 3322 1459 autem
3354 1416 3473 1459 tan-

1885 1503 2041 1557 quam
2069 1489 2268 1561 lignum
2294 1491 2462 1548 viride
2485 1501 2621 1548 erat.
2655 1493 2766 1548 Hoc
2798 1494 2911 1562 ipse
2951 1498 3044 1562 ait,
3079 1498 3290 1566 quando
3320 1499 3472 1567 plan-

1883 1580 2073 1648 gebant
2092 1581 2334 1651 quietiam
2365 1581 2613 1637 mulieres
2643 1583 2802 1638 veluti
2829 1585 3144 1640 moriturum
3174 1579 3468 1655 Christum,

1884 1671 2062 1727 Nolite
2089 1675 2210 1737 ﬂere
2230 1692 2379 1741 super
2408 1691 2504 1740 me,
2532 1674 2618 1729 sed
2639 1691 2793 1743 super
2817 1690 2900 1730 vos
2929 1677 3064 1746 ipsas
3089 1680 3226 1747 ﬂete,
3253 1690 3299 1732 et
3322 1698 3473 1749 super

1883 1763 2019 1833 filios
2045 1777 2228 1819 vestros
2261 1783 2279 1819 :
2317 1782 2378 1820 cx
2414 1766 2513 1821 hoc
2543 1767 2857 1836 prrcdicens,
2892 1767 3098 1821 Suscita
3129 1786 3234 1834 me,
3263 1782 3311 1824 et
3355 1773 3472 1826 red-

1883 1854 2000 1908 dam
2025 1856 2149 1909 illis.
2194 1855 2254 1911 Si
2281 1857 2413 1910 enim
2441 1858 2492 1910 in
2524 1842 2670 1910 uiridi
2703 1857 2838 1928 ligno
2868 1860 2972 1912 ltazc
3002 1859 3213 1926 faciunt,
3245 1860 3472 1916 ium-ide

1879 1946 2000 2016 quid
2039 1948 2124 2015 {iet
2153 1945 2301 2016 (Luc.
2343 1963 2500 2014 xxm,
2544 1948 2636 2012 28.
2666 1948 2802 2013 3i)?
2835 1949 3056 2018 Quando
3083 1953 3243 2021 possit
3300 1953 3471 2010 viride

1881 2039 2079 2107 ligmun
2110 2039 2350 2093 coosumi
2379 2039 2447 2093 ab
2475 2037 2595 2109 igne
2628 2040 2896 2109 Spinarum
2922 2040 2946 2094 ἲ
2974 2040 3296 2096 Exarserunt
3326 2043 3469 2099 enim

1879 2130 2021 2182 velut
2063 2129 2199 2198 ignis
2240 2129 2289 2181 in
2322 2129 2508 2198 spinis.
2557 2128 2698 2199 Ignis
2735 2130 2916 2198 spinas
2954 2133 3240 2193 conSumit,
3277 2143 3326 2186 ct
3355 2135 3469 2186 cui-

1877 2235 2105 2288 comquc
2153 2220 2306 2274 viridi
2337 2223 2478 2291 ligno
2523 2221 2823 2288 adhibetur,
2855 2205 3073 2277 diﬂi'cile
3117 2224 3464 2291 accenditur,

1879 2314 2069 2366 humor
2095 2314 2236 2367 eiulat
2264 2313 2620 2384 ligni.resistit
2659 2312 2886 2368 ﬂammzc
2917 2315 3074 2369 lentm
3101 2323 3155 2369 et
3177 2315 3426 2370 marcida:
3449 2357 3464 2384 ,

1877 2414 2063 2461 tamen
2076 2405 2282 2461 idonere
2296 2405 2363 2460 ad
2381 2406 2767 2460 cmisumendas
2785 2407 2984 2474 Spinas.
3012 2405 3078 2460 Et
3095 2407 3282 2461 suscita
3299 2424 3396 2472 me,
3417 2421 3464 2461 et

1875 2498 2084 2550 reddam
2103 2497 2225 2552 illis.
2246 2495 2323 2551 Ne
2339 2498 2473 2551 forte
2493 2511 2643 2561 sane,
2665 2495 2875 2560 fratres,
2897 2497 3464 2568 miuuspotenteotFi-

1875 2588 2021 2651 lium,
2042 2602 2197 2657 quam
2218 2587 2426 2641 Patrem
2444 2587 2724 2654 putetis,ex
2745 2602 2810 2642 eo
2824 2587 2944 2657 quia
2962 2588 3115 2648 dixit,
3139 2587 3340 2643 Suscita
3360 2608 3459 2655 inc,

1873 2678 2011 2746 quod
2035 2679 2146 2745 ipse
2161 2692 2221 2733 sc
2234 2677 2492 2732 suscitare
2517 2692 2623 2731 non
2646 2679 2831 2746 possit.
2866 2678 2976 2732 lloc
3003 2680 3146 2733 enim
3177 2681 3457 2736 suscitavit

1873 2766 2014 2837 quod
2065 2769 2196 2820 mori
2250 2775 2503 2836 poterat:
2537 2765 2744 2833 idest,
2787 2783 2914 2821 caro
2941 2778 3146 2823 mortua
3190 2781 3290 2834 est,
3333 2786 3462 2826 caro

1871 2859 2120 2914 suscitata
2141 2866 2242 2913 est.
2271 2857 2347 2912 Nc
2368 2866 2544 2914 tamen
2569 2859 2781 2927 putetis,
2810 2860 2930 2929 quia
2958 2861 3096 2915 Deus
3125 2861 3279 2916 Pater
3302 2863 3461 2917 (Ἰκι-

1870 2950 1937 3002 sti
1969 2951 2138 3018 potuit
2166 2949 2424 3004 suscitare
2450 2949 2740 3014 Christum,
2762 2950 2812 3002 id
2842 2960 2920 3004 est
2947 2967 3163 3006 carnem
3192 2952 3312 3006 Filii
3333 2954 3415 3009 sui
3440 2958 3479 3018 ;‘

1869 3053 1922 3096 et
1952 3043 2062 3112 ipse
2086 3042 2352 3108 Christus,
2380 3056 2498 3096 cum
2534 3042 2766 3097 Verbum
2812 3043 2882 3096 sit
2926 3044 3017 3097 Dei
3043 3044 3247 3113 mqualc
3278 3044 3457 3110 Patri,

1871 3149 1973 3186 non
2002 3141 2207 3203 poterat
2227 3147 2444 3186 carnem
2469 3145 2619 3186 suam
2649 3133 2907 3189 suscitare
2931 3150 2944 3186 :
2971 3132 3152 3187 audite
3183 3148 3244 3187 cx
3275 3132 3457 3188 Evan-

1867 3221 2027 3291 gelio,
2055 3220 2248 3276 Solvite
2279 3221 2520 3290 templum
2549 3220 2661 3287 hoc,
2691 3231 2738 3274 et
2761 3221 2815 3275 in
2833 3221 3000 3274 triduo
3027 3221 3278 3276 suscitabo
3304 3223 3453 3277 illud.

1869 3314 1980 3368 lloc
2007 3323 2181 3367 autem
2213 3312 2568 3382 Evangelista,
2601 3328 2667 3365 ne
2710 3312 2870 3366 etiam
2904 3312 3026 3367 inde
3065 3313 3452 3368 dubitaremus.

1867 3404 2078 3469 dicebat,
2125 3403 2314 3473 inquit,
2352 3404 2415 3457 de
2441 3402 2629 3472 templo
2666 3402 2892 3472 corporis
2921 3403 2998 3456 sui
3041 3402 3220 3475 (Joan.
3262 3419 3321 3471 ιι,
3352 3403 3453 3472 19,

1864 3499 1980 3564 21),
2009 3508 2055 3552 et
2083 3497 2324 3550 resuscita
2352 3512 2450 3558 me,
2487 3505 2532 3549 et
2555 3494 2765 3548 reddam
2792 3494 2916 3548 illis.

1937 3587 2024 3643 13.
2058 3587 2209 3660 [vera
2241 3585 2352 3658 12.)
2386 3585 2408 3638 1
2418 3603 2450 3639 n
2489 3585 2582 3638 hoc
2606 3586 2815 3656 cognovi
2844 3588 3084 3654 quoniam
3110 3586 3309 3641 voluisti
3339 3605 3451 3656 me,

1864 3680 2099 3750 quoniam
2143 3696 2243 3733 nou
2284 3677 2520 3746 gaudebit
2544 3677 2774 3728 inimicus
2822 3693 2960 3730 meus
3002 3684 3153 3745 super
3189 3694 3286 3732 me.
3319 3679 3452 3747 Quia

1865 3769 2028 3840 gavisi
2057 3778 2181 3822 sunt
2205 3767 2395 3833 Judmi,
2420 3765 2636 3837 quando
2663 3765 3211 3820 videruntChristum
3235 3769 3451 3825 crucifi-

1865 3877 2023 3925 xum;
2049 3859 2298 3928 implesse
2325 3872 2387 3912 se
2415 3857 2652 3911 arbitrati
2679 3865 2801 3910 sunt
2826 3855 3155 3911 voluntatem
3184 3860 3406 3914 nocendi
3434 3878 3446 3914 :

1863 3954 2108 4009 ellcctutn
2155 3949 2387 4006 fructum
2417 3950 2634 4004 smvitizc
2663 3963 2774 4002 sure
2822 3949 3068 4003 viderunt
3097 3950 3366 4006 Christum
3395 3953 3448 4009 in

1863 4060 2022 4101 cruce
2069 4045 2421 4114 pendentem;
2466 4042 2798 4112 agitaverant
2842 4041 3115 4110 caput,_St
3160 4043 3325 4098 Filius
3354 4043 3450 4101 Dei

1863 4148 1954 4200 est,
2001 4135 2267 4190 descendat
2297 4134 2358 4188 de
2388 4148 2543 4186 cruce
2582 4131 2794 4203 (.Mattlt.
2841 4145 3006 4191 xxv",
3051 4131 3142 4196 59,
3173 4132 3286 4205 40).
3333 4133 3448 4190 Non

1862 4228 2218 4285 descendebat
2242 4229 2328 4296 qui
2353 4233 2560 4294 poterat
2586 4241 2600 4277 :
2630 4237 2734 4278 non
2758 4225 3048 4294 potentiam
3071 4225 3092 4256 ²
3111 4224 3452 4286 demonstras

1863 4322 1972 4384 bat,
2004 4319 2096 4372 sed
2129 4316 2432 4386 patientiam
2463 4315 2710 4369 docebat.
2737 4313 2791 4369 Si
2821 4316 2965 4368 enim
2995 4315 3108 4369 lure
3137 4316 3238 4370 illis
3262 4315 3450 4370 dicen-

1864 4415 2004 4468 tibus
2029 4413 2096 4466 de
2122 4425 2283 4466 cruce"
2308 4408 2680 4473 descenderet,
2727 4408 2876 4476 quasi
2909 4408 3293 4462 insultantilms-
3322 4425 3454 4462 eos-

1862 4504 1997 4557 sisse
2048 4501 2352 4563 videretur,
2410 4498 2680 4551 ct-victus
2728 4498 3009 4565 approhria
3063 4499 3290 4553 tolerare
3341 4515 3447 4554 non

1864 4596 2097 4665 potuisse
2140 4592 2488 4646 crederetur:
2524 4590 2690 4656 magis
2737 4589 2930 4643 mansit
2962 4590 3014 4643 in
3048 4606 3205 4644 cruce
3236 4591 3448 4646 illisiu-

1860 4685 2199 4746 suitantibus,
2235 4684 2371 4736 ﬁxus
2401 4681 2505 4734 illis
2535 4681 2862 4734 nutantibus.
2895 4679 3017 4734 Ideo
3043 4681 3185 4733 cnim
3214 4692 3266 4735 et
3291 4692 3451 4748 caput

1860 4781 2148 4849 agitabam,
2190 4779 2311 4845 quia
2354 4789 2485 4827 vero
2525 4772 2683 4840 capiti
2734 4787 2836 4825 non
2867 4769 3218 4824 inhaerebant.
3259 4771 3452 4828 Docuit

1861 4855 1959 4925 nos
1989 4870 2143 4938 plane
2170 4867 2257 4919 ille
2283 4865 2611 4932 patientiam.
2642 4861 2770 4914 Nam
2803 4860 2952 4928 quod.
2977 4873 3059 4914 est
3088 4860 3272 4914 fortius
3301 4861 3446 4928 fecit,

1859 4963 1946 5033 qui
1975 4961 2142 5015 noluit
2176 4959 2350 5012 facere
2375 4955 2513 5024 quod
2538 4953 2708 5008 Judari
2754 4952 3132 5021 provocabunt.
3177 4953 3340 5010 Multo
3367 4963 3443 5007 est

1859 5053 2002 5106 enim
2033 5049 2300 5119 potentius
2328 5047 2396 5099 de
2432 5044 2679 5110 sepulcro
2707 5055 2944 5110 surgere,
2991 5056 3148 5110 quam
3178 5041 3247 5095 de
3289 5056 3449 5096 cruce

1859 5136 2494 5203 descendere..0uouiam
2521 5150 2623 5185 non
2652 5132 2884 5202 gaudebit
2916 5132 3149 5182 inimicus
3194 5147 3332 5183 meus
3357 5147 3448 5184 su-

1861 5251 1948 5316 per
1976 5247 2072 5284 me.
2104 5228 2282 5284 Gtt-visi
2323 5234 2445 5283 sunt
2467 5237 2596 5293 ergo
2636 5233 2763 5275 tunc
2790 5237 2807 5274 :
2840 5221 3136 5274 resurrexit
3162 5220 3406 5275 Christus
3433 5263 3447 5281 ,

1859 5312 2181 5396 glorilicatus
2196 5327 2277 5374 est
2295 5316 2556 5372 Christus.
2583 5314 2772 5367 Vident
2794 5312 2950 5365 modo
2976 5312 3026 5364 in
3046 5315 3259 5364 nomine
3283 5313 3450 5380 ipsius

1859 5412 2097 5472 converti
2125 5424 2294 5480 genus
2325 5408 2636 5463 humanum,
2666 5403 2826 5456 modo
2857 5403 3134 5467 insultent,
3165 5401 3326 5456 modo
3355 5417 3448 5453 ca-

1858 5517 1954 5578 put
1993 5503 2236 5574 agitent:
2267 5500 2375 5552 imo
2417 5497 2532 5564 jam‘
2576 5503 2734 5562 caput
2778 5497 2939 5561 ligant
2967 5509 2981 5558 ;
3014 5502 3104 5545 aut
3154 5491 3451 5559 si-agitaut

1858 5609 2039 5668 caput,
2088 5591 2350 5661 stupende
2377 5601 2432 5645 et
2476 5589 2718 5644 mirando
2756 5588 2974 5656 agitent.
3005 5585 3163 5640 Modo
3192 5585 3332 5638 enim
3363 5585 3448 5640 dl-

1922 5755 1941 5785 ⁸
1963 5759 2065 5800 Am.
2092 5755 2146 5799 et
2167 5756 2295 5807 Mss,
2328 5742 2579 5795 eradicato
2604 5753 2769 5807 regno.

1921 5816 1944 5848 ⁸
2096 5797 2534 5872 ιιιαειιᾶοοωείιδυ
2553 5841 2569 5865 ,
2613 5797 2707 5854 non
2732 5797 3056 5866 impotentiam
3077 5798 3450 5854 detaonstmbot.
