3978 6318
542 334 650 390 4Βὸ

540 456 667 501 cunt
695 466 708 501 ;
740 443 1003 517 Numquid
1030 444 1164 501 forte
1192 446 1280 504 ille
1308 456 1390 502 est
1417 462 1575 515 quem
1625 445 1873 515 dixerunt
1912 445 2119 514 Moyses

540 550 593 592 et
626 538 947 608 Propheta)?
978 539 1051 593 De
1095 539 1190 593 illo
1228 540 1369 593 enim
1411 540 1656 593 dixerunt
1693 558 1703 589 :
1737 538 1879 591 Sicut
1925 539 2124 599 arista!

537 633 907 686 inmolandam
941 633 1119 686 ductus
1143 642 1236 696 est,
1262 643 1309 687 et
1334 634 1463 687 sicut
1503 649 1665 702 agnus
1700 648 1869 684 coram
1894 634 2127 685 tondente

535 739 592 777 se
630 740 743 777 sine.
763 739 895 789 voce,
943 724 1016 777 sic
1059 740 1158 776 non
1186 725 1382 793 aperuit
1412 742 1466 778 os
1490 740 1637 777 suum
1666 738 1685 779 :
1709 724 1991 777 vulturibus
2016 725 2123 793 ejus

536 815 703 865 sanati
746 829 918 867 smnus
946 811 1097 884 (lsai.
1143 829 1252 879 un,
1298 813 1353 876 5,
1384 814 1462 883 7).
1513 811 1767 868 Videmus
1808 814 1973 877 enim,
2001 814 2122 883 quia

538 904 823 958 crucifixus
847 904 945 959 iste
972 905 1119 959 ducit
1156 916 1274 973 post
1296 920 1356 960 se
1380 921 1546 972 genus
1576 904 1901 969 humanum;
1928 917 1977 957 et
2010 907 2124 959 sine

538 1011 697 1051 causa
746 996 996 1050 dixerunt
1042 1006 1217 1064 patres
1262 996 1476 1050 nostri:
1512 995 1816 1049 Occidamus
1860 1012 2016 1061 eum,
2061 1011 2125 1048 ne

538 1089 778 1143 mentum
808 1088 1087 1157 pastillum
1127 1072 1299 1158 pergat
1341 1087 1518 1156 (Joun.
1550 1102 1641 1150 xu,
1672 1085 1782 1157 l9).
1829 1086 1990 1141 Forte
2015 1102 2119 1140 non

540 1172 658 1248 post
684 1194 803 1233 eum
840 1188 1104 1248 pergeret,
1149 1180 1191 1231 si
1243 1192 1346 1231 non
1372 1186 1516 1231 esset
1542 1177 1769 1230 occisus.
1812 1174 1880 1229 In
1905 1176 1998 1230 hoc
2024 1192 2115 1229 co-

537 1273 683 1341 gnovi
721 1272 958 1339 quoniam
989 1270 1187 1322 uoluisti
1225 1284 1321 1332 me,
1352 1270 1589 1337 quoniam
1624 1268 1983 1339 nongaudebit
2021 1268 2123 1322 iuit-

536 1362 696 1414 micns
721 1377 859 1413 meus
890 1378 1040 1429 super
1065 1376 1161 1413 me.

612 1457 697 1508 Μ.
741 1453 893 1526 [verm
940 1455 1024 1516 l5,
1069 1451 1178 1524 ιι]
1220 1450 1307 1505 He
1333 1460 1499 1505 autent
1543 1459 1748 1521 prapter
1774 1446 2115 1505 innocentiam

534 1561 696 1596 meam
723 1542 1005 1612 suscepisti.
1036 1542 1169 1597 Vere
1196 1543 1551 1595 innocentiam
1579 1557 1592 1593 ;
1619 1538 1977 1607 integritatem
2004 1539 2120 1594 sine

536 1642 773 1702 peccato,
806 1626 1307 1686 redditioncmsiue
1330 1629 1531 1691 debito.
1566 1628 1832 1699 ﬂagellum
1863 1628 1978 1682 sine
2006 1644 2120 1684 uie.-

542 1725 664 1777 rito.
693 1723 912 1792 Propter
938 1722 1274 1775 innocentiam
1302 1734 1463 1773 meant
1500 1718 1763 1790 suscepisti
1798 1734 1895 1785 me,
1924 1729 1971 1773 et
1996 1735 2119 1772 con-

535 1814 752 1881 ﬁrmasti
791 1829 870 1875 me
908 1814 959 1865 in
992 1798 1261 1879 iouspcctu
1292 1820 1379 1864 tuo
1407 1813 1461 1863 in
1488 1820 1751 1864 tetcrnunt.
1776 1809 2114 1869 Confirmain

535 1921 622 1959 me
653 1902 704 1957 in
728 1915 1006 1968 internum,
1036 1901 1317 1958 iulirmasti
1343 1901 1647 1971 adtempus
1671 1920 1684 1955 :
1708 1903 2114 1958 contirmastiin

534 2005 822 2066 COIlSpCClU
867 2006 995 2060 tuo,
1047 1995 1323 2049 infirmasti
1376 1995 1429 2049 in
1476 2004 1769 2061 conspectu
1817 1992 2113 2048 hominum.

538 2088 673 2155 Quid
704 2086 867 2157 ergo?
898 2084 1105 2141 Laudes
1138 2086 1248 2151 illi,
1286 2085 1449 2156 gloria
1483 2085 1577 2141 illi.
1610 2082 1904 2139 Benedictus
1931 2083 2115 2140 Domi.

536 2193 629 2230 nus
659 2176 797 2231 Dens
825 2175 1013 2231 Israel.
1044 2176 1137 2232 ille
1162 2185 1244 2230 est
1270 2178 1411 2230 enim
1443 2177 1579 2230 Deus
1611 2176 1790 2243 Israel,
1823 2177 1965 2231 Deus
2018 2192 2117 2231 no.-

534 2278 667 2332 ster,
698 2269 834 2323 lleus
861 2267 1045 2335 Jacob,
1068 2268 1206 2331 Deus
1230 2268 1450 2322 tninoris
1477 2269 1586 2329 lilii.
1618 2268 1758 2322 Deus
1778 2269 1999 2323 minoris
2024 2284 2116 2339 po-

534 2363 664 2431 puli.
694 2362 862 2417 Nemo
885 2362 1027 2415 dicat
1051 2378 1077 2417 :.
1096 2361 1168 2415 De
1192 2360 1393 2415 Jndteis
1418 2360 1519 2414 hoc
1548 2361 1703 2429 dixit,
1736 2376 1841 2415 non
1870 2377 1987 2415 sum
2015 2377 2114 2431 ego

535 2451 711 2506 Israeb
752 2452 915 2522 Magis
944 2451 1250 2506 Judminou
1281 2460 1406 2504 sunt
1445 2451 1627 2506 Israel.
1671 2451 1837 2521 Major
1873 2453 2016 2506 enim
2048 2453 2113 2506 fi-

535 2544 657 2605 lius,
689 2542 910 2611 ipsoest
948 2542 1119 2608 major
1148 2542 1371 2611 populus
1406 2541 1753 2610 reprobatus;
1788 2541 1981 2606 minor,
2015 2557 2112 2608 po-

533 2636 687 2702 pulus
724 2633 969 2687 dilectus.
1011 2630 1182 2708 Major
1208 2634 1394 2686 seruiet.
1413 2633 1593 2687 minori
1623 2631 1787 2702 (Gen.
1832 2648 1961 2702 xxv,
1987 2632 2106 2705 25),

532 2724 690 2776 ιιιηιιυ
722 2725 993 2792 impletum
1033 2731 1116 2775 est
1148 2723 1390 2790 :rmodo,
1426 2723 1652 2789 fratres,
1695 2722 1847 2777 nobis
1874 2724 2115 2779 serviunt

533 2814 725 2877 Judaei,
756 2824 1003 2882 tanquam
1029 2811 1253 2879 capsarii
1283 2812 1449 2866 nostri
1480 2821 1624 2878 sunt,
1653 2812 1987 2869 studentibus
2017 2827 2113 2867 no.-

531 2905 614 2959 bis
647 2903 862 2957 codices
898 2911 1116 2971 portant
1168 2902 1360 2956 Audite
1400 2902 1450 2956 in
1478 2918 1583 2971 quo
1623 2904 1776 2958 nobis
1800 2903 1967 2958 Judaei
1997 2920 2112 2961 scr-z

533 2995 699 3057 riunt,
736 3002 790 3047 ct
824 3007 931 3046 non
962 2991 1077 3046 sine
1109 3008 1291 3046 causa.
1333 2992 1461 3047 Cain
1501 2994 1589 3047 ille
1622 2994 1783 3048 frater
1806 2996 1996 3065 major,
2021 2998 2113 3066 qui

529 3082 723 3136 tn'cidil
748 3081 1007 3135 minorem
1040 3080 1290 3147 fratrem,
1320 3082 1530 3151 accepit
1567 3083 1773 3152 signum
1801 3098 1868 3139 ne
1892 3084 2108 3139 occide.-

532 3183 701 3236 retnr,
743 3172 794 3225 id
834 3180 938 3236 est,
984 3183 1041 3224 ιιι
1069 3182 1281 3227 maneat
1319 3172 1437 3241 ipse,
1465 3174 1691 3243 populus
1733 3174 1753 3245 (
1775 3172 1860 3229 Id.
1893 3190 1965 3240 tv,
1996 3176 2107 3247 l5).

530 3261 683 3331 Apud
714 3261 834 3315 illos
858 3272 980 3315 sunt
1004 3261 1283 3330 Propheta:
1318 3270 1375 3317 et
1401 3261 1510 3317 Lex
1536 3280 1552 3328 ;
1587 3264 1637 3317 in
1663 3278 1764 3333 qua
1804 3265 1942 3335 Lege
1974 3276 2029 3320 et
2056 3268 2107 3321 in

528 3363 719 3431 quibus
760 3360 1043 3429 Pt-Ophetis
1078 3360 1321 3415 Christus
1359 3361 1678 3430 praedicatus
1721 3370 1825 3418 est.
1884 3363 2110 3429 Quando

528 3453 734 3521 agimus
753 3466 874 3504 cum
898 3450 1145 3520 Paganis,
1166 3462 1221 3504 et
1240 3450 1571 3506 ostendimus
1594 3452 1694 3505 hoc
1713 3453 1929 3506 evenire
1949 3454 2108 3508 modo

527 3546 583 3598 in
615 3544 852 3598 Ecclesia
886 3542 1010 3597 Chri
1047 3544 1106 3607 ti,
1137 3542 1278 3613 quod
1305 3552 1433 3597 ante
1473 3543 1781 3612 prmdietum
1809 3556 1891 3599 est
1917 3544 1984 3599 de
2012 3562 2106 3599 no.

528 3637 669 3689 mine
692 3635 908 3700 Christi,
940 3632 1007 3688 de
1031 3635 1206 3703 capite
1230 3642 1286 3688 ct
1320 3648 1548 3703 corpore
1570 3633 1793 3702 Christi,
1826 3652 1892 3690 ne
1922 3646 2107 3706 putent

526 3740 625 3780 nos
660 3725 878 3785 ﬁnxisse
905 3726 1023 3779 illas
1067 3725 1468 3795 prtedietioucs,
1511 3735 1567 3781 et
1593 3739 1660 3781 ex
1690 3725 1775 3782 bis
1800 3729 1958 3783 rebus
1988 3744 2106 3799 quas

524 3819 850 3882 acciderunt,
882 3818 1032 3889 quasi
1076 3818 1268 3872 futura:
1312 3824 1513 3883 essent,
1557 3832 1658 3873 nos
1698 3822 2101 3890 conscripsisse,

523 3910 843 3992 |"ttl(!l'itntts
866 3908 1080 3964 codices
1104 3907 1433 3963 Judteorum.
1480 3908 1681 3979 Nempe
1704 3909 1872 3992 Iudici
1906 3912 2103 3969 inimiCi

524 4000 688 4052 nostri
724 4007 869 4063 Slml,
907 3998 975 4052 de
1013 3997 1212 4053 chartis
1252 3998 1451 4054 inimici
1490 3999 1825 4055 convincitur
1854 4002 2105 4059 adversa-

522 4095 651 4143 rius.
696 4091 882 4144 Omnia
909 4104 1037 4159 ergo
1068 4084 1323 4144 Domitius
1360 4089 1653 4158 distribuit,
1684 4092 1863 4149 omnia
1893 4110 1989 4165 pro
2016 4112 2105 4151 sa-

524 4183 633 4236 lute
681 4190 859 4235 nostra
908 4181 1193 4236 ordinavit.
1237 4181 1491 4237 Prtedisit
1527 4192 1652 4239 ante
1699 4200 1832 4253 nos,
1865 4187 2103 4259 implerit

523 4271 622 4325 hoc
655 4281 892 4341 tempore
914 4272 931 4303 ί
964 4280 1171 4338 nostro,
1200 4280 1256 4327 et
1282 4287 1405 4341 quae
1430 4273 1665 4330 nondum
1702 4276 1960 4347 implevit,
1998 4280 2099 4334 im-
2150 4328 2153 4331 .

521 4363 760 4428 pleturus
786 4370 887 4415 est.
936 4360 1117 4430 Itaque
1145 4369 1389 4417 tenemus
1417 4360 1784 4432 redditorem,
1826 4375 1884 4420 ut
1915 4368 2104 4425 creda-

517 4467 636 4505 mus
659 4450 955 4506 debitorem
986 4468 1001 4506 :
1031 4450 1153 4521 quia
1182 4459 1237 4506 et
1258 4451 1346 4505 illa
1374 4468 1494 4521 qua:
1523 4455 1761 4509 nondum
1790 4456 1962 4523 dedit,
2007 4460 2101 4514 da-

518 4543 626 4607 bit;
664 4543 805 4603 sicut
845 4557 908 4597 ea
945 4558 1065 4611 quas
1104 4542 1344 4598 nondum
1382 4543 1638 4613 dederat,
1677 4545 1843 4601 dedit.
1886 4548 1942 4604 Si
1980 4554 2099 4620 qu‘s

516 4632 744 4700 probare
772 4632 882 4685 vult
911 4631 999 4685 tibi
1037 4631 1146 4686 sint
1183 4633 1416 4700 scripta,
1446 4634 1586 4704 legat
1611 4634 1825 4708 Moysen
1866 4650 1921 4692 et
1963 4639 2097 4693 Pru-
2144 4654 2147 4655 '

513 4721 723 4793 phetas.
752 4723 806 4775 Si
845 4722 1037 4791 aliquis
1074 4724 1366 4792 perstrepit
1396 4724 1659 4791 inimicus,
1703 4737 1759 4783 et
1793 4728 1951 4797 dicit,
1992 4731 2098 4787 Vos

515 4813 666 4867 vobis
707 4811 1015 4881 prophetias
1058 4812 1325 4880 finxistis;
1371 4816 1710 4884 proferantur
1745 4821 1957 4876 codices
1997 4823 2094 4877 Ju-

509 4905 747 4956 dttmrtlttt
768 4943 783 4968 ,
829 4904 951 4972 quia
989 4905 1162 4972 major
1194 4905 1393 4960 serviet
1421 4906 1636 4962 minori.
1684 4908 1758 4965 lbi
1790 4911 1966 4982 legant
1995 4915 2093 4969 ista

512 4996 760 5065 prtedicta
782 5035 798 5059 ,
842 5010 961 5064 qua:
991 4995 1154 5049 modo
1182 4996 1425 5053 ridemus
1468 4999 1685 5068 impleta
1707 5042 1722 5067 ,
1754 5013 1808 5059 et
1848 5004 2094 5062 dicamus

507 5100 694 5138 omnes
720 5100 736 5136 :
768 5083 1068 5139 Benedictus
1106 5085 1356 5141 Dominus
1394 5086 1535 5143 Deus
1558 5090 1744 5158 Israel,
1774 5110 1807 5147 a
1835 5096 2020 5149 saeculo
2046 5106 2092 5150 et

504 5175 560 5227 in
581 5174 826 5229 secutum
852 5190 873 5229 :
898 5186 943 5231 et
970 5177 1099 5229 dicet
1128 5178 1292 5231 omnis
1319 5180 1558 5248 populus,
1590 5181 1729 5249 Fiat,
1761 5186 1874 5253 ﬁat.

559 5369 575 5402 ⁸
601 5370 827 5443 plerique
847 5377 983 5443 uss;
1010 5371 1255 5443 [frde
1276 5382 1386 5426 ante
1408 5380 1584 5443 annos.
1626 5378 1836 5443 implevit
1856 5382 1945 5434 hoc
1965 5390 2088 5436 ιεηι-

501 5441 649 5501 post,
671 5438 717 5483 et
732 5444 865 5496 quae,
887 5441 984 5485 etc.
1010 5440 1139 5484 Unus
1158 5442 1262 5502 Hs,
1286 5444 1396 5488 ante
1416 5440 1589 5490 multos
1610 5438 1784 5501 annos.

1765 332 1819 388 Si
1868 337 1904 385 Λ
1916 333 2226 389 UGUSTINI
2270 336 2571 393 EPISCUPI

3409 478 3811 493 _—.—-I—-

2680 527 2763 588 IN.
2802 528 3183 592 PSALMUM
3228 532 3371 594 XLI

2797 629 3211 687 ENARRATIO.

2760 736 2930 776 εειιιιο
2961 739 3030 776 ΑΙ)
3057 739 3284 778 PLEBEI.

2302 809 2354 863 lt
2389 808 2536 881 [rem
2564 810 2707 884 lo'5.]
2733 810 2869 868 Olim
2893 822 3053 867 estut
3072 814 3339 869 desiderat
3357 815 3531 890 anima
3555 824 3735 870 nostra
3760 817 3813 870 in

2228 900 2392 954 verbo
2421 901 2511 956 Dei
2541 902 2774 972 gaudere
2800 904 3095 970 vobiscum,
3126 914 3181 960 et
3218 906 3271 958 in
3307 905 3399 959 illo
3422 920 3518 959 vos
3556 905 3810 969 salutare.

2227 989 2317 1058 qui
2360 1000 2441 1043 est
2483 1003 2721 1045 nostrum
2766 992 3085 1062 adjutorium
3112 1003 3167 1049 et
3206 994 3457 1048 salutare.
3501 994 3653 1061 Quod
3685 1010 3813 1065 ergo

2230 1078 2481 1133 Dominus
2504 1080 2614 1143 dat,
2653 1081 2829 1135 audite
2856 1097 2952 1151 per
2977 1098 3097 1147 nos,
3134 1092 3191 1139 et
3220 1086 3271 1137 in
3304 1083 3393 1137 illo
3417 1084 3685 1148 exsultaie
3714 1099 3811 1137 no-

2228 1168 2426 1222 biscum
2456 1170 2508 1223 in
2538 1186 2783 1227 sermone
2810 1171 2944 1241 ejus,
2970 1184 3024 1228 et
3047 1174 3099 1227 in
3128 1174 3349 1230 veritate
3373 1183 3428 1230 et
3460 1175 3512 1229 in
3551 1175 3813 1237 charitate

2224 1258 2359 1326 ejus.
2387 1259 2658 1316 Psalmum
2696 1264 2836 1316 enim
2867 1264 3216 1332 suscepimus,
3245 1263 3312 1319 de
3349 1279 3455 1335 quo
3480 1263 3809 1335 loquendum

2225 1360 2308 1405 est
2343 1352 2512 1417 vobis,
2548 1366 2839 1423 congruum
2867 1352 3133 1409 desiderio
3159 1366 3339 1410 vestro
3378 1356 3417 1409 ί.
3461 1354 3637 1425 Cmpit
3666 1356 3809 1410 enim

2226 1442 2337 1509 ipse
2362 1444 2592 1511 psalnms
2617 1453 2853 1498 asam-tn
2872 1446 3102 1515 qundam
3126 1444 3417 1512 desiderio,
3445 1455 3501 1501 et
3517 1447 3598 1500 ait
3617 1446 3709 1516 qui
3732 1448 3811 1502 sic

2222 1544 2400 1588 mutat
2423 1552 2436 1587 :
2462 1533 2908 1599 Quemadmodum.
2918 1536 3166 1595 desiderat
3186 1553 3359 1592 ceram
3378 1537 3447 1591 ad
3467 1542 3629 1609 fontes
3648 1555 3809 1609 aqua-

2222 1642 2333 1677 rum
2352 1665 2367 1688 ,
2408 1626 2479 1679 ita
2504 1627 2755 1681 desiderat
2783 1628 2955 1681 anima
2991 1644 3101 1682 mea
3128 1628 3197 1682 ad
3224 1637 3289 1694 te,
3314 1627 3475 1683 Deus.
3515 1628 3648 1697 Quis
3677 1644 3808 1701 ergo

2222 1716 2417 1784 estqui
2449 1718 2551 1772 hoc
2575 1717 2740 1773 dicit?
2769 1716 2823 1773 Si
2866 1719 3146 1783 volumus,
3193 1735 3292 1774 nos
3330 1734 3533 1775 sumus.
3575 1722 3638 1776 Et
3679 1722 3807 1791 quid

2221 1822 2428 1875 quairas
2462 1818 2610 1864 extra
2648 1811 2890 1880 quisnam
2918 1812 3016 1875 sit,
3054 1827 3176 1866 cum
3206 1812 3261 1880 in
3304 1820 3393 1868 tua
3438 1824 3701 1883 potestate
3737 1817 3809 1871 sit

2219 1911 2340 1952 esse
2377 1899 2518 1968 quod
2557 1899 2792 1970 qumris?
2828 1900 3026 1957 Tamen
3056 1917 3165 1957 non
3209 1917 3347 1957 unus
3376 1902 3538 1973 homo
3564 1915 3668 1968 est,
3709 1906 3812 1977 sed

2222 2001 2384 2041 unum
2421 2001 2615 2059 corpus
2639 2000 2721 2045 est
2755 2008 2770 2044 :
2802 2005 2997 2061 corpus
3023 1999 3199 2049 autem
3229 1991 3425 2048 Christi
3459 1994 3693 2050 Ecclesia
3722 2006 3808 2067 est,

2221 2076 2435 2149 (Coloss.
2463 2096 2501 2145 ι,
2523 2079 2638 2152 ει).
2661 2080 2771 2136 Nec
2797 2081 2848 2136 in
2872 2082 3122 2138 omnibus
3147 2084 3236 2153 qui
3264 2084 3461 2139 intrant
3482 2084 3807 2151 Ecclesiam,

2220 2174 2482 2228 invenitur
2532 2177 2639 2237 tale
2678 2176 3006 2233 desiderium
3056 2195 3071 2231 :
3118 2177 3214 2233 sed
3259 2188 3449 2245 tamen
3482 2179 3807 2251 quicumque

2218 2268 2530 2323 suavitatem
2576 2268 2785 2323 Domini
2829 2277 3207 2340 gustaverunt,
3257 2279 3312 2325 et
3351 2271 3493 2341 quod
3537 2271 3618 2327 eis
3659 2274 3802 2344 sapit

2218 2368 2509 2425 agnoscunt
2538 2360 2590 2413 in
2619 2358 2863 2425 Cantica,
2894 2376 2999 2415 non
3029 2368 3217 2430 putent
3252 2374 3313 2420 se
3335 2361 3483 2416 solos
3519 2377 3640 2418 esse
3657 2379 3685 2429 ;‘
3705 2364 3809 2431 sed

2219 2448 2340 2499 talia
2380 2448 2583 2503 semina
2622 2463 2809 2519 sparsa
2845 2448 3069 2509 credant
3107 2450 3159 2505 in
3187 2464 3317 2519 agro
3345 2450 3646 2518 dominico,
3690 2462 3806 2510 toto

2219 2537 2345 2591 urbe
2376 2547 2635 2592 terrarum
2657 2578 2672 2601 ,
2701 2551 2752 2593 et
2786 2539 3063 2609 cujusdam
3094 2540 3311 2597 unitatis
3335 2541 3641 2599 christiana:
3680 2560 3806 2603 esse

2220 2642 2399 2681 vocem
2424 2627 2566 2682 hanc
2594 2645 2607 2682 :
2644 2628 3077 2695 Quemadmodum
3105 2631 3358 2699 desiderat
3391 2649 3565 2690 cerens
3589 2637 3660 2689 ad
3685 2642 3804 2709 [on-

2217 2726 2288 2772 tes
2327 2732 2596 2785 aquarum,
2639 2719 2711 2773 sic
2737 2719 2987 2782 desiderat
3011 2722 3184 2775 anima
3213 2738 3324 2776 mea
3356 2723 3425 2778 ad
3448 2732 3516 2793 te,
3545 2723 3703 2781 Deus.
3731 2726 3804 2784 Et

2214 2804 2426 2875 quidem
2468 2821 2575 2867 non
2616 2809 2754 2870 male
2791 2808 3104 2881 intelligitur
3139 2825 3239 2865 vos
3277 2826 3398 2869 esse
3436 2828 3621 2870 eorum
3664 2818 3757 2888 qui
3782 2859 3803 2883 ι

2215 2912 2335 2954 eum
2355 2897 2462 2951 sint
2480 2898 2869 2963 catechumeni.
2893 2898 2959 2955 ad
2985 2900 3209 2972 gratiam
3234 2903 3401 2981 sancti
3428 2904 3621 2961 lavacri
3652 2906 3799 2963 festi~

2214 2999 2363 3044 naut.
2392 2989 2541 3045 Unde
2562 3002 2616 3047 et
2639 2992 2947 3048 solemniter
2972 3002 3214 3049 cantatur
3240 2994 3326 3049 hic
3350 2996 3605 3067 psalmus,
3639 3009 3699 3053 ut
3726 3002 3798 3055 ita

2212 3080 2518 3135 desiderent
2556 3082 2752 3137 fontem
2784 3082 3115 3139 remissionis
3142 3095 3480 3154 peccatorum
3500 3128 3517 3153 ,
3555 3093 3799 3163 attenuat-

2214 3172 2417 3225 modum
2440 3172 2693 3228 desiderat
2732 3190 2904 3229 cervus
2933 3175 3004 3230 ad
3042 3179 3204 3248 fontes
3238 3193 3508 3257 aquarum.
3537 3179 3620 3249 Sit
3656 3182 3802 3257 hoc,

2214 3263 2512 3334 habeatque
2547 3265 2722 3321 locum
2752 3267 3051 3324 intellectus
3078 3269 3179 3325 iste
3207 3269 3260 3325 in
3292 3253 3534 3329 Ecclesia
3560 3285 3617 3331 et
3642 3253 3800 3333 vera-4

2212 3371 2329 3410 cem
2350 3367 2402 3411 et
2426 3356 2740 3413 solemnem.
2768 3357 3168 3425 Verumtamen,
3192 3361 3405 3432 fratres,
3432 3364 3641 3421 videtur
3661 3369 3803 3425 mihi

2211 3449 2368 3502 etiam
2405 3449 2459 3505 iu
2489 3448 2808 3519 Baptismate
2838 3448 3081 3507 fidelibus
3118 3450 3353 3507 nondum
3388 3469 3509 3510 esse
3539 3458 3795 3515 satiatum

2213 3541 2315 3594 tale
2339 3539 2660 3595 desiderium
2686 3558 2707 3596 :
2733 3540 2825 3597 sed
2856 3540 3116 3606 fortassis,
3146 3543 3191 3598 si
3219 3554 3416 3600 norunt
3440 3544 3527 3601 ubi
3555 3548 3796 3619 peregri-

2210 3639 2422 3695 nentur,
2466 3638 2524 3685 et
2544 3645 2653 3702 quo
2677 3631 2758 3687 cis
2787 3632 3167 3701 transeundum
3194 3634 3297 3701 sit,
3328 3635 3491 3690 etiam
3519 3637 3795 3696 ardentius

2210 3722 2623 3779 inflammantur.

2278 3814 2334 3867 2.
2377 3814 2612 3884 Denique
2650 3815 2835 3875 titulus
2865 3818 2980 3885 ejus
3012 3824 3097 3886 est
3131 3833 3147 3872 :
3177 3814 3244 3871 In
3270 3818 3421 3886 ﬁnem
3440 3861 3456 3882 ,
3482 3819 3535 3874 in
3587 3820 3793 3878 intelleo

2207 3914 2343 3959 ctuti:
2361 3906 2382 3937 ³
2405 3906 2525 3973 [iliis
2545 3898 2690 3969 Core,
2710 3903 2969 3963 Psalmus.
2988 3905 3155 3962 Filios
3175 3907 3313 3973 Core
3332 3908 3631 3979 invenimus
3656 3924 3712 3967 et
3740 3915 3793 3970 in

2206 3997 2323 4049 aliis
2352 3996 2683 4051 Psalmonnn
2724 3996 2888 4060 titulis
2930 3996 3121 4069 (Paul.
3170 4000 3546 4071 κμιι-ιιπιιι),
3586 4010 3644 4057 et
3676 4004 3790 4074 jam

2206 4096 2461 4142 tractasse
2490 4103 2587 4143 nos
2616 4090 2990 4153 meminimus,
3033 4098 3088 4145 et
3128 4089 3340 4153 locutos
3376 4107 3497 4147 esse
3532 4094 3659 4164 quid
3687 4097 3790 4151 sibi

2206 4180 2311 4235 hoc
2348 4194 2539 4235 nomen
2576 4180 2702 4234 velit
2738 4196 2751 4233 :
2786 4180 2857 4234 ita
2894 4189 3073 4250 tamen
3108 4195 3251 4237 nunc
3288 4188 3792 4251 commemorandis:

2205 4282 2288 4327 est
2317 4273 2417 4328 iste
2455 4271 2636 4328 titulus
2656 4312 2672 4335 ,
2711 4282 2768 4326 ut
2806 4288 2912 4327 non
2943 4274 3097 4327 nobis
3124 4275 3274 4344 quasi
3305 4275 3617 4346 pra-.judicet
3641 4282 3787 4350 quod

2199 4363 2309 4432 jam
2353 4361 2619 4427 diximus,
2661 4374 2718 4417 ιιι
2746 4364 2997 4434 deinceps
3026 4381 3130 4418 non
3173 4365 3413 4422 dicamus
3452 4385 3466 4422 :
3509 4384 3613 4425 non
3642 4371 3787 4428 enim

2207 4456 2525 4523 ubicumque
2567 4454 2817 4520 diximus,
2861 4470 3050 4511 omnes
3088 4456 3388 4511 adfuerunt.
3427 4457 3563 4514 Core
3590 4461 3788 4533 aliquis

2204 4543 2363 4597 homo
2393 4544 2583 4611 fuerit,
2611 4544 2747 4599 sicut
2774 4543 2902 4607 fuit,
2935 4545 3285 4617 habueritque
3314 4548 3449 4603 filios
3478 4551 3566 4619 qui
3597 4556 3786 4622 appel-

2202 4634 2438 4690 larentur
2464 4636 2553 4704 lilii
2579 4635 2717 4691 Core
2738 4634 2923 4707 (Nam.
2952 4652 3108 4705 xxvi,
3134 4639 3226 4708 ll)
3254 4656 3269 4692 :
3298 4654 3395 4695 nos
3424 4649 3601 4697 tamen
3628 4660 3782 4701 arei-

2203 4742 2325 4778 mnu
2350 4726 2667 4780 sacramenti
2690 4737 3009 4789 scrutemur.
3032 4736 3089 4783 ut
3110 4743 3302 4784 nomen
3325 4731 3425 4785 hoc
3446 4738 3781 4804 mysterium,

2201 4834 2306 4885 quo
2326 4818 2601 4887 graiidnm
2630 4826 2732 4897 est,
2762 4819 2945 4885 pariat.
2973 4820 3143 4889 Magni
3170 4822 3312 4876 enim
3342 4830 3659 4880 sacramenti
3694 4845 3783 4883 res

2198 4910 2301 4975 est',
2348 4920 2405 4964 ut
2445 4910 2729 4964 Christiani
2777 4912 3112 4980 appellentur
3155 4911 3246 4967 ﬁlii
3294 4915 3453 4970 Core.
3503 4916 3657 4974 Unde
3688 4922 3779 4975 lilii

2196 5000 2373 5056 Core?
2398 5000 2520 5056 Filii
2546 5002 2751 5072 sponsi,
2778 5003 2869 5056 lilii
2898 5002 3116 5059 Christi.
3148 5004 3277 5059 Dicti
3306 5015 3430 5061 sunt
3456 5008 3600 5062 enim
3627 5010 3780 5065 Cbri.

2196 5090 2379 5156 stiani,
2423 5090 2515 5145 lilii
2553 5092 2735 5160 sponsi
2772 5089 2984 5163 (Matth.
3020 5108 3095 5156 is,
3136 5091 3247 5165 15).
3280 5094 3455 5161 Quare
3482 5112 3611 5167 ergo
3639 5099 3780 5155 Core

2195 5180 2482 5235 Christus?
2526 5182 2658 5246 Quia
2702 5180 2838 5236 Core
2884 5181 3264 5249 interpretatur
3306 5183 3566 5241 Calvaria.
3610 5187 3777 5244 Multo

2194 5271 2449 5324 remotius
2477 5280 2558 5324 est
2589 5271 2708 5325 hoc.
2752 5271 3064 5336 Qnmrebam
3105 5288 3271 5342 quare
3307 5272 3445 5330 Core
3480 5274 3729 5333 Christus
3762 5298 3774 5333 :

2194 5362 2447 5415 intentius
2488 5377 2667 5429 qiurru
2697 5378 2861 5429 quare
2890 5362 3132 5417 Christus
3169 5364 3233 5415 ad
3272 5362 3569 5420 Gali-ariam
3605 5372 3773 5435 peni,

2192 5470 2320 5508 iere
2346 5455 2602 5507 videatur.
2652 5453 2838 5509 Nonne
2875 5453 2986 5524 jam
3023 5455 3255 5510 occurrit
3281 5452 3334 5510 in
3366 5456 3482 5511 loco
3511 5458 3771 5514 Calvarim

2188 5544 2470 5597 crucilixus
2483 5542 2865 5613 (Maturxsvn,
2882 5546 3000 5615 35)?
3010 5544 3500 5603 Oceurritomnino.
3520 5549 3661 5620 Ergo
3677 5551 3768 5606 lilii

2222 5714 2233 5725 .
2252 5654 2269 5687 ί
2297 5662 2401 5703 Mss.
2432 5655 2652 5725 aliquot,
2675 5654 2919 5706 desiderio
2930 5661 3106 5707 nostra.
3151 5655 3298 5709 Ilulto
3337 5658 3506 5720 plures
3523 5693 3541 5718 .
3567 5661 3764 5716 deside-

2188 5724 2315 5767 rium
2338 5724 2566 5765 nostrum.

2256 5780 2276 5812 ³
2297 5780 2369 5829 sic
2390 5785 2493 5827 Mss.
2516 5780 2651 5838 juxta
2669 5784 2817 5828 Graio.
2844 5784 2970 5828 LXX.
2989 5788 3042 5830 At
3064 5780 3199 5855 πίω,
3217 5778 3266 5832 in
3283 5778 3425 5842 ﬁnem
3442 5779 3729 5843 intellectus.
