1989 3164
98 202 152 230 ωδ

99 260 202 295 sponsi,
224 259 269 286 lilii
290 259 421 295 passionis
440 258 521 292 illius,
548 258 593 285 lilii
610 257 739 293 redempti
763 256 891 292 sanguine

100 305 183 338 illius,
199 305 245 332 lilii
258 304 347 332 crucis
361 305 442 335 illius.
459 308 596 339 portantes
614 303 641 330 in
655 302 743 330 fronte
756 302 826 338 quod
842 301 894 329 ini-

100 352 159 380 ιιιὶιὶ
176 350 204 378 in
215 350 344 378 Calvaria‘.
359 351 418 377 loco
433 351 557 379 lixcrnnt.
572 349 741 384 appellantur
752 348 797 375 lilii
807 348 893 375 Core:

100 397 153 424 illis
169 401 292 425 cantatur
311 396 361 423 iste
376 396 494 431 psalmus
514 395 540 422 in
562 395 737 422 intellectum.
758 393 894 421 Intellecta

99 445 190 478 itaque
202 444 350 471 excitemur
361 443 369 458 ¹
379 450 387 475 ;
398 447 425 469 et
438 442 459 468 si
472 441 549 469 nobis
559 445 692 473 cantatur.
704 439 893 475 intelligamus.

99 488 170 522 Quid
192 488 350 516 intellecturi
373 486 485 515 smnus?
506 486 532 514 in
551 494 630 521 quem
646 485 809 514 intellectum
823 484 894 520 psal-

99 541 161 562 mus
176 534 227 561 istc
248 533 390 561 cantatur?
410 531 502 560 Audeo
521 531 611 559 dicere
632 540 640 559 :
661 530 804 559 invisibilia
823 530 895 557 enim

98 581 159 614 ejus
171 588 186 607 a
199 584 320 607 creatura
332 578 423 606 mutuli
435 586 482 613 per
494 585 524 605 ea
539 585 598 610 qum
612 576 678 603 l'arta
691 582 753 603 sunt
764 576 896 603 intellecta

98 626 302 661 conspiciuntur
322 624 408 659 (limit.
432 633 450 654 ι,
470 624 528 659 9.0).
549 624 606 656 Eia,
622 623 727 654 fratres,
742 622 894 649 aviditatem

87 679 189 698 auram
199 670 297 705 rapite,
308 670 469 697 desiderium
483 670 532 695 hoc
544 677 647 695 mecum
659 670 669 683 ⁵
682 667 893 695 conuunuicatc:

98 717 179 744 simul
193 725 325 749 amemus,
336 716 415 743 simul
429 717 454 742 in
470 716 519 742 hac
531 715 574 742 siti
588 714 802 746 eXardescamus,
817 714 896 741 simul

76 781 82 783 Α
99 762 132 791 ad
158 762 258 790 fontem
279 761 441 796 intelligendi
457 767 605 788 curramus.
618 787 620 789 ,
632 759 819 787 Dcsideremus
833 767 895 793 ergo

97 806 174 836 velut
186 815 283 835 cervus
298 807 408 837 fontem,
422 810 535 840 excepto
547 806 592 833 illo
606 805 678 833 fonte
692 813 771 840 quem
787 809 895 838 propter

99 854 286 880 remissionem
311 858 480 887 peccatorum
505 852 658 879 desiderant
679 851 848 885 baptizandi.
870 855 897 877 (ιι

98 899 154 934 jam
168 897 292 933 baptizati
305 898 488 925 desideremus
502 898 577 924 illum
591 897 702 928 fontem,
716 900 750 923 de
761 905 812 931 quo
825 897 895 923 Srri-

99 951 180 981 plura
194 945 245 973 alia
257 944 325 972 dicit
341 953 348 971 :
367 944 493 977 Quoniam
508 942 577 978 apud
592 948 614 969 te
624 948 663 970 'est
679 946 736 978 fons
751 943 815 969 ritw.
840 942 896 975 lpuc

99 991 174 1019 enim
189 990 249 1018 l'ons
262 995 288 1017 et
302 989 391 1017 lumen
406 994 447 1016 est.
461 998 467 1014 :
483 989 609 1024 quoniam
624 990 649 1015 in
663 989 756 1015 lumine
770 994 812 1014 tuo
826 989 895 1014 vitle-

99 1036 183 1064 bimut
195 1036 278 1063 lumen
291 1034 375 1070 (Paul.
389 1042 455 1062 ιιιιιι
465 1055 472 1067 ,
486 1035 540 1068 l0).
553 1033 580 1061 Si
594 1038 621 1061 et
634 1033 692 1061 lous
702 1039 754 1064 est,
766 1038 793 1060 ιιι
807 1034 895 1060 lunien

100 1086 161 1113 est;
178 1081 273 1109 merito
286 1085 313 1108 et
327 1081 475 1108 intellectus
488 1084 546 1111 est,
560 1079 621 1115 quia
641 1083 667 1106 et
682 1080 760 1106 satiat
781 1080 895 1106 animum

101 1128 206 1155 avidum
219 1126 340 1158 sciendi;
357 1132 384 1153 rt
397 1127 484 1154 onmis
498 1127 543 1161 qui
558 1125 692 1161 intelligit,
711 1126 770 1152 luce
782 1127 895 1160 quadam

101 1181 155 1200 non
169 1172 318 1208 corporali,
337 1179 388 1199 non
405 1172 515 1204 carnali|
532 1180 583 1198 non
599 1172 745 1200 exteriore.
763 1172 809 1197 sed
827 1172 896 1197 intc—

102 1219 174 1247 riorc
186 1219 345 1246 illustratur.
360 1218 406 1244 Est
418 1225 492 1251 ergo.
507 1217 615 1246 fratres.
626 1216 746 1251 quaedam
760 1217 801 1242 lux
815 1216 894 1249 intus,

100 1273 181 1300 quatit
197 1257 255 1291 non.
265 1263 361 1291 habent
381 1263 425 1298 qui
442 1271 493 1289 non
509 1262 669 1296 intelligunt.
693 1262 768 1289 Unde
781 1262 835 1296 jnu
851 1270 897 1288 eos

100 1310 145 1344 qtti
157 1309 310 1337 desiderant
322 1309 393 1335 hunc
407 1309 506 1336 fontem
523 1308 592 1340 vita},
614 1314 640 1334 et
653 1308 713 1335 inde
724 1308 821 1342 aliquid
837 1316 896 1334 car-

102 1363 186 1393 punt,
201 1357 345 1391 alloquitur
367 1356 510 1391 Apostolus
526 1355 670 1382 obsecrans
683 1376 689 1386 ,
714 1360 739 1381 et
757 1356 821 1381 dicit
837 1364 843 1381 ς
864 1355 897 1381 Ut

97 1404 155 1439 jam
171 1411 222 1429 nou
234 1402 364 1428 ambulelis
379 1402 444 1429 sicut
465 1406 488 1428 et
500 1400 593 1428 Gentes
607 1402 737 1427 ortibultmt
751 1401 776 1427 in
791 1403 898 1427 volutata

102 1448 192 1476 metatis
207 1455 259 1475 mw
269 1468 276 1479 ,
295 1447 423 1474 obscurati
436 1446 604 1481 intelligentia
614 1467 621 1479 ,
638 1446 743 1473 alienati
756 1455 770 1472 ιι
786 1446 836 1471 ritu
853 1446 897 1472 Ih-i

103 1504 148 1529 per
162 1494 330 1530 ignorantiam
345 1501 401 1528 qua:
412 1499 447 1519 est
464 1493 487 1519 in
502 1492 564 1523 illis,
580 1498 681 1526 propter
692 1493 828 1519 ra'cilutcm
842 1501 899 1518 car—

102 1543 142 1569 dis
156 1542 270 1577 ipsorum
284 1540 390 1576 (Ep/tes.
407 1548 445 1573 iv,
462 1540 503 1571 l7,
520 1539 575 1575 18).
591 1539 618 1566 Si
632 1548 695 1573 ergo
710 1540 745 1565 illi
763 1539 896 1566 obscurati

102 1592 165 1615 sunt
179 1586 364 1621 intelligentia,
381 1586 405 1612 id
420 1590 471 1617 est.
485 1584 545 1619 quia
561 1593 613 1611 non
629 1584 787 1619 intelligunt,
804 1589 899 1611 ιιιιςιῖιιο

101 1637 214 1665 rantur;
228 1640 293 1667 ergo
312 1632 356 1667 qui
379 1632 530 1666 intelligunt
552 1631 744 1657 illutninantur.
760 1631 843 1658 Curre
865 1632 897 1658 ad

102 1678 201 1712 futiles,
214 1679 336 1707 desidera
347 1685 477 1713 aquarum
488 1677 586 1703 l'ontes.
600 1676 676 1712 Apud
689 1676 770 1703 Deum
785 1682 825 1703 est
840 1676 898 1704 fons

103 1727 165 1754 vita:
177 1730 206 1753 et
220 1724 380 1752 insiccabilis
400 1724 460 1751 fons
479 1732 487 1750 ί
505 1724 530 1750 in
548 1723 617 1750 illius
636 1722 693 1749 luce
713 1722 801 1749 lumen
824 1722 899 1749 inob-

102 1771 245 1800 ttcurabile.
269 1770 371 1798 Lumen
394 1769 445 1796 hoc
465 1768 605 1801 desident,
620 1767 763 1800 quemdam
781 1768 899 1800 lentem,

101 1817 237 1854 quoddam
251 1817 341 1844 lumen
361 1815 440 1850 quale
461 1823 512 1843 non
527 1818 626 1841 norunt
641 1813 711 1841 oculi
729 1814 784 1845 tui;
801 1814 842 1840 cui
857 1813 898 1840 lu-

103 1864 169 1893 mini
191 1863 304 1891 videndo
326 1862 420 1890 oculus
442 1862 553 1888 interior
574 1865 750 1896 prteparatur,
768 1860 810 1886 cui
835 1859 898 1887 fonti

101 1911 254 1940 hauriendo
268 1910 327 1937 sitis
342 1910 454 1937 interior
469 1907 623 1935 inardescit.
639 1908 725 1933 Curru
740 1906 771 1932 ad
788 1906 899 1938 fontem,

103 1957 226 1986 desidera
250 1956 350 1983 fontem
371 1964 379 1982 :
399 1955 445 1981 sed
462 1955 514 1980 noli
532 1960 685 1987 utcmnquc,
702 1952 754 1979 noli
770 1958 796 1978 ut
810 1952 901 1985 quale~

102 2009 219 2037 cumque
233 2001 331 2028 animal
347 2007 473 2031 currere;
498 2003 525 2026 ut
545 2006 640 2025 cervus
661 2005 747 2024 curre.
765 1997 832 2031 Quid
848 2001 899 2029 est,

104 2055 131 2078 ιιι
154 2049 271 2077 cervus?
294 2048 351 2075 Non
376 2048 412 2074 sit
434 2045 544 2073 tarditas
567 2045 591 2071 in
617 2044 765 2075 currendo,
790 2044 903 2078 impigre

105 2104 195 2127 curre,
212 2095 325 2129 impigre
339 2093 461 2121 desidera
478 2093 587 2118 fontem.
603 2089 756 2117 invenimus
771 2090 842 2116 enim
859 2089 901 2115 in-

103 2143 180 2177 signe
193 2140 343 2168 velocitatis
359 2139 384 2165 in
398 2146 488 2166 cervo.

138 2187 169 2215 5.
187 2186 240 2214 Sed
256 2186 324 2213 forte
337 2192 390 2212 non
405 2184 456 2211 hoc
469 2183 607 2218 Scriptura
621 2182 707 2208 solum
723 2189 771 2208 nos
784 2181 810 2207 in
822 2188 901 2207 cervo

103 2233 281 2262 considerare
293 2232 387 2264 voluit,
401 2231 447 2257 sed
459 2235 484 2257 et
496 2229 577 2256 aliud.
591 2229 657 2256 Audi
669 2228 731 2263 quid
744 2228 812 2255 aliud
825 2233 864 2255 est
876 2229 900 2254 iu

102 2287 195 2308 corvo.
211 2279 356 2312 Serpentes
372 2280 460 2308 ueCat,
474 2280 501 2303 et
518 2280 576 2310 post
590 2275 755 2309 serpentium
772 2274 900 2300 intemn-

104 2325 226 2361 ptiouem
242 2322 335 2358 majori
348 2322 390 2349 siti
407 2321 560 2351 inardescit,
575 2320 719 2354 peremptis
733 2319 902 2353 serpentibus

102 2371 136 2399 ad
148 2370 238 2398 futiles
251 2370 339 2396 acrius
352 2369 443 2395 currit.
456 2366 601 2400 Serpentes
614 2366 675 2391 vitia
688 2370 729 2391 tua
744 2370 805 2391 sunt
819 2374 825 2390 2
838 2373 903 2391 enn-

103 2424 183 2445 suute
197 2419 337 2450 serpentes
354 2414 509 2448 iniqmtaiis,
527 2418 588 2438 tunc
603 2411 717 2445 amplius
738 2410 903 2436 desiderabis

105 2462 209 2491 loulem
222 2460 352 2488 veritatis.
369 2459 485 2486 Avaritia
500 2460 568 2483 t'orte
584 2458 610 2483 iu
626 2461 650 2483 te
667 2456 837 2482 lcnchrt'snm
853 2457 902 2481 ali-

103 2508 170 2545 quid
186 2507 293 2540 sibilat,
308 2510 335 2533 et
354 2505 442 2532 sibilat
457 2505 586 2531 adversus
607 2503 718 2529 vcrbmu
735 2502 799 2533 Dei,
816 2502 904 2527 sibilat

105 2554 238 2582 adversus
252 2557 412 2586 pnuceptum
428 2550 471 2577 Dei
490 2558 496 2576 :
519 2553 546 2576 et
565 2557 590 2582 qi
606 2558 610 2562 ~
624 2571 627 2574 .
648 2548 694 2573 tibi
708 2547 815 2577 dicitur,
833 2545 903 2571 Con-

106 2605 198 2628 temne
214 2597 325 2633 aliquid,
339 2604 373 2625 ne
387 2596 467 2623 facias
484 2595 667 2630 llilqtlil:t..:lll;
682 2594 704 2619 si
719 2595 803 2619 mavis
819 2592 905 2619 facere

106 2645 296 2680 iniquitatem,
322 2650 403 2677 quam
428 2641 534 2675 aliquod
562 2639 731 2667 connuodum
759 2639 906 2672 temporale

106 2697 299 2722 contemnere,
320 2689 438 2717 morderi
455 2688 530 2723 eligis
554 2695 567 2713 a
582 2691 723 2720 serpente,
739 2694 817 2719 quant
834 2685 905 2719 peri-

107 2746 183 2767 mere
200 2740 364 2772 serpentcm.
385 2735 451 2762 Cum
469 2741 533 2768 ergo
548 2733 635 2759 adhuc
657 2732 745 2757 faveas
760 2731 825 2757 vitio
841 2735 886 2757 tuo
897 2751 905 2763 ,

105 2783 246 2818 cupiditati
261 2787 324 2814 tute,
340 2780 458 2807 avaritia:
472 2783 534 2810 tum,
546 2777 664 2811 serpenti
681 2781 743 2808 tuo;
758 2776 865 2810 quando
880 2776 905 2802 lu

107 2836 133 2858 te
156 2829 265 2857 invenio
285 2829 338 2855 tale
357 2825 537 2855 desiderium,
557 2831 611 2859 quo
631 2829 722 2850 curras
744 2822 777 2849 ad
801 2821 899 2849 fontem

140 2897 150 2914 |
164 2895 259 2927 Aliquot
266 2897 334 2919 3155.:
351 2891 497 2917 mtellertttnt
508 2890 589 2921 itaque
601 2891 735 2914 scrutemur

140 2929 151 2945 ²
164 2927 278 2958 Plerique
287 2928 351 2955 Mss,
364 2930 452 2949 mwn.

664 198 826 227 ENAIIRA'I‘
829 196 862 225 l0
881 196 913 223 IN
933 196 1093 228 PSALSIUSI
1115 200 1180 229 XLI.

1690 202 1742 231 566

949 265 1077 291 aquarum
1086 258 1099 285 ’ἔ
1111 257 1218 293 quando
1227 259 1395 294 concupiscis
1409 259 1508 287 fontem
1520 260 1668 295 mpieutiae,
1678 268 1741 288 cum

946 303 1034 331 adhuc
1059 304 1165 332 labores
1189 305 1216 332 in
1238 312 1344 333 veneno
1367 306 1494 333 malitia”
1517 306 1637 335 lnlcrliee
1662 307 1688 335 in
1715 312 1741 336 te

947 349 1075 385 quidquid
1097 350 1259 378 contrarium
1275 356 1315 378 est
1334 351 1438 379 veritati
1459 360 1467 379 :
1482 357 1507 379 et
1523 359 1584 380 cum
1599 358 1625 380 te
1641 353 1743 382 videris

948 398 1072 429 tanquam
1085 403 1181 423 vacare
1194 403 1209 423 a
1221 396 1410 431 cupiditatibus
1424 398 1570 432 perversis,
1585 397 1639 426 noli
1654 406 1743 426 rema-

948 448 1012 467 nere
1026 441 1101 476 quasi
1118 450 1170 468 non
1186 442 1220 469 sit
1235 442 1306 477 quod
1320 442 1469 470 desideres.
1487 442 1535 471 Est
1547 444 1618 472 enim
1630 444 1742 478 aliquid,

947 493 1000 521 quo
1012 491 1038 514 te
1052 487 1145 519 tollas;
1160 487 1182 514 si
1193 487 1249 522 jam
1262 488 1338 523 egisti
1354 488 1381 516 in
1394 493 1431 521 te,
1442 494 1471 517 ιιι
1484 497 1538 517 non
1552 490 1588 517 sit
1601 490 1745 525 impeditur

947 536 1040 560 contra
1054 537 1090 560 te.
1105 533 1227 561 Dicturus
1238 534 1311 562 enim
1325 542 1355 562 es
1369 534 1438 563 l'orte
1450 535 1505 570 jam
1524 534 1600 568 mibi.
1611 535 1635 564 si
1646 543 1744 564 cervum

947 585 978 605 es
992 586 999 606 :
1014 578 1085 606 Deus
1097 579 1169 606 novit
1184 587 1236 607 non
1250 588 1293 608 me
1303 580 1358 615 jam
1371 588 1493 613 avarum.
1509 589 1562 609 non
1577 589 1620 610 me
1630 581 1686 617 jam
1698 590 1745 610 cu—

945 623 1069 659 jusquam
1084 632 1143 652 rem
1157 626 1356 661 concupiscere,
1379 634 1432 654 non
1452 627 1576 655 adulterii
1597 627 1744 664 cupiditate

948 670 1078 706 (πεδί-πο.
1097 678 1150 699 nou
1169 672 1328 707 cujusquam
1342 672 1405 700 odio
1420 672 1572 708 invidiaque
1585 673 1741 707 tabescere,

947 720 975 744 et
986 720 1083 744 cmtera
1097 716 1267 752 hujusmodi;
1281 718 1401 746 dicturus
1413 726 1459 752 es,
1472 718 1530 746 Non
1548 718 1636 748 habeo
1654 718 1713 747 lucc
1732 729 1741 747 :

948 766 976 789 et
989 762 1088 797 quieris
1105 762 1174 791 forte
1187 763 1257 791 unde
1271 763 1424 792 delecteris.
1439 764 1563 792 Desidcra
1580 764 1651 793 unde
1664 764 1741 793 dele-

934 829 936 831 .
948 806 1028 834 cteris
1038 814 1047 839 ;
1059 806 1183 836 desidem
1195 808 1230 835 ad
1243 810 1326 845 fontes
1338 817 1462 845 aquarum
1473 817 1483 836 :
1495 809 1576 837 habet
1588 810 1658 838 Deus
1671 810 1742 838 unde

950 857 976 881 to
990 853 1091 881 reﬁciat
1101 874 1109 884 ,
1122 857 1150 881 et
1164 854 1274 889 impleat
1287 854 1438 883 venientem
1453 854 1487 882 ad
1501 862 1546 889 se,
1561 860 1588 883 et
1606 856 1742 885 sitientem

949 903 1009 932 post
1028 898 1262 934 interemptionem
1280 899 1444 935 serpentium
1455 920 1464 934 ,
1478 905 1603 936 tanquam
1622 902 1742 930 velocem

949 950 1069 971 CBI‘YUI".

984 991 1011 1017 4.
1025 991 1074 1018 Est
1083 990 1154 1018 aliud
1164 991 1234 1026 quod
1245 992 1441 1020 animadvertas
1453 993 1479 1021 in
1492 1000 1582 1021 cervo.
1591 993 1745 1023 Traduntur

948 1036 1031 1069 cervi,
1039 1041 1066 1063 ct
1078 1044 1092 1063 a
1104 1036 1262 1071 quibusdam
1272 1037 1354 1066 etiam
1361 1037 1410 1066 visi
1418 1043 1495 1072 sunt;
1504 1047 1558 1067 non
1568 1039 1640 1068 enim
1649 1039 1683 1069 de
1693 1041 1745 1069 illis

949 1081 1003 1108 tale
1012 1081 1111 1117 aliquid
1122 1083 1295 1117 scriberetur,
1305 1084 1357 1111 nisi
1368 1088 1447 1112 antea
1457 1084 1593 1115 videretur
1603 1093 1611 1112 :
1620 1085 1745 1114 dicuntur

949 1135 1014 1162 ergo
1027 1127 1099 1155 cervi
1117 1128 1159 1155 vel
1171 1128 1279 1163 quando
1298 1129 1326 1156 in
1345 1128 1452 1165 agmine
1467 1137 1517 1157 suo
1535 1130 1685 1164 ambulant,
1700 1132 1743 1159 vol

949 1172 1057 1207 quando
1071 1173 1188 1201 natando
1200 1173 1269 1202 alias
1284 1178 1415 1202 terrarum
1431 1179 1521 1209 partes
1535 1179 1624 1210 petunt
1635 1195 1644 1209 ,
1658 1183 1741 1203 onera

949 1215 1065 1254 capitum
1075 1227 1184 1247 suorum
1196 1227 1277 1255 super
1285 1228 1316 1248 se
1330 1220 1443 1248 invicem
1457 1228 1568 1255 ponere.
1584 1210 1620 1250 ita
1634 1226 1663 1250 ut
1675 1230 1745 1251 unus

950 1264 1093 1300 pracedat.
1109 1269 1136 1293 et
1148 1265 1346 1301 sequanturqui
1359 1273 1439 1301 supra
1454 1274 1516 1296 cum
1530 1266 1617 1301 capita
1633 1272 1744 1302 ponant,

950 1314 978 1338 ct
990 1318 1071 1346 supra
1084 1310 1145 1339 illos
1158 1309 1203 1339 alii
1216 1315 1421 1346 consequentes,
1434 1315 1461 1339 et
1475 1311 1572 1339 deinde
1585 1311 1641 1344 alii,
1654 1312 1742 1341 donec

949 1363 1046 1391 agmen
1062 1356 1168 1385 liniatur
1177 1364 1186 1387 ;
1196 1356 1241 1385 ille
1248 1360 1338 1394 autem
1352 1364 1420 1384 unus
1432 1357 1476 1392 qui
1490 1357 1594 1392 pandas
1604 1358 1700 1393 capitis
1714 1358 1741 1385 in

949 1403 1066 1440 primatu
1074 1403 1206 1438 portabat.
1215 1401 1339 1439 fatigatus
1347 1402 1417 1430 redit
1424 1403 1457 1430 ad
1471 1403 1628 1437 posteriora,
1637 1407 1667 1430 ut
1676 1402 1746 1430 alius

949 1450 974 1478 ei
982 1449 1173 1485 succedat,qui
1183 1453 1273 1485 portet
1281 1448 1351 1484 quod
1364 1449 1409 1477 ille
1420 1449 1552 1484 portabat,
1563 1454 1641 1484 atque
1652 1448 1697 1476 ille
1706 1447 1746 1477 la-

952 1495 1105 1531 tigationem
1113 1501 1188 1522 suam
1203 1499 1308 1522 recreet
1320 1493 1407 1529 posito
1420 1493 1518 1529 capite,
1530 1494 1599 1521 sicut
1611 1497 1640 1521 et
1652 1494 1744 1521 caeteri

953 1540 1086 1576 ponebant
1107 1539 1164 1569 :ita
1178 1539 1296 1567 vicissim
1309 1539 1533 1575 portando.quod
1546 1546 1628 1574 grave
1645 1542 1701 1572 est,
1719 1543 1747 1566 et

953 1587 1020 1615 viam
1035 1590 1180 1622 peragunt,
1201 1591 1229 1621 et
1242 1585 1357 1613 invicem
1375 1591 1406 1613 se
1421 1593 1473 1613 nou
1487 1584 1627 1613 deserunt.
1650 1584 1747 1612 Nonne

952 1633 1080 1669 quosdam
1089 1635 1187 1661 cervos~
1190 1632 1340 1667 alloquitur
1350 1630 1504 1666 Apostolus,
1514 1630 1623 1658 dicens:
1633 1629 1747 1657 Invicem

951 1688 1029 1708 onera
1049 1682 1260 1714 vestrarportate,
1275 1682 1298 1705 et
1311 1678 1349 1705 sic
1366 1676 1537 1712 adimplebitis
1552 1675 1633 1712 legem
1651 1675 1747 1703 Christi

952 1724 1033 1762 (Gal.
1048 1725 1155 1759 “,3)?
1429 1725 1434 1729 ‘

987 1771 1014 1799 5.
1037 1770 1111 1798 Talis
1131 1777 1197 1806 ergo
1215 1776 1312 1797 cervus
1324 1768 1352 1796 in
1366 1767 1419 1796 lida
1440 1768 1611 1801 constitutus,
1629 1767 1747 1796 nondum

953 1818 1046 1847 videns
1058 1817 1129 1853 quod
1144 1816 1241 1850 credit,
1265 1815 1376 1851 cupiens
1394 1814 1544 1850 intelligere
1565 1813 1636 1850 quod
1651 1813 1750 1849 diligit.

952 1864 1053 1900 patitur
1067 1868 1094 1892 et
1113 1863 1263 1891 contrarios
1278 1869 1332 1889 non
1345 1869 1443 1890 cervos
1455 1861 1478 1895 ί,
1490 1860 1648 1888 obscuratos
1668 1860 1748 1888 intel-

953 1911 1071 1946 ligentia.
1085 1910 1113 1937 in
1128 1908 1247 1937 tenebris
1257 1907 1429 1936 interioribus
1438 1906 1608 1939 constitutos,
1624 1905 1750 1933 vitiorum

952 1956 1098 1992 cupiditate
1115 1959 1249 1987 cmeatos;
1273 1953 1384 1988 insuper
1402 1951 1608 1992 insultantes‘ct
1630 1950 1752 1978 dicentes

953 2001 1055 2029 homini
1065 1999 1196 2031 credenti.
1212 2002 1240 2027 et
1251 1998 1324 2034 quod
1334 1997 1429 2026 credit
1442 2004 1498 2026 non
1511 1996 1663 2025 ostendenti
1677 2003 1684 2023 ε
1700 1991 1752 2024 Ubi

951 2053 990 2077 est
1005 2047 1073 2075 Dm
1094 2046 1175 2074 tunc?
1186 2044 1256 2080 Quid
1274 2048 1340 2080 ergo
1363 2044 1416 2072 iste
1427 2051 1524 2072 cervus
1548 2041 1642 2071 fecerit
1657 2047 1750 2071 contra

952 2095 1012 2123 hinc
1025 2093 1118 2127 verba,
1129 2092 1276 2120 audiamus.
1295 2095 1325 2119 ut
1345 2097 1374 2119 et
1386 2090 1448 2126 ipsi.
1462 2088 1485 2117 si
1502 2096 1654 2124 possumus,
1669 2087 1751 2116 [acia-

954 2147 1025 2169 mus.
1048 2139 1139 2168 Primo
1158 2137 1291 2172 expressit
1303 2136 1376 2164 sitim
1395 2142 1470 2164 suam
1487 2142 1495 2163 :
1519 2133 1750 2168 Quemadmodum,

953 2186 1048 2221 inquit.
1064 2193 1150 2213 unus
1159 2183 1286 2211 desiderat
1298 2183 1333 2209 ad
1343 2184 1425 2218 fontes
1432 2189 1566 2217 aquarum.
1580 2180 1615 2207 ita
1624 2181 1759 2208 desiderat

953 2233 1039 2259 animo
1051 2239 1106 2257 mea
1119 2230 1153 2257 ad
1167 2233 1202 2262 te,
1216 2228 1293 2256 Deut.
1305 2227 1374 2263 Quid
1386 2228 1408 2255 si
1420 2234 1518 2254 cervus
1528 2226 1561 2253 ad
1571 2225 1657 2253 fontes
1670 2233 1752 2260 aqua-

955 2287 1013 2306 rum
1029 2276 1132 2305 lavandi
1143 2282 1222 2303 causa
1244 2273 1400 2302 desiderat?
1417 2272 1509 2301 Utrum
1524 2279 1588 2307 ergo
1598 2271 1706 2299 bibendi
1717 2279 1752 2300 an

956 2324 1061 2353 lavandi
1077 2330 1167 2354 causa,
1183 2321 1328 2349 neScimus.
1345 2319 1415 2347 Audi
1434 2318 1498 2354 quid
1513 2318 1646 2353 sequitur.
1657 2322 1686 2345 et
1696 2317 1752 2345 noli

954 2378 1076 2407 qumrcre
1091 2379 1099 2397 :
1116 2368 1201 2396 Sitiuit
1224 2367 1310 2394 auium
1326 2374 1382 2393 utea
1405 2366 1440 2392 ad
1463 2362 1547 2392 Deum
1569 2364 1662 2392 viuum.
1675 2361 1753 2398 Quod

955 2417 1026 2447 dico.
1041 2413 1262 2449 Quemadmodum
1281 2419 1369 2439 canus
1387 2410 1514 2438 deciderat
1529 2410 1564 2437 ad
1576 2409 1658 2444 [cum
1671 2418 1753 2445 aqua-

956 2470 1024 2492 rum.
1046 2462 1082 2488 ita
1090 2460 1217 2487 desiderat
1229 2458 1316 2485 animo
1325 2458 1360 2484 tul
1374 2461 1407 2489 te,
1421 2455 1502 2489 Deus,
1519 2456 1571 2483 hoc
1587 2455 1658 2488 dico,
1678 2455 1766 2483 Sitivil

956 2508 1042 2534 anima
1061 2513 1117 2532 mea
1134 2504 1169 2532 ad
1194 2503 1278 2531 Deum
1297 2503 1389 2530 uitium.
1414 2501 1483 2535 Quid
1514 2501 1620 2529 sitivit?
1643 2501 1754 2535 Quando

957 2552 1056 2581 veniam
1067 2556 1090 2578 et
1104 2550 1232 2586 apparebo
1246 2555 1304 2576 ante
1317 2548 1408 2582 facient
1418 2547 1479 2575 Dei.
1495 2547 1552 2575 lloc
1571 2551 1612 2575 est
1626 2546 1698 2582 quod
1713 2547 1753 2573 si-

958 2600 1006 2632 tio,
1016 2598 1109 2626 venire
1127 2601 1155 2624 et
1165 2603 1304 2631 apparere.
1320 2594 1388 2622 Sitio
1408 2593 1435 2621 iu
1456 2592 1679 2628 peregrinatiOuc,
1693 2592 1755 2619 sitio
1782 2619 1787 2624 ,

958 2646 1075 2673 incursu
1099 2642 1239 2670 :satiabor
1255 2641 1281 2668 in
1307 2640 1434 2667 adventu.
1457 2639 1512 2666 Sed
1523 2638 1627 2673 quando
1639 2638 1757 2666 omnium?

958 2692 993 2719 Et
1005 2690 1076 2726 quod
1087 2688 1166 2717 citius
1180 2693 1222 2715 est
1232 2687 1296 2720 Deo,
1313 2685 1416 2713 tardum
1428 2688 1470 2713 est
1482 2684 1627 2712 desiderio.
1644 2683 1755 2717 Quando

958 2737 1055 2765 ueniam
1074 2740 1098 2763 et
1111 2733 1238 2770 apparebo
1252 2737 1310 2758 ante
1322 2731 1413 2766 [arium
1427 2729 1496 2757 Dei?
1509 2730 1548 2757 Ex
1564 2730 1609 2757 illo
1621 2728 1759 2757 desiderio

958 2788 999 2810 est
1012 2786 1039 2810 et
1054 2782 1114 2814 huc,
1130 2789 1163 2808 ex
1176 2787 1230 2815 quo
1246 2779 1377 2806 clatnatur
1389 2776 1472 2805 alibi:
1489 2774 1574 2804 Unam
1591 2774 1652 2809 petii
1672 2782 1689 2801 ιι
1702 2773 1758 2802 Do.

960 2830 1039 2860 mino,
1054 2828 1119 2855 Itum:
1128 2827 1264 2862 requiram,
1278 2830 1305 2853 ut
1317 2824 1454 2852 inhabilem
1464 2823 1490 2850 iu
1502 2821 1578 2849 domo
1588 2820 1694 2851 Domini
1707 2828 1756 2858 per

975 2886 1002 2943 ﬂ;
1019 2886 1055 2910 sic
1066 2888 1130 2915 sm,
1144 2888 1169 2909 ιιι
1181 2881 1393 2913 ωιΙ-,ἐοηιηπίω
1408 2884 1496 2909 orrum.
1510 2885 1555 2905 non
1573 2879 1650 2904 solum
1672 2877 1763 2903 obscu-

1000 2924 1035 2943 οε.
1046 2921 1092 2941 etc.

961 2921 1035 2948 ratos,
1046 2921 1092 2941 etc.
