3978 6318
586 386 680 441 ιτι

584 505 633 558 in
660 509 884 573 corpore
906 504 1028 562 hoc.
1056 500 1498 573 percgrinamnra
1519 497 1833 569 Dominum
1854 497 1972 552 Cor.
2004 512 2054 558 ν,
2081 499 2163 564 6).

579 608 635 651 et
687 609 879 664 corpus
922 595 1061 665 quod
1105 593 1469 664 corrumpitur
1499 599 1756 662 aggravet
1796 594 2052 650 aninmm.
2111 605 2164 645 et

582 681 830 754 deprimit
859 698 1069 741 terrena
1094 687 1407 740 inhabitatio
1422 700 1636 740 sensum
1658 685 1820 739 multa
1841 684 2164 752 cogitantem

583 780 744 850 (Sap.
764 795 838 842 ιι,
864 777 947 850 l5)
974 796 985 830 :
1015 778 1114 832 etsi
1145 789 1429 849 utrumque
1457 779 1662 832 nebulis
1687 778 1955 847 dill'ngatis
1982 779 2168 832 ambu-

587 869 743 926 lando
773 888 867 942 per
889 871 1234 932 desiderium,
1276 871 1343 924 ad
1376 871 1518 924 hunc
1541 885 1732 927 sonum
1757 869 2168 938 'peri'euerimns

591 961 874 1025 interdum,
901 969 960 1018 ut
991 960 1185 1030 aliquid
1213 960 1280 1015 de
1305 961 1392 1015 illa
1419 960 1584 1014 domo
1623 959 1716 1015 Dei
1746 960 1964 1015 nitendo
1985 959 2164 1032 capia-

588 1067 736 1116 mus;
768 1067 931 1107 onere
982 1059 1154 1106 tamen
1198 1051 1446 1121 quodam
1481 1051 1807 1107 inﬁrmitatis
1855 1059 2057 1106 nostra)
2099 1051 2166 1106 ad

583 1151 836 1198 consueta
888 1142 1194 1210 rccidimus,
1241 1151 1296 1196 et
1342 1141 1410 1198 ad
1441 1142 1596 1196 solita
1635 1145 1734 1196 ista
1763 1140 2069 1197 dilabimnr.
2103 1142 2170 1197 Et

585 1235 854 1304 quomodo
894 1234 962 1288 ibi
1003 1235 1373 1289 inveneramns
1407 1233 1548 1288 unde
1576 1234 1949 1302 gauderemus,
1976 1234 2056 1290 sic
2081 1232 2168 1290 hic

585 1341 692 1379 non
722 1324 892 1380 deerit
917 1324 1060 1394 quod
1079 1338 1371 1394 gemamus.
1402 1325 1609 1380 Etenim
1638 1340 1829 1381 cervus
1877 1325 1981 1380 iste
2020 1341 2172 1380 man-

582 1415 786 1471 durans
809 1415 895 1469 die
923 1431 984 1468 ac
1014 1425 1173 1468 nocte
1199 1413 1462 1486 lztcrymas
1485 1428 1633 1478 suas,
1676 1423 1859 1485 raptus
1902 1413 2170 1471 desiderio

581 1509 657 1562 ad
680 1508 851 1562 fontes
897 1523 1194 1577 aquarum,
1236 1508 1542 1562 interiorem
1581 1507 1787 1563 scilicet
1831 1508 2166 1564 dulcedinem

587 1600 702 1665 Dei,
740 1599 1020 1655 eli'nndt-ns
1063 1614 1226 1668 super
1251 1599 1566 1656 scanimam
1611 1613 1783 1662 suam.
1833 1609 1890 1654 ut
1929 1608 2170 1671 tangeret

583 1691 724 1759 quod
749 1699 833 1746 est
855 1704 1018 1759 super
1049 1689 1283 1744 animam
1307 1704 1480 1753 suam,
1508 1690 1785 1745 ambulans
1814 1692 1866 1745 in
1895 1692 2068 1747 locum
2090 1700 2170 1746 Ia-

586 1780 854 1837 bernaculi
873 1779 1225 1847 admirabilis,
1245 1794 1414 1851 usque
1433 1780 1502 1836 ad
1519 1781 1740 1837 domum
1756 1782 1878 1850 Dei,
1896 1791 1959 1837 “et
1975 1773 2167 1839 ductus

585 1870 853 1926 interioris
881 1881 934 1924 et
964 1870 1307 1942 intelligibilis
1353 1872 1472 1927 soni
1496 1873 1857 1942 jucunditate,
1897 1881 1955 1928 ut
1987 1875 2166 1928 omnia

585 1963 852 2018 exteriora
901 1970 1291 2026 contemneret,
1344 1971 1401 2019 et
1454 1963 1508 2019 in
1552 1964 1805 2020 interiora
1847 1975 2165 2033 raperetur;

583 2051 758 2108 adhuc
787 2060 960 2106 tamen
989 2053 1149 2108 homo
1171 2062 1272 2116 est.
1314 2052 1489 2107 adhuc
1515 2053 1608 2107 hic
1631 2055 1819 2124 gemit,
1847 2054 2024 2110 adhuc
2044 2067 2166 2109 car-

584 2160 708 2197 nom
758 2143 998 2213 fragilem
1052 2152 1262 2214 portat,
1301 2145 1477 2200 adhuc
1517 2146 1659 2199 inter
1708 2145 1958 2200 scandala
2009 2144 2168 2212 hujus

584 2235 764 2289 tntnnli
795 2235 1138 2304 periclitatur.
1159 2235 1411 2306 Respexit
1431 2250 1558 2306 ergo
1576 2235 1644 2290 ad
1667 2250 1748 2302 se,
1772 2245 2021 2306 tanquam
2043 2237 2167 2293 inde

584 2326 822 2386 veniens.
847 2336 902 2381 et
943 2327 1019 2381 ait
1051 2327 1152 2381 sibi
1202 2328 1495 2383 constituto
1528 2329 1664 2382 inter
1689 2326 1788 2383 has
1833 2329 2167 2393 tristitias,et

580 2433 901 2488 rumpamus
927 2419 1040 2474 iure
1066 2414 1170 2475 illis
1187 2420 1251 2474 ad
1279 2435 1397 2490 qua:
1423 2420 1646 2476 videnda
1683 2419 1953 2489 ingressus
1979 2429 2081 2485 est,
2113 2431 2167 2477 et

582 2520 700 2579 post
722 2527 841 2581 qua:
885 2513 992 2564 visa
1028 2526 1272 2579 .sgressus
1301 2521 1423 2567 est:
1455 2511 1650 2578 Quare.
1681 2512 1872 2581 inquit.
1904 2513 2064 2588 tristis
2088 2530 2160 2576 ts,

581 2603 909 2674 animamur.
937 2613 984 2656 et
1008 2619 1164 2670 quare
1185 2601 1456 2659 conturbas
1479 2619 1560 2657 me
1579 2603 1606 2657 .9
1632 2601 1772 2658 Ecce
1800 2602 1910 2673 jam
1936 2604 2163 2673 quadam

578 2690 836 2747 interiore
861 2689 1141 2746 dulcedine
1185 2693 1344 2748 laetati
1384 2707 1591 2758 smnus,
1622 2708 1750 2748 ecce
1801 2695 1917 2749 acie
1970 2694 2166 2747 mentis

579 2782 780 2852 aliquid
823 2783 1278 2847 incommutabile,
1329 2783 1430 2840 etsi
1475 2784 1796 2853 perstrictim
1841 2794 1900 2838 ct
1946 2788 2159 2852 raptim,

582 2875 886 2945 perspicere
930 2876 1246 2945 potuimus:
1285 2889 1453 2944 quare
1497 2875 1672 2931 adhuc
1719 2877 2008 2929 conturbas
2056 2893 2160 2934 me.

577 2980 745 3034 quare
790 2965 963 3019 adhuc
1009 2964 1179 3019 tristis
1217 2965 1316 3020 est
1359 2963 1476 3022 Non
1516 2966 1661 3019 enim
1706 2964 1918 3020 dubitas
1960 2965 2028 3019 de
2057 2966 2166 3019 lien

581 3069 699 3113 tuo.
737 3056 856 3113 Non
887 3057 1032 3114 enim
1063 3072 1175 3113 non
1202 3066 1287 3113 est
1311 3057 1453 3128 quod
1484 3057 1576 3112 tibi
1603 3058 1792 3124 dicas,,~
1816 3067 2000 3112 contra
2047 3059 2165 3114 illos

578 3152 671 3223 qui
695 3151 878 3212 dicunt
903 3167 920 3206 :
954 3150 1051 3206 ωε
1078 3159 1151 3204 est
1172 3147 1313 3206 Deut
1341 3159 1460 3206 tuus
1475 3149 1634 3206 Nam
1649 3149 1842 3220 aliquid
1864 3149 2160 3204 incommu-

580 3242 742 3298 tabile
770 3243 1030 3312 pcrsensi,
1059 3251 1225 3312 quare
1250 3241 1426 3296 adhuc
1451 3242 1738 3297 conturbas
1763 3242 1888 3296 me?
1913 3240 2081 3310 Spera
2110 3243 2161 3295 ἱνι

581 3331 760 3386 Deum.
793 3333 856 3387 Et
891 3333 1043 3402 quasi
1068 3331 1432 3403 responderet
1462 3332 1532 3386 illi
1563 3333 1739 3386 anima
1769 3331 1887 3398 ejus
1914 3334 1964 3386 in
1991 3331 2163 3386 sticn-

576 3423 675 3490 tio,
697 3424 876 3492 Quare
914 3423 1178 3479 coutttrbo
1200 3431 1276 3487 te,
1315 3421 1416 3477 nisi
1459 3423 1585 3492 quia
1637 3422 1872 3476 nondum
1907 3435 2023 3476 sum
2068 3422 2161 3489 ibi,

577 3516 665 3568 ubi
686 3523 768 3569 est
792 3513 947 3570 dulce
967 3511 1115 3568 illud.
1135 3528 1242 3582 quo
1268 3512 1348 3567 sic
1376 3523 1523 3583 rapta
1545 3529 1663 3568 sum
1689 3513 1838 3583 quasi
1870 3530 1965 3582 per
1989 3523 2164 3568 trans-

577 3606 705 3660 itutn
720 3606 747 3658 ‘l
792 3603 1053 3672 Numquid
1069 3604 1178 3674 jam
1197 3605 1321 3659 bibo
1344 3602 1409 3659 de
1425 3603 1571 3658 l'tntte
1585 3604 1700 3671 illo,
1721 3602 1853 3658 nihil
1879 3605 2163 3661 metuens?

579 3698 681 3756 iam
709 3694 916 3752 nullum
945 3695 1254 3751 scandalum
1285 3696 1645 3766 pertimesco?
1665 3694 1776 3766 jam
1802 3695 1872 3754 de
1898 3696 2165 3767 cupidita-

577 3789 715 3842 tibus
760 3786 1012 3844 omnibus
1059 3795 1307 3856 tanquam
1351 3786 1623 3842 edomitis
1656 3787 1918 3858 victisque
1972 3805 2160 3844 secura

575 3880 740 3934 sum?
783 3875 978 3940 Nonne.
1019 3877 1301 3934 adversus.
1327 3894 1415 3934 me
1467 3879 1714 3936 diabolus
1759 3880 1939 3950 rigilat
1992 3879 2163 3936 hostis

576 3971 767 4025 mens?
793 3986 970 4026 nonne
991 3971 1207 4040 laqueos
1231 3969 1359 4026 mihi
1387 3969 1623 4039 quotidie
1639 3971 2169 4040 deceptionisinteno

573 4062 692 4116 «lit?
726 4060 842 4116 Non
895 4059 976 4117 vis
1014 4071 1072 4116 ut
1107 4063 1422 4118 conturbent
1471 4073 1521 4116 te
1561 4064 1730 4130 posita
1775 4063 1828 4118 in
1853 4065 2074 4129 steculo,
2104 4075 2157 4121 et

575 4155 850 4225 peregrina
882 4153 1059 4209 adhuc
1108 4167 1138 4206 ο
1185 4151 1351 4208 donto
1395 4151 1494 4209 Dei
1543 4152 1687 4212 mei?
1733 4153 1864 4222 Sed,
1911 4156 2082 4225 Spera
2106 4157 2160 4210 in

578 4243 764 4309 Deum,
789 4241 1075 4314 respondet
1099 4242 1439 4300 conturbanli
1464 4259 1524 4298 se
1544 4243 1734 4298 animm.
1755 4261 1890 4312 stlte,
1921 4257 1976 4301 et
2006 4249 2157 4316 quasi

573 4337 836 4392 rationem
874 4333 1116 4390 reddenti
1164 4333 1585 4404 perturbationis
1617 4352 1749 4400 sum,
1779 4346 1995 4407 propter
2019 4341 2158 4393 mala

570 4427 765 4494 quibus
787 4423 1022 4478 abundat
1047 4423 1135 4478 hic
1179 4423 1431 4478 mundus.
1456 4425 1668 4479 Interim
1720 4428 1895 4482 habita
1921 4430 1995 4483 -in
2036 4445 2153 4498 spe.

571 4521 708 4584 Spes
731 4517 874 4571 enim
897 4531 1015 4585 qua:
1041 4515 1266 4579 videtur,
1307 4531 1413 4573 non
1443 4526 1523 4572 est
1551 4530 1674 4584 Spes
1697 4535 1712 4569 ;
1739 4518 1789 4572 si
1817 4527 1994 4574 autem
2011 4521 2154 4581 quod

571 4626 678 4665 non
725 4609 968 4664 videmus
1001 4622 1300 4680 speramus,
1332 4623 1424 4678 per
1451 4609 1756 4679 patientiam
1785 4623 2156 4680 caspectamtts

569 4702 744 4772 (llam.
766 4717 880 4766 vnt,
910 4700 1001 4764 9.ιῖ,
1030 4699 1146 4768 25).

643 4795 729 4847 11.
763 4792 929 4860 Spera
971 4791 1024 4845 in
1053 4791 1234 4844 Deum.
1261 4789 1436 4858 Quare
1465 4792 1628 4859 Spera
1645 4793 1671 4846 .’
1716 4792 1968 4858 Quoniam
1993 4797 2156 4864 conﬁ-

567 4887 705 4939 tebor
740 4883 839 4939 illi.
881 4883 1017 4950 Quid
1044 4883 1093 4938 ei
1135 4882 1512 4939 conﬁteberis?
1539 4883 1782 4939 Salutnre
1821 4887 1986 4942 uultus
2032 4889 2151 4954 mei,

569 4975 709 5030 Deus
737 4991 897 5029 meus.
943 4976 983 5028 Α
1032 4989 1118 5028 me
1144 4974 1274 5028 mihi
1321 4974 1466 5028 salus
1492 4989 1613 5029 esse
1652 4992 1754 5028 non
1784 4985 1996 5045 potest;
2051 4978 2154 5034 hoc

565 5067 760 5132 dicunt,
792 5065 894 5119 hoc
906 5065 1200 5119 conﬁtebor
1223 5079 1237 5116 :
1257 5063 1495 5118 Salutate
1513 5064 1677 5118 uultus
1698 5067 1812 5129 mei,
1839 5066 2152 5127 Densmeus.

569 5158 774 5211 Etenim
829 5163 884 5209 ut
936 5165 1136 5210 metuat
1158 5156 1211 5208 in
1259 5156 1360 5215 lus.
1391 5172 1509 5225 qme
1551 5168 1838 5222 utcumque
1884 5158 2148 5214 intellecta

562 5246 853 5316 cognoscit,
881 5245 1108 5311 respexit
1133 5245 1322 5300 iterum
1352 5245 1610 5300 sollicitus
1639 5263 1706 5301 ne
1725 5248 1949 5317 obrepat
1975 5249 2151 5304 inimi-

561 5352 699 5392 cus:
735 5337 966 5390 nondum
993 5336 1157 5400 dicit,
1192 5335 1384 5391 Salvus
1412 5352 1529 5391 sum
1568 5353 1632 5392 ex
1663 5339 1808 5392 omni
1842 5349 2011 5407 parte.
2056 5341 2150 5397 Et-

559 5427 702 5480 enim
755 5425 1016 5495 primitias
1056 5427 1314 5483 habcntes
1358 5427 1618 5496 Spiritus,
1662 5427 1720 5494 in
1750 5429 2147 5501 nobismetipsis

559 5518 968 5586 ingetniscimns,
987 5517 1327 5589 adoptionem
1349 5530 1714 5588 exspectantes
1727 5522 2144 5592 redemptionem

557 5611 796 5678 corporis
818 5611 982 5665 nostri
1002 5609 1315 5684 (Ibitt.,25).
1341 5611 1431 5665 Illa
1454 5612 1680 5682 perlecta
1709 5613 1761 5666 in
1783 5615 1934 5668 nobis
1950 5619 2140 5678 salute,

554 5701 756 5760 erimus
794 5703 851 5756 in
889 5701 1052 5757 domo
1082 5700 1175 5757 Dei
1221 5703 1460 5756 viventes
1495 5704 1613 5758 sine
1653 5706 1778 5762 lino.
1811 5715 1862 5757 ct
1893 5707 2009 5759 sine
2039 5708 2141 5760 line

559 5794 835 5851 lattdames
860 5811 981 5851 eum
1009 5799 1095 5851 cui
1131 5799 1331 5851 dictum
1363 5804 1447 5852 est
1479 5813 1492 5849 :
1524 5795 1661 5850 Bentt
1700 5813 1784 5864 ιιω
1815 5800 2040 5851 habitant
2086 5801 2136 5852 m

1827 380 1884 437 S.
1927 377 2290 436 AUGUSTI.“
2333 376 2637 437 El'lSCOPI

3763 379 3864 434 tn

2276 499 2426 557 domo
2469 505 2576 558 tua,
2625 498 2678 550 in
2703 501 2891 551 menta
2932 499 3233 554 “oculorum
3276 495 3558 556 btudnbuut
3602 506 3654 564 te
3683 494 3854 567 (Psal.

2277 604 2499 652 cxsxtn,
2522 589 2599 658 5).
2644 588 2756 644 Hoc
2778 588 3010 643 nondum
3055 599 3157 654 est,
3194 591 3319 660 quia
3349 591 3582 646 nondum
3609 603 3693 646 est
3715 607 3860 647 sanis

2273 692 2393 746 qua:
2421 678 2745 745 promittitur
2775 698 2789 735 :
2823 681 3216 744 sedeconliteor
3240 682 3347 736 Deo
3391 698 3511 736 meo
3549 683 3601 738 itt
3649 697 3770 751 spe,
3810 695 3861 735 et

2273 769 2394 822 dico
2423 770 2519 834 illi,
2553 768 2708 824 Salus
2727 773 2890 850 uultus
2911 773 3031 839 mei,
3052 770 3192 828 Dm
3221 789 3375 829 ments.
3404 771 3512 840 Spe
3552 774 3862 829 enitn:s:tlti

2247 858 2398 914 ‘l'acti
2442 875 2627 915 sumus
2655 878 2670 916 :
2700 875 2824 932 spes
2848 872 3030 918 autem
3073 879 3194 934 qua:
3234 864 3460 930 videtur,
3497 880 3603 918 non
3629 874 3712 919 est
3737 879 3862 933 spes

2272 948 2450 1023 (Rom.
2472 966 2584 1016 vut,
2612 951 2728 1022 Si).
2749 952 3034 1009 Persevera
3055 969 3180 1024 ergo
3197 963 3252 1008 ttt
3271 955 3546 1024 pervenias
3567 971 3585 1020 ;
3607 971 3862 1024 persevc-

2274 1054 2335 1095 ra
2361 1040 2534 1096 donec
2559 1045 2737 1104 veniat
2757 1042 2923 1099 salus.
2954 1045 3090 1100 Audi
3120 1046 3292 1114 nisum
3322 1045 3486 1100 Deum
3515 1055 3664 1102 tnttm
3689 1045 3758 1101 de
3781 1047 3865 1100 iu-

2266 1131 2470 1185 ‘tcriore
2492 1131 2584 1186 tibi
2605 1132 2907 1203 loquentem
2927 1151 2942 1186 :
2961 1134 3172 1189 Sustine
3188 1133 3719 1200 Dominum-uiriliter
3744 1151 3856 1205 age,

2272 1231 2322 1274 et
2361 1224 2670 1292 confortetur
2705 1239 2794 1276 cor
2841 1233 3002 1291 tuum,
3042 1235 3091 1280 et
3118 1226 3308 1292 sustine
3353 1223 3629 1280 Dominum
3687 1225 3856 1298 (Paul.

2274 1325 2426 1377 xxvi,
2445 1313 2530 1382 li)
2549 1329 2564 1376 ;
2586 1314 2834 1384 quoniam
2859 1317 2946 1385 qui
2955 1317 3333 1388 perseuerauerit
3349 1317 3562 1383 usqueiu
3582 1318 3759 1386 timui,
3780 1317 3860 1370 hic

2271 1400 2440 1455 salvus
2480 1401 2575 1456 erit
2604 1402 2814 1470 (Matth.
2863 1419 2924 1467 ι.
2951 1404 3043 1470 9.2,
3087 1416 3136 1460 et
3164 1421 3310 1469 utr,
3351 1407 3464 1476 l3).
3513 1405 3684 1473 Quare
3732 1422 3860 1476 ergo

2276 1490 2432 1545 tristis
2456 1494 2710 1552 amnium
2761 1510 2892 1562 mea,
2935 1505 2981 1550 et
3008 1512 3164 1566 quare
3181 1496 3446 1552 conturbas
3473 1497 3593 1552 me?
3615 1499 3786 1567 Spera
3809 1498 3862 1551 in

2275 1586 2458 1648 Deum,
2488 1589 2726 1655 quoniam
2744 1589 3018 1658 conﬁtebor
3039 1590 3138 1644 illi.
3181 1590 3304 1645 llzec
3329 1600 3412 1646 est
3433 1590 3700 1646 confessio
3717 1606 3860 1655 mea,

2274 1678 2518 1734 Salutate
2540 1683 2704 1735 vultus
2727 1683 2824 1736 mei
2832 1725 2845 1744 ,
2874 1681 3014 1738 Deus
3039 1699 3197 1737 meus.

2348 1771 2437 1826 ηδ
2477 1772 2558 1826 τιτι
2605 1773 2854 1844 meipsum
2894 1779 3066 1830 animo
3107 1792 3218 1831 mea
3242 1777 3443 1831 turbata
3469 1787 3564 1832 est.
3587 1774 3857 1848 Numquid

2274 1861 2338 1914 ad
2366 1863 2530 1924 Deum
2557 1862 2833 1919 turbatur?
2861 1865 2943 1920 Ad
2969 1881 3058 1922 me
3086 1867 3292 1924 turbata
3318 1876 3422 1925 est.
3447 1868 3527 1925 Ad
3559 1870 3858 1924 incommu-

2275 1954 2434 2008 tabile
2455 1954 2811 2022 reﬁciebatur,
2860 1957 2927 2013 ad
2967 1958 3225 2016 mutabile
3255 1959 3674 2030 perturbabatur.
3727 1960 3857 2016 Novi

2271 2046 2393 2114 quia
2415 2045 2618 2114 iustitia
2661 2047 2750 2103 Dei
2797 2050 2902 2104 mei
2951 2060 3128 2106 mouet
3165 2067 3180 2107 ε
3216 2060 3392 2109 utrum
3443 2069 3562 2109 utea
3610 2063 3857 2114 maneat.

2273 2137 2474 2190 nescio.
2520 2137 2710 2194 Terret
2750 2137 2896 2195 enim
2946 2157 3033 2195 me
3081 2141 3367 2210 Apostolus
3407 2143 3592 2198 dicens
3622 2159 3638 2194 :
3667 2142 3770 2213 Qui
3808 2159 3862 2198 σε

2271 2239 2414 2300 putat
2430 2239 2581 2294 stare,
2604 2231 2769 2286 rideat
2789 2249 2851 2287 ne
2865 2233 3015 2287 cadat
3039 2232 3078 2305 (Ι
3095 2233 3218 2290 Cor.
3243 2250 3301 2298 ι,
3317 2235 3429 2305 12).
3449 2236 3587 2306 Ergo
3605 2236 3730 2306 quia
3754 2255 3856 2291 non

2271 2329 2354 2378 est
2378 2322 2428 2376 in
2456 2340 2542 2376 me
2567 2325 2786 2378 (inuitas
2816 2324 2966 2390 mihi,
2990 2340 3089 2382 nec
3115 2337 3198 2380 c.-t
3224 2325 3352 2382 mihi
3379 2342 3503 2396 Spes
3540 2327 3610 2382 tle
3638 2343 3750 2391 me,
3781 2327 3860 2381 Ad

2272 2415 2518 2481 meipumt
2545 2417 2746 2468 turbata
2768 2425 2839 2470 est
2863 2418 3035 2470 anima
3060 2435 3190 2470 mea.
3227 2417 3316 2472 Vis
3343 2435 3446 2472 non
3475 2418 3860 2472 conturbetut'?

2269 2502 2385 2558 Non
2413 2512 2719 2561 rentancat‘
2769 2507 2821 2560 in
2869 2507 3072 2576 teipSo,
3123 2519 3179 2563 ct
3217 2509 3446 2564 diczAd
3493 2521 3572 2574 te,
3620 2508 3854 2575 Domine,

2271 2598 2428 2651 levari
2471 2600 2693 2652 animum
2741 2617 2902 2653 meam
2944 2600 3098 2670 (Psal
3169 2618 3318 2663 xxiv.
3363 2603 3429 2672 l).
3493 2603 3604 2674 lloc
3654 2603 3858 2671 planius

2269 2689 2412 2744 andi.
2442 2689 2555 2743 Noli
2587 2706 2805 2758 sperare
2829 2691 2899 2746 de
2929 2701 2998 2754 te.
3027 2699 3122 2748 sed
3147 2693 3215 2747 de
3242 2693 3350 2747 Deo
3379 2703 3491 2748 tuot
3523 2692 3661 2747 Nam
3676 2694 3721 2748 si
3745 2709 3861 2765 spe-

2271 2796 2358 2834 ras
2385 2781 2452 2836 de
2483 2791 2548 2838 te.
2579 2781 2753 2835 anima
2779 2794 2865 2835 tua
2881 2785 3231 2841 conturbatur
3255 2783 3320 2836 ad
3349 2793 3435 2847 te;
3466 2785 3589 2853 quia
3622 2786 3854 2850 nonduin

2272 2872 2470 2925 ιιιιι-ιιίι
2501 2872 2641 2926 unde
2683 2874 2752 2926 sit
2795 2887 2980 2928 secura
3019 2874 3087 2928 de
3116 2883 3186 2927 te.
3229 2875 3368 2943 Ergo
3392 2875 3642 2940 quoniam
3683 2874 3751 2929 ad
3779 2890 3858 2929 me

2269 2963 2582 3016 conturbata
2605 2973 2687 3018 est
2705 2964 2880 3018 anima
2912 2980 3048 3028 mea,
3081 2964 3207 3035 quid
3239 2977 3404 3021 restat
3440 2967 3540 3020 nisi
3566 2964 3856 3031 humilitas,

2271 3066 2328 3108 ιιι
2350 3056 2419 3110 de
2448 3056 2622 3124 scipsa
2659 3061 2834 3108 anima
2864 3071 2969 3111 non
2993 3058 3318 3125 praesumat?
3343 3056 3482 3125 Quid
3529 3065 3722 3124 restat,
3757 3058 3858 3128 nisi

2271 3159 2326 3203 ut
2354 3151 2571 3204 omnino
2608 3148 2878 3203 minimam
2909 3165 2969 3210 se
2996 3149 3172 3215 faciat,
3197 3150 3296 3206 nisi
3326 3159 3380 3204 ιιι
3410 3166 3470 3205 sc
3511 3150 3777 3212 btttuiiiet.
3800 3162 3857 3208 ut

2267 3240 2490 3294 exaltari
2505 3241 2812 3294 mercatur?
2838 3239 2978 3296 Nihil
3006 3239 3105 3295 sibi
3132 3239 3326 3296 tribuat
3353 3249 3420 3302 ιιι,
3438 3243 3483 3296 ei
3513 3242 3697 3296 alt-illo
3717 3243 3855 3312 quod

2269 3332 2395 3385 utile
2419 3341 2501 3387 est
2529 3332 2806 3386 tribuatur.
2829 3331 2979 3402 Ergo
2997 3331 3119 3402 quia
3143 3331 3207 3385 ad
3221 3347 3320 3386 me
3345 3332 3547 3387 turbata
3572 3345 3660 3387 cst
3680 3335 3855 3388 anima

2269 3436 2408 3482 mea.
2435 3432 2489 3476 et
2519 3423 2657 3477 hanc
2683 3421 3133 3491 perturbationem
3165 3422 3288 3477 facit
3312 3423 3592 3492 superbia:
3617 3422 3855 3494 I’mptcr—

2265 3528 2326 3566 ea
2379 3523 2688 3566 memoratus
2710 3512 2954 3583 (sunttui,
2995 3511 3231 3577 Domine,
3277 3513 3341 3568 de
3386 3525 3518 3567 terra
3540 3512 3788 3570 Iordanis
3812 3528 3858 3570 ct

2273 3602 2589 3656 Ilermoniim
2618 3620 2650 3656 a
2671 3613 2848 3658 monte
2875 3618 3054 3674 parvo.
3077 3601 3230 3660 Unde
3246 3613 3579 3660 memoratus
3595 3620 3718 3660 sum
3745 3606 3856 3660 tui?

2267 3696 2308 3749 Δ
2343 3697 2521 3748 tuente
2551 3708 2733 3762 parvn,
2756 3694 2905 3747 et-dc
2936 3701 3074 3748 terra
3095 3681 3364 3752 Jordanis.
3397 3692 3554 3753 Forte
3579 3694 3648 3750 de
3677 3695 3856 3765 Bapti-

2265 3800 2404 3848 smo,
2433 3784 2520 3837 ubi
2539 3794 2625 3839 est
2652 3784 2898 3838 remissio
2924 3795 3275 3853 peccatorum.
3308 3784 3515 3840 Etenim
3547 3801 3706 3838 nemo
3729 3802 3853 3842 cur-

2267 3876 2337 3929 rit
2385 3875 2451 3930 ad
2497 3876 2867 3930 remissionem
2921 3886 3280 3944 peccatorum,
3325 3878 3423 3936 nisi
3470 3877 3557 3946 qui
3607 3879 3854 3948 displiCt-t

2265 3969 2407 4032 sibi;
2445 3981 2602 4022 nemo
2628 3971 2794 4023 currit
2826 3968 2892 4024 ad
2941 3969 3309 4026 remissionem
3339 3980 3696 4038 peccatorum,
3753 3973 3850 4026 nisi

2265 4061 2353 4128 qui
2379 4075 2440 4113 se
2456 4061 2742 4114 conﬁtetur
2767 4068 3136 4129 pet-catonem;
3165 4077 3322 4115 nemo
3343 4076 3404 4117 se
3427 4065 3709 4117 conﬁtetur
3732 4079 3851 4133 pce-

2263 4159 2524 4214 catorem,
2552 4152 2650 4204 nisi
2674 4150 3004 4206 Itumiliando
3028 4153 3264 4220 seipsmn
3294 4152 3422 4208 Deo.
3457 4153 3593 4226 Ergo
3629 4155 3695 4207 de
3717 4164 3851 4209 terra

2262 4240 2512 4296 Jortlauis
2556 4253 2859 4296 memoratus
2901 4260 3012 4298 eum
3051 4244 3142 4305 tui,
3175 4241 3307 4297 etde
3325 4255 3490 4297 monte
3513 4259 3666 4312 porro
3693 4259 3714 4299 .'
3744 4259 3849 4299 non

2263 4333 2333 4387 dc
2367 4343 2551 4388 mente
2588 4348 2814 4404 magno;
2859 4344 2914 4388 ut
2957 4334 3026 4388 de
3055 4345 3236 4388 monte
3262 4349 3427 4404 parVn
3463 4345 3517 4388 tn
3543 4333 3708 4390 iacias
3733 4352 3850 4389 ma-

2264 4440 2426 4492 gnnm
2453 4441 2466 4478 :
2499 4426 2748 4492 quoniam
2775 4425 2864 4491 qui
2896 4439 2956 4479 sc
2983 4425 3199 4486 exultat.
3233 4425 3632 4490 lnnniliabitnr;
3662 4435 3718 4480 et
3758 4429 3848 4494 qui

2261 4528 2321 4566 se
2351 4512 2612 4576 bumiliat.
2637 4512 2957 4568 exaltabitur
2993 4512 3140 4582 (Luc.
3176 4529 3286 4580 XIV,
3329 4515 3417 4580 ιι.
3446 4524 3494 4569 et
3540 4531 3689 4579 svnt,
3735 4517 3844 4583 ii).

2260 4605 2314 4660 Si
2342 4614 2518 4660 autem
2542 4616 2591 4656 et
2622 4605 3086 4675 interpretationes
3113 4607 3386 4670 nominum
3411 4621 3639 4676 quazras.
3663 4607 3844 4663 turda-

2261 4700 2346 4754 nis
2363 4700 2763 4754 estDcscensio
2791 4714 2975 4753 eorum
3032 4698 3304 4754 Descende
3347 4714 3494 4768 ergo,
3522 4710 3580 4753 ttt
3607 4700 3803 4768 lcreris
3827 4718 3841 4764 ;

2259 4789 2365 4844 ttnli
2391 4789 2684 4853 extolliﬂtc
2709 4787 2941 4850 clidarls,
2970 4789 3036 4842 Et
3054 4790 3114 4841 ἄρ’
3147 4789 3456 4844 Ilermoniiut
3482 4801 3648 4846 tuante
3666 4808 3840 4861 porro.

2261 4879 2588 4936 Ilertnnniim
2642 4880 3056 4935 Αιιςιιιιριιιιιιίυ³
3108 4882 3500 4948 interpretatur.
3545 4883 3840 4936 Anathcnta

2258 4973 2508 5041 teipsnm,
2550 4971 2881 5042 displicendo
2911 4973 2998 5026 tibi
3034 4989 3052 5025 ις
3089 4973 3390 5034 displimbis
3429 4973 3570 5028 enim
3617 4975 3747 5038 Deo,
3798 4975 3841 5027 si

2259 5064 2526 5134 placueris—
2563 5065 2679 5120 tibi.
2729 5065 2868 5133 Ergo
2913 5063 3032 5134 quia
3086 5066 3238 5118 nobis
3287 5066 3430 5120 Deus
3473 5068 3647 5120 omnia
3703 5068 3837 5123 bona

2257 5164 2493 5225 prtcstat,
2524 5156 2647 5226 quia
2679 5157 2792 5224 ipse
2820 5156 2989 5211 bonus
3013 5163 3116 5217 est.
3145 5172 3252 5211 non
3294 5158 3417 5226 quia
3459 5172 3559 5213 nos
3579 5158 3726 5229 digni
3753 5177 3841 5213 sn-

2253 5261 2408 5311 tnus;
2448 5247 2574 5317 quia
2611 5247 2702 5303 ille
2753 5249 3061 5302 misericors
3102 5255 3219 5310 'est.
3269 5264 3379 5303 non
3422 5251 3544 5318 quia
3577 5249 3632 5304 in
3661 5251 3838 5321 aliquo

2253 5340 2682 5413 promeruimus;
2726 5341 2790 5395 de
2813 5349 2946 5395 terra
2986 5338 3234 5395 Iordanis
3268 5349 3315 5394 et
3363 5339 3678 5396 Herutom'iut
3703 5359 3838 5397 cont-

2251 5444 2557 5488 ntemoratus
2587 5449 2700 5486 sum
2746 5431 2864 5486 Dei.
2899 5431 2964 5486 Et
3001 5434 3122 5501 quia
3153 5432 3425 5489 humiliter
3446 5448 3836 5490 commemora-

2252 5533 2361 5589 tur,
2411 5524 2680 5578 exaltatus
2723 5523 2920 5590 perfrui
2967 5523 3258 5578 merebitur
3301 5525 3479 5593 :quia
3527 5540 3634 5581 non
3679 5526 3734 5580 in
3780 5542 3836 5581 se

2249 5616 2512 5671 exaltatur
2538 5615 2626 5684 qni
2659 5617 2709 5668 in
2753 5615 2976 5669 Domino
3003 5615 3277 5685 gloriatur.

2315 5709 2331 5738 ¹
2347 5707 2439 5773 ,8ιο
2464 5714 2567 5756 Mss.
2595 5706 2806 5773 urna,
2832 5719 2925 5758 non
2949 5721 3216 5773 remaneas.

2461 5775 2565 5818 uss.
2601 5767 2713 5818 Edtl.
2742 5783 2878 5830 vero,
2918 5769 3370 5833 anathematizauit;
3391 5777 3444 5821 et
3466 5771 3608 5832 iam,
3643 5775 3829 5824 eruthe-
