  <div class='ocr_page' id='page_1' title='image "/cluster/home/n/w/nwhite01/storage/ocr_20150623/36/umn.319510024773307/249.png"; bbox 0 0 3978 6324; ppageno 0'>
   <div class='ocr_carea' id='block_1_1' title="bbox 482 438 584 494">
    <p class='ocr_par' dir='ltr' id='par_1_1' title="bbox 482 438 584 494">
     <span class='ocr_line' id='line_1_1' title="bbox 482 438 584 494; baseline -0.029 0"><span class='ocrx_word' id='word_1_1' title='bbox 482 438 584 494; x_wconf 74' lang='grc' dir='ltr'><strong>ΠΘ</strong></span> 
     </span>
    </p>
   </div>
   <div class='ocr_carea' id='block_1_2' title="bbox 483 509 2072 606">
    <p class='ocr_par' dir='ltr' id='par_1_2' title="bbox 483 509 2072 606">
     <span class='ocr_line' id='line_1_2' title="bbox 483 509 2072 606; baseline -0.029 0"><span class='ocrx_word' id='word_1_2' title='bbox 483 567 601 606; x_wconf 86' lang='lat' dir='ltr'><strong>ntus</strong></span> <span class='ocrx_word' id='word_1_3' title='bbox 632 565 646 604; x_wconf 89' lang='lat'><strong>:</strong></span> <span class='ocrx_word' id='word_1_4' title='bbox 681 544 864 602; x_wconf 83' lang='lat' dir='ltr'><strong>Emitte</strong></span> <span class='ocrx_word' id='word_1_5' title='bbox 894 543 1056 598; x_wconf 78' lang='lat' dir='ltr'><strong>lucem</strong></span> <span class='ocrx_word' id='word_1_6' title='bbox 1095 546 1233 590; x_wconf 85' lang='lat' dir='ltr'><strong>tuam</strong></span> <span class='ocrx_word' id='word_1_7' title='bbox 1280 539 1327 584; x_wconf 78' lang='lat' dir='ltr'><strong>et</strong></span> <span class='ocrx_word' id='word_1_8' title='bbox 1369 525 1623 582; x_wconf 77' lang='lat' dir='ltr'><strong>veritatem</strong></span> <span class='ocrx_word' id='word_1_9' title='bbox 1658 530 1818 572; x_wconf 81' lang='lat' dir='ltr'><strong>luant.</strong></span> <span class='ocrx_word' id='word_1_10' title='bbox 1853 512 1947 568; x_wconf 85' lang='lat' dir='ltr'><strong>Illa</strong></span> <span class='ocrx_word' id='word_1_11' title='bbox 1978 509 2072 606; x_wconf 52' lang='lat' dir='ltr'><strong>lus</strong></span> 
     </span>
    </p>
   </div>
   <div class='ocr_carea' id='block_1_3' title="bbox 484 601 2076 699">
    <p class='ocr_par' dir='ltr' id='par_1_3' title="bbox 484 601 2076 699">
     <span class='ocr_line' id='line_1_3' title="bbox 484 601 2076 699; baseline -0.029 0"><span class='ocrx_word' id='word_1_12' title='bbox 484 644 697 698; x_wconf 88' lang='lat' dir='ltr'><strong>oculum</strong></span> <span class='ocrx_word' id='word_1_13' title='bbox 725 635 903 692; x_wconf 88' lang='lat' dir='ltr'><strong>cordis</strong></span> <span class='ocrx_word' id='word_1_14' title='bbox 945 629 1204 699; x_wconf 88' lang='lat' dir='ltr'><strong>inquirit:</strong></span> <span class='ocrx_word' id='word_1_15' title='bbox 1246 622 1388 677; x_wconf 87' lang='lat' dir='ltr'><strong>Beati</strong></span> <span class='ocrx_word' id='word_1_16' title='bbox 1437 618 1568 672; x_wconf 84' lang='lat' dir='ltr'><strong>enim</strong></span> <span class='ocrx_word' id='word_1_17' title='bbox 1593 655 1607 678; x_wconf 97' lang='lat'><strong>,</strong></span> <span class='ocrx_word' id='word_1_18' title='bbox 1659 610 1866 699; x_wconf 88' lang='lat' dir='ltr'><strong>inquit,</strong></span> <span class='ocrx_word' id='word_1_19' title='bbox 1899 601 2076 699; x_wconf 57' lang='lat' dir='ltr'><strong>manili</strong></span> 
     </span>
    </p>
   </div>
   <div class='ocr_carea' id='block_1_4' title="bbox 485 694 2078 804">
    <p class='ocr_par' dir='ltr' id='par_1_4' title="bbox 485 694 2078 804">
     <span class='ocr_line' id='line_1_4' title="bbox 485 694 2078 804; baseline -0.029 -13"><span class='ocrx_word' id='word_1_20' title='bbox 485 694 658 798; x_wconf 58' lang='lat' dir='ltr'><strong>corde,</strong></span> <span class='ocrx_word' id='word_1_21' title='bbox 680 694 915 804; x_wconf 81' lang='lat' dir='ltr'><strong>quoniam</strong></span> <span class='ocrx_word' id='word_1_22' title='bbox 936 694 1033 792; x_wconf 81' lang='lat' dir='ltr'><strong>ipsi</strong></span> <span class='ocrx_word' id='word_1_23' title='bbox 1055 722 1216 774; x_wconf 71' lang='lat' dir='ltr'><strong>Deum</strong></span> <span class='ocrx_word' id='word_1_24' title='bbox 1235 715 1466 804; x_wconf 61' lang='lat' dir='ltr'><strong>videbunt</strong></span> <span class='ocrx_word' id='word_1_25' title='bbox 1488 704 1693 804; x_wconf 66' lang='lat' dir='ltr'><strong>(blattlt.</strong></span> <span class='ocrx_word' id='word_1_26' title='bbox 1707 716 1767 804; x_wconf 41' lang='lat' dir='ltr'><strong>.v,</strong></span> <span class='ocrx_word' id='word_1_27' title='bbox 1795 698 1829 754; x_wconf 86' lang='lat'>8</span> <span class='ocrx_word' id='word_1_28' title='bbox 1851 698 1894 804; x_wconf 66' lang='lat'><strong>).</strong></span> <span class='ocrx_word' id='word_1_29' title='bbox 1920 694 2078 804; x_wconf 45' lang='lat' dir='ltr'><strong>.Mo‘do</strong></span> 
     </span>
    </p>
   </div>
   <div class='ocr_carea' id='block_1_5' title="bbox 491 793 2078 886">
    <p class='ocr_par' dir='ltr' id='par_1_5' title="bbox 491 793 2078 886">
     <span class='ocr_line' id='line_1_5' title="bbox 491 793 2078 886; baseline -0.029 -4"><span class='ocrx_word' id='word_1_30' title='bbox 491 830 546 882; x_wconf 92' lang='lat' dir='ltr'><strong>in</strong></span> <span class='ocrx_word' id='word_1_31' title='bbox 571 793 753 881; x_wconf 72' lang='lat' dir='ltr'><strong>monte</strong></span> <span class='ocrx_word' id='word_1_32' title='bbox 780 821 898 886; x_wconf 76' lang='lat' dir='ltr'><strong>ejus</strong></span> <span class='ocrx_word' id='word_1_33' title='bbox 925 827 1130 871; x_wconf 82' lang='lat' dir='ltr'><strong>sumus,</strong></span> <span class='ocrx_word' id='word_1_34' title='bbox 1156 809 1206 862; x_wconf 88' lang='lat' dir='ltr'><strong>id</strong></span> <span class='ocrx_word' id='word_1_35' title='bbox 1228 816 1309 860; x_wconf 88' lang='lat' dir='ltr'><strong>est</strong></span> <span class='ocrx_word' id='word_1_36' title='bbox 1333 805 1385 858; x_wconf 91' lang='lat' dir='ltr'><strong>in</strong></span> <span class='ocrx_word' id='word_1_37' title='bbox 1410 797 1646 856; x_wconf 80' lang='lat' dir='ltr'><strong>Ecclesia</strong></span> <span class='ocrx_word' id='word_1_38' title='bbox 1675 794 1809 886; x_wconf 80' lang='lat' dir='ltr'><strong>ejus,</strong></span> <span class='ocrx_word' id='word_1_39' title='bbox 1840 798 1891 843; x_wconf 91' lang='lat' dir='ltr'><strong>et</strong></span> <span class='ocrx_word' id='word_1_40' title='bbox 1920 793 1970 840; x_wconf 91' lang='lat' dir='ltr'><strong>in</strong></span> <span class='ocrx_word' id='word_1_41' title='bbox 1997 793 2078 838; x_wconf 77' lang='lat' dir='ltr'><strong>ta-</strong></span> 
     </span>
    </p>
   </div>
   <div class='ocr_carea' id='block_1_6' title="bbox 493 881 2077 979">
    <p class='ocr_par' dir='ltr' id='par_1_6' title="bbox 493 881 2077 979">
     <span class='ocr_line' id='line_1_6' title="bbox 493 881 2077 979; baseline -0.03 -4"><span class='ocrx_word' id='word_1_42' title='bbox 493 881 786 976; x_wconf 83' lang='lat' dir='ltr'><strong>bernaculo</strong></span> <span class='ocrx_word' id='word_1_43' title='bbox 811 881 949 978; x_wconf 79' lang='lat' dir='ltr'><strong>ejus.</strong></span> <span class='ocrx_word' id='word_1_44' title='bbox 979 898 1403 960; x_wconf 79' lang='lat' dir='ltr'><strong>Tabernaculum</strong></span> <span class='ocrx_word' id='word_1_45' title='bbox 1456 881 1903 962; x_wconf 81' lang='lat' dir='ltr'><strong>peregrinantium</strong></span> <span class='ocrx_word' id='word_1_46' title='bbox 1957 885 2077 979; x_wconf 31' lang='lat' dir='ltr'><strong>esti,</strong></span> 
     </span>
    </p>
   </div>
   <div class='ocr_carea' id='block_1_7' title="bbox 497 977 2082 1067">
    <p class='ocr_par' dir='ltr' id='par_1_7' title="bbox 497 977 2082 1067">
     <span class='ocr_line' id='line_1_7' title="bbox 497 977 2082 1067; baseline -0.032 1"><span class='ocrx_word' id='word_1_47' title='bbox 497 1013 693 1067; x_wconf 88' lang='lat' dir='ltr'><strong>domus</strong></span> <span class='ocrx_word' id='word_1_48' title='bbox 737 977 1150 1060; x_wconf 84' lang='lat' dir='ltr'><strong>cohabitantium</strong></span> <span class='ocrx_word' id='word_1_49' title='bbox 1186 1012 1199 1046; x_wconf 89' lang='lat'><strong>:</strong></span> <span class='ocrx_word' id='word_1_50' title='bbox 1230 1000 1310 1045; x_wconf 86' lang='lat' dir='ltr'><strong>est</strong></span> <span class='ocrx_word' id='word_1_51' title='bbox 1339 977 1817 1067; x_wconf 75' lang='lat' dir='ltr'><strong>ct.tabernaeulttm</strong></span> <span class='ocrx_word' id='word_1_52' title='bbox 1848 977 2082 1067; x_wconf 74' lang='lat' dir='ltr'><strong>peregri-</strong></span> 
     </span>
    </p>
   </div>
   <div class='ocr_carea' id='block_1_8' title="bbox 502 1061 2081 1157">
    <p class='ocr_par' dir='ltr' id='par_1_8' title="bbox 502 1061 2081 1157">
     <span class='ocr_line' id='line_1_8' title="bbox 502 1061 2081 1157; baseline -0.03 0"><span class='ocrx_word' id='word_1_53' title='bbox 502 1101 741 1157; x_wconf 89' lang='lat' dir='ltr'><strong>nantium</strong></span> <span class='ocrx_word' id='word_1_54' title='bbox 793 1105 847 1150; x_wconf 91' lang='lat' dir='ltr'><strong>et</strong></span> <span class='ocrx_word' id='word_1_55' title='bbox 877 1088 1235 1146; x_wconf 91' lang='lat' dir='ltr'><strong>militantium.</strong></span> <span class='ocrx_word' id='word_1_56' title='bbox 1265 1083 1396 1135; x_wconf 79' lang='lat' dir='ltr'><strong>Cum</strong></span> <span class='ocrx_word' id='word_1_57' title='bbox 1442 1066 1595 1130; x_wconf 80' lang='lat' dir='ltr'><strong>audis</strong></span> <span class='ocrx_word' id='word_1_58' title='bbox 1643 1061 2081 1123; x_wconf 88' lang='lat' dir='ltr'><strong>tabernaculum,</strong></span> 
     </span>
    </p>
   </div>
   <div class='ocr_carea' id='block_1_9' title="bbox 500 1163 2085 1253">
    <p class='ocr_par' dir='ltr' id='par_1_9' title="bbox 500 1163 2085 1253">
     <span class='ocr_line' id='line_1_9' title="bbox 500 1163 2085 1253; baseline -0.032 -1"><span class='ocrx_word' id='word_1_59' title='bbox 500 1194 701 1251; x_wconf 80' lang='lat' dir='ltr'><strong>bellum</strong></span> <span class='ocrx_word' id='word_1_60' title='bbox 752 1177 1023 1253; x_wconf 77' lang='lat' dir='ltr'><strong>intelligo,</strong></span> <span class='ocrx_word' id='word_1_61' title='bbox 1073 1181 1277 1234; x_wconf 81' lang='lat' dir='ltr'><strong>hostem</strong></span> <span class='ocrx_word' id='word_1_62' title='bbox 1323 1185 1470 1224; x_wconf 87' lang='lat' dir='ltr'><strong>cave.</strong></span> <span class='ocrx_word' id='word_1_63' title='bbox 1523 1167 1720 1253; x_wconf 85' lang='lat' dir='ltr'><strong>Domus</strong></span> <span class='ocrx_word' id='word_1_64' title='bbox 1762 1164 1937 1253; x_wconf 78' lang='lat' dir='ltr'><strong>autem</strong></span> <span class='ocrx_word' id='word_1_65' title='bbox 1966 1163 2085 1222; x_wconf 67' lang='lat' dir='ltr'><strong>qua:</strong></span> 
     </span>
    </p>
   </div>
   <div class='ocr_carea' id='block_1_10' title="bbox 501 1245 2088 1344">
    <p class='ocr_par' dir='ltr' id='par_1_10' title="bbox 501 1245 2088 1344">
     <span class='ocr_line' id='line_1_10' title="bbox 501 1245 2088 1344; baseline -0.029 -2"><span class='ocrx_word' id='word_1_66' title='bbox 630 1245 694 1335; x_wconf 52' lang='lat' dir='ltr'><strong>li</strong></span> <span class='ocrx_word' id='word_1_67' title='bbox 723 1277 867 1334; x_wconf 87' lang='lat' dir='ltr'><strong>Beati</strong></span> <span class='ocrx_word' id='word_1_68' title='bbox 894 1245 980 1344; x_wconf 58' lang='lat' dir='ltr'><strong>qui</strong></span> <span class='ocrx_word' id='word_1_69' title='bbox 1017 1272 1240 1325; x_wconf 76' lang='lat' dir='ltr'><strong>habitant</strong></span> <span class='ocrx_word' id='word_1_70' title='bbox 1269 1266 1322 1318; x_wconf 86' lang='lat' dir='ltr'><strong>in</strong></span> <span class='ocrx_word' id='word_1_71' title='bbox 1352 1262 1500 1315; x_wconf 88' lang='lat' dir='ltr'><strong>domo</strong></span> <span class='ocrx_word' id='word_1_72' title='bbox 1530 1267 1617 1337; x_wconf 82' lang='lat' dir='ltr'><strong>tua</strong></span> <span class='ocrx_word' id='word_1_73' title='bbox 1642 1296 1669 1344; x_wconf 8' lang='lat'><strong>.7</strong></span> <span class='ocrx_word' id='word_1_74' title='bbox 1697 1252 1750 1306; x_wconf 84' lang='lat' dir='ltr'><strong>in</strong></span> <span class='ocrx_word' id='word_1_75' title='bbox 1777 1245 1966 1304; x_wconf 60' lang='lat' dir='ltr'><strong>secula</strong></span> <span class='ocrx_word' id='word_1_76' title='bbox 1991 1254 2088 1298; x_wconf 64' lang='lat' dir='ltr'><strong>suto</strong></span> 
     </span>
    </p>
   </div>
   <div class='ocr_carea' id='block_1_11' title="bbox 503 1343 1704 1431">
    <p class='ocr_par' dir='ltr' id='par_1_11' title="bbox 503 1343 1704 1431">
     <span class='ocr_line' id='line_1_11' title="bbox 503 1343 1704 1431; baseline -0.028 0"><span class='ocrx_word' id='word_1_77' title='bbox 503 1376 733 1431; x_wconf 78' lang='lat' dir='ltr'><strong>culorum</strong></span> <span class='ocrx_word' id='word_1_78' title='bbox 757 1368 1036 1426; x_wconf 81' lang='lat' dir='ltr'><strong>laudabunt</strong></span> <span class='ocrx_word' id='word_1_79' title='bbox 1062 1373 1109 1416; x_wconf 85' lang='lat' dir='ltr'><strong>te</strong></span> <span class='ocrx_word' id='word_1_80' title='bbox 1132 1361 1150 1430; x_wconf 89' lang='lat'>(</span> <span class='ocrx_word' id='word_1_81' title='bbox 1185 1355 1326 1412; x_wconf 80' lang='lat' dir='ltr'><strong>Psal.</strong></span> <span class='ocrx_word' id='word_1_82' title='bbox 1349 1364 1582 1412; x_wconf 77' lang='lat' dir='ltr'><strong>uxxut,</strong></span> <span class='ocrx_word' id='word_1_83' title='bbox 1607 1346 1641 1401; x_wconf 81' lang='lat'><strong>5</strong></span> 
     </span>
    </p>
   </div>
   <div class='ocr_carea' id='block_1_12' title="bbox 573 1430 2090 1536">
    <p class='ocr_par' dir='ltr' id='par_1_12' title="bbox 573 1430 2090 1536">
     <span class='ocr_line' id='line_1_12' title="bbox 573 1430 2090 1536; baseline -0.027 -17"><span class='ocrx_word' id='word_1_84' title='bbox 573 1466 628 1520; x_wconf 83' lang='lat'><strong>5.</strong></span> <span class='ocrx_word' id='word_1_85' title='bbox 658 1461 806 1536; x_wconf 83' lang='lat' dir='ltr'><strong>[vers.</strong></span> <span class='ocrx_word' id='word_1_86' title='bbox 832 1455 911 1530; x_wconf 64' lang='lat'><strong>4.]</strong></span> <span class='ocrx_word' id='word_1_87' title='bbox 935 1455 1052 1511; x_wconf 73' lang='lat' dir='ltr'><strong>1am</strong></span> <span class='ocrx_word' id='word_1_88' title='bbox 1081 1465 1211 1521; x_wconf 78' lang='lat' dir='ltr'><strong>ergo</strong></span> <span class='ocrx_word' id='word_1_89' title='bbox 1236 1443 1470 1519; x_wconf 76' lang='lat' dir='ltr'><strong>perducti</strong></span> <span class='ocrx_word' id='word_1_90' title='bbox 1492 1440 1555 1494; x_wconf 88' lang='lat' dir='ltr'><strong>ad</strong></span> <span class='ocrx_word' id='word_1_91' title='bbox 1585 1430 2007 1531; x_wconf 78' lang='lat' dir='ltr'><strong>tabernaculum,</strong></span> <span class='ocrx_word' id='word_1_92' title='bbox 2031 1433 2090 1536; x_wconf 59' lang='lat' dir='ltr'><strong>et</strong></span> 
     </span>
    </p>
   </div>
   <div class='ocr_carea' id='block_1_13' title="bbox 506 1513 2090 1626">
    <p class='ocr_par' dir='ltr' id='par_1_13' title="bbox 506 1513 2090 1626">
     <span class='ocr_line' id='line_1_13' title="bbox 506 1513 2090 1626; baseline -0.026 -14"><span class='ocrx_word' id='word_1_93' title='bbox 506 1513 679 1626; x_wconf 80' lang='lat' dir='ltr'><strong>positiL</strong></span> <span class='ocrx_word' id='word_1_94' title='bbox 709 1550 764 1605; x_wconf 90' lang='lat' dir='ltr'><strong>in</strong></span> <span class='ocrx_word' id='word_1_95' title='bbox 810 1513 992 1602; x_wconf 42' lang='lat' dir='ltr'><strong>mo‘ote</strong></span> <span class='ocrx_word' id='word_1_96' title='bbox 1021 1551 1208 1598; x_wconf 86' lang='lat' dir='ltr'><strong>sancto</strong></span> <span class='ocrx_word' id='word_1_97' title='bbox 1237 1537 1354 1608; x_wconf 76' lang='lat' dir='ltr'><strong>ejus</strong></span> <span class='ocrx_word' id='word_1_98' title='bbox 1373 1575 1388 1598; x_wconf 88' lang='lat'><strong>,</strong></span> <span class='ocrx_word' id='word_1_99' title='bbox 1417 1545 1575 1603; x_wconf 88' lang='lat' dir='ltr'><strong>quam</strong></span> <span class='ocrx_word' id='word_1_100' title='bbox 1615 1539 1765 1626; x_wconf 74' lang='lat' dir='ltr'><strong>spem</strong></span> <span class='ocrx_word' id='word_1_101' title='bbox 1816 1513 2090 1626; x_wconf 62' lang='lat' dir='ltr'><strong>gerimus?</strong></span> 
     </span>
    </p>
   </div>
   <div class='ocr_carea' id='block_1_14' title="bbox 508 1609 2094 1703">
    <p class='ocr_par' dir='ltr' id='par_1_14' title="bbox 508 1609 2094 1703">
     <span class='ocr_line' id='line_1_14' title="bbox 508 1609 2094 1703; baseline -0.026 0"><span class='ocrx_word' id='word_1_102' title='bbox 508 1609 817 1703; x_wconf 20' lang='lat' dir='ltr'><strong>iitiintroibo</strong></span> <span class='ocrx_word' id='word_1_103' title='bbox 837 1640 904 1693; x_wconf 87' lang='lat' dir='ltr'><strong>ad</strong></span> <span class='ocrx_word' id='word_1_104' title='bbox 941 1637 1102 1691; x_wconf 88' lang='lat' dir='ltr'><strong>altare</strong></span> <span class='ocrx_word' id='word_1_105' title='bbox 1132 1629 1245 1685; x_wconf 82' lang='lat' dir='ltr'><strong>Dei.</strong></span> <span class='ocrx_word' id='word_1_106' title='bbox 1274 1627 1372 1682; x_wconf 82' lang='lat' dir='ltr'><strong>Est</strong></span> <span class='ocrx_word' id='word_1_107' title='bbox 1399 1622 1542 1680; x_wconf 87' lang='lat' dir='ltr'><strong>enim</strong></span> <span class='ocrx_word' id='word_1_108' title='bbox 1569 1610 1837 1689; x_wconf 82' lang='lat' dir='ltr'><strong>quoddam</strong></span> 
     </span>
    </p>
   </div>
   <div class='ocr_carea' id='block_1_15' title="bbox 508 1697 2092 1797">
    <p class='ocr_par' dir='ltr' id='par_1_15' title="bbox 508 1697 2092 1797">
     <span class='ocr_line' id='line_1_15' title="bbox 508 1697 2092 1797; baseline -0.027 -5"><span class='ocrx_word' id='word_1_109' title='bbox 508 1697 968 1794; x_wconf 89' lang='lat' dir='ltr'><strong>invisibile</strong></span> <span class='ocrx_word' id='word_1_110' title='bbox 990 1769 1004 1791; x_wconf 96' lang='lat'><strong>,</strong></span> <span class='ocrx_word' id='word_1_111' title='bbox 1030 1740 1139 1797; x_wconf 90' lang='lat' dir='ltr'><strong>quo</strong></span> <span class='ocrx_word' id='word_1_112' title='bbox 1164 1737 1272 1776; x_wconf 91' lang='lat' dir='ltr'><strong>non</strong></span> <span class='ocrx_word' id='word_1_113' title='bbox 1314 1713 1522 1773; x_wconf 82' lang='lat' dir='ltr'><strong>accedit</strong></span> <span class='ocrx_word' id='word_1_114' title='bbox 1563 1709 1815 1779; x_wconf 74' lang='lat' dir='ltr'><strong>iniustus.</strong></span> <span class='ocrx_word' id='word_1_115' title='bbox 1854 1698 1934 1757; x_wconf 78' lang='lat' dir='ltr'><strong>Ad</strong></span> <span class='ocrx_word' id='word_1_116' title='bbox 1965 1697 2092 1797; x_wconf 67' lang='lat' dir='ltr'><strong>illud</strong></span> 
     </span>
    </p>
   </div>
   <div class='ocr_carea' id='block_1_16' title="bbox 511 1789 2090 1884">
    <p class='ocr_par' dir='ltr' id='par_1_16' title="bbox 511 1789 2090 1884">
     <span class='ocr_line' id='line_1_16' title="bbox 511 1789 2090 1884; baseline -0.028 0"><span class='ocrx_word' id='word_1_117' title='bbox 701 1825 791 1880; x_wconf 90' lang='lat' dir='ltr'><strong>ille</strong></span> <span class='ocrx_word' id='word_1_118' title='bbox 817 1821 963 1876; x_wconf 82' lang='lat' dir='ltr'><strong>solus</strong></span> <span class='ocrx_word' id='word_1_119' title='bbox 992 1789 1218 1878; x_wconf 77' lang='lat' dir='ltr'><strong>accedit,</strong></span> <span class='ocrx_word' id='word_1_120' title='bbox 1244 1807 1334 1880; x_wconf 87' lang='lat' dir='ltr'><strong>qui</strong></span> <span class='ocrx_word' id='word_1_121' title='bbox 1359 1805 1426 1861; x_wconf 91' lang='lat' dir='ltr'><strong>ad</strong></span> <span class='ocrx_word' id='word_1_122' title='bbox 1452 1799 1590 1858; x_wconf 81' lang='lat' dir='ltr'><strong>istud</strong></span> <span class='ocrx_word' id='word_1_123' title='bbox 1611 1809 1832 1854; x_wconf 83' lang='lat' dir='ltr'><strong>securus</strong></span> <span class='ocrx_word' id='word_1_124' title='bbox 1850 1789 2090 1847; x_wconf 77' lang='lat' dir='ltr'><strong>accedit:</strong></span> 
     </span>
    </p>
   </div>
   <div class='ocr_carea' id='block_1_17' title="bbox 515 1885 2094 1976">
    <p class='ocr_par' dir='ltr' id='par_1_17' title="bbox 515 1885 2094 1976">
     <span class='ocr_line' id='line_1_17' title="bbox 515 1885 2094 1976; baseline -0.028 -1"><span class='ocrx_word' id='word_1_125' title='bbox 515 1920 624 1976; x_wconf 91' lang='lat' dir='ltr'><strong>illic</strong></span> <span class='ocrx_word' id='word_1_126' title='bbox 651 1915 882 1971; x_wconf 79' lang='lat' dir='ltr'><strong>inveniet</strong></span> <span class='ocrx_word' id='word_1_127' title='bbox 908 1910 1070 1964; x_wconf 85' lang='lat' dir='ltr'><strong>vitam</strong></span> <span class='ocrx_word' id='word_1_128' title='bbox 1097 1917 1270 1967; x_wconf 90' lang='lat' dir='ltr'><strong>suam,</strong></span> <span class='ocrx_word' id='word_1_129' title='bbox 1297 1897 1386 1975; x_wconf 87' lang='lat' dir='ltr'><strong>qui</strong></span> <span class='ocrx_word' id='word_1_130' title='bbox 1406 1891 1470 1950; x_wconf 63' lang='lat' dir='ltr'><strong>in&#39;</strong></span> <span class='ocrx_word' id='word_1_131' title='bbox 1485 1894 1586 1948; x_wconf 90' lang='lat' dir='ltr'><strong>isto</strong></span> <span class='ocrx_word' id='word_1_132' title='bbox 1605 1885 1859 1944; x_wconf 84' lang='lat' dir='ltr'><strong>discernit</strong></span> <span class='ocrx_word' id='word_1_133' title='bbox 1883 1894 2094 1938; x_wconf 81' lang='lat' dir='ltr'><strong>causam</strong></span> 
     </span>
    </p>
   </div>
   <div class='ocr_carea' id='block_1_18' title="bbox 515 1979 2100 2068">
    <p class='ocr_par' dir='ltr' id='par_1_18' title="bbox 515 1979 2100 2068">
     <span class='ocr_line' id='line_1_18' title="bbox 515 1979 2100 2068; baseline -0.03 1"><span class='ocrx_word' id='word_1_134' title='bbox 515 2026 688 2068; x_wconf 78' lang='lat' dir='ltr'><strong>suam.</strong></span> <span class='ocrx_word' id='word_1_135' title='bbox 735 2007 795 2060; x_wconf 64' lang='lat' dir='ltr'><strong>lit</strong></span> <span class='ocrx_word' id='word_1_136' title='bbox 841 2001 1054 2057; x_wconf 86' lang='lat' dir='ltr'><strong>introibo</strong></span> <span class='ocrx_word' id='word_1_137' title='bbox 1101 1994 1169 2049; x_wconf 88' lang='lat' dir='ltr'><strong>ad</strong></span> <span class='ocrx_word' id='word_1_138' title='bbox 1208 1993 1368 2047; x_wconf 86' lang='lat' dir='ltr'><strong>altare</strong></span> <span class='ocrx_word' id='word_1_139' title='bbox 1409 1985 1501 2040; x_wconf 86' lang='lat' dir='ltr'><strong>Dei</strong></span> <span class='ocrx_word' id='word_1_140' title='bbox 1531 2000 1550 2039; x_wconf 91' lang='lat'><strong><em>:</em></strong></span> <span class='ocrx_word' id='word_1_141' title='bbox 1590 1981 1658 2037; x_wconf 88' lang='lat' dir='ltr'><strong>de</strong></span> <span class='ocrx_word' id='word_1_142' title='bbox 1693 1984 1872 2032; x_wconf 91' lang='lat' dir='ltr'><strong>monte</strong></span> <span class='ocrx_word' id='word_1_143' title='bbox 1916 1979 2100 2068; x_wconf 86' lang='lat' dir='ltr'><strong>saneto</strong></span> 
     </span>
    </p>
   </div>
   <div class='ocr_carea' id='block_1_19' title="bbox 517 2064 2098 2172">
    <p class='ocr_par' dir='ltr' id='par_1_19' title="bbox 517 2064 2098 2172">
     <span class='ocr_line' id='line_1_19' title="bbox 517 2064 2098 2172; baseline -0.029 -15"><span class='ocrx_word' id='word_1_144' title='bbox 517 2064 653 2172; x_wconf 67' lang='lat' dir='ltr'><strong>ejus.</strong></span> <span class='ocrx_word' id='word_1_145' title='bbox 679 2109 731 2154; x_wconf 90' lang='lat' dir='ltr'><strong>et</strong></span> <span class='ocrx_word' id='word_1_146' title='bbox 761 2098 827 2150; x_wconf 81' lang='lat' dir='ltr'><strong>tle</strong></span> <span class='ocrx_word' id='word_1_147' title='bbox 849 2087 1189 2149; x_wconf 82' lang='lat' dir='ltr'><strong>tabernaculo</strong></span> <span class='ocrx_word' id='word_1_148' title='bbox 1211 2083 1348 2153; x_wconf 83' lang='lat' dir='ltr'><strong>ejus,</strong></span> <span class='ocrx_word' id='word_1_149' title='bbox 1377 2078 1444 2134; x_wconf 88' lang='lat' dir='ltr'><strong>de</strong></span> <span class='ocrx_word' id='word_1_150' title='bbox 1469 2078 1648 2132; x_wconf 88' lang='lat' dir='ltr'><strong>sancta</strong></span> <span class='ocrx_word' id='word_1_151' title='bbox 1676 2067 1916 2172; x_wconf 45' lang='lat' dir='ltr'><strong>Declesia</strong></span> <span class='ocrx_word' id='word_1_152' title='bbox 2082 2102 2098 2126; x_wconf 93' lang='lat'><strong>,</strong></span> 
     </span>
    </p>
   </div>
   <div class='ocr_carea' id='block_1_20' title="bbox 520 2157 2100 2249">
    <p class='ocr_par' dir='ltr' id='par_1_20' title="bbox 520 2157 2100 2249">
     <span class='ocr_line' id='line_1_20' title="bbox 520 2157 2100 2249; baseline -0.028 0"><span class='ocrx_word' id='word_1_153' title='bbox 520 2157 752 2249; x_wconf 73' lang='lat' dir='ltr'><strong>introibo</strong></span> <span class='ocrx_word' id='word_1_154' title='bbox 785 2187 853 2242; x_wconf 87' lang='lat' dir='ltr'><strong>ad</strong></span> <span class='ocrx_word' id='word_1_155' title='bbox 891 2185 1058 2238; x_wconf 89' lang='lat' dir='ltr'><strong>altare</strong></span> <span class='ocrx_word' id='word_1_156' title='bbox 1095 2177 1188 2233; x_wconf 91' lang='lat' dir='ltr'><strong>Dei</strong></span> <span class='ocrx_word' id='word_1_157' title='bbox 1215 2172 1462 2230; x_wconf 90' lang='lat' dir='ltr'><strong>sublime.</strong></span> <span class='ocrx_word' id='word_1_158' title='bbox 1483 2165 1659 2235; x_wconf 86' lang='lat' dir='ltr'><strong>Quale</strong></span> <span class='ocrx_word' id='word_1_159' title='bbox 1686 2161 1756 2216; x_wconf 92' lang='lat' dir='ltr'><strong>ibi</strong></span> <span class='ocrx_word' id='word_1_160' title='bbox 1785 2157 2100 2249; x_wconf 77' lang='lat' dir='ltr'><strong>sarrilieium</strong></span> 
     </span>
    </p>
   </div>
   <div class='ocr_carea' id='block_1_21' title="bbox 519 2243 2109 2352">
    <p class='ocr_par' dir='ltr' id='par_1_21' title="bbox 519 2243 2109 2352">
     <span class='ocr_line' id='line_1_21' title="bbox 519 2243 2109 2352; baseline -0.029 -12"><span class='ocrx_word' id='word_1_161' title='bbox 668 2243 799 2352; x_wconf 73' lang='lat' dir='ltr'><strong>ipse</strong></span> <span class='ocrx_word' id='word_1_162' title='bbox 825 2277 914 2350; x_wconf 89' lang='lat' dir='ltr'><strong>qui</strong></span> <span class='ocrx_word' id='word_1_163' title='bbox 942 2267 1140 2334; x_wconf 82' lang='lat' dir='ltr'><strong>intrat,</strong></span> <span class='ocrx_word' id='word_1_164' title='bbox 1172 2264 1460 2321; x_wconf 86' lang='lat' dir='ltr'><strong>assumitur</strong></span> <span class='ocrx_word' id='word_1_165' title='bbox 1506 2260 1560 2313; x_wconf 90' lang='lat' dir='ltr'><strong>in</strong></span> <span class='ocrx_word' id='word_1_166' title='bbox 1586 2243 2109 2352; x_wconf 39' lang='lat' dir='ltr'><strong>bal-ocattstu-tn.hln-</strong></span> 
     </span>
    </p>
   </div>
   <div class='ocr_carea' id='block_1_22' title="bbox 523 2335 2110 2433">
    <p class='ocr_par' dir='ltr' id='par_1_22' title="bbox 523 2335 2110 2433">
     <span class='ocr_line' id='line_1_22' title="bbox 523 2335 2110 2433; baseline -0.03 -1"><span class='ocrx_word' id='word_1_167' title='bbox 523 2335 684 2433; x_wconf 64' lang='lat' dir='ltr'><strong>iroibo</strong></span> <span class='ocrx_word' id='word_1_168' title='bbox 706 2335 792 2427; x_wconf 68' lang='grc' dir='ltr'><strong>⁸(ιιι</strong></span> <span class='ocrx_word' id='word_1_169' title='bbox 840 2335 1003 2423; x_wconf 74' lang='lat' dir='ltr'><strong>altare</strong></span> <span class='ocrx_word' id='word_1_170' title='bbox 1045 2360 1161 2418; x_wconf 87' lang='lat' dir='ltr'><strong>Dei.</strong></span> <span class='ocrx_word' id='word_1_171' title='bbox 1191 2355 1328 2426; x_wconf 89' lang='lat' dir='ltr'><strong>Quid</strong></span> <span class='ocrx_word' id='word_1_172' title='bbox 1357 2363 1439 2409; x_wconf 91' lang='lat' dir='ltr'><strong>est</strong></span> <span class='ocrx_word' id='word_1_173' title='bbox 1481 2345 1621 2420; x_wconf 84' lang='lat' dir='ltr'><strong>quod</strong></span> <span class='ocrx_word' id='word_1_174' title='bbox 1651 2345 1779 2400; x_wconf 87' lang='lat' dir='ltr'><strong>dicit</strong></span> <span class='ocrx_word' id='word_1_175' title='bbox 1797 2381 1812 2402; x_wconf 86' lang='lat'><strong>.</strong></span> <span class='ocrx_word' id='word_1_176' title='bbox 1839 2335 2110 2433; x_wconf 40' lang='lat' dir='ltr'><strong>od‘altare</strong></span> 
     </span>
    </p>
   </div>
   <div class='ocr_carea' id='block_1_23' title="bbox 528 2427 2108 2528">
    <p class='ocr_par' dir='ltr' id='par_1_23' title="bbox 528 2427 2108 2528">
     <span class='ocr_line' id='line_1_23' title="bbox 528 2427 2108 2528; baseline -0.029 -5"><span class='ocrx_word' id='word_1_177' title='bbox 688 2463 764 2519; x_wconf 80' lang='lat' dir='ltr'><strong>Ad</strong></span> <span class='ocrx_word' id='word_1_178' title='bbox 795 2459 958 2515; x_wconf 86' lang='lat' dir='ltr'><strong>Deum</strong></span> <span class='ocrx_word' id='word_1_179' title='bbox 983 2454 1070 2528; x_wconf 86' lang='lat' dir='ltr'><strong>qui</strong></span> <span class='ocrx_word' id='word_1_180' title='bbox 1110 2449 1335 2518; x_wconf 77' lang='lat' dir='ltr'><strong>lwtiﬁcat</strong></span> <span class='ocrx_word' id='word_1_181' title='bbox 1363 2444 1672 2514; x_wconf 77' lang='lat' dir='ltr'><strong>iuuentutem</strong></span> <span class='ocrx_word' id='word_1_182' title='bbox 1701 2427 2108 2528; x_wconf 39' lang='lat' dir='ltr'><strong>incana-Juven-</strong></span> 
     </span>
    </p>
   </div>
   <div class='ocr_carea' id='block_1_24' title="bbox 528 2521 2108 2624">
    <p class='ocr_par' dir='ltr' id='par_1_24' title="bbox 528 2521 2108 2624">
     <span class='ocr_line' id='line_1_24' title="bbox 528 2521 2108 2624; baseline -0.03 -7"><span class='ocrx_word' id='word_1_183' title='bbox 528 2573 612 2617; x_wconf 90' lang='lat' dir='ltr'><strong>tus</strong></span> <span class='ocrx_word' id='word_1_184' title='bbox 640 2549 925 2614; x_wconf 76' lang='lat' dir='ltr'><strong>novitatem</strong></span> <span class='ocrx_word' id='word_1_185' title='bbox 947 2521 1208 2620; x_wconf 45' lang='lat' dir='ltr'><strong>significat</strong></span> <span class='ocrx_word' id='word_1_186' title='bbox 1239 2560 1252 2596; x_wconf 92' lang='lat'><strong>:</strong></span> <span class='ocrx_word' id='word_1_187' title='bbox 1284 2550 1531 2606; x_wconf 84' lang='lat' dir='ltr'><strong>tanquam</strong></span> <span class='ocrx_word' id='word_1_188' title='bbox 1562 2529 1802 2590; x_wconf 87' lang='lat' dir='ltr'><strong>diceret,</strong></span> <span class='ocrx_word' id='word_1_189' title='bbox 1833 2521 2108 2624; x_wconf 60' lang='lat' dir='ltr'><strong>Adin-um</strong></span> 
     </span>
    </p>
   </div>
   <div class='ocr_carea' id='block_1_25' title="bbox 525 2619 2110 2724">
    <p class='ocr_par' dir='ltr' id='par_1_25' title="bbox 525 2619 2110 2724">
     <span class='ocr_line' id='line_1_25' title="bbox 525 2619 2110 2724; baseline -0.028 -17"><span class='ocrx_word' id='word_1_190' title='bbox 525 2651 618 2724; x_wconf 85' lang='lat' dir='ltr'><strong>qui</strong></span> <span class='ocrx_word' id='word_1_191' title='bbox 669 2647 901 2702; x_wconf 70' lang='lat' dir='ltr'><strong>lzetilicat</strong></span> <span class='ocrx_word' id='word_1_192' title='bbox 947 2619 1233 2694; x_wconf 86' lang='lat' dir='ltr'><strong>novitatem</strong></span> <span class='ocrx_word' id='word_1_193' title='bbox 1279 2643 1472 2685; x_wconf 89' lang='lat' dir='ltr'><strong>meam.</strong></span> <span class='ocrx_word' id='word_1_194' title='bbox 1521 2619 1780 2679; x_wconf 67' lang='lat' dir='ltr'><strong>Ltetili&#39;cat</strong></span> <span class='ocrx_word' id='word_1_195' title='bbox 1821 2619 2110 2724; x_wconf 56' lang='lat' dir='ltr'><strong>novitatem</strong></span> 
     </span>
    </p>
   </div>
   <div class='ocr_carea' id='block_1_26' title="bbox 530 2704 2115 2808">
    <p class='ocr_par' dir='ltr' id='par_1_26' title="bbox 530 2704 2115 2808">
     <span class='ocr_line' id='line_1_26' title="bbox 530 2704 2115 2808; baseline -0.026 -9"><span class='ocrx_word' id='word_1_196' title='bbox 530 2704 733 2804; x_wconf 72' lang='lat' dir='ltr'><strong>meam,</strong></span> <span class='ocrx_word' id='word_1_197' title='bbox 777 2737 868 2808; x_wconf 91' lang='lat' dir='ltr'><strong>qui</strong></span> <span class='ocrx_word' id='word_1_198' title='bbox 918 2726 1253 2788; x_wconf 74' lang='lat' dir='ltr'><strong>centris-tavit</strong></span> <span class='ocrx_word' id='word_1_199' title='bbox 1296 2726 1618 2777; x_wconf 83' lang='lat' dir='ltr'><strong>vetustatem</strong></span> <span class='ocrx_word' id='word_1_200' title='bbox 1665 2704 2115 2808; x_wconf 47' lang='lat' dir='ltr'><strong>meam-incedo</strong></span> 
     </span>
    </p>
   </div>
   <div class='ocr_carea' id='block_1_27' title="bbox 529 2798 2114 2892">
    <p class='ocr_par' dir='ltr' id='par_1_27' title="bbox 529 2798 2114 2892">
     <span class='ocr_line' id='line_1_27' title="bbox 529 2798 2114 2892; baseline -0.029 -1"><span class='ocrx_word' id='word_1_201' title='bbox 529 2798 670 2892; x_wconf 84' lang='lat' dir='ltr'><strong>enim</strong></span> <span class='ocrx_word' id='word_1_202' title='bbox 692 2798 851 2886; x_wconf 81' lang='lat' dir='ltr'><strong>modo</strong></span> <span class='ocrx_word' id='word_1_203' title='bbox 877 2824 1042 2881; x_wconf 86' lang='lat' dir='ltr'><strong>tristis</strong></span> <span class='ocrx_word' id='word_1_204' title='bbox 1061 2823 1115 2875; x_wconf 90' lang='lat' dir='ltr'><strong>in</strong></span> <span class='ocrx_word' id='word_1_205' title='bbox 1137 2821 1420 2873; x_wconf 77' lang='lat' dir='ltr'><strong>vetustate.</strong></span> <span class='ocrx_word' id='word_1_206' title='bbox 1453 2819 1578 2864; x_wconf 90' lang='lat' dir='ltr'><strong>tunc</strong></span> <span class='ocrx_word' id='word_1_207' title='bbox 1597 2812 1774 2862; x_wconf 85' lang='lat' dir='ltr'><strong>autem</strong></span> <span class='ocrx_word' id='word_1_208' title='bbox 1801 2798 1956 2854; x_wconf 88' lang='lat' dir='ltr'><strong>stabo</strong></span> <span class='ocrx_word' id='word_1_209' title='bbox 1979 2810 2114 2892; x_wconf 58' lang='lat' dir='ltr'><strong>qna-</strong></span> 
     </span>
    </p>
   </div>
   <div class='ocr_carea' id='block_1_28' title="bbox 530 2886 2117 2984">
    <p class='ocr_par' dir='ltr' id='par_1_28' title="bbox 530 2886 2117 2984">
     <span class='ocr_line' id='line_1_28' title="bbox 530 2886 2117 2984; baseline -0.028 -1"><span class='ocrx_word' id='word_1_210' title='bbox 688 2927 739 2978; x_wconf 92' lang='lat' dir='ltr'><strong>in</strong></span> <span class='ocrx_word' id='word_1_211' title='bbox 768 2919 1018 2975; x_wconf 83' lang='lat' dir='ltr'><strong>novitate.</strong></span> <span class='ocrx_word' id='word_1_212' title='bbox 1041 2908 1330 2977; x_wconf 77' lang='lat' dir='ltr'><strong>Couﬁtebor</strong></span> <span class='ocrx_word' id='word_1_213' title='bbox 1366 2902 1453 2957; x_wconf 88' lang='lat' dir='ltr'><strong>tibi</strong></span> <span class='ocrx_word' id='word_1_214' title='bbox 1472 2901 1525 2954; x_wconf 88' lang='lat' dir='ltr'><strong>in</strong></span> <span class='ocrx_word' id='word_1_215' title='bbox 1545 2897 1770 2958; x_wconf 83' lang='lat' dir='ltr'><strong>cithara,</strong></span> <span class='ocrx_word' id='word_1_216' title='bbox 1793 2886 2117 2984; x_wconf 42' lang='lat' dir='ltr'><strong>Deum-Deus</strong></span> 
     </span>
    </p>
   </div>
   <div class='ocr_carea' id='block_1_29' title="bbox 531 2977 2208 3082">
    <p class='ocr_par' dir='ltr' id='par_1_29' title="bbox 531 2977 2208 3082">
     <span class='ocr_line' id='line_1_29' title="bbox 531 2977 2208 3082; baseline -0.029 -6"><span class='ocrx_word' id='word_1_217' title='bbox 531 2977 860 3082; x_wconf 84' lang='lat' dir='ltr'><strong>Quid</strong></span> <span class='ocrx_word' id='word_1_218' title='bbox 893 3017 973 3063; x_wconf 88' lang='lat' dir='ltr'><strong>est</strong></span> <span class='ocrx_word' id='word_1_219' title='bbox 1005 3006 1056 3058; x_wconf 92' lang='lat' dir='ltr'><strong>in</strong></span> <span class='ocrx_word' id='word_1_220' title='bbox 1099 3001 1301 3057; x_wconf 86' lang='lat' dir='ltr'><strong>cithara</strong></span> <span class='ocrx_word' id='word_1_221' title='bbox 1348 2988 1634 3082; x_wconf 73' lang='lat' dir='ltr'><strong>confiteri,</strong></span> <span class='ocrx_word' id='word_1_222' title='bbox 1679 2993 1735 3041; x_wconf 89' lang='lat' dir='ltr'><strong>et</strong></span> <span class='ocrx_word' id='word_1_223' title='bbox 1781 2985 1835 3037; x_wconf 91' lang='lat' dir='ltr'><strong>in</strong></span> <span class='ocrx_word' id='word_1_224' title='bbox 1867 2977 2119 3082; x_wconf 76' lang='lat' dir='ltr'><strong>psalterio</strong></span> <span class='ocrx_word' id='word_1_225' title='bbox 2203 2994 2208 2999; x_wconf 60' lang='grc' dir='ltr'>τ</span> 
     </span>
    </p>
   </div>
   <div class='ocr_carea' id='block_1_30' title="bbox 531 3077 2123 3164">
    <p class='ocr_par' dir='ltr' id='par_1_30' title="bbox 531 3077 2123 3164">
     <span class='ocr_line' id='line_1_30' title="bbox 531 3077 2123 3164; baseline -0.028 0"><span class='ocrx_word' id='word_1_226' title='bbox 531 3077 820 3164; x_wconf 71' lang='lat' dir='ltr'><strong>conﬁteri?</strong></span> <span class='ocrx_word' id='word_1_227' title='bbox 849 3099 966 3154; x_wconf 83' lang='lat' dir='ltr'><strong>Non</strong></span> <span class='ocrx_word' id='word_1_228' title='bbox 997 3094 1140 3148; x_wconf 88' lang='lat' dir='ltr'><strong>enim</strong></span> <span class='ocrx_word' id='word_1_229' title='bbox 1185 3098 1400 3156; x_wconf 84' lang='lat' dir='ltr'><strong>semper</strong></span> <span class='ocrx_word' id='word_1_230' title='bbox 1427 3083 1478 3137; x_wconf 91' lang='lat' dir='ltr'><strong>in</strong></span> <span class='ocrx_word' id='word_1_231' title='bbox 1503 3077 1704 3136; x_wconf 86' lang='lat' dir='ltr'><strong>cithara</strong></span> <span class='ocrx_word' id='word_1_232' title='bbox 1728 3115 1746 3136; x_wconf 84' lang='lat'><strong>,</strong></span> <span class='ocrx_word' id='word_1_233' title='bbox 1783 3078 2123 3164; x_wconf 12' lang='lat' dir='ltr'><strong>necisemper</strong></span> 
     </span>
    </p>
   </div>
   <div class='ocr_carea' id='block_1_31' title="bbox 533 3160 2126 3269">
    <p class='ocr_par' dir='ltr' id='par_1_31' title="bbox 533 3160 2126 3269">
     <span class='ocr_line' id='line_1_31' title="bbox 533 3160 2126 3269; baseline -0.029 -11"><span class='ocrx_word' id='word_1_234' title='bbox 533 3160 884 3269; x_wconf 79' lang='lat' dir='ltr'><strong>inpsalterio.</strong></span> <span class='ocrx_word' id='word_1_235' title='bbox 935 3191 1048 3244; x_wconf 88' lang='lat' dir='ltr'><strong>Duo</strong></span> <span class='ocrx_word' id='word_1_236' title='bbox 1092 3185 1204 3238; x_wconf 66' lang='lat' dir='ltr'><strong>hate</strong></span> <span class='ocrx_word' id='word_1_237' title='bbox 1225 3191 1422 3248; x_wconf 76' lang='lat' dir='ltr'><strong>organa</strong></span> <span class='ocrx_word' id='word_1_238' title='bbox 1463 3172 1785 3269; x_wconf 77' lang='lat' dir='ltr'><strong>musicorum</strong></span> <span class='ocrx_word' id='word_1_239' title='bbox 1813 3163 2012 3269; x_wconf 61' lang='lat' dir='ltr'><strong>habent</strong></span> <span class='ocrx_word' id='word_1_240' title='bbox 2040 3160 2126 3214; x_wconf 62' lang='lat' dir='ltr'><strong>in.</strong></span> 
     </span>
    </p>
   </div>
   <div class='ocr_carea' id='block_1_32' title="bbox 534 3251 2121 3348">
    <p class='ocr_par' dir='ltr' id='par_1_32' title="bbox 534 3251 2121 3348">
     <span class='ocr_line' id='line_1_32' title="bbox 534 3251 2121 3348; baseline -0.029 0"><span class='ocrx_word' id='word_1_241' title='bbox 534 3251 719 3348; x_wconf 59' lang='lat' dir='ltr'><strong>ierrse</strong></span> <span class='ocrx_word' id='word_1_242' title='bbox 761 3283 1064 3340; x_wconf 89' lang='lat' dir='ltr'><strong>distinctam</strong></span> <span class='ocrx_word' id='word_1_243' title='bbox 1107 3261 1850 3337; x_wconf 15' lang='lat' dir='ltr'><strong>disoretamquetrationem,</strong></span> <span class='ocrx_word' id='word_1_244' title='bbox 1903 3251 2121 3348; x_wconf 76' lang='lat' dir='ltr'><strong>dignam</strong></span> 
     </span>
    </p>
   </div>
   <div class='ocr_carea' id='block_1_33' title="bbox 535 3346 2126 3441">
    <p class='ocr_par' dir='ltr' id='par_1_33' title="bbox 535 3346 2126 3441">
     <span class='ocr_line' id='line_1_33' title="bbox 535 3346 2126 3441; baseline -0.027 0"><span class='ocrx_word' id='word_1_245' title='bbox 535 3379 964 3441; x_wconf 85' lang='lat' dir='ltr'><strong>consideratione</strong></span> <span class='ocrx_word' id='word_1_246' title='bbox 1005 3379 1060 3426; x_wconf 86' lang='lat' dir='ltr'><strong>et</strong></span> <span class='ocrx_word' id='word_1_247' title='bbox 1095 3359 1558 3424; x_wconf 83' lang='lat' dir='ltr'><strong>commendatione</strong></span> <span class='ocrx_word' id='word_1_248' title='bbox 1586 3346 2126 3441; x_wconf 8' lang='lat' dir='ltr'><strong>memoriamqlitrum-</strong></span> 
     </span>
    </p>
   </div>
   <div class='ocr_carea' id='block_1_34' title="bbox 537 3435 2125 3548">
    <p class='ocr_par' dir='ltr' id='par_1_34' title="bbox 537 3435 2125 3548">
     <span class='ocr_line' id='line_1_34' title="bbox 537 3435 2125 3548; baseline -0.025 -19"><span class='ocrx_word' id='word_1_249' title='bbox 537 3435 787 3548; x_wconf 35' lang='lat' dir='ltr'><strong>quehboc</strong></span> <span class='ocrx_word' id='word_1_250' title='bbox 826 3464 1070 3522; x_wconf 88' lang='lat' dir='ltr'><strong>manibus</strong></span> <span class='ocrx_word' id='word_1_251' title='bbox 1098 3468 1339 3531; x_wconf 86' lang='lat' dir='ltr'><strong>portatur</strong></span> <span class='ocrx_word' id='word_1_252' title='bbox 1365 3463 1422 3508; x_wconf 91' lang='lat' dir='ltr'><strong>et</strong></span> <span class='ocrx_word' id='word_1_253' title='bbox 1450 3448 1682 3548; x_wconf 53' lang='lat' dir='ltr'><strong>Long-itur</strong></span> <span class='ocrx_word' id='word_1_254' title='bbox 1705 3484 1724 3510; x_wconf 93' lang='lat'><strong>,</strong></span> <span class='ocrx_word' id='word_1_255' title='bbox 1768 3449 1823 3498; x_wconf 88' lang='lat' dir='ltr'><strong>et</strong></span> <span class='ocrx_word' id='word_1_256' title='bbox 1863 3435 2125 3548; x_wconf 63' lang='lat' dir='ltr'><strong>signiﬁcat</strong></span> 
     </span>
    </p>
   </div>
   <div class='ocr_carea' id='block_1_35' title="bbox 538 3529 2123 3636">
    <p class='ocr_par' dir='ltr' id='par_1_35' title="bbox 538 3529 2123 3636">
     <span class='ocr_line' id='line_1_35' title="bbox 538 3529 2123 3636; baseline -0.026 -16"><span class='ocrx_word' id='word_1_257' title='bbox 538 3529 702 3636; x_wconf 64' lang='lat' dir='ltr'><strong>opera</strong></span> <span class='ocrx_word' id='word_1_258' title='bbox 723 3559 964 3632; x_wconf 64' lang='lat' dir='ltr'><strong>quaedam</strong></span> <span class='ocrx_word' id='word_1_259' title='bbox 992 3529 1175 3608; x_wconf 81' lang='lat' dir='ltr'><strong>nostra</strong></span> <span class='ocrx_word' id='word_1_260' title='bbox 1204 3542 1524 3616; x_wconf 86' lang='lat' dir='ltr'><strong>corporalia.</strong></span> <span class='ocrx_word' id='word_1_261' title='bbox 1559 3535 1857 3636; x_wconf 73' lang='lat' dir='ltr'><strong>Utrumque</strong></span> <span class='ocrx_word' id='word_1_262' title='bbox 1884 3529 2083 3636; x_wconf 58' lang='lat' dir='ltr'><strong>bonum</strong></span> <span class='ocrx_word' id='word_1_263' title='bbox 2106 3567 2123 3636; x_wconf 54' lang='grc' dir='ltr'><strong>ἶ</strong></span> 
     </span>
    </p>
   </div>
   <div class='ocr_carea' id='block_1_36' title="bbox 540 3617 2128 3726">
    <p class='ocr_par' dir='ltr' id='par_1_36' title="bbox 540 3617 2128 3726">
     <span class='ocr_line' id='line_1_36' title="bbox 540 3617 2128 3726; baseline -0.026 -11"><span class='ocrx_word' id='word_1_264' title='bbox 540 3617 906 3726; x_wconf 51' lang='lat' dir='ltr'><strong>siquis-norit</strong></span> <span class='ocrx_word' id='word_1_265' title='bbox 932 3646 1192 3717; x_wconf 88' lang='lat' dir='ltr'><strong>psallere,</strong></span> <span class='ocrx_word' id='word_1_266' title='bbox 1226 3639 1272 3694; x_wconf 89' lang='lat' dir='ltr'><strong>si</strong></span> <span class='ocrx_word' id='word_1_267' title='bbox 1297 3637 1416 3706; x_wconf 83' lang='lat' dir='ltr'><strong>quis</strong></span> <span class='ocrx_word' id='word_1_268' title='bbox 1452 3631 1614 3726; x_wconf 68' lang='lat' dir='ltr'><strong>norit</strong></span> <span class='ocrx_word' id='word_1_269' title='bbox 1635 3625 1976 3726; x_wconf 59' lang='lat' dir='ltr'><strong>citharizare:</strong></span> <span class='ocrx_word' id='word_1_270' title='bbox 2019 3617 2128 3675; x_wconf 87' lang='lat' dir='ltr'><strong>Sed</strong></span> 
     </span>
    </p>
   </div>
   <div class='ocr_carea' id='block_1_37' title="bbox 544 3714 2130 3820">
    <p class='ocr_par' dir='ltr' id='par_1_37' title="bbox 544 3714 2130 3820">
     <span class='ocr_line' id='line_1_37' title="bbox 544 3714 2130 3820; baseline -0.025 -15"><span class='ocrx_word' id='word_1_271' title='bbox 544 3714 668 3820; x_wconf 75' lang='lat' dir='ltr'><strong>quia</strong></span> <span class='ocrx_word' id='word_1_272' title='bbox 708 3714 1020 3816; x_wconf 79' lang='lat' dir='ltr'><strong>psalterium</strong></span> <span class='ocrx_word' id='word_1_273' title='bbox 1047 3734 1188 3791; x_wconf 83' lang='lat' dir='ltr'><strong>istud</strong></span> <span class='ocrx_word' id='word_1_274' title='bbox 1228 3742 1487 3801; x_wconf 80' lang='lat' dir='ltr'><strong>organum</strong></span> <span class='ocrx_word' id='word_1_275' title='bbox 1937 3714 2004 3820; x_wconf 83' lang='lat' dir='ltr'><strong>de</strong></span> <span class='ocrx_word' id='word_1_276' title='bbox 2034 3727 2130 3767; x_wconf 89' lang='lat' dir='ltr'><strong>su-</strong></span> 
     </span>
    </p>
   </div>
   <div class='ocr_carea' id='block_1_38' title="bbox 546 3811 2134 3914">
    <p class='ocr_par' dir='ltr' id='par_1_38' title="bbox 546 3811 2134 3914">
     <span class='ocr_line' id='line_1_38' title="bbox 546 3811 2134 3914; baseline -0.026 -18"><span class='ocrx_word' id='word_1_277' title='bbox 546 3811 759 3914; x_wconf 75' lang='lat' dir='ltr'><strong>periore</strong></span> <span class='ocrx_word' id='word_1_278' title='bbox 785 3843 934 3904; x_wconf 86' lang='lat' dir='ltr'><strong>parte</strong></span> <span class='ocrx_word' id='word_1_279' title='bbox 972 3829 1133 3883; x_wconf 83' lang='lat' dir='ltr'><strong>habet</strong></span> <span class='ocrx_word' id='word_1_280' title='bbox 1155 3821 1508 3878; x_wconf 83' lang='lat' dir='ltr'><strong>testudinem:</strong></span> <span class='ocrx_word' id='word_1_281' title='bbox 1539 3812 1676 3914; x_wconf 73' lang='lat' dir='ltr'><strong>illud</strong></span> <span class='ocrx_word' id='word_1_282' title='bbox 1695 3811 1901 3914; x_wconf 76' lang='lat' dir='ltr'><strong>scilicet</strong></span> <span class='ocrx_word' id='word_1_283' title='bbox 1935 3816 2134 3878; x_wconf 83' lang='lat' dir='ltr'><strong>tympa-</strong></span> 
     </span>
    </p>
   </div>
   <div class='ocr_carea' id='block_1_39' title="bbox 547 3901 2133 3987">
    <p class='ocr_par' dir='ltr' id='par_1_39' title="bbox 547 3901 2133 3987">
     <span class='ocr_line' id='line_1_39' title="bbox 547 3901 2133 3987; baseline -0.025 0"><span class='ocrx_word' id='word_1_284' title='bbox 547 3901 675 3987; x_wconf 72' lang='lat' dir='ltr'><strong>num</strong></span> <span class='ocrx_word' id='word_1_285' title='bbox 697 3937 748 3983; x_wconf 92' lang='lat' dir='ltr'><strong>et</strong></span> <span class='ocrx_word' id='word_1_286' title='bbox 776 3901 1067 3982; x_wconf 81' lang='lat' dir='ltr'><strong>concavum</strong></span> <span class='ocrx_word' id='word_1_287' title='bbox 1094 3917 1294 3985; x_wconf 77' lang='lat' dir='ltr'><strong>lignum</strong></span> <span class='ocrx_word' id='word_1_288' title='bbox 1318 3909 1402 3965; x_wconf 88' lang='lat' dir='ltr'><strong>cui</strong></span> <span class='ocrx_word' id='word_1_289' title='bbox 1429 3903 1644 3962; x_wconf 77' lang='lat' dir='ltr'><strong>chorda:</strong></span> <span class='ocrx_word' id='word_1_290' title='bbox 1663 3901 1953 3956; x_wconf 83' lang='lat' dir='ltr'><strong>innitentes</strong></span> <span class='ocrx_word' id='word_1_291' title='bbox 1981 3909 2133 3950; x_wconf 83' lang='lat' dir='ltr'><strong>reso-</strong></span> 
     </span>
    </p>
   </div>
   <div class='ocr_carea' id='block_1_40' title="bbox 549 3998 2132 4078">
    <p class='ocr_par' dir='ltr' id='par_1_40' title="bbox 549 3998 2132 4078">
     <span class='ocr_line' id='line_1_40' title="bbox 549 3998 2132 4078; baseline -0.025 -1"><span class='ocrx_word' id='word_1_292' title='bbox 549 4031 680 4078; x_wconf 88' lang='lat' dir='ltr'><strong>nant</strong></span> <span class='ocrx_word' id='word_1_293' title='bbox 709 4037 722 4073; x_wconf 89' lang='lat'><strong>:</strong></span> <span class='ocrx_word' id='word_1_294' title='bbox 750 4017 949 4072; x_wconf 84' lang='lat' dir='ltr'><strong>cithara</strong></span> <span class='ocrx_word' id='word_1_295' title='bbox 975 4025 1102 4065; x_wconf 83' lang='lat' dir='ltr'><strong>vero</strong></span> <span class='ocrx_word' id='word_1_296' title='bbox 1128 4006 1352 4074; x_wconf 82' lang='lat' dir='ltr'><strong>idipsum</strong></span> <span class='ocrx_word' id='word_1_297' title='bbox 1379 4001 1574 4068; x_wconf 77' lang='lat' dir='ltr'><strong>lignum</strong></span> <span class='ocrx_word' id='word_1_298' title='bbox 1598 4007 1788 4049; x_wconf 71' lang='lat' dir='ltr'><strong>carum</strong></span> <span class='ocrx_word' id='word_1_299' title='bbox 1809 3998 2132 4056; x_wconf 83' lang='lat' dir='ltr'><strong>etsonorum</strong></span> 
     </span>
    </p>
   </div>
   <div class='ocr_carea' id='block_1_41' title="bbox 551 4085 2138 4172">
    <p class='ocr_par' dir='ltr' id='par_1_41' title="bbox 551 4085 2138 4172">
     <span class='ocr_line' id='line_1_41' title="bbox 551 4085 2138 4172; baseline -0.025 -4"><span class='ocrx_word' id='word_1_300' title='bbox 551 4129 616 4168; x_wconf 74' lang='lat' dir='ltr'><strong>ex</strong></span> <span class='ocrx_word' id='word_1_301' title='bbox 649 4108 897 4164; x_wconf 85' lang='lat' dir='ltr'><strong>inferiore.</strong></span> <span class='ocrx_word' id='word_1_302' title='bbox 924 4112 1071 4172; x_wconf 86' lang='lat' dir='ltr'><strong>parte</strong></span> <span class='ocrx_word' id='word_1_303' title='bbox 1103 4097 1261 4151; x_wconf 49' lang='lat' dir='ltr'><strong>habet</strong></span> <span class='ocrx_word' id='word_1_304' title='bbox 1288 4112 1302 4147; x_wconf 89' lang='lat'><strong>:</strong></span> <span class='ocrx_word' id='word_1_305' title='bbox 1335 4085 1684 4146; x_wconf 89' lang='lat' dir='ltr'><strong>discernenda</strong></span> <span class='ocrx_word' id='word_1_306' title='bbox 1708 4091 1831 4136; x_wconf 90' lang='lat' dir='ltr'><strong>sunt</strong></span> <span class='ocrx_word' id='word_1_307' title='bbox 1854 4093 2015 4148; x_wconf 84' lang='lat' dir='ltr'><strong>opera</strong></span> <span class='ocrx_word' id='word_1_308' title='bbox 2037 4093 2138 4132; x_wconf 81' lang='lat' dir='ltr'><strong>no-</strong></span> 
     </span>
    </p>
   </div>
   <div class='ocr_carea' id='block_1_42' title="bbox 553 4171 2139 4267">
    <p class='ocr_par' dir='ltr' id='par_1_42' title="bbox 553 4171 2139 4267">
     <span class='ocr_line' id='line_1_42' title="bbox 553 4171 2139 4267; baseline -0.026 -7"><span class='ocrx_word' id='word_1_309' title='bbox 553 4214 684 4267; x_wconf 84' lang='lat' dir='ltr'><strong>stra,</strong></span> <span class='ocrx_word' id='word_1_310' title='bbox 708 4195 991 4267; x_wconf 87' lang='lat' dir='ltr'><strong>quandoin</strong></span> <span class='ocrx_word' id='word_1_311' title='bbox 1022 4186 1269 4260; x_wconf 89' lang='lat' dir='ltr'><strong>psalterio</strong></span> <span class='ocrx_word' id='word_1_312' title='bbox 1291 4184 1418 4246; x_wconf 89' lang='lat' dir='ltr'><strong>sint,</strong></span> <span class='ocrx_word' id='word_1_313' title='bbox 1442 4177 1653 4249; x_wconf 84' lang='lat' dir='ltr'><strong>quando</strong></span> <span class='ocrx_word' id='word_1_314' title='bbox 1673 4175 1725 4228; x_wconf 94' lang='lat' dir='ltr'><strong>in</strong></span> <span class='ocrx_word' id='word_1_315' title='bbox 1743 4171 1965 4267; x_wconf 77' lang='lat' dir='ltr'><strong>cithara,</strong></span> <span class='ocrx_word' id='word_1_316' title='bbox 1991 4175 2139 4267; x_wconf 76' lang='lat' dir='ltr'><strong>utra-</strong></span> 
     </span>
    </p>
   </div>
   <div class='ocr_carea' id='block_1_43' title="bbox 554 4259 2142 4366">
    <p class='ocr_par' dir='ltr' id='par_1_43' title="bbox 554 4259 2142 4366">
     <span class='ocr_line' id='line_1_43' title="bbox 554 4259 2142 4366; baseline -0.022 -18"><span class='ocrx_word' id='word_1_317' title='bbox 554 4259 858 4366; x_wconf 37' lang='lat' dir='ltr'><strong>qne&#39;ta&#39;tneu</strong></span> <span class='ocrx_word' id='word_1_318' title='bbox 889 4285 1077 4356; x_wconf 85' lang='lat' dir='ltr'><strong>placita</strong></span> <span class='ocrx_word' id='word_1_319' title='bbox 1106 4281 1214 4334; x_wconf 82' lang='lat' dir='ltr'><strong>Deo</strong></span> <span class='ocrx_word' id='word_1_320' title='bbox 1244 4288 1296 4331; x_wconf 90' lang='lat' dir='ltr'><strong>et</strong></span> <span class='ocrx_word' id='word_1_321' title='bbox 1320 4274 1501 4328; x_wconf 89' lang='lat' dir='ltr'><strong>suavia</strong></span> <span class='ocrx_word' id='word_1_322' title='bbox 1527 4269 1642 4338; x_wconf 86' lang='lat' dir='ltr'><strong>ejus</strong></span> <span class='ocrx_word' id='word_1_323' title='bbox 1667 4263 1888 4320; x_wconf 89' lang='lat' dir='ltr'><strong>auditui.</strong></span> <span class='ocrx_word' id='word_1_324' title='bbox 1919 4259 2142 4366; x_wconf 73' lang='lat' dir='ltr'><strong>Quando</strong></span> 
     </span>
    </p>
   </div>
   <div class='ocr_carea' id='block_1_44' title="bbox 555 4350 2144 4458">
    <p class='ocr_par' dir='ltr' id='par_1_44' title="bbox 555 4350 2144 4458">
     <span class='ocr_line' id='line_1_44' title="bbox 555 4350 2144 4458; baseline -0.025 -17"><span class='ocrx_word' id='word_1_325' title='bbox 555 4350 684 4458; x_wconf 64' lang='lat' dir='ltr'><strong>ergo</strong></span> <span class='ocrx_word' id='word_1_326' title='bbox 707 4398 772 4438; x_wconf 82' lang='lat' dir='ltr'><strong>ex</strong></span> <span class='ocrx_word' id='word_1_327' title='bbox 796 4350 1075 4450; x_wconf 68' lang='lat' dir='ltr'><strong>pneceptis</strong></span> <span class='ocrx_word' id='word_1_328' title='bbox 1102 4371 1197 4426; x_wconf 86' lang='lat' dir='ltr'><strong>Dei</strong></span> <span class='ocrx_word' id='word_1_329' title='bbox 1225 4365 1421 4435; x_wconf 89' lang='lat' dir='ltr'><strong>aliquid</strong></span> <span class='ocrx_word' id='word_1_330' title='bbox 1445 4363 1651 4458; x_wconf 75' lang='lat' dir='ltr'><strong>agimus</strong></span> <span class='ocrx_word' id='word_1_331' title='bbox 1669 4401 1694 4458; x_wconf 42' lang='lat'><strong>,-</strong></span> <span class='ocrx_word' id='word_1_332' title='bbox 1711 4355 1874 4458; x_wconf 73' lang='lat' dir='ltr'><strong>jussis</strong></span> <span class='ocrx_word' id='word_1_333' title='bbox 1898 4353 2014 4421; x_wconf 82' lang='lat' dir='ltr'><strong>ejus</strong></span> <span class='ocrx_word' id='word_1_334' title='bbox 2040 4350 2144 4458; x_wconf 69' lang='lat' dir='ltr'><strong>ob-</strong></span> 
     </span>
    </p>
   </div>
   <div class='ocr_carea' id='block_1_45' title="bbox 559 4447 2144 4544">
    <p class='ocr_par' dir='ltr' id='par_1_45' title="bbox 559 4447 2144 4544">
     <span class='ocr_line' id='line_1_45' title="bbox 559 4447 2144 4544; baseline -0.024 -11"><span class='ocrx_word' id='word_1_335' title='bbox 559 4447 917 4544; x_wconf 72' lang='lat' dir='ltr'><strong>temperantes</strong></span> <span class='ocrx_word' id='word_1_336' title='bbox 963 4477 1016 4522; x_wconf 88' lang='lat' dir='ltr'><strong>ct</strong></span> <span class='ocrx_word' id='word_1_337' title='bbox 1061 4458 1406 4518; x_wconf 73' lang='lat' dir='ltr'><strong>obaudientes</strong></span> <span class='ocrx_word' id='word_1_338' title='bbox 1456 4453 1524 4507; x_wconf 89' lang='lat' dir='ltr'><strong>ad</strong></span> <span class='ocrx_word' id='word_1_339' title='bbox 1570 4447 1836 4544; x_wconf 82' lang='lat' dir='ltr'><strong>implenda</strong></span> <span class='ocrx_word' id='word_1_340' title='bbox 1885 4451 2144 4544; x_wconf 56' lang='lat' dir='ltr'><strong>praecepta</strong></span> 
     </span>
    </p>
   </div>
   <div class='ocr_carea' id='block_1_46' title="bbox 559 4531 2149 4638">
    <p class='ocr_par' dir='ltr' id='par_1_46' title="bbox 559 4531 2149 4638">
     <span class='ocr_line' id='line_1_46' title="bbox 559 4531 2149 4638; baseline -0.025 -15"><span class='ocrx_word' id='word_1_341' title='bbox 559 4531 696 4638; x_wconf 70' lang='lat' dir='ltr'><strong>ejus;</strong></span> <span class='ocrx_word' id='word_1_342' title='bbox 722 4565 810 4620; x_wconf 88' lang='lat' dir='ltr'><strong>ubi</strong></span> <span class='ocrx_word' id='word_1_343' title='bbox 838 4561 1058 4616; x_wconf 86' lang='lat' dir='ltr'><strong>facimus</strong></span> <span class='ocrx_word' id='word_1_344' title='bbox 1087 4567 1270 4609; x_wconf 89' lang='lat' dir='ltr'><strong>etnon</strong></span> <span class='ocrx_word' id='word_1_345' title='bbox 1303 4548 1548 4618; x_wconf 89' lang='lat' dir='ltr'><strong>patimur,</strong></span> <span class='ocrx_word' id='word_1_346' title='bbox 1581 4540 1888 4612; x_wconf 86' lang='lat' dir='ltr'><strong>psalterium</strong></span> <span class='ocrx_word' id='word_1_347' title='bbox 1913 4543 2014 4636; x_wconf 68' lang='lat' dir='ltr'><strong>est.</strong></span> <span class='ocrx_word' id='word_1_348' title='bbox 2049 4531 2149 4587; x_wconf 82' lang='lat' dir='ltr'><strong>Fa-</strong></span> 
     </span>
    </p>
   </div>
   <div class='ocr_carea' id='block_1_47' title="bbox 562 4628 2146 4719">
    <p class='ocr_par' dir='ltr' id='par_1_47' title="bbox 562 4628 2146 4719">
     <span class='ocr_line' id='line_1_47' title="bbox 562 4628 2146 4719; baseline -0.024 -6"><span class='ocrx_word' id='word_1_349' title='bbox 562 4628 710 4713; x_wconf 80' lang='lat' dir='ltr'><strong>ciunt</strong></span> <span class='ocrx_word' id='word_1_350' title='bbox 735 4655 876 4710; x_wconf 88' lang='lat' dir='ltr'><strong>enim</strong></span> <span class='ocrx_word' id='word_1_351' title='bbox 908 4651 981 4704; x_wconf 86' lang='lat' dir='ltr'><strong>ita</strong></span> <span class='ocrx_word' id='word_1_352' title='bbox 1007 4657 1060 4701; x_wconf 86' lang='lat' dir='ltr'><strong>et</strong></span> <span class='ocrx_word' id='word_1_353' title='bbox 1091 4643 1272 4719; x_wconf 67' lang='lat' dir='ltr'><strong>Angeli</strong></span> <span class='ocrx_word' id='word_1_354' title='bbox 1301 4659 1314 4694; x_wconf 90' lang='lat'><strong>:</strong></span> <span class='ocrx_word' id='word_1_355' title='bbox 1343 4654 1448 4692; x_wconf 91' lang='lat' dir='ltr'><strong>non</strong></span> <span class='ocrx_word' id='word_1_356' title='bbox 1468 4636 1610 4689; x_wconf 84' lang='lat' dir='ltr'><strong>enim</strong></span> <span class='ocrx_word' id='word_1_357' title='bbox 1635 4630 1835 4699; x_wconf 82' lang='lat' dir='ltr'><strong>aliquid</strong></span> <span class='ocrx_word' id='word_1_358' title='bbox 1859 4628 2146 4719; x_wconf 83' lang='lat' dir='ltr'><strong>patiuntur.</strong></span> 
     </span>
    </p>
   </div>
   <div class='ocr_carea' id='block_1_48' title="bbox 564 4715 2152 4807">
    <p class='ocr_par' dir='ltr' id='par_1_48' title="bbox 564 4715 2152 4807">
     <span class='ocr_line' id='line_1_48' title="bbox 564 4715 2152 4807; baseline -0.025 -1"><span class='ocrx_word' id='word_1_359' title='bbox 564 4751 698 4806; x_wconf 87' lang='lat' dir='ltr'><strong>Cum</strong></span> <span class='ocrx_word' id='word_1_360' title='bbox 728 4755 902 4801; x_wconf 84' lang='lat' dir='ltr'><strong>autem</strong></span> <span class='ocrx_word' id='word_1_361' title='bbox 930 4737 1126 4807; x_wconf 89' lang='lat' dir='ltr'><strong>aliquid</strong></span> <span class='ocrx_word' id='word_1_362' title='bbox 1158 4715 1386 4803; x_wconf 78' lang='lat' dir='ltr'><strong>patimur</strong></span> <span class='ocrx_word' id='word_1_363' title='bbox 1415 4725 1852 4782; x_wconf 86' lang='lat' dir='ltr'><strong>tribulationum,</strong></span> <span class='ocrx_word' id='word_1_364' title='bbox 1901 4715 2152 4807; x_wconf 58' lang='lat' dir='ltr'><strong>tentatio.</strong></span> 
     </span>
    </p>
   </div>
   <div class='ocr_carea' id='block_1_49' title="bbox 569 4804 2154 4904">
    <p class='ocr_par' dir='ltr' id='par_1_49' title="bbox 569 4804 2154 4904">
     <span class='ocr_line' id='line_1_49' title="bbox 569 4804 2154 4904; baseline -0.024 -8"><span class='ocrx_word' id='word_1_365' title='bbox 569 4804 694 4897; x_wconf 84' lang='lat' dir='ltr'><strong>num</strong></span> <span class='ocrx_word' id='word_1_366' title='bbox 718 4879 735 4904; x_wconf 89' lang='lat'><strong>,</strong></span> <span class='ocrx_word' id='word_1_367' title='bbox 774 4804 1141 4892; x_wconf 76' lang='lat' dir='ltr'><strong>scandalorum</strong></span> <span class='ocrx_word' id='word_1_368' title='bbox 1189 4827 1239 4878; x_wconf 87' lang='lat' dir='ltr'><strong>in</strong></span> <span class='ocrx_word' id='word_1_369' title='bbox 1284 4823 1382 4874; x_wconf 85' lang='lat' dir='ltr'><strong>hac</strong></span> <span class='ocrx_word' id='word_1_370' title='bbox 1425 4827 1601 4880; x_wconf 87' lang='lat' dir='ltr'><strong>terra;</strong></span> <span class='ocrx_word' id='word_1_371' title='bbox 1639 4817 1763 4883; x_wconf 83' lang='lat' dir='ltr'><strong>quia</strong></span> <span class='ocrx_word' id='word_1_372' title='bbox 1792 4824 1897 4904; x_wconf 84' lang='lat' dir='ltr'><strong>non</strong></span> <span class='ocrx_word' id='word_1_373' title='bbox 1926 4804 2154 4904; x_wconf 76' lang='lat' dir='ltr'><strong>patimur</strong></span> 
     </span>
    </p>
   </div>
   <div class='ocr_carea' id='block_1_50' title="bbox 571 4897 2156 4988">
    <p class='ocr_par' dir='ltr' id='par_1_50' title="bbox 571 4897 2156 4988">
     <span class='ocr_line' id='line_1_50' title="bbox 571 4897 2156 4988; baseline -0.025 -1"><span class='ocrx_word' id='word_1_374' title='bbox 571 4932 669 4988; x_wconf 89' lang='lat' dir='ltr'><strong>nisi</strong></span> <span class='ocrx_word' id='word_1_375' title='bbox 711 4897 778 4985; x_wconf 76' lang='lat' dir='ltr'><strong>ex</strong></span> <span class='ocrx_word' id='word_1_376' title='bbox 820 4923 1069 4980; x_wconf 86' lang='lat' dir='ltr'><strong>inferiore</strong></span> <span class='ocrx_word' id='word_1_377' title='bbox 1110 4926 1293 4988; x_wconf 86' lang='lat' dir='ltr'><strong>parte,</strong></span> <span class='ocrx_word' id='word_1_378' title='bbox 1335 4912 1384 4966; x_wconf 92' lang='lat' dir='ltr'><strong>id</strong></span> <span class='ocrx_word' id='word_1_379' title='bbox 1415 4919 1496 4964; x_wconf 84' lang='lat' dir='ltr'><strong>est</strong></span> <span class='ocrx_word' id='word_1_380' title='bbox 1535 4922 1602 4961; x_wconf 77' lang='lat' dir='ltr'><strong>ex</strong></span> <span class='ocrx_word' id='word_1_381' title='bbox 1641 4920 1707 4959; x_wconf 91' lang='lat' dir='ltr'><strong>eo</strong></span> <span class='ocrx_word' id='word_1_382' title='bbox 1734 4899 1875 4972; x_wconf 90' lang='lat' dir='ltr'><strong>quod</strong></span> <span class='ocrx_word' id='word_1_383' title='bbox 1905 4897 2156 4962; x_wconf 80' lang='lat' dir='ltr'><strong>mortales</strong></span> 
     </span>
    </p>
   </div>
   <div class='ocr_carea' id='block_1_51' title="bbox 571 4988 2156 5081">
    <p class='ocr_par' dir='ltr' id='par_1_51' title="bbox 571 4988 2156 5081">
     <span class='ocr_line' id='line_1_51' title="bbox 571 4988 2156 5081; baseline -0.022 -6"><span class='ocrx_word' id='word_1_384' title='bbox 571 5035 790 5081; x_wconf 85' lang='lat' dir='ltr'><strong>sumus.</strong></span> <span class='ocrx_word' id='word_1_385' title='bbox 821 5033 885 5070; x_wconf 81' lang='lat' dir='ltr'><strong>ex</strong></span> <span class='ocrx_word' id='word_1_386' title='bbox 917 5031 982 5069; x_wconf 87' lang='lat' dir='ltr'><strong>eo</strong></span> <span class='ocrx_word' id='word_1_387' title='bbox 1025 5008 1168 5081; x_wconf 90' lang='lat' dir='ltr'><strong>quod</strong></span> <span class='ocrx_word' id='word_1_388' title='bbox 1217 5005 1401 5076; x_wconf 76' lang='lat' dir='ltr'><strong>prima:</strong></span> <span class='ocrx_word' id='word_1_389' title='bbox 1446 5008 1644 5055; x_wconf 72' lang='lat' dir='ltr'><strong>nostra:</strong></span> <span class='ocrx_word' id='word_1_390' title='bbox 1686 5008 1862 5049; x_wconf 77' lang='lat' dir='ltr'><strong>causa:</strong></span> <span class='ocrx_word' id='word_1_391' title='bbox 1906 4988 2156 5060; x_wconf 80' lang='lat' dir='ltr'><strong>quiddam</strong></span> 
     </span>
    </p>
   </div>
   <div class='ocr_carea' id='block_1_52' title="bbox 574 5082 2160 5176">
    <p class='ocr_par' dir='ltr' id='par_1_52' title="bbox 574 5082 2160 5176">
     <span class='ocr_line' id='line_1_52' title="bbox 574 5082 2160 5176; baseline -0.026 0"><span class='ocrx_word' id='word_1_392' title='bbox 574 5117 970 5176; x_wconf 84' lang='lat' dir='ltr'><strong>trilmlatimunn</strong></span> <span class='ocrx_word' id='word_1_393' title='bbox 998 5109 1254 5163; x_wconf 88' lang='lat' dir='ltr'><strong>debemus</strong></span> <span class='ocrx_word' id='word_1_394' title='bbox 1280 5101 1303 5132; x_wconf 85' lang='grc'>¹</span> <span class='ocrx_word' id='word_1_395' title='bbox 1324 5139 1339 5166; x_wconf 85' lang='grc'><em>,</em></span> <span class='ocrx_word' id='word_1_396' title='bbox 1369 5107 1424 5152; x_wconf 91' lang='lat' dir='ltr'><strong>et</strong></span> <span class='ocrx_word' id='word_1_397' title='bbox 1453 5095 1577 5165; x_wconf 87' lang='lat' dir='ltr'><strong>quia</strong></span> <span class='ocrx_word' id='word_1_398' title='bbox 1618 5089 1848 5161; x_wconf 86' lang='lat' dir='ltr'><strong>patimur</strong></span> <span class='ocrx_word' id='word_1_399' title='bbox 1877 5086 2042 5140; x_wconf 88' lang='lat' dir='ltr'><strong>multa</strong></span> <span class='ocrx_word' id='word_1_400' title='bbox 2093 5082 2160 5135; x_wconf 89' lang='lat' dir='ltr'><strong>ab</strong></span> 
     </span>
    </p>
   </div>
   <div class='ocr_carea' id='block_1_53' title="bbox 573 5178 2163 5279">
    <p class='ocr_par' dir='ltr' id='par_1_53' title="bbox 573 5178 2163 5279">
     <span class='ocr_line' id='line_1_53' title="bbox 573 5178 2163 5279; baseline -0.027 -12"><span class='ocrx_word' id='word_1_401' title='bbox 573 5215 651 5267; x_wconf 80' lang='lat' dir='ltr'><strong>eis</strong></span> <span class='ocrx_word' id='word_1_402' title='bbox 667 5209 753 5279; x_wconf 89' lang='lat' dir='ltr'><strong>qui</strong></span> <span class='ocrx_word' id='word_1_403' title='bbox 779 5221 883 5260; x_wconf 78' lang='lat' dir='ltr'><strong>non</strong></span> <span class='ocrx_word' id='word_1_404' title='bbox 903 5210 1025 5258; x_wconf 88' lang='lat' dir='ltr'><strong>sunt</strong></span> <span class='ocrx_word' id='word_1_405' title='bbox 1046 5198 1299 5265; x_wconf 85' lang='lat' dir='ltr'><strong>desuper,</strong></span> <span class='ocrx_word' id='word_1_406' title='bbox 1318 5189 1516 5245; x_wconf 85' lang='lat' dir='ltr'><strong>cithara</strong></span> <span class='ocrx_word' id='word_1_407' title='bbox 1539 5195 1641 5239; x_wconf 84' lang='lat' dir='ltr'><strong>est.</strong></span> <span class='ocrx_word' id='word_1_408' title='bbox 1661 5181 1818 5234; x_wconf 75' lang='lat' dir='ltr'><strong>Venit</strong></span> <span class='ocrx_word' id='word_1_409' title='bbox 1833 5178 1974 5232; x_wconf 87' lang='lat' dir='ltr'><strong>enim</strong></span> <span class='ocrx_word' id='word_1_410' title='bbox 1999 5189 2163 5279; x_wconf 76' lang='lat' dir='ltr'><strong>sonus</strong></span> 
     </span>
    </p>
   </div>
   <div class='ocr_carea' id='block_1_54' title="bbox 575 5267 2163 5358">
    <p class='ocr_par' dir='ltr' id='par_1_54' title="bbox 575 5267 2163 5358">
     <span class='ocr_line' id='line_1_54' title="bbox 575 5267 2163 5358; baseline -0.025 0"><span class='ocrx_word' id='word_1_411' title='bbox 575 5267 754 5358; x_wconf 66' lang='lat' dir='ltr'><strong>muniis</strong></span> <span class='ocrx_word' id='word_1_412' title='bbox 787 5314 853 5353; x_wconf 78' lang='lat' dir='ltr'><strong>ex</strong></span> <span class='ocrx_word' id='word_1_413' title='bbox 896 5293 1147 5348; x_wconf 82' lang='lat' dir='ltr'><strong>inferiore</strong></span> <span class='ocrx_word' id='word_1_414' title='bbox 1175 5297 1323 5356; x_wconf 86' lang='lat' dir='ltr'><strong>parte</strong></span> <span class='ocrx_word' id='word_1_415' title='bbox 1353 5298 1371 5335; x_wconf 87' lang='lat'><strong>:</strong></span> <span class='ocrx_word' id='word_1_416' title='bbox 1403 5279 1634 5349; x_wconf 88' lang='lat' dir='ltr'><strong>patimur</strong></span> <span class='ocrx_word' id='word_1_417' title='bbox 1661 5285 1713 5328; x_wconf 90' lang='lat' dir='ltr'><strong>et</strong></span> <span class='ocrx_word' id='word_1_418' title='bbox 1741 5272 2045 5342; x_wconf 86' lang='lat' dir='ltr'><strong>psallimus,</strong></span> <span class='ocrx_word' id='word_1_419' title='bbox 2082 5267 2163 5319; x_wconf 84' lang='lat' dir='ltr'><strong>vel</strong></span> 
     </span>
    </p>
   </div>
   <div class='ocr_carea' id='block_1_55' title="bbox 577 5361 2169 5466">
    <p class='ocr_par' dir='ltr' id='par_1_55' title="bbox 577 5361 2169 5466">
     <span class='ocr_line' id='line_1_55' title="bbox 577 5361 2169 5466; baseline -0.018 -23"><span class='ocrx_word' id='word_1_420' title='bbox 577 5391 750 5466; x_wconf 65' lang='lat' dir='ltr'><strong>potius</strong></span> <span class='ocrx_word' id='word_1_421' title='bbox 797 5396 1075 5445; x_wconf 83' lang='lat' dir='ltr'><strong>cantamus</strong></span> <span class='ocrx_word' id='word_1_422' title='bbox 1123 5387 1179 5434; x_wconf 88' lang='lat' dir='ltr'><strong>et</strong></span> <span class='ocrx_word' id='word_1_423' title='bbox 1225 5373 1620 5431; x_wconf 83' lang='lat' dir='ltr'><strong>citharizatnus.</strong></span> <span class='ocrx_word' id='word_1_424' title='bbox 1681 5362 1904 5431; x_wconf 79' lang='lat' dir='ltr'><strong>Quando</strong></span> <span class='ocrx_word' id='word_1_425' title='bbox 1955 5361 2169 5466; x_wconf 74' lang='lat' dir='ltr'><strong>dicebat</strong></span> 
     </span>
    </p>
   </div>
   <div class='ocr_carea' id='block_1_56' title="bbox 583 5453 2164 5551">
    <p class='ocr_par' dir='ltr' id='par_1_56' title="bbox 583 5453 2164 5551">
     <span class='ocr_line' id='line_1_56' title="bbox 583 5453 2164 5551; baseline -0.02 -17"><span class='ocrx_word' id='word_1_426' title='bbox 583 5453 866 5551; x_wconf 68' lang='grc' dir='ltr'><strong>λικιδιοὶιιε</strong></span> <span class='ocrx_word' id='word_1_427' title='bbox 889 5471 1256 5543; x_wconf 76' lang='lat' dir='ltr'><strong>evangelizare</strong></span> <span class='ocrx_word' id='word_1_428' title='bbox 1281 5481 1341 5522; x_wconf 85' lang='lat' dir='ltr'><strong>se</strong></span> <span class='ocrx_word' id='word_1_429' title='bbox 1362 5508 1376 5528; x_wconf 95' lang='lat'><strong>,</strong></span> <span class='ocrx_word' id='word_1_430' title='bbox 1403 5473 1458 5517; x_wconf 86' lang='lat' dir='ltr'><strong>et</strong></span> <span class='ocrx_word' id='word_1_431' title='bbox 1494 5459 1786 5551; x_wconf 60' lang='lat' dir='ltr'><strong>praedicare</strong></span> <span class='ocrx_word' id='word_1_432' title='bbox 1821 5453 2164 5551; x_wconf 45' lang='lat' dir='ltr'><strong>Euan-genum</strong></span> 
     </span>
    </p>
   </div>
   <div class='ocr_carea' id='block_1_57' title="bbox 580 5544 2216 5630">
    <p class='ocr_par' dir='ltr' id='par_1_57' title="bbox 580 5544 2216 5630">
     <span class='ocr_line' id='line_1_57' title="bbox 580 5544 2216 5630; baseline -0.024 0"><span class='ocrx_word' id='word_1_433' title='bbox 580 5544 694 5630; x_wconf 78' lang='lat' dir='ltr'><strong>toto</strong></span> <span class='ocrx_word' id='word_1_434' title='bbox 712 5573 840 5627; x_wconf 86' lang='lat' dir='ltr'><strong>orbe</strong></span> <span class='ocrx_word' id='word_1_435' title='bbox 867 5579 1127 5622; x_wconf 87' lang='lat' dir='ltr'><strong>terrarum</strong></span> <span class='ocrx_word' id='word_1_436' title='bbox 1153 5576 1218 5617; x_wconf 77' lang='lat' dir='ltr'><strong>ex</strong></span> <span class='ocrx_word' id='word_1_437' title='bbox 1249 5565 1517 5629; x_wconf 62' lang='lat' dir='ltr'><strong>precepto</strong></span> <span class='ocrx_word' id='word_1_438' title='bbox 1549 5550 1668 5614; x_wconf 85' lang='lat' dir='ltr'><strong>Dei;</strong></span> <span class='ocrx_word' id='word_1_439' title='bbox 1699 5548 1822 5620; x_wconf 89' lang='lat' dir='ltr'><strong>quia</strong></span> <span class='ocrx_word' id='word_1_440' title='bbox 1843 5545 1972 5600; x_wconf 90' lang='lat' dir='ltr'><strong>illud</strong></span> <span class='ocrx_word' id='word_1_441' title='bbox 1998 5544 2169 5597; x_wconf 79' lang='lat' dir='ltr'><strong>Evan-</strong></span> <span class='ocrx_word' id='word_1_442' title='bbox 2210 5585 2216 5590; x_wconf 92' lang='lat'><strong>.</strong></span> 
     </span>
    </p>
   </div>
   <div class='ocr_carea' id='block_1_58' title="bbox 647 5722 2172 5802">
    <p class='ocr_par' dir='ltr' id='par_1_58' title="bbox 647 5722 2172 5802">
     <span class='ocr_line' id='line_1_58' title="bbox 647 5722 2172 5802; baseline -0.018 -5"><span class='ocrx_word' id='word_1_443' title='bbox 647 5751 661 5780; x_wconf 71' lang='grc' dir='ltr'>ι</span> <span class='ocrx_word' id='word_1_444' title='bbox 699 5747 829 5802; x_wconf 82' lang='lat' dir='ltr'><strong>Edd.,</strong></span> <span class='ocrx_word' id='word_1_445' title='bbox 856 5745 1025 5792; x_wconf 87' lang='lat' dir='ltr'><strong>domus</strong></span> <span class='ocrx_word' id='word_1_446' title='bbox 1041 5743 1200 5788; x_wconf 81' lang='lat' dir='ltr'><strong>autent</strong></span> <span class='ocrx_word' id='word_1_447' title='bbox 1220 5735 1284 5797; x_wconf 75' lang='lat' dir='ltr'><strong>de</strong></span> <span class='ocrx_word' id='word_1_448' title='bbox 1306 5745 1402 5802; x_wconf 73' lang='lat' dir='ltr'><strong>qua</strong></span> <span class='ocrx_word' id='word_1_449' title='bbox 1424 5727 1569 5802; x_wconf 68' lang='lat' dir='ltr'><strong>dixit.</strong></span> <span class='ocrx_word' id='word_1_450' title='bbox 1590 5724 1738 5802; x_wconf 64' lang='lat' dir='ltr'><strong>ﬂenti,</strong></span> <span class='ocrx_word' id='word_1_451' title='bbox 1758 5731 1853 5776; x_wconf 72' lang='lat' dir='ltr'><strong>etc.</strong></span> <span class='ocrx_word' id='word_1_452' title='bbox 1882 5730 1934 5773; x_wconf 77' lang='lat' dir='ltr'><strong>At</strong></span> <span class='ocrx_word' id='word_1_453' title='bbox 1951 5722 2172 5787; x_wconf 84' lang='lat' dir='ltr'><strong>plerique</strong></span> 
     </span>
    </p>
   </div>
   <div class='ocr_carea' id='block_1_59' title="bbox 587 5795 1676 5868">
    <p class='ocr_par' dir='ltr' id='par_1_59' title="bbox 587 5795 1676 5868">
     <span class='ocr_line' id='line_1_59' title="bbox 587 5795 1676 5868; baseline -0.02 -8"><span class='ocrx_word' id='word_1_454' title='bbox 587 5819 714 5865; x_wconf 60' lang='lat' dir='ltr'><strong>stas,</strong></span> <span class='ocrx_word' id='word_1_455' title='bbox 740 5795 854 5868; x_wconf 72' lang='lat' dir='ltr'><strong>quid</strong></span> <span class='ocrx_word' id='word_1_456' title='bbox 879 5802 989 5854; x_wconf 77' lang='lat' dir='ltr'><strong>erit.</strong></span> <span class='ocrx_word' id='word_1_457' title='bbox 1015 5803 1197 5868; x_wconf 52' lang='grc' dir='ltr'><strong>ωυρμ.</strong></span> <span class='ocrx_word' id='word_1_458' title='bbox 1219 5795 1407 5868; x_wconf 74' lang='lat' dir='ltr'><strong>codex,</strong></span> <span class='ocrx_word' id='word_1_459' title='bbox 1433 5800 1543 5857; x_wconf 71' lang='lat' dir='ltr'><strong>quin</strong></span> <span class='ocrx_word' id='word_1_460' title='bbox 1565 5795 1676 5842; x_wconf 78' lang='lat' dir='ltr'><strong>erit.</strong></span> 
     </span>
    </p>
   </div>
   <div class='ocr_carea' id='block_1_60' title="bbox 649 5857 1306 5930">
    <p class='ocr_par' dir='ltr' id='par_1_60' title="bbox 649 5857 1306 5930">
     <span class='ocr_line' id='line_1_60' title="bbox 649 5857 1306 5930; baseline -0.018 -11"><span class='ocrx_word' id='word_1_461' title='bbox 649 5857 668 5904; x_wconf 63' lang='grc' dir='ltr'><strong>ί</strong></span> <span class='ocrx_word' id='word_1_462' title='bbox 700 5857 917 5930; x_wconf 65' lang='lat' dir='ltr'><strong>odioque</strong></span> <span class='ocrx_word' id='word_1_463' title='bbox 939 5871 1068 5923; x_wconf 70' lang='lat' dir='ltr'><strong>tuas,</strong></span> <span class='ocrx_word' id='word_1_464' title='bbox 1091 5857 1306 5912; x_wconf 76' lang='lat' dir='ltr'><strong>debetur.</strong></span> 
     </span>
    </p>
   </div>
   <div class='ocr_carea' id='block_1_61' title="bbox 1717 389 2523 462">
    <p class='ocr_par' dir='ltr' id='par_1_61' title="bbox 1717 389 2523 462">
     <span class='ocr_line' id='line_1_61' title="bbox 1717 389 2523 462; baseline -0.021 -1"><span class='ocrx_word' id='word_1_465' title='bbox 1717 406 1775 462; x_wconf 89' lang='lat' dir='ltr'><strong>S.</strong></span> <span class='ocrx_word' id='word_1_466' title='bbox 1815 391 2181 457; x_wconf 77' lang='lat' dir='ltr'><strong>AUGUSTINI</strong></span> <span class='ocrx_word' id='word_1_467' title='bbox 2223 389 2523 446; x_wconf 80' lang='lat' dir='ltr'><strong>Ei’lSCOPl</strong></span> 
     </span>
    </p>
   </div>
   <div class='ocr_carea' id='block_1_62' title="bbox 3665 386 3760 442">
    <p class='ocr_par' dir='ltr' id='par_1_62' title="bbox 3665 386 3760 442">
     <span class='ocr_line' id='line_1_62' title="bbox 3665 386 3760 442; baseline 0.011 -1"><span class='ocrx_word' id='word_1_468' title='bbox 3665 386 3760 442; x_wconf 64' lang='lat'><strong>£80</strong></span> 
     </span>
    </p>
   </div>
   <div class='ocr_carea' id='block_1_63' title="bbox 2178 501 3757 574">
    <p class='ocr_par' dir='ltr' id='par_1_63' title="bbox 2178 501 3757 574">
     <span class='ocr_line' id='line_1_63' title="bbox 2178 501 3757 574; baseline -0.003 -14"><span class='ocrx_word' id='word_1_469' title='bbox 2178 506 2375 574; x_wconf 76' lang='lat' dir='ltr'><strong>gelium</strong></span> <span class='ocrx_word' id='word_1_470' title='bbox 2398 520 2458 561; x_wconf 89' lang='lat' dir='ltr'><strong>se</strong></span> <span class='ocrx_word' id='word_1_471' title='bbox 2481 519 2585 560; x_wconf 91' lang='lat' dir='ltr'><strong>non</strong></span> <span class='ocrx_word' id='word_1_472' title='bbox 2611 503 2678 560; x_wconf 88' lang='lat' dir='ltr'><strong>ab</strong></span> <span class='ocrx_word' id='word_1_473' title='bbox 2708 503 3007 560; x_wconf 87' lang='lat' dir='ltr'><strong>hominibus</strong></span> <span class='ocrx_word' id='word_1_474' title='bbox 3033 519 3204 573; x_wconf 88' lang='lat' dir='ltr'><strong>neque</strong></span> <span class='ocrx_word' id='word_1_475' title='bbox 3228 518 3322 574; x_wconf 84' lang='lat' dir='ltr'><strong>per</strong></span> <span class='ocrx_word' id='word_1_476' title='bbox 3349 501 3643 559; x_wconf 82' lang='lat' dir='ltr'><strong>hominem.</strong></span> <span class='ocrx_word' id='word_1_477' title='bbox 3668 510 3757 557; x_wconf 77' lang='lat' dir='ltr'><strong>seu</strong></span> 
     </span>
    </p>
   </div>
   <div class='ocr_carea' id='block_1_64' title="bbox 2181 593 3760 668">
    <p class='ocr_par' dir='ltr' id='par_1_64' title="bbox 2181 593 3760 668">
     <span class='ocr_line' id='line_1_64' title="bbox 2181 593 3760 668; baseline -0.004 -17"><span class='ocrx_word' id='word_1_478' title='bbox 2181 611 2276 667; x_wconf 89' lang='lat' dir='ltr'><strong>per</strong></span> <span class='ocrx_word' id='word_1_479' title='bbox 2301 595 2481 650; x_wconf 84' lang='lat' dir='ltr'><strong>.lesum</strong></span> <span class='ocrx_word' id='word_1_480' title='bbox 2512 593 2777 650; x_wconf 85' lang='lat' dir='ltr'><strong>Christum</strong></span> <span class='ocrx_word' id='word_1_481' title='bbox 2811 596 3084 668; x_wconf 79' lang='lat' dir='ltr'><strong>accepisse</strong></span> <span class='ocrx_word' id='word_1_482' title='bbox 3116 595 3324 650; x_wconf 86' lang='lat' dir='ltr'><strong>dicebat</strong></span> <span class='ocrx_word' id='word_1_483' title='bbox 3353 595 3500 664; x_wconf 76' lang='grc' dir='ltr'><strong>(σαι.</strong></span> <span class='ocrx_word' id='word_1_484' title='bbox 3544 612 3595 655; x_wconf 88' lang='lat' dir='ltr'><strong>I.</strong></span> <span class='ocrx_word' id='word_1_485' title='bbox 3641 596 3760 661; x_wconf 59' lang='lat' dir='ltr'><strong>la),</strong></span> 
     </span>
    </p>
   </div>
   <div class='ocr_carea' id='block_1_65' title="bbox 2179 687 3762 760">
    <p class='ocr_par' dir='ltr' id='par_1_65' title="bbox 2179 687 3762 760">
     <span class='ocr_line' id='line_1_65' title="bbox 2179 687 3762 760; baseline -0.003 -16"><span class='ocrx_word' id='word_1_486' title='bbox 2179 689 2409 760; x_wconf 77' lang='lat' dir='ltr'><strong>desuper</strong></span> <span class='ocrx_word' id='word_1_487' title='bbox 2435 691 2694 746; x_wconf 89' lang='lat' dir='ltr'><strong>sonabant</strong></span> <span class='ocrx_word' id='word_1_488' title='bbox 2713 689 2966 746; x_wconf 72' lang='lat' dir='ltr'><strong>cbordm:</strong></span> <span class='ocrx_word' id='word_1_489' title='bbox 2994 705 3113 745; x_wconf 86' lang='lat' dir='ltr'><strong>cum</strong></span> <span class='ocrx_word' id='word_1_490' title='bbox 3136 704 3262 743; x_wconf 87' lang='lat' dir='ltr'><strong>vero</strong></span> <span class='ocrx_word' id='word_1_491' title='bbox 3288 688 3500 745; x_wconf 81' lang='lat' dir='ltr'><strong>dicebat</strong></span> <span class='ocrx_word' id='word_1_492' title='bbox 3519 729 3535 750; x_wconf 86' lang='lat'><strong>,</strong></span> <span class='ocrx_word' id='word_1_493' title='bbox 3563 687 3762 742; x_wconf 75' lang='lat' dir='ltr'><strong>Glorio-</strong></span> 
     </span>
    </p>
   </div>
   <div class='ocr_carea' id='block_1_66' title="bbox 2183 781 3761 852">
    <p class='ocr_par' dir='ltr' id='par_1_66' title="bbox 2183 781 3761 852">
     <span class='ocr_line' id='line_1_66' title="bbox 2183 781 3761 852; baseline -0.003 -18"><span class='ocrx_word' id='word_1_494' title='bbox 2183 797 2296 835; x_wconf 86' lang='lat' dir='ltr'><strong>ntar</strong></span> <span class='ocrx_word' id='word_1_495' title='bbox 2321 781 2375 835; x_wconf 87' lang='lat' dir='ltr'><strong>iu</strong></span> <span class='ocrx_word' id='word_1_496' title='bbox 2403 782 2846 847; x_wconf 68' lang='lat' dir='ltr'><strong>tribulationibus;</strong></span> <span class='ocrx_word' id='word_1_497' title='bbox 2881 783 3090 837; x_wconf 80' lang='lat' dir='ltr'><strong>scientes</strong></span> <span class='ocrx_word' id='word_1_498' title='bbox 3129 783 3247 852; x_wconf 84' lang='lat' dir='ltr'><strong>quia</strong></span> <span class='ocrx_word' id='word_1_499' title='bbox 3281 783 3545 835; x_wconf 80' lang='lat' dir='ltr'><strong>tribulatio</strong></span> <span class='ocrx_word' id='word_1_500' title='bbox 3575 782 3761 849; x_wconf 70' lang='lat' dir='ltr'><strong>palieuo</strong></span> 
     </span>
    </p>
   </div>
   <div class='ocr_carea' id='block_1_67' title="bbox 2187 859 3767 945">
    <p class='ocr_par' dir='ltr' id='par_1_67' title="bbox 2187 859 3767 945">
     <span class='ocr_line' id='line_1_67' title="bbox 2187 859 3767 945; baseline -0.003 -19"><span class='ocrx_word' id='word_1_501' title='bbox 2187 874 2308 926; x_wconf 87' lang='lat' dir='ltr'><strong>tiam</strong></span> <span class='ocrx_word' id='word_1_502' title='bbox 2351 859 2630 941; x_wconf 82' lang='lat' dir='ltr'><strong>operatur,</strong></span> <span class='ocrx_word' id='word_1_503' title='bbox 2675 875 2914 943; x_wconf 82' lang='lat' dir='ltr'><strong>patientia</strong></span> <span class='ocrx_word' id='word_1_504' title='bbox 2943 874 3283 945; x_wconf 79' lang='lat' dir='ltr'><strong>probationem</strong></span> <span class='ocrx_word' id='word_1_505' title='bbox 3304 916 3318 933; x_wconf 86' lang='lat'>.</span> <span class='ocrx_word' id='word_1_506' title='bbox 3369 874 3603 931; x_wconf 68' lang='lat' dir='ltr'><strong>probatio</strong></span> <span class='ocrx_word' id='word_1_507' title='bbox 3633 887 3767 940; x_wconf 74' lang='lat' dir='ltr'><strong>spem</strong></span> 
     </span>
    </p>
   </div>
   <div class='ocr_carea' id='block_1_68' title="bbox 2189 961 3771 1035">
    <p class='ocr_par' dir='ltr' id='par_1_68' title="bbox 2189 961 3771 1035">
     <span class='ocr_line' id='line_1_68' title="bbox 2189 961 3771 1035; baseline -0.001 -19"><span class='ocrx_word' id='word_1_508' title='bbox 2189 961 2430 1034; x_wconf 79' lang='lat' dir='ltr'><strong>(Rom.v,</strong></span> <span class='ocrx_word' id='word_1_509' title='bbox 2450 965 2485 1019; x_wconf 81' lang='lat'><strong>&#39;5</strong></span> <span class='ocrx_word' id='word_1_510' title='bbox 2508 973 2556 1020; x_wconf 89' lang='lat' dir='ltr'><strong>et</strong></span> <span class='ocrx_word' id='word_1_511' title='bbox 2577 965 2655 1035; x_wconf 68' lang='lat'><strong>4);</strong></span> <span class='ocrx_word' id='word_1_512' title='bbox 2687 966 2889 1020; x_wconf 86' lang='lat' dir='ltr'><strong>cithara</strong></span> <span class='ocrx_word' id='word_1_513' title='bbox 2913 966 3216 1020; x_wconf 73' lang='lat' dir='ltr'><strong>sonabatex</strong></span> <span class='ocrx_word' id='word_1_514' title='bbox 3243 964 3494 1021; x_wconf 88' lang='lat' dir='ltr'><strong>inferiore</strong></span> <span class='ocrx_word' id='word_1_515' title='bbox 3517 964 3733 1035; x_wconf 81' lang='lat' dir='ltr'><strong>quidem</strong></span> <span class='ocrx_word' id='word_1_516' title='bbox 3757 1007 3771 1028; x_wconf 91' lang='lat'><strong>,</strong></span> 
     </span>
    </p>
   </div>
   <div class='ocr_carea' id='block_1_69' title="bbox 2187 1056 3770 1127">
    <p class='ocr_par' dir='ltr' id='par_1_69' title="bbox 2187 1056 3770 1127">
     <span class='ocr_line' id='line_1_69' title="bbox 2187 1056 3770 1127; baseline -0.001 -16"><span class='ocrx_word' id='word_1_517' title='bbox 2187 1057 2282 1112; x_wconf 91' lang='lat' dir='ltr'><strong>sed</strong></span> <span class='ocrx_word' id='word_1_518' title='bbox 2311 1066 2486 1113; x_wconf 90' lang='lat' dir='ltr'><strong>tamen</strong></span> <span class='ocrx_word' id='word_1_519' title='bbox 2507 1056 2752 1113; x_wconf 85' lang='lat' dir='ltr'><strong>dulciter.</strong></span> <span class='ocrx_word' id='word_1_520' title='bbox 2791 1058 2979 1113; x_wconf 90' lang='lat' dir='ltr'><strong>Omnis</strong></span> <span class='ocrx_word' id='word_1_521' title='bbox 3021 1060 3162 1113; x_wconf 88' lang='lat' dir='ltr'><strong>enim</strong></span> <span class='ocrx_word' id='word_1_522' title='bbox 3203 1060 3452 1127; x_wconf 76' lang='lat' dir='ltr'><strong>patientia</strong></span> <span class='ocrx_word' id='word_1_523' title='bbox 3483 1058 3659 1112; x_wconf 84' lang='lat' dir='ltr'><strong>dulcis</strong></span> <span class='ocrx_word' id='word_1_524' title='bbox 3693 1068 3770 1110; x_wconf 85' lang='lat' dir='ltr'><strong>est</strong></span> 
     </span>
    </p>
   </div>
   <div class='ocr_carea' id='block_1_70' title="bbox 2193 1150 3773 1219">
    <p class='ocr_par' dir='ltr' id='par_1_70' title="bbox 2193 1150 3773 1219">
     <span class='ocr_line' id='line_1_70' title="bbox 2193 1150 3773 1219; baseline 0 -16"><span class='ocrx_word' id='word_1_525' title='bbox 2193 1150 2318 1205; x_wconf 92' lang='lat' dir='ltr'><strong>Deo.</strong></span> <span class='ocrx_word' id='word_1_526' title='bbox 2353 1150 2407 1206; x_wconf 91' lang='lat' dir='ltr'><strong>Si</strong></span> <span class='ocrx_word' id='word_1_527' title='bbox 2437 1159 2612 1206; x_wconf 86' lang='lat' dir='ltr'><strong>autem</strong></span> <span class='ocrx_word' id='word_1_528' title='bbox 2644 1154 2695 1205; x_wconf 91' lang='lat' dir='ltr'><strong>in</strong></span> <span class='ocrx_word' id='word_1_529' title='bbox 2727 1151 2857 1219; x_wconf 87' lang='lat' dir='ltr'><strong>ipsis</strong></span> <span class='ocrx_word' id='word_1_530' title='bbox 2896 1151 3320 1207; x_wconf 88' lang='lat' dir='ltr'><strong>tribulationibus</strong></span> <span class='ocrx_word' id='word_1_531' title='bbox 3343 1150 3609 1207; x_wconf 66' lang='lat' dir='ltr'><strong>deieceris</strong></span> <span class='ocrx_word' id='word_1_532' title='bbox 3629 1193 3646 1216; x_wconf 92' lang='lat'><strong>,</strong></span> <span class='ocrx_word' id='word_1_533' title='bbox 3697 1152 3773 1204; x_wconf 79' lang='lat' dir='ltr'><strong>ei-</strong></span> 
     </span>
    </p>
   </div>
   <div class='ocr_carea' id='block_1_71' title="bbox 2191 1241 3774 1313">
    <p class='ocr_par' dir='ltr' id='par_1_71' title="bbox 2191 1241 3774 1313">
     <span class='ocr_line' id='line_1_71' title="bbox 2191 1241 3774 1313; baseline -0.001 -18"><span class='ocrx_word' id='word_1_534' title='bbox 2191 1241 2396 1296; x_wconf 90' lang='lat' dir='ltr'><strong>tharam</strong></span> <span class='ocrx_word' id='word_1_535' title='bbox 2446 1241 2667 1312; x_wconf 75' lang='lat' dir='ltr'><strong>fregisti.</strong></span> <span class='ocrx_word' id='word_1_536' title='bbox 2709 1243 2886 1312; x_wconf 87' lang='lat' dir='ltr'><strong>Quare</strong></span> <span class='ocrx_word' id='word_1_537' title='bbox 2925 1258 3054 1313; x_wconf 77' lang='lat' dir='ltr'><strong>ergo</strong></span> <span class='ocrx_word' id='word_1_538' title='bbox 3096 1242 3255 1297; x_wconf 88' lang='lat' dir='ltr'><strong>modo</strong></span> <span class='ocrx_word' id='word_1_539' title='bbox 3279 1243 3410 1296; x_wconf 83' lang='lat' dir='ltr'><strong>dixit</strong></span> <span class='ocrx_word' id='word_1_540' title='bbox 3444 1259 3458 1296; x_wconf 88' lang='lat'><strong>:</strong></span> <span class='ocrx_word' id='word_1_541' title='bbox 3492 1241 3774 1308; x_wconf 72' lang='grc' dir='ltr'><strong>ϐοηριρόιττ</strong></span> 
     </span>
    </p>
   </div>
   <div class='ocr_carea' id='block_1_72' title="bbox 2190 1332 3776 1405">
    <p class='ocr_par' dir='ltr' id='par_1_72' title="bbox 2190 1332 3776 1405">
     <span class='ocr_line' id='line_1_72' title="bbox 2190 1332 3776 1405; baseline 0 -20"><span class='ocrx_word' id='word_1_542' title='bbox 2190 1332 2280 1386; x_wconf 86' lang='lat' dir='ltr'><strong>tibi</strong></span> <span class='ocrx_word' id='word_1_543' title='bbox 2309 1333 2360 1386; x_wconf 87' lang='lat' dir='ltr'><strong>in</strong></span> <span class='ocrx_word' id='word_1_544' title='bbox 2387 1334 2628 1388; x_wconf 74' lang='lat' dir='ltr'><strong>cithara?</strong></span> <span class='ocrx_word' id='word_1_545' title='bbox 2666 1334 2891 1405; x_wconf 84' lang='lat' dir='ltr'><strong>Propter</strong></span> <span class='ocrx_word' id='word_1_546' title='bbox 2930 1334 3058 1388; x_wconf 91' lang='lat' dir='ltr'><strong>illud</strong></span> <span class='ocrx_word' id='word_1_547' title='bbox 3099 1335 3240 1402; x_wconf 83' lang='lat' dir='ltr'><strong>quod</strong></span> <span class='ocrx_word' id='word_1_548' title='bbox 3268 1335 3474 1388; x_wconf 82' lang='lat' dir='ltr'><strong>dixerat</strong></span> <span class='ocrx_word' id='word_1_549' title='bbox 3523 1351 3540 1386; x_wconf 76' lang='grc' dir='ltr'><strong><em>τ</em></strong></span> <span class='ocrx_word' id='word_1_550' title='bbox 3592 1333 3776 1402; x_wconf 79' lang='lat' dir='ltr'><strong>thut&#39;tl</strong></span> 
     </span>
    </p>
   </div>
   <div class='ocr_carea' id='block_1_73' title="bbox 2193 1426 3777 1498">
    <p class='ocr_par' dir='ltr' id='par_1_73' title="bbox 2193 1426 3777 1498">
     <span class='ocr_line' id='line_1_73' title="bbox 2193 1426 3777 1498; baseline -0.002 -18"><span class='ocrx_word' id='word_1_551' title='bbox 2193 1426 2349 1480; x_wconf 84' lang='lat' dir='ltr'><strong>tristis</strong></span> <span class='ocrx_word' id='word_1_552' title='bbox 2372 1426 2568 1491; x_wconf 81' lang='lat' dir='ltr'><strong>incedo,</strong></span> <span class='ocrx_word' id='word_1_553' title='bbox 2591 1427 2712 1479; x_wconf 85' lang='lat' dir='ltr'><strong>dum</strong></span> <span class='ocrx_word' id='word_1_554' title='bbox 2730 1427 2906 1498; x_wconf 67' lang='lat' dir='ltr'><strong>afﬂigit</strong></span> <span class='ocrx_word' id='word_1_555' title='bbox 2926 1443 3005 1482; x_wconf 85' lang='lat' dir='ltr'><strong>nte</strong></span> <span class='ocrx_word' id='word_1_556' title='bbox 3024 1427 3283 1482; x_wconf 79' lang='lat' dir='ltr'><strong>inimicus?</strong></span> <span class='ocrx_word' id='word_1_557' title='bbox 3303 1427 3610 1482; x_wconf 84' lang='lat' dir='ltr'><strong>Patiebatur</strong></span> <span class='ocrx_word' id='word_1_558' title='bbox 3637 1428 3777 1479; x_wconf 87' lang='lat' dir='ltr'><strong>enim</strong></span> 
     </span>
    </p>
   </div>
   <div class='ocr_carea' id='block_1_74' title="bbox 2193 1516 3779 1588">
    <p class='ocr_par' dir='ltr' id='par_1_74' title="bbox 2193 1516 3779 1588">
     <span class='ocr_line' id='line_1_74' title="bbox 2193 1516 3779 1588; baseline 0.001 -18"><span class='ocrx_word' id='word_1_559' title='bbox 2193 1516 2442 1588; x_wconf 88' lang='lat' dir='ltr'><strong>quiddam</strong></span> <span class='ocrx_word' id='word_1_560' title='bbox 2470 1533 2537 1573; x_wconf 75' lang='lat' dir='ltr'><strong>ex</strong></span> <span class='ocrx_word' id='word_1_561' title='bbox 2569 1516 2822 1574; x_wconf 86' lang='lat' dir='ltr'><strong>inferiore</strong></span> <span class='ocrx_word' id='word_1_562' title='bbox 2849 1518 3137 1574; x_wconf 79' lang='lat' dir='ltr'><strong>afﬂictione</strong></span> <span class='ocrx_word' id='word_1_563' title='bbox 3157 1560 3172 1582; x_wconf 86' lang='lat'><strong>,</strong></span> <span class='ocrx_word' id='word_1_564' title='bbox 3198 1529 3256 1574; x_wconf 86' lang='lat' dir='ltr'><strong>et</strong></span> <span class='ocrx_word' id='word_1_565' title='bbox 3281 1520 3331 1572; x_wconf 92' lang='lat' dir='ltr'><strong>in</strong></span> <span class='ocrx_word' id='word_1_566' title='bbox 3361 1536 3428 1574; x_wconf 85' lang='lat' dir='ltr'><strong>eo</strong></span> <span class='ocrx_word' id='word_1_567' title='bbox 3467 1520 3583 1588; x_wconf 85' lang='lat' dir='ltr'><strong>ipso</strong></span> <span class='ocrx_word' id='word_1_568' title='bbox 3607 1528 3779 1573; x_wconf 85' lang='lat' dir='ltr'><strong>tamen</strong></span> 
     </span>
    </p>
   </div>
   <div class='ocr_carea' id='block_1_75' title="bbox 2197 1611 3780 1683">
    <p class='ocr_par' dir='ltr' id='par_1_75' title="bbox 2197 1611 3780 1683">
     <span class='ocr_line' id='line_1_75' title="bbox 2197 1611 3780 1683; baseline 0.004 -18"><span class='ocrx_word' id='word_1_569' title='bbox 2197 1611 2408 1666; x_wconf 83' lang='lat' dir='ltr'><strong>volebat</strong></span> <span class='ocrx_word' id='word_1_570' title='bbox 2432 1612 2646 1681; x_wconf 87' lang='lat' dir='ltr'><strong>placere</strong></span> <span class='ocrx_word' id='word_1_571' title='bbox 2674 1611 2817 1681; x_wconf 89' lang='lat' dir='ltr'><strong>Deo,</strong></span> <span class='ocrx_word' id='word_1_572' title='bbox 2845 1621 2902 1668; x_wconf 87' lang='lat' dir='ltr'><strong>et</strong></span> <span class='ocrx_word' id='word_1_573' title='bbox 2925 1612 3123 1683; x_wconf 78' lang='lat' dir='ltr'><strong>gratias</strong></span> <span class='ocrx_word' id='word_1_574' title='bbox 3157 1611 3420 1683; x_wconf 74' lang='lat' dir='ltr'><strong>gestiebat</strong></span> <span class='ocrx_word' id='word_1_575' title='bbox 3442 1627 3605 1683; x_wconf 83' lang='lat' dir='ltr'><strong>agere</strong></span> <span class='ocrx_word' id='word_1_576' title='bbox 3632 1613 3742 1667; x_wconf 82' lang='lat' dir='ltr'><strong>Deo</strong></span> <span class='ocrx_word' id='word_1_577' title='bbox 3765 1654 3780 1672; x_wconf 94' lang='lat'><strong>.</strong></span> 
     </span>
    </p>
   </div>
   <div class='ocr_carea' id='block_1_76' title="bbox 2199 1702 3784 1774">
    <p class='ocr_par' dir='ltr' id='par_1_76' title="bbox 2199 1702 3784 1774">
     <span class='ocr_line' id='line_1_76' title="bbox 2199 1702 3784 1774; baseline 0.001 -18"><span class='ocrx_word' id='word_1_578' title='bbox 2199 1702 2351 1758; x_wconf 92' lang='lat' dir='ltr'><strong>fortis</strong></span> <span class='ocrx_word' id='word_1_579' title='bbox 2387 1703 2440 1757; x_wconf 92' lang='lat' dir='ltr'><strong>in</strong></span> <span class='ocrx_word' id='word_1_580' title='bbox 2483 1702 2908 1758; x_wconf 85' lang='lat' dir='ltr'><strong>tribulationibus</strong></span> <span class='ocrx_word' id='word_1_581' title='bbox 2956 1721 2971 1758; x_wconf 90' lang='lat'>:</span> <span class='ocrx_word' id='word_1_582' title='bbox 3008 1715 3063 1758; x_wconf 88' lang='lat' dir='ltr'><strong>et</strong></span> <span class='ocrx_word' id='word_1_583' title='bbox 3113 1705 3236 1774; x_wconf 85' lang='lat' dir='ltr'><strong>quia</strong></span> <span class='ocrx_word' id='word_1_584' title='bbox 3279 1704 3400 1759; x_wconf 77' lang='lat' dir='ltr'><strong>sine</strong></span> <span class='ocrx_word' id='word_1_585' title='bbox 3440 1704 3784 1760; x_wconf 70' lang='lat' dir='ltr'><strong>trilanatlune</strong></span> 
     </span>
    </p>
   </div>
   <div class='ocr_carea' id='block_1_77' title="bbox 2201 1793 3788 1865">
    <p class='ocr_par' dir='ltr' id='par_1_77' title="bbox 2201 1793 3788 1865">
     <span class='ocr_line' id='line_1_77' title="bbox 2201 1793 3788 1865; baseline 0 -14"><span class='ocrx_word' id='word_1_586' title='bbox 2201 1811 2319 1851; x_wconf 87' lang='lat' dir='ltr'><strong>esse</strong></span> <span class='ocrx_word' id='word_1_587' title='bbox 2345 1810 2448 1850; x_wconf 90' lang='lat' dir='ltr'><strong>non</strong></span> <span class='ocrx_word' id='word_1_588' title='bbox 2477 1804 2717 1864; x_wconf 89' lang='lat' dir='ltr'><strong>poterat,</strong></span> <span class='ocrx_word' id='word_1_589' title='bbox 2747 1797 3048 1865; x_wconf 86' lang='lat' dir='ltr'><strong>patientiam</strong></span> <span class='ocrx_word' id='word_1_590' title='bbox 3077 1795 3188 1852; x_wconf 88' lang='lat' dir='ltr'><strong>Deo</strong></span> <span class='ocrx_word' id='word_1_591' title='bbox 3215 1793 3472 1863; x_wconf 87' lang='lat' dir='ltr'><strong>debebat,</strong></span> <span class='ocrx_word' id='word_1_592' title='bbox 3498 1795 3788 1864; x_wconf 80' lang='lat' dir='ltr'><strong>Conﬁtebor</strong></span> 
     </span>
    </p>
   </div>
   <div class='ocr_carea' id='block_1_78' title="bbox 2202 1886 3144 1956">
    <p class='ocr_par' dir='ltr' id='par_1_78' title="bbox 2202 1886 3144 1956">
     <span class='ocr_line' id='line_1_78' title="bbox 2202 1886 3144 1956; baseline 0.002 -15"><span class='ocrx_word' id='word_1_593' title='bbox 2202 1887 2291 1941; x_wconf 84' lang='lat' dir='ltr'><strong>tibi</strong></span> <span class='ocrx_word' id='word_1_594' title='bbox 2314 1888 2365 1942; x_wconf 85' lang='lat' dir='ltr'><strong>in</strong></span> <span class='ocrx_word' id='word_1_595' title='bbox 2391 1887 2607 1950; x_wconf 84' lang='lat' dir='ltr'><strong>cit/tam,</strong></span> <span class='ocrx_word' id='word_1_596' title='bbox 2639 1886 2801 1956; x_wconf 84' lang='lat' dir='ltr'><strong>Deus,</strong></span> <span class='ocrx_word' id='word_1_597' title='bbox 2825 1887 2961 1943; x_wconf 85' lang='lat' dir='ltr'><strong>Deus</strong></span> <span class='ocrx_word' id='word_1_598' title='bbox 2985 1903 3144 1943; x_wconf 85' lang='lat' dir='ltr'><strong>meus.</strong></span> 
     </span>
    </p>
   </div>
   <div class='ocr_carea' id='block_1_79' title="bbox 2274 1974 3788 2050">
    <p class='ocr_par' dir='ltr' id='par_1_79' title="bbox 2274 1974 3788 2050">
     <span class='ocr_line' id='line_1_79' title="bbox 2274 1974 3788 2050; baseline -0.001 -18"><span class='ocrx_word' id='word_1_599' title='bbox 2274 1979 2326 2032; x_wconf 85' lang='lat'><strong>6.</strong></span> <span class='ocrx_word' id='word_1_600' title='bbox 2354 1975 2502 2050; x_wconf 85' lang='lat' dir='ltr'><strong>[rers.</strong></span> <span class='ocrx_word' id='word_1_601' title='bbox 2535 1975 2614 2049; x_wconf 83' lang='grc'><strong>5.]</strong></span> <span class='ocrx_word' id='word_1_602' title='bbox 2648 1977 2710 2032; x_wconf 87' lang='lat' dir='ltr'><strong>Et</strong></span> <span class='ocrx_word' id='word_1_603' title='bbox 2739 1993 2922 2033; x_wconf 87' lang='lat' dir='ltr'><strong>rursus</strong></span> <span class='ocrx_word' id='word_1_604' title='bbox 2945 1978 3012 2033; x_wconf 85' lang='lat' dir='ltr'><strong>ad</strong></span> <span class='ocrx_word' id='word_1_605' title='bbox 3036 1979 3267 2034; x_wconf 86' lang='lat' dir='ltr'><strong>animam</strong></span> <span class='ocrx_word' id='word_1_606' title='bbox 3298 1974 3477 2041; x_wconf 84' lang='lat' dir='ltr'><strong>suam.</strong></span> <span class='ocrx_word' id='word_1_607' title='bbox 3508 1989 3566 2034; x_wconf 87' lang='lat' dir='ltr'><strong>ut</strong></span> <span class='ocrx_word' id='word_1_608' title='bbox 3609 1995 3673 2034; x_wconf 82' lang='lat' dir='ltr'><strong>ex</strong></span> <span class='ocrx_word' id='word_1_609' title='bbox 3705 1979 3788 2032; x_wconf 68' lang='lat' dir='ltr'><strong>in.</strong></span> 
     </span>
    </p>
   </div>
   <div class='ocr_carea' id='block_1_80' title="bbox 2205 2069 3794 2140">
    <p class='ocr_par' dir='ltr' id='par_1_80' title="bbox 2205 2069 3794 2140">
     <span class='ocr_line' id='line_1_80' title="bbox 2205 2069 3794 2140; baseline 0.002 -17"><span class='ocrx_word' id='word_1_610' title='bbox 2205 2069 2399 2125; x_wconf 84' lang='lat' dir='ltr'><strong>fctiore</strong></span> <span class='ocrx_word' id='word_1_611' title='bbox 2427 2070 2518 2125; x_wconf 91' lang='lat' dir='ltr'><strong>illo</strong></span> <span class='ocrx_word' id='word_1_612' title='bbox 2540 2085 2737 2124; x_wconf 89' lang='lat' dir='ltr'><strong>sonoro</strong></span> <span class='ocrx_word' id='word_1_613' title='bbox 2765 2070 2908 2140; x_wconf 81' lang='lat' dir='ltr'><strong>ligno</strong></span> <span class='ocrx_word' id='word_1_614' title='bbox 2933 2072 3105 2140; x_wconf 88' lang='lat' dir='ltr'><strong>capiat</strong></span> <span class='ocrx_word' id='word_1_615' title='bbox 3128 2085 3317 2126; x_wconf 84' lang='lat' dir='ltr'><strong>sonum</strong></span> <span class='ocrx_word' id='word_1_616' title='bbox 3361 2089 3377 2126; x_wconf 88' lang='lat'><strong>:</strong></span> <span class='ocrx_word' id='word_1_617' title='bbox 3420 2069 3614 2139; x_wconf 83' lang='lat' dir='ltr'><strong>thm&#39;d</strong></span> <span class='ocrx_word' id='word_1_618' title='bbox 3636 2073 3794 2126; x_wconf 69' lang='lat' dir='ltr'><strong>tristis</strong></span> 
     </span>
    </p>
   </div>
   <div class='ocr_carea' id='block_1_81' title="bbox 2206 2161 3797 2231">
    <p class='ocr_par' dir='ltr' id='par_1_81' title="bbox 2206 2161 3797 2231">
     <span class='ocr_line' id='line_1_81' title="bbox 2206 2161 3797 2231; baseline 0.001 -16"><span class='ocrx_word' id='word_1_619' title='bbox 2206 2179 2256 2215; x_wconf 86' lang='lat' dir='ltr'><strong>es</strong></span> <span class='ocrx_word' id='word_1_620' title='bbox 2273 2204 2285 2220; x_wconf 90' lang='lat'><strong>.</strong></span> <span class='ocrx_word' id='word_1_621' title='bbox 2319 2161 2487 2231; x_wconf 88' lang='lat' dir='ltr'><strong>inquit</strong></span> <span class='ocrx_word' id='word_1_622' title='bbox 2511 2203 2525 2224; x_wconf 90' lang='lat'><strong>,</strong></span> <span class='ocrx_word' id='word_1_623' title='bbox 2552 2163 2723 2216; x_wconf 85' lang='lat' dir='ltr'><strong>anima</strong></span> <span class='ocrx_word' id='word_1_624' title='bbox 2747 2179 2877 2224; x_wconf 75' lang='lat' dir='ltr'><strong>mea,</strong></span> <span class='ocrx_word' id='word_1_625' title='bbox 2901 2174 2946 2215; x_wconf 91' lang='lat' dir='ltr'><strong>et</strong></span> <span class='ocrx_word' id='word_1_626' title='bbox 2969 2161 3150 2230; x_wconf 83' lang='lat' dir='ltr'><strong>utquid</strong></span> <span class='ocrx_word' id='word_1_627' title='bbox 3171 2162 3440 2218; x_wconf 85' lang='lat' dir='ltr'><strong>conturbas</strong></span> <span class='ocrx_word' id='word_1_628' title='bbox 3467 2163 3586 2217; x_wconf 76' lang='lat' dir='ltr'><strong>me?</strong></span> <span class='ocrx_word' id='word_1_629' title='bbox 3615 2162 3670 2217; x_wconf 84' lang='lat' dir='ltr'><strong>In</strong></span> <span class='ocrx_word' id='word_1_630' title='bbox 3694 2166 3797 2217; x_wconf 88' lang='lat' dir='ltr'><strong>tri-</strong></span> 
     </span>
    </p>
   </div>
   <div class='ocr_carea' id='block_1_82' title="bbox 2209 2252 3798 2322">
    <p class='ocr_par' dir='ltr' id='par_1_82' title="bbox 2209 2252 3798 2322">
     <span class='ocr_line' id='line_1_82' title="bbox 2209 2252 3798 2322; baseline 0.002 -17"><span class='ocrx_word' id='word_1_631' title='bbox 2209 2253 2565 2308; x_wconf 82' lang='lat' dir='ltr'><strong>bulationibus</strong></span> <span class='ocrx_word' id='word_1_632' title='bbox 2593 2269 2732 2316; x_wconf 86' lang='lat' dir='ltr'><strong>sum,</strong></span> <span class='ocrx_word' id='word_1_633' title='bbox 2751 2253 2805 2307; x_wconf 89' lang='lat' dir='ltr'><strong>in</strong></span> <span class='ocrx_word' id='word_1_634' title='bbox 2834 2253 3171 2322; x_wconf 83' lang='lat' dir='ltr'><strong>languoribus</strong></span> <span class='ocrx_word' id='word_1_635' title='bbox 3198 2259 3240 2319; x_wconf 75' lang='grc'><strong>⁸,</strong></span> <span class='ocrx_word' id='word_1_636' title='bbox 3258 2252 3313 2308; x_wconf 89' lang='lat' dir='ltr'><strong>in</strong></span> <span class='ocrx_word' id='word_1_637' title='bbox 3340 2254 3682 2321; x_wconf 64' lang='lat' dir='ltr'><strong>meroribus,</strong></span> <span class='ocrx_word' id='word_1_638' title='bbox 3710 2264 3798 2309; x_wconf 51' lang='lat' dir='ltr'><strong>ut.</strong></span> 
     </span>
    </p>
   </div>
   <div class='ocr_carea' id='block_1_83' title="bbox 2210 2345 3800 2414">
    <p class='ocr_par' dir='ltr' id='par_1_83' title="bbox 2210 2345 3800 2414">
     <span class='ocr_line' id='line_1_83' title="bbox 2210 2345 3800 2414; baseline 0.003 -16"><span class='ocrx_word' id='word_1_639' title='bbox 2210 2345 2334 2412; x_wconf 79' lang='lat' dir='ltr'><strong>quid</strong></span> <span class='ocrx_word' id='word_1_640' title='bbox 2363 2361 2449 2402; x_wconf 91' lang='lat' dir='ltr'><strong>me</strong></span> <span class='ocrx_word' id='word_1_641' title='bbox 2476 2347 2761 2401; x_wconf 82' lang='lat' dir='ltr'><strong>conturbas</strong></span> <span class='ocrx_word' id='word_1_642' title='bbox 2785 2386 2800 2411; x_wconf 90' lang='lat'><strong>,</strong></span> <span class='ocrx_word' id='word_1_643' title='bbox 2831 2362 2863 2400; x_wconf 92' lang='grc' dir='ltr'><strong>ο</strong></span> <span class='ocrx_word' id='word_1_644' title='bbox 2893 2346 3104 2400; x_wconf 76' lang='lat' dir='ltr'><strong>animal</strong></span> <span class='ocrx_word' id='word_1_645' title='bbox 3133 2346 3263 2414; x_wconf 90' lang='lat' dir='ltr'><strong>Quis</strong></span> <span class='ocrx_word' id='word_1_646' title='bbox 3297 2347 3470 2402; x_wconf 82' lang='lat' dir='ltr'><strong>dicit?</strong></span> <span class='ocrx_word' id='word_1_647' title='bbox 3497 2347 3581 2403; x_wconf 86' lang='lat' dir='ltr'><strong>cui</strong></span> <span class='ocrx_word' id='word_1_648' title='bbox 3622 2347 3748 2402; x_wconf 85' lang='lat' dir='ltr'><strong>dicit</strong></span> <span class='ocrx_word' id='word_1_649' title='bbox 3776 2349 3800 2402; x_wconf 70' lang='grc' dir='ltr'><em>ἲ</em></span> 
     </span>
    </p>
   </div>
   <div class='ocr_carea' id='block_1_84' title="bbox 2212 2437 3800 2508">
    <p class='ocr_par' dir='ltr' id='par_1_84' title="bbox 2212 2437 3800 2508">
     <span class='ocr_line' id='line_1_84' title="bbox 2212 2437 3800 2508; baseline -0.003 -12"><span class='ocrx_word' id='word_1_650' title='bbox 2212 2440 2416 2496; x_wconf 65' lang='lat' dir='ltr'><strong>Animae</strong></span> <span class='ocrx_word' id='word_1_651' title='bbox 2440 2438 2602 2504; x_wconf 86' lang='lat' dir='ltr'><strong>dicit,</strong></span> <span class='ocrx_word' id='word_1_652' title='bbox 2629 2453 2816 2493; x_wconf 88' lang='lat' dir='ltr'><strong>omnes</strong></span> <span class='ocrx_word' id='word_1_653' title='bbox 2847 2438 3118 2504; x_wconf 81' lang='lat' dir='ltr'><strong>novimus;</strong></span> <span class='ocrx_word' id='word_1_654' title='bbox 3151 2437 3366 2508; x_wconf 85' lang='lat' dir='ltr'><strong>planum</strong></span> <span class='ocrx_word' id='word_1_655' title='bbox 3402 2447 3484 2494; x_wconf 87' lang='lat' dir='ltr'><strong>est</strong></span> <span class='ocrx_word' id='word_1_656' title='bbox 3509 2441 3650 2493; x_wconf 85' lang='lat' dir='ltr'><strong>enirn</strong></span> <span class='ocrx_word' id='word_1_657' title='bbox 3672 2486 3686 2502; x_wconf 88' lang='lat'><strong>,</strong></span> <span class='ocrx_word' id='word_1_658' title='bbox 3733 2439 3800 2492; x_wconf 90' lang='lat' dir='ltr'><strong>ad</strong></span> 
     </span>
    </p>
   </div>
   <div class='ocr_carea' id='block_1_85' title="bbox 2215 2532 3801 2605">
    <p class='ocr_par' dir='ltr' id='par_1_85' title="bbox 2215 2532 3801 2605">
     <span class='ocr_line' id='line_1_85' title="bbox 2215 2532 3801 2605; baseline 0.002 -18"><span class='ocrx_word' id='word_1_659' title='bbox 2215 2533 2356 2588; x_wconf 91' lang='lat' dir='ltr'><strong>illam</strong></span> <span class='ocrx_word' id='word_1_660' title='bbox 2378 2532 2612 2589; x_wconf 88' lang='lat' dir='ltr'><strong>directus</strong></span> <span class='ocrx_word' id='word_1_661' title='bbox 2637 2545 2719 2590; x_wconf 90' lang='lat' dir='ltr'><strong>est</strong></span> <span class='ocrx_word' id='word_1_662' title='bbox 2741 2549 2939 2589; x_wconf 89' lang='lat' dir='ltr'><strong>sermo.</strong></span> <span class='ocrx_word' id='word_1_663' title='bbox 2968 2534 3158 2605; x_wconf 80' lang='lat' dir='ltr'><strong>thut&#39;d</strong></span> <span class='ocrx_word' id='word_1_664' title='bbox 3181 2537 3341 2590; x_wconf 80' lang='lat' dir='ltr'><strong>tristis</strong></span> <span class='ocrx_word' id='word_1_665' title='bbox 3364 2552 3433 2598; x_wconf 87' lang='lat' dir='ltr'><strong>es.</strong></span> <span class='ocrx_word' id='word_1_666' title='bbox 3455 2536 3629 2589; x_wconf 82' lang='lat' dir='ltr'><strong>anima</strong></span> <span class='ocrx_word' id='word_1_667' title='bbox 3653 2552 3768 2590; x_wconf 64' lang='lat' dir='ltr'><strong>mea</strong></span> <span class='ocrx_word' id='word_1_668' title='bbox 3787 2579 3801 2601; x_wconf 90' lang='lat'><strong>,</strong></span> 
     </span>
    </p>
   </div>
   <div class='ocr_carea' id='block_1_86' title="bbox 2215 2624 3806 2697">
    <p class='ocr_par' dir='ltr' id='par_1_86' title="bbox 2215 2624 3806 2697">
     <span class='ocr_line' id='line_1_86' title="bbox 2215 2624 3806 2697; baseline 0.001 -17"><span class='ocrx_word' id='word_1_669' title='bbox 2215 2637 2262 2680; x_wconf 86' lang='lat' dir='ltr'><strong>et</strong></span> <span class='ocrx_word' id='word_1_670' title='bbox 2303 2626 2480 2695; x_wconf 85' lang='lat' dir='ltr'><strong>utquid</strong></span> <span class='ocrx_word' id='word_1_671' title='bbox 2524 2624 2794 2680; x_wconf 79' lang='lat' dir='ltr'><strong>conturbas</strong></span> <span class='ocrx_word' id='word_1_672' title='bbox 2838 2626 3248 2693; x_wconf 64' lang='lat' dir='ltr'><strong>metQuaaritur</strong></span> <span class='ocrx_word' id='word_1_673' title='bbox 3293 2628 3515 2696; x_wconf 82' lang='lat' dir='ltr'><strong>persona</strong></span> <span class='ocrx_word' id='word_1_674' title='bbox 3557 2629 3806 2697; x_wconf 70' lang='lat' dir='ltr'><strong>loquens.</strong></span> 
     </span>
    </p>
   </div>
   <div class='ocr_carea' id='block_1_87' title="bbox 2217 2715 3804 2788">
    <p class='ocr_par' dir='ltr' id='par_1_87' title="bbox 2217 2715 3804 2788">
     <span class='ocr_line' id='line_1_87' title="bbox 2217 2715 3804 2788; baseline -0.001 -15"><span class='ocrx_word' id='word_1_675' title='bbox 2217 2715 2478 2787; x_wconf 80' lang='lat' dir='ltr'><strong>Numquid</strong></span> <span class='ocrx_word' id='word_1_676' title='bbox 2506 2730 2632 2771; x_wconf 89' lang='lat' dir='ltr'><strong>caro</strong></span> <span class='ocrx_word' id='word_1_677' title='bbox 2658 2716 2849 2770; x_wconf 73' lang='lat' dir='ltr'><strong>animm</strong></span> <span class='ocrx_word' id='word_1_678' title='bbox 2877 2717 3109 2788; x_wconf 87' lang='lat' dir='ltr'><strong>loquitur</strong></span> <span class='ocrx_word' id='word_1_679' title='bbox 3130 2758 3145 2782; x_wconf 95' lang='lat'><strong>,</strong></span> <span class='ocrx_word' id='word_1_680' title='bbox 3177 2715 3298 2773; x_wconf 76' lang='lat' dir='ltr'><strong>cut&#39;n</strong></span> <span class='ocrx_word' id='word_1_681' title='bbox 3325 2731 3451 2772; x_wconf 83' lang='lat' dir='ltr'><strong>caro</strong></span> <span class='ocrx_word' id='word_1_682' title='bbox 3479 2718 3598 2772; x_wconf 87' lang='lat' dir='ltr'><strong>sine</strong></span> <span class='ocrx_word' id='word_1_683' title='bbox 3623 2720 3804 2772; x_wconf 85' lang='lat' dir='ltr'><strong>anima</strong></span> 
     </span>
    </p>
   </div>
   <div class='ocr_carea' id='block_1_88' title="bbox 2219 2809 3808 2881">
    <p class='ocr_par' dir='ltr' id='par_1_88' title="bbox 2219 2809 3808 2881">
     <span class='ocr_line' id='line_1_88' title="bbox 2219 2809 3808 2881; baseline -0.001 -15"><span class='ocrx_word' id='word_1_684' title='bbox 2219 2825 2323 2867; x_wconf 91' lang='lat' dir='ltr'><strong>non</strong></span> <span class='ocrx_word' id='word_1_685' title='bbox 2367 2809 2643 2880; x_wconf 78' lang='lat' dir='ltr'><strong>loquatur?</strong></span> <span class='ocrx_word' id='word_1_686' title='bbox 2686 2810 2962 2880; x_wconf 82' lang='lat' dir='ltr'><strong>Proprium</strong></span> <span class='ocrx_word' id='word_1_687' title='bbox 2995 2810 3138 2865; x_wconf 90' lang='lat' dir='ltr'><strong>enim</strong></span> <span class='ocrx_word' id='word_1_688' title='bbox 3179 2809 3343 2881; x_wconf 78' lang='lat' dir='ltr'><strong>magis</strong></span> <span class='ocrx_word' id='word_1_689' title='bbox 3377 2822 3494 2880; x_wconf 89' lang='lat' dir='ltr'><strong>est,</strong></span> <span class='ocrx_word' id='word_1_690' title='bbox 3545 2820 3601 2866; x_wconf 92' lang='lat' dir='ltr'><strong>ut</strong></span> <span class='ocrx_word' id='word_1_691' title='bbox 3628 2812 3808 2866; x_wconf 85' lang='lat' dir='ltr'><strong>anima</strong></span> 
     </span>
    </p>
   </div>
   <div class='ocr_carea' id='block_1_89' title="bbox 2219 2901 3806 2973">
    <p class='ocr_par' dir='ltr' id='par_1_89' title="bbox 2219 2901 3806 2973">
     <span class='ocr_line' id='line_1_89' title="bbox 2219 2901 3806 2973; baseline -0.002 -14"><span class='ocrx_word' id='word_1_692' title='bbox 2219 2917 2433 2959; x_wconf 88' lang='lat' dir='ltr'><strong>carnem</strong></span> <span class='ocrx_word' id='word_1_693' title='bbox 2453 2901 2772 2972; x_wconf 86' lang='lat' dir='ltr'><strong>alloqnatur,</strong></span> <span class='ocrx_word' id='word_1_694' title='bbox 2801 2917 2958 2972; x_wconf 86' lang='lat' dir='ltr'><strong>quam</strong></span> <span class='ocrx_word' id='word_1_695' title='bbox 2991 2910 3046 2956; x_wconf 91' lang='lat' dir='ltr'><strong>ut</strong></span> <span class='ocrx_word' id='word_1_696' title='bbox 3065 2903 3519 2973; x_wconf 75' lang='lat' dir='ltr'><strong>earo‘alloquatur</strong></span> <span class='ocrx_word' id='word_1_697' title='bbox 3547 2904 3806 2957; x_wconf 80' lang='lat' dir='ltr'><strong>animam.</strong></span> 
     </span>
    </p>
   </div>
   <div class='ocr_carea' id='block_1_90' title="bbox 2220 2992 3809 3064">
    <p class='ocr_par' dir='ltr' id='par_1_90' title="bbox 2220 2992 3809 3064">
     <span class='ocr_line' id='line_1_90' title="bbox 2220 2992 3809 3064; baseline -0.001 -14"><span class='ocrx_word' id='word_1_698' title='bbox 2220 2993 2329 3050; x_wconf 82' lang='lat' dir='ltr'><strong>Sed</strong></span> <span class='ocrx_word' id='word_1_699' title='bbox 2374 2992 2496 3064; x_wconf 89' lang='lat' dir='ltr'><strong>quia</strong></span> <span class='ocrx_word' id='word_1_700' title='bbox 2525 3010 2630 3048; x_wconf 92' lang='lat' dir='ltr'><strong>non</strong></span> <span class='ocrx_word' id='word_1_701' title='bbox 2666 2993 2831 3058; x_wconf 84' lang='lat' dir='ltr'><strong>dixit,</strong></span> <span class='ocrx_word' id='word_1_702' title='bbox 2861 2992 3036 3061; x_wconf 89' lang='lat' dir='ltr'><strong>Quare</strong></span> <span class='ocrx_word' id='word_1_703' title='bbox 3081 2995 3245 3048; x_wconf 87' lang='lat' dir='ltr'><strong>tristis</strong></span> <span class='ocrx_word' id='word_1_704' title='bbox 3272 3011 3350 3057; x_wconf 85' lang='lat' dir='ltr'><strong>es,</strong></span> <span class='ocrx_word' id='word_1_705' title='bbox 3378 3006 3504 3050; x_wconf 82' lang='lat' dir='ltr'><strong>caro</strong></span> <span class='ocrx_word' id='word_1_706' title='bbox 3528 3012 3682 3060; x_wconf 85' lang='lat' dir='ltr'><strong>mea,</strong></span> <span class='ocrx_word' id='word_1_707' title='bbox 3713 2996 3809 3050; x_wconf 84' lang='lat' dir='ltr'><strong>sed</strong></span> 
     </span>
    </p>
   </div>
   <div class='ocr_carea' id='block_1_91' title="bbox 2220 3085 3814 3159">
    <p class='ocr_par' dir='ltr' id='par_1_91' title="bbox 2220 3085 3814 3159">
     <span class='ocr_line' id='line_1_91' title="bbox 2220 3085 3814 3159; baseline -0.002 -17"><span class='ocrx_word' id='word_1_708' title='bbox 2220 3086 2507 3154; x_wconf 82' lang='lat' dir='ltr'><strong>ait:Quare</strong></span> <span class='ocrx_word' id='word_1_709' title='bbox 2534 3085 2689 3142; x_wconf 83' lang='lat' dir='ltr'><strong>tristis</strong></span> <span class='ocrx_word' id='word_1_710' title='bbox 2710 3104 2782 3154; x_wconf 83' lang='lat' dir='ltr'><strong>es,</strong></span> <span class='ocrx_word' id='word_1_711' title='bbox 2811 3088 2984 3142; x_wconf 86' lang='lat' dir='ltr'><strong>anima</strong></span> <span class='ocrx_word' id='word_1_712' title='bbox 3001 3089 3146 3143; x_wconf 76' lang='lat' dir='ltr'><strong>mea?</strong></span> <span class='ocrx_word' id='word_1_713' title='bbox 3165 3086 3244 3159; x_wconf 87' lang='lat' dir='ltr'><strong>(Si</strong></span> <span class='ocrx_word' id='word_1_714' title='bbox 3267 3087 3406 3142; x_wconf 74' lang='lat' dir='ltr'><strong>enim</strong></span> <span class='ocrx_word' id='word_1_715' title='bbox 3431 3102 3650 3143; x_wconf 86' lang='lat' dir='ltr'><strong>carnem</strong></span> <span class='ocrx_word' id='word_1_716' title='bbox 3679 3089 3814 3141; x_wconf 89' lang='lat' dir='ltr'><strong>allo-</strong></span> 
     </span>
    </p>
   </div>
   <div class='ocr_carea' id='block_1_92' title="bbox 2222 3178 3810 3249">
    <p class='ocr_par' dir='ltr' id='par_1_92' title="bbox 2222 3178 3810 3249">
     <span class='ocr_line' id='line_1_92' title="bbox 2222 3178 3810 3249; baseline 0.003 -21"><span class='ocrx_word' id='word_1_717' title='bbox 2222 3187 2475 3249; x_wconf 88' lang='lat' dir='ltr'><strong>qncretur</strong></span> <span class='ocrx_word' id='word_1_718' title='bbox 2493 3220 2506 3244; x_wconf 96' lang='lat'><strong>,</strong></span> <span class='ocrx_word' id='word_1_719' title='bbox 2545 3178 2768 3234; x_wconf 83' lang='lat' dir='ltr'><strong>fortasse</strong></span> <span class='ocrx_word' id='word_1_720' title='bbox 2798 3193 2901 3234; x_wconf 91' lang='lat' dir='ltr'><strong>non</strong></span> <span class='ocrx_word' id='word_1_721' title='bbox 2926 3178 3162 3237; x_wconf 89' lang='lat' dir='ltr'><strong>diceret:</strong></span> <span class='ocrx_word' id='word_1_722' title='bbox 3184 3181 3354 3245; x_wconf 83' lang='lat' dir='ltr'><strong>Quare</strong></span> <span class='ocrx_word' id='word_1_723' title='bbox 3377 3181 3534 3234; x_wconf 78' lang='lat' dir='ltr'><strong>tristis</strong></span> <span class='ocrx_word' id='word_1_724' title='bbox 3563 3197 3654 3244; x_wconf 83' lang='lat' dir='ltr'><strong>es;</strong></span> <span class='ocrx_word' id='word_1_725' title='bbox 3678 3182 3810 3247; x_wconf 85' lang='lat' dir='ltr'><strong>sed,</strong></span> 
     </span>
    </p>
   </div>
   <div class='ocr_carea' id='block_1_93' title="bbox 2226 3273 3814 3343">
    <p class='ocr_par' dir='ltr' id='par_1_93' title="bbox 2226 3273 3814 3343">
     <span class='ocr_line' id='line_1_93' title="bbox 2226 3273 3814 3343; baseline 0.001 -16"><span class='ocrx_word' id='word_1_726' title='bbox 2226 3275 2400 3343; x_wconf 89' lang='lat' dir='ltr'><strong>Quare</strong></span> <span class='ocrx_word' id='word_1_727' title='bbox 2422 3273 2614 3330; x_wconf 83' lang='lat' dir='ltr'><strong>doles?</strong></span> <span class='ocrx_word' id='word_1_728' title='bbox 2634 3274 2797 3329; x_wconf 89' lang='lat' dir='ltr'><strong>Dolor</strong></span> <span class='ocrx_word' id='word_1_729' title='bbox 2819 3275 2959 3331; x_wconf 90' lang='lat' dir='ltr'><strong>enim</strong></span> <span class='ocrx_word' id='word_1_730' title='bbox 2982 3276 3174 3329; x_wconf 73' lang='lat' dir='ltr'><strong>anima:</strong></span> <span class='ocrx_word' id='word_1_731' title='bbox 3200 3275 3409 3329; x_wconf 90' lang='lat' dir='ltr'><strong>tristitia</strong></span> <span class='ocrx_word' id='word_1_732' title='bbox 3429 3275 3625 3329; x_wconf 89' lang='lat' dir='ltr'><strong>dicitur</strong></span> <span class='ocrx_word' id='word_1_733' title='bbox 3649 3295 3662 3329; x_wconf 86' lang='lat'>:</span> <span class='ocrx_word' id='word_1_734' title='bbox 3697 3291 3814 3328; x_wconf 89' lang='lat' dir='ltr'><strong>mo—</strong></span> 
     </span>
    </p>
   </div>
   <div class='ocr_carea' id='block_1_94' title="bbox 2228 3366 3810 3438">
    <p class='ocr_par' dir='ltr' id='par_1_94' title="bbox 2228 3366 3810 3438">
     <span class='ocr_line' id='line_1_94' title="bbox 2228 3366 3810 3438; baseline 0 -17"><span class='ocrx_word' id='word_1_735' title='bbox 2228 3366 2380 3421; x_wconf 87' lang='lat' dir='ltr'><strong>lestia</strong></span> <span class='ocrx_word' id='word_1_736' title='bbox 2412 3379 2539 3422; x_wconf 81' lang='lat' dir='ltr'><strong>vero</strong></span> <span class='ocrx_word' id='word_1_737' title='bbox 2564 3382 2682 3435; x_wconf 73' lang='lat' dir='ltr'><strong>qum</strong></span> <span class='ocrx_word' id='word_1_738' title='bbox 2722 3367 2779 3420; x_wconf 83' lang='lat' dir='ltr'><strong>fit</strong></span> <span class='ocrx_word' id='word_1_739' title='bbox 2809 3367 2861 3421; x_wconf 92' lang='lat' dir='ltr'><strong>in</strong></span> <span class='ocrx_word' id='word_1_740' title='bbox 2902 3382 3126 3438; x_wconf 89' lang='lat' dir='ltr'><strong>corpore</strong></span> <span class='ocrx_word' id='word_1_741' title='bbox 3151 3366 3303 3422; x_wconf 90' lang='lat' dir='ltr'><strong>dolor</strong></span> <span class='ocrx_word' id='word_1_742' title='bbox 3331 3367 3434 3422; x_wconf 90' lang='lat' dir='ltr'><strong>diei</strong></span> <span class='ocrx_word' id='word_1_743' title='bbox 3477 3377 3658 3438; x_wconf 87' lang='lat' dir='ltr'><strong>potest</strong></span> <span class='ocrx_word' id='word_1_744' title='bbox 3680 3408 3696 3430; x_wconf 85' lang='lat'><strong>,</strong></span> <span class='ocrx_word' id='word_1_745' title='bbox 3725 3368 3810 3421; x_wconf 89' lang='lat' dir='ltr'><strong>tri-</strong></span> 
     </span>
    </p>
   </div>
   <div class='ocr_carea' id='block_1_95' title="bbox 2229 3457 3823 3530">
    <p class='ocr_par' dir='ltr' id='par_1_95' title="bbox 2229 3457 3823 3530">
     <span class='ocr_line' id='line_1_95' title="bbox 2229 3457 3823 3530; baseline 0.002 -20"><span class='ocrx_word' id='word_1_746' title='bbox 2229 3458 2371 3511; x_wconf 84' lang='lat' dir='ltr'><strong>stitia</strong></span> <span class='ocrx_word' id='word_1_747' title='bbox 2399 3471 2501 3511; x_wconf 88' lang='lat' dir='ltr'><strong>non</strong></span> <span class='ocrx_word' id='word_1_748' title='bbox 2544 3465 2734 3525; x_wconf 88' lang='lat' dir='ltr'><strong>potest.</strong></span> <span class='ocrx_word' id='word_1_749' title='bbox 2776 3457 2880 3513; x_wconf 80' lang='lat' dir='ltr'><strong>Sed</strong></span> <span class='ocrx_word' id='word_1_750' title='bbox 2919 3473 2980 3512; x_wconf 86' lang='lat' dir='ltr'><strong>ex</strong></span> <span class='ocrx_word' id='word_1_751' title='bbox 3019 3457 3207 3513; x_wconf 88' lang='lat' dir='ltr'><strong>dolore</strong></span> <span class='ocrx_word' id='word_1_752' title='bbox 3231 3458 3474 3528; x_wconf 87' lang='lat' dir='ltr'><strong>corporis</strong></span> <span class='ocrx_word' id='word_1_753' title='bbox 3504 3457 3823 3530; x_wconf 87' lang='lat' dir='ltr'><strong>plerumque</strong></span> 
     </span>
    </p>
   </div>
   <div class='ocr_carea' id='block_1_96' title="bbox 2231 3546 3825 3618">
    <p class='ocr_par' dir='ltr' id='par_1_96' title="bbox 2231 3546 3825 3618">
     <span class='ocr_line' id='line_1_96' title="bbox 2231 3546 3825 3618; baseline 0.001 -17"><span class='ocrx_word' id='word_1_754' title='bbox 2231 3547 2405 3602; x_wconf 85' lang='lat' dir='ltr'><strong>anima</strong></span> <span class='ocrx_word' id='word_1_755' title='bbox 2451 3547 2816 3603; x_wconf 82' lang='lat' dir='ltr'><strong>contristatur.</strong></span> <span class='ocrx_word' id='word_1_756' title='bbox 2865 3546 3092 3604; x_wconf 84' lang='lat' dir='ltr'><strong>interest</strong></span> <span class='ocrx_word' id='word_1_757' title='bbox 3142 3557 3318 3603; x_wconf 86' lang='lat' dir='ltr'><strong>tamen</strong></span> <span class='ocrx_word' id='word_1_758' title='bbox 3362 3547 3488 3618; x_wconf 89' lang='lat' dir='ltr'><strong>quid</strong></span> <span class='ocrx_word' id='word_1_759' title='bbox 3513 3546 3697 3603; x_wconf 87' lang='lat' dir='ltr'><strong>doleat</strong></span> <span class='ocrx_word' id='word_1_760' title='bbox 3723 3591 3739 3608; x_wconf 84' lang='lat'><strong><em>.</em></strong></span> <span class='ocrx_word' id='word_1_761' title='bbox 3771 3557 3825 3602; x_wconf 90' lang='lat' dir='ltr'><strong>et</strong></span> 
     </span>
    </p>
   </div>
   <div class='ocr_carea' id='block_1_97' title="bbox 2232 3637 3823 3708">
    <p class='ocr_par' dir='ltr' id='par_1_97' title="bbox 2232 3637 3823 3708">
     <span class='ocr_line' id='line_1_97' title="bbox 2232 3637 3823 3708; baseline 0.001 -16"><span class='ocrx_word' id='word_1_762' title='bbox 2232 3638 2357 3708; x_wconf 89' lang='lat' dir='ltr'><strong>quid</strong></span> <span class='ocrx_word' id='word_1_763' title='bbox 2383 3639 2744 3694; x_wconf 88' lang='lat' dir='ltr'><strong>contristetur.</strong></span> <span class='ocrx_word' id='word_1_764' title='bbox 2778 3637 2929 3694; x_wconf 89' lang='lat' dir='ltr'><strong>Dolet</strong></span> <span class='ocrx_word' id='word_1_765' title='bbox 2948 3639 3091 3694; x_wconf 86' lang='lat' dir='ltr'><strong>enim</strong></span> <span class='ocrx_word' id='word_1_766' title='bbox 3117 3654 3242 3694; x_wconf 87' lang='lat' dir='ltr'><strong>caro</strong></span> <span class='ocrx_word' id='word_1_767' title='bbox 3259 3680 3271 3702; x_wconf 87' lang='lat'><strong>,</strong></span> <span class='ocrx_word' id='word_1_768' title='bbox 3304 3638 3470 3694; x_wconf 86' lang='lat' dir='ltr'><strong>tristis</strong></span> <span class='ocrx_word' id='word_1_769' title='bbox 3496 3647 3582 3695; x_wconf 85' lang='lat' dir='ltr'><strong>est</strong></span> <span class='ocrx_word' id='word_1_770' title='bbox 3606 3640 3823 3706; x_wconf 79' lang='lat' dir='ltr'><strong>anima;</strong></span> 
     </span>
    </p>
   </div>
   <div class='ocr_carea' id='block_1_98' title="bbox 2233 3729 3827 3802">
    <p class='ocr_par' dir='ltr' id='par_1_98' title="bbox 2233 3729 3827 3802">
     <span class='ocr_line' id='line_1_98' title="bbox 2233 3729 3827 3802; baseline -0.001 -16"><span class='ocrx_word' id='word_1_771' title='bbox 2233 3741 2288 3786; x_wconf 87' lang='lat' dir='ltr'><strong>et</strong></span> <span class='ocrx_word' id='word_1_772' title='bbox 2312 3740 2495 3801; x_wconf 86' lang='lat' dir='ltr'><strong>aperta</strong></span> <span class='ocrx_word' id='word_1_773' title='bbox 2539 3732 2636 3786; x_wconf 88' lang='lat' dir='ltr'><strong>ista</strong></span> <span class='ocrx_word' id='word_1_774' title='bbox 2663 3747 2761 3785; x_wconf 80' lang='lat' dir='ltr'><strong>vox</strong></span> <span class='ocrx_word' id='word_1_775' title='bbox 2785 3741 2901 3796; x_wconf 88' lang='lat' dir='ltr'><strong>est,</strong></span> <span class='ocrx_word' id='word_1_776' title='bbox 2937 3729 3130 3802; x_wconf 85' lang='lat' dir='ltr'><strong>thuid</strong></span> <span class='ocrx_word' id='word_1_777' title='bbox 3152 3730 3308 3786; x_wconf 80' lang='lat' dir='ltr'><strong>tristis</strong></span> <span class='ocrx_word' id='word_1_778' title='bbox 3337 3748 3409 3797; x_wconf 81' lang='lat' dir='ltr'><strong>es,</strong></span> <span class='ocrx_word' id='word_1_779' title='bbox 3433 3730 3609 3786; x_wconf 79' lang='lat' dir='ltr'><strong>animo</strong></span> <span class='ocrx_word' id='word_1_780' title='bbox 3632 3747 3746 3784; x_wconf 77' lang='lat' dir='ltr'><strong>mea</strong></span> <span class='ocrx_word' id='word_1_781' title='bbox 3768 3732 3827 3801; x_wconf 68' lang='grc' dir='ltr'><strong>Ρ)</strong></span> 
     </span>
    </p>
   </div>
   <div class='ocr_carea' id='block_1_99' title="bbox 2243 3822 3827 3894">
    <p class='ocr_par' dir='ltr' id='par_1_99' title="bbox 2243 3822 3827 3894">
     <span class='ocr_line' id='line_1_99' title="bbox 2243 3822 3827 3894; baseline -0.003 -16"><span class='ocrx_word' id='word_1_782' title='bbox 2243 3822 2359 3878; x_wconf 85' lang='lat' dir='ltr'><strong>Non</strong></span> <span class='ocrx_word' id='word_1_783' title='bbox 2389 3840 2518 3894; x_wconf 78' lang='lat' dir='ltr'><strong>ergo</strong></span> <span class='ocrx_word' id='word_1_784' title='bbox 2556 3825 2732 3877; x_wconf 89' lang='lat' dir='ltr'><strong>anima</strong></span> <span class='ocrx_word' id='word_1_785' title='bbox 2761 3823 3050 3894; x_wconf 86' lang='lat' dir='ltr'><strong>alloquitur</strong></span> <span class='ocrx_word' id='word_1_786' title='bbox 3075 3837 3290 3878; x_wconf 86' lang='lat' dir='ltr'><strong>carnem</strong></span> <span class='ocrx_word' id='word_1_787' title='bbox 3315 3841 3331 3890; x_wconf 87' lang='lat'><strong>;</strong></span> <span class='ocrx_word' id='word_1_788' title='bbox 3360 3824 3482 3894; x_wconf 87' lang='lat' dir='ltr'><strong>quia</strong></span> <span class='ocrx_word' id='word_1_789' title='bbox 3513 3840 3618 3878; x_wconf 90' lang='lat' dir='ltr'><strong>non</strong></span> <span class='ocrx_word' id='word_1_790' title='bbox 3651 3823 3783 3878; x_wconf 71' lang='lat' dir='ltr'><strong>dixit</strong></span> <span class='ocrx_word' id='word_1_791' title='bbox 3809 3863 3827 3889; x_wconf 89' lang='lat'><strong>,</strong></span> 
     </span>
    </p>
   </div>
   <div class='ocr_carea' id='block_1_100' title="bbox 2230 3905 3830 3993">
    <p class='ocr_par' dir='ltr' id='par_1_100' title="bbox 2230 3905 3830 3993">
     <span class='ocr_line' id='line_1_100' title="bbox 2230 3905 3830 3993; baseline -0.004 -19"><span class='ocrx_word' id='word_1_792' title='bbox 2230 3916 2434 3993; x_wconf 26' lang='lat' dir='ltr'><strong>&#39;thuid</strong></span> <span class='ocrx_word' id='word_1_793' title='bbox 2467 3905 2629 3972; x_wconf 80' lang='lat' dir='ltr'><strong>tristis</strong></span> <span class='ocrx_word' id='word_1_794' title='bbox 2660 3932 2739 3982; x_wconf 86' lang='lat' dir='ltr'><strong>es,</strong></span> <span class='ocrx_word' id='word_1_795' title='bbox 2768 3931 2895 3972; x_wconf 84' lang='lat' dir='ltr'><strong>caro</strong></span> <span class='ocrx_word' id='word_1_796' title='bbox 2925 3931 3040 3971; x_wconf 86' lang='lat' dir='ltr'><strong>mea</strong></span> <span class='ocrx_word' id='word_1_797' title='bbox 3060 3917 3086 3969; x_wconf 84' lang='lat'><strong>?</strong></span> <span class='ocrx_word' id='word_1_798' title='bbox 3112 3930 3210 3972; x_wconf 90' lang='lat' dir='ltr'><strong>nec</strong></span> <span class='ocrx_word' id='word_1_799' title='bbox 3235 3931 3380 3983; x_wconf 61' lang='lat' dir='ltr'><strong>atro,</strong></span> <span class='ocrx_word' id='word_1_800' title='bbox 3407 3916 3678 3980; x_wconf 87' lang='lat' dir='ltr'><strong>animam;</strong></span> <span class='ocrx_word' id='word_1_801' title='bbox 3711 3915 3830 3985; x_wconf 85' lang='lat' dir='ltr'><strong>quia</strong></span> 
     </span>
    </p>
   </div>
   <div class='ocr_carea' id='block_1_101' title="bbox 2239 4008 3835 4081">
    <p class='ocr_par' dir='ltr' id='par_1_101' title="bbox 2239 4008 3835 4081">
     <span class='ocr_line' id='line_1_101' title="bbox 2239 4008 3835 4081; baseline -0.003 -15"><span class='ocrx_word' id='word_1_802' title='bbox 2239 4011 2529 4066; x_wconf 79' lang='lat' dir='ltr'><strong>absurdum</strong></span> <span class='ocrx_word' id='word_1_803' title='bbox 2550 4020 2630 4066; x_wconf 78' lang='lat' dir='ltr'><strong>est</strong></span> <span class='ocrx_word' id='word_1_804' title='bbox 2658 4020 2719 4065; x_wconf 90' lang='lat' dir='ltr'><strong>ut</strong></span> <span class='ocrx_word' id='word_1_805' title='bbox 2747 4009 2966 4064; x_wconf 86' lang='lat' dir='ltr'><strong>inferior</strong></span> <span class='ocrx_word' id='word_1_806' title='bbox 2989 4008 3290 4081; x_wconf 85' lang='lat' dir='ltr'><strong>alloquatur</strong></span> <span class='ocrx_word' id='word_1_807' title='bbox 3305 4010 3660 4079; x_wconf 85' lang='lat' dir='ltr'><strong>superiorem.</strong></span> <span class='ocrx_word' id='word_1_808' title='bbox 3693 4008 3835 4079; x_wconf 73' lang='lat' dir='ltr'><strong>Ergo</strong></span> 
     </span>
    </p>
   </div>
   <div class='ocr_carea' id='block_1_102' title="bbox 2242 4101 3834 4176">
    <p class='ocr_par' dir='ltr' id='par_1_102' title="bbox 2242 4101 3834 4176">
     <span class='ocr_line' id='line_1_102' title="bbox 2242 4101 3834 4176; baseline -0.002 -17"><span class='ocrx_word' id='word_1_809' title='bbox 2242 4105 2585 4176; x_wconf 77' lang='lat' dir='ltr'><strong>intelligimus</strong></span> <span class='ocrx_word' id='word_1_810' title='bbox 2613 4103 2810 4160; x_wconf 87' lang='lat' dir='ltr'><strong>habere</strong></span> <span class='ocrx_word' id='word_1_811' title='bbox 2840 4120 2938 4160; x_wconf 86' lang='lat' dir='ltr'><strong>nos</strong></span> <span class='ocrx_word' id='word_1_812' title='bbox 2984 4105 3184 4175; x_wconf 85' lang='lat' dir='ltr'><strong>aliquid</strong></span> <span class='ocrx_word' id='word_1_813' title='bbox 3230 4104 3317 4159; x_wconf 91' lang='lat' dir='ltr'><strong>ubi</strong></span> <span class='ocrx_word' id='word_1_814' title='bbox 3362 4104 3536 4174; x_wconf 72' lang='lat' dir='ltr'><strong>imago</strong></span> <span class='ocrx_word' id='word_1_815' title='bbox 3579 4101 3674 4159; x_wconf 85' lang='lat' dir='ltr'><strong>Dei</strong></span> <span class='ocrx_word' id='word_1_816' title='bbox 3719 4113 3834 4167; x_wconf 79' lang='lat' dir='ltr'><strong>est,</strong></span> 
     </span>
    </p>
   </div>
   <div class='ocr_carea' id='block_1_103' title="bbox 2247 4193 3840 4266">
    <p class='ocr_par' dir='ltr' id='par_1_103' title="bbox 2247 4193 3840 4266">
     <span class='ocr_line' id='line_1_103' title="bbox 2247 4193 3840 4266; baseline -0.003 -15"><span class='ocrx_word' id='word_1_817' title='bbox 2247 4205 2475 4251; x_wconf 88' lang='lat' dir='ltr'><strong>mentem</strong></span> <span class='ocrx_word' id='word_1_818' title='bbox 2507 4195 2708 4251; x_wconf 79' lang='lat' dir='ltr'><strong>scilicet</strong></span> <span class='ocrx_word' id='word_1_819' title='bbox 2731 4205 2891 4266; x_wconf 87' lang='lat' dir='ltr'><strong>atque</strong></span> <span class='ocrx_word' id='word_1_820' title='bbox 2920 4195 3202 4251; x_wconf 89' lang='lat' dir='ltr'><strong>rationem.</strong></span> <span class='ocrx_word' id='word_1_821' title='bbox 3235 4195 3349 4266; x_wconf 85' lang='lat' dir='ltr'><strong>ipsa</strong></span> <span class='ocrx_word' id='word_1_822' title='bbox 3374 4209 3526 4250; x_wconf 90' lang='lat' dir='ltr'><strong>mens</strong></span> <span class='ocrx_word' id='word_1_823' title='bbox 3553 4193 3840 4249; x_wconf 80' lang='lat' dir='ltr'><strong>invocabat</strong></span> 
     </span>
    </p>
   </div>
   <div class='ocr_carea' id='block_1_104' title="bbox 2249 4285 3840 4360">
    <p class='ocr_par' dir='ltr' id='par_1_104' title="bbox 2249 4285 3840 4360">
     <span class='ocr_line' id='line_1_104' title="bbox 2249 4285 3840 4360; baseline -0.003 -17"><span class='ocrx_word' id='word_1_824' title='bbox 2249 4288 2419 4344; x_wconf 85' lang='lat' dir='ltr'><strong>lucem</strong></span> <span class='ocrx_word' id='word_1_825' title='bbox 2451 4289 2541 4343; x_wconf 92' lang='lat' dir='ltr'><strong>Dei</strong></span> <span class='ocrx_word' id='word_1_826' title='bbox 2573 4296 2628 4343; x_wconf 90' lang='lat' dir='ltr'><strong>et</strong></span> <span class='ocrx_word' id='word_1_827' title='bbox 2657 4288 2929 4342; x_wconf 89' lang='lat' dir='ltr'><strong>veritatem</strong></span> <span class='ocrx_word' id='word_1_828' title='bbox 2953 4285 3067 4345; x_wconf 89' lang='lat' dir='ltr'><strong>Dei.</strong></span> <span class='ocrx_word' id='word_1_829' title='bbox 3099 4289 3213 4360; x_wconf 84' lang='lat' dir='ltr'><strong>ipsa</strong></span> <span class='ocrx_word' id='word_1_830' title='bbox 3244 4298 3325 4342; x_wconf 89' lang='lat' dir='ltr'><strong>est</strong></span> <span class='ocrx_word' id='word_1_831' title='bbox 3352 4303 3451 4357; x_wconf 89' lang='lat' dir='ltr'><strong>qua</strong></span> <span class='ocrx_word' id='word_1_832' title='bbox 3482 4287 3726 4356; x_wconf 81' lang='lat' dir='ltr'><strong>capimus</strong></span> <span class='ocrx_word' id='word_1_833' title='bbox 3758 4288 3840 4355; x_wconf 85' lang='lat' dir='ltr'><strong>ju-</strong></span> 
     </span>
    </p>
   </div>
   <div class='ocr_carea' id='block_1_105' title="bbox 2249 4379 3840 4452">
    <p class='ocr_par' dir='ltr' id='par_1_105' title="bbox 2249 4379 3840 4452">
     <span class='ocr_line' id='line_1_105' title="bbox 2249 4379 3840 4452; baseline -0.004 -16"><span class='ocrx_word' id='word_1_834' title='bbox 2249 4393 2390 4436; x_wconf 89' lang='lat' dir='ltr'><strong>stum</strong></span> <span class='ocrx_word' id='word_1_835' title='bbox 2426 4390 2479 4436; x_wconf 90' lang='lat' dir='ltr'><strong>et</strong></span> <span class='ocrx_word' id='word_1_836' title='bbox 2522 4379 2771 4450; x_wconf 87' lang='lat' dir='ltr'><strong>iniustum</strong></span> <span class='ocrx_word' id='word_1_837' title='bbox 2799 4397 2814 4445; x_wconf 87' lang='lat'><strong>;</strong></span> <span class='ocrx_word' id='word_1_838' title='bbox 2844 4381 2955 4450; x_wconf 81' lang='lat' dir='ltr'><strong>ipsa</strong></span> <span class='ocrx_word' id='word_1_839' title='bbox 2983 4391 3062 4436; x_wconf 88' lang='lat' dir='ltr'><strong>est</strong></span> <span class='ocrx_word' id='word_1_840' title='bbox 3087 4396 3190 4452; x_wconf 89' lang='lat' dir='ltr'><strong>qna</strong></span> <span class='ocrx_word' id='word_1_841' title='bbox 3215 4379 3569 4436; x_wconf 84' lang='lat' dir='ltr'><strong>discernimus</strong></span> <span class='ocrx_word' id='word_1_842' title='bbox 3598 4394 3788 4433; x_wconf 80' lang='lat' dir='ltr'><strong>verum</strong></span> <span class='ocrx_word' id='word_1_843' title='bbox 3813 4394 3840 4430; x_wconf 88' lang='lat' dir='ltr'><strong>a</strong></span> 
     </span>
    </p>
   </div>
   <div class='ocr_carea' id='block_1_106' title="bbox 2253 4470 3844 4542">
    <p class='ocr_par' dir='ltr' id='par_1_106' title="bbox 2253 4470 3844 4542">
     <span class='ocr_line' id='line_1_106' title="bbox 2253 4470 3844 4542; baseline -0.003 -17"><span class='ocrx_word' id='word_1_844' title='bbox 2253 4471 2405 4533; x_wconf 80' lang='lat' dir='ltr'><strong>falso;</strong></span> <span class='ocrx_word' id='word_1_845' title='bbox 2432 4471 2543 4542; x_wconf 84' lang='lat' dir='ltr'><strong>ipsa</strong></span> <span class='ocrx_word' id='word_1_846' title='bbox 2571 4480 2653 4526; x_wconf 89' lang='lat' dir='ltr'><strong>est</strong></span> <span class='ocrx_word' id='word_1_847' title='bbox 2679 4487 2797 4541; x_wconf 82' lang='lat' dir='ltr'><strong>qu;e</strong></span> <span class='ocrx_word' id='word_1_848' title='bbox 2828 4481 3047 4527; x_wconf 76' lang='lat' dir='ltr'><strong>vocatur</strong></span> <span class='ocrx_word' id='word_1_849' title='bbox 3074 4471 3406 4536; x_wconf 83' lang='lat' dir='ltr'><strong>intellectus,</strong></span> <span class='ocrx_word' id='word_1_850' title='bbox 3433 4485 3540 4541; x_wconf 88' lang='lat' dir='ltr'><strong>quo</strong></span> <span class='ocrx_word' id='word_1_851' title='bbox 3567 4470 3844 4525; x_wconf 87' lang='lat' dir='ltr'><strong>intellectu</strong></span> 
     </span>
    </p>
   </div>
   <div class='ocr_carea' id='block_1_107' title="bbox 2253 4562 3840 4635">
    <p class='ocr_par' dir='ltr' id='par_1_107' title="bbox 2253 4562 3840 4635">
     <span class='ocr_line' id='line_1_107' title="bbox 2253 4562 3840 4635; baseline -0.003 -16"><span class='ocrx_word' id='word_1_852' title='bbox 2253 4577 2430 4620; x_wconf 83' lang='lat' dir='ltr'><strong>carent</strong></span> <span class='ocrx_word' id='word_1_853' title='bbox 2465 4565 2644 4620; x_wconf 79' lang='lat' dir='ltr'><strong>bestia:</strong></span> <span class='ocrx_word' id='word_1_854' title='bbox 2669 4580 2683 4629; x_wconf 90' lang='lat'><strong>;</strong></span> <span class='ocrx_word' id='word_1_855' title='bbox 2715 4580 2874 4635; x_wconf 85' lang='lat' dir='ltr'><strong>quem</strong></span> <span class='ocrx_word' id='word_1_856' title='bbox 2902 4563 3228 4619; x_wconf 85' lang='lat' dir='ltr'><strong>intellectum</strong></span> <span class='ocrx_word' id='word_1_857' title='bbox 3251 4563 3488 4634; x_wconf 82' lang='lat' dir='ltr'><strong>quisquis</strong></span> <span class='ocrx_word' id='word_1_858' title='bbox 3511 4563 3563 4616; x_wconf 91' lang='lat' dir='ltr'><strong>in</strong></span> <span class='ocrx_word' id='word_1_859' title='bbox 3589 4576 3649 4616; x_wconf 85' lang='lat' dir='ltr'><strong>se</strong></span> <span class='ocrx_word' id='word_1_860' title='bbox 3676 4562 3840 4631; x_wconf 80' lang='lat' dir='ltr'><strong>negli-</strong></span> 
     </span>
    </p>
   </div>
   <div class='ocr_carea' id='block_1_108' title="bbox 2256 4654 3848 4728">
    <p class='ocr_par' dir='ltr' id='par_1_108' title="bbox 2256 4654 3848 4728">
     <span class='ocr_line' id='line_1_108' title="bbox 2256 4654 3848 4728; baseline -0.005 -16"><span class='ocrx_word' id='word_1_861' title='bbox 2256 4659 2358 4725; x_wconf 62' lang='grc' dir='ltr'><strong>μὴ,</strong></span> <span class='ocrx_word' id='word_1_862' title='bbox 2388 4669 2441 4712; x_wconf 90' lang='lat' dir='ltr'><strong>et</strong></span> <span class='ocrx_word' id='word_1_863' title='bbox 2468 4659 2736 4728; x_wconf 89' lang='lat' dir='ltr'><strong>postponit</strong></span> <span class='ocrx_word' id='word_1_864' title='bbox 2774 4659 2984 4712; x_wconf 81' lang='lat' dir='ltr'><strong>caeteris</strong></span> <span class='ocrx_word' id='word_1_865' title='bbox 3003 4700 3018 4723; x_wconf 93' lang='lat'><strong>,</strong></span> <span class='ocrx_word' id='word_1_866' title='bbox 3047 4665 3101 4712; x_wconf 90' lang='lat' dir='ltr'><strong>et</strong></span> <span class='ocrx_word' id='word_1_867' title='bbox 3135 4657 3203 4711; x_wconf 85' lang='lat' dir='ltr'><strong>ita</strong></span> <span class='ocrx_word' id='word_1_868' title='bbox 3229 4654 3415 4726; x_wconf 86' lang='lat' dir='ltr'><strong>abjicit</strong></span> <span class='ocrx_word' id='word_1_869' title='bbox 3439 4656 3588 4725; x_wconf 88' lang='lat' dir='ltr'><strong>quasi</strong></span> <span class='ocrx_word' id='word_1_870' title='bbox 3617 4669 3727 4709; x_wconf 87' lang='lat' dir='ltr'><strong>non</strong></span> <span class='ocrx_word' id='word_1_871' title='bbox 3754 4656 3848 4707; x_wconf 82' lang='lat' dir='ltr'><strong>ba-</strong></span> 
     </span>
    </p>
   </div>
   <div class='ocr_carea' id='block_1_109' title="bbox 2258 4746 3848 4819">
    <p class='ocr_par' dir='ltr' id='par_1_109' title="bbox 2258 4746 3848 4819">
     <span class='ocr_line' id='line_1_109' title="bbox 2258 4746 3848 4819; baseline -0.003 -15"><span class='ocrx_word' id='word_1_872' title='bbox 2258 4749 2399 4811; x_wconf 76' lang='lat' dir='ltr'><strong>beat,</strong></span> <span class='ocrx_word' id='word_1_873' title='bbox 2421 4749 2564 4803; x_wconf 90' lang='lat' dir='ltr'><strong>audit</strong></span> <span class='ocrx_word' id='word_1_874' title='bbox 2587 4765 2652 4804; x_wconf 79' lang='lat' dir='ltr'><strong>ex</strong></span> <span class='ocrx_word' id='word_1_875' title='bbox 2677 4751 2879 4819; x_wconf 87' lang='lat' dir='ltr'><strong>psalmo</strong></span> <span class='ocrx_word' id='word_1_876' title='bbox 2904 4768 2917 4802; x_wconf 89' lang='lat'><strong>:</strong></span> <span class='ocrx_word' id='word_1_877' title='bbox 2943 4749 3116 4804; x_wconf 80' lang='lat' dir='ltr'><strong>Nolite</strong></span> <span class='ocrx_word' id='word_1_878' title='bbox 3139 4765 3248 4804; x_wconf 86' lang='lat' dir='ltr'><strong>esse</strong></span> <span class='ocrx_word' id='word_1_879' title='bbox 3269 4748 3396 4802; x_wconf 79' lang='lat' dir='ltr'><strong>sicut</strong></span> <span class='ocrx_word' id='word_1_880' title='bbox 3411 4762 3566 4818; x_wconf 86' lang='lat' dir='ltr'><strong>equus</strong></span> <span class='ocrx_word' id='word_1_881' title='bbox 3591 4757 3638 4801; x_wconf 88' lang='lat' dir='ltr'><strong>et</strong></span> <span class='ocrx_word' id='word_1_882' title='bbox 3658 4746 3848 4809; x_wconf 71' lang='lat' dir='ltr'><strong>multis,</strong></span> 
     </span>
    </p>
   </div>
   <div class='ocr_carea' id='block_1_110' title="bbox 2258 4838 3850 4914">
    <p class='ocr_par' dir='ltr' id='par_1_110' title="bbox 2258 4838 3850 4914">
     <span class='ocr_line' id='line_1_110' title="bbox 2258 4838 3850 4914; baseline -0.004 -18"><span class='ocrx_word' id='word_1_883' title='bbox 2258 4842 2437 4914; x_wconf 79' lang='lat' dir='ltr'><strong>quibus</strong></span> <span class='ocrx_word' id='word_1_884' title='bbox 2463 4860 2561 4896; x_wconf 83' lang='lat' dir='ltr'><strong>nou</strong></span> <span class='ocrx_word' id='word_1_885' title='bbox 2595 4854 2664 4898; x_wconf 78' lang='lat' dir='ltr'><strong>est</strong></span> <span class='ocrx_word' id='word_1_886' title='bbox 2705 4843 2987 4897; x_wconf 76' lang='lat' dir='ltr'><strong>intellectus</strong></span> <span class='ocrx_word' id='word_1_887' title='bbox 3013 4841 3182 4912; x_wconf 79' lang='lat' dir='ltr'><strong>(Psal.</strong></span> <span class='ocrx_word' id='word_1_888' title='bbox 3228 4851 3364 4895; x_wconf 71' lang='grc' dir='ltr'>ιχιι</span> <span class='ocrx_word' id='word_1_889' title='bbox 3387 4880 3403 4906; x_wconf 86' lang='grc'><em>,</em></span> <span class='ocrx_word' id='word_1_890' title='bbox 3435 4839 3516 4905; x_wconf 87' lang='grc'><strong>9).</strong></span> <span class='ocrx_word' id='word_1_891' title='bbox 3545 4838 3850 4893; x_wconf 84' lang='lat' dir='ltr'><strong>Intellectus</strong></span> 
     </span>
    </p>
   </div>
   <div class='ocr_carea' id='block_1_111' title="bbox 2262 4926 3856 5004">
    <p class='ocr_par' dir='ltr' id='par_1_111' title="bbox 2262 4926 3856 5004">
     <span class='ocr_line' id='line_1_111' title="bbox 2262 4926 3856 5004; baseline -0.007 -14"><span class='ocrx_word' id='word_1_892' title='bbox 2262 4949 2389 5004; x_wconf 82' lang='lat' dir='ltr'><strong>ergo</strong></span> <span class='ocrx_word' id='word_1_893' title='bbox 2407 4944 2586 4996; x_wconf 84' lang='lat' dir='ltr'><strong>noster</strong></span> <span class='ocrx_word' id='word_1_894' title='bbox 2602 4933 2885 5003; x_wconf 89' lang='lat' dir='ltr'><strong>alloquitur</strong></span> <span class='ocrx_word' id='word_1_895' title='bbox 2900 4932 3131 4986; x_wconf 85' lang='lat' dir='ltr'><strong>animam</strong></span> <span class='ocrx_word' id='word_1_896' title='bbox 3154 4941 3408 4985; x_wconf 88' lang='lat' dir='ltr'><strong>nostram.</strong></span> <span class='ocrx_word' id='word_1_897' title='bbox 3433 4931 3535 4985; x_wconf 85' lang='lat' dir='ltr'><strong>Ista</strong></span> <span class='ocrx_word' id='word_1_898' title='bbox 3562 4930 3612 4983; x_wconf 92' lang='lat' dir='ltr'><strong>in</strong></span> <span class='ocrx_word' id='word_1_899' title='bbox 3634 4926 3856 4982; x_wconf 74' lang='lat' dir='ltr'><strong>tribula-</strong></span> 
     </span>
    </p>
   </div>
   <div class='ocr_carea' id='block_1_112' title="bbox 2266 5008 3852 5093">
    <p class='ocr_par' dir='ltr' id='par_1_112' title="bbox 2266 5008 3852 5093">
     <span class='ocr_line' id='line_1_112' title="bbox 2266 5008 3852 5093; baseline -0.005 -13"><span class='ocrx_word' id='word_1_900' title='bbox 2266 5025 2496 5080; x_wconf 72' lang='lat' dir='ltr'><strong>tionibus</strong></span> <span class='ocrx_word' id='word_1_901' title='bbox 2524 5013 2753 5079; x_wconf 83' lang='lat' dir='ltr'><strong>marcida</strong></span> <span class='ocrx_word' id='word_1_902' title='bbox 2797 5032 2914 5086; x_wconf 88' lang='lat' dir='ltr'><strong>est.</strong></span> <span class='ocrx_word' id='word_1_903' title='bbox 2941 5008 3078 5078; x_wconf 79' lang='lat' dir='ltr'><strong>fessa</strong></span> <span class='ocrx_word' id='word_1_904' title='bbox 3111 5023 3163 5078; x_wconf 91' lang='lat' dir='ltr'><strong>in</strong></span> <span class='ocrx_word' id='word_1_905' title='bbox 3199 5022 3486 5093; x_wconf 80' lang='lat' dir='ltr'><strong>angoribus</strong></span> <span class='ocrx_word' id='word_1_906' title='bbox 3513 5023 3553 5086; x_wconf 76' lang='lat'><strong>’,</strong></span> <span class='ocrx_word' id='word_1_907' title='bbox 3581 5029 3852 5075; x_wconf 67' lang='lat' dir='ltr'><strong>contracta</strong></span> 
     </span>
    </p>
   </div>
   <div class='ocr_carea' id='block_1_113' title="bbox 2265 5112 3855 5184">
    <p class='ocr_par' dir='ltr' id='par_1_113' title="bbox 2265 5112 3855 5184">
     <span class='ocr_line' id='line_1_113' title="bbox 2265 5112 3855 5184; baseline -0.004 -12"><span class='ocrx_word' id='word_1_908' title='bbox 2265 5117 2319 5172; x_wconf 90' lang='lat' dir='ltr'><strong>in</strong></span> <span class='ocrx_word' id='word_1_909' title='bbox 2350 5116 2756 5180; x_wconf 74' lang='lat' dir='ltr'><strong>tentationibus,</strong></span> <span class='ocrx_word' id='word_1_910' title='bbox 2788 5131 2928 5184; x_wconf 74' lang='lat' dir='ltr'><strong>aegra</strong></span> <span class='ocrx_word' id='word_1_911' title='bbox 2955 5116 3006 5169; x_wconf 91' lang='lat' dir='ltr'><strong>in</strong></span> <span class='ocrx_word' id='word_1_912' title='bbox 3039 5114 3328 5168; x_wconf 85' lang='lat' dir='ltr'><strong>laboribus.</strong></span> <span class='ocrx_word' id='word_1_913' title='bbox 3362 5112 3530 5182; x_wconf 79' lang='lat' dir='ltr'><strong>Erigit</strong></span> <span class='ocrx_word' id='word_1_914' title='bbox 3558 5126 3677 5165; x_wconf 89' lang='lat' dir='ltr'><strong>eam</strong></span> <span class='ocrx_word' id='word_1_915' title='bbox 3707 5126 3855 5166; x_wconf 81' lang='lat' dir='ltr'><strong>mens</strong></span> 
     </span>
    </p>
   </div>
   <div class='ocr_carea' id='block_1_114' title="bbox 2268 5201 3855 5275">
    <p class='ocr_par' dir='ltr' id='par_1_114' title="bbox 2268 5201 3855 5275">
     <span class='ocr_line' id='line_1_114' title="bbox 2268 5201 3855 5275; baseline -0.006 -12"><span class='ocrx_word' id='word_1_916' title='bbox 2268 5210 2500 5275; x_wconf 73' lang='lat' dir='ltr'><strong>desuper</strong></span> <span class='ocrx_word' id='word_1_917' title='bbox 2528 5207 2742 5275; x_wconf 87' lang='lat' dir='ltr'><strong>capiens</strong></span> <span class='ocrx_word' id='word_1_918' title='bbox 2769 5206 3078 5268; x_wconf 84' lang='lat' dir='ltr'><strong>veritatem,</strong></span> <span class='ocrx_word' id='word_1_919' title='bbox 3106 5213 3162 5258; x_wconf 90' lang='lat' dir='ltr'><strong>et</strong></span> <span class='ocrx_word' id='word_1_920' title='bbox 3196 5203 3326 5259; x_wconf 89' lang='lat' dir='ltr'><strong>dicit</strong></span> <span class='ocrx_word' id='word_1_921' title='bbox 3358 5202 3548 5274; x_wconf 83' lang='lat' dir='ltr'><strong>thuid</strong></span> <span class='ocrx_word' id='word_1_922' title='bbox 3587 5201 3743 5256; x_wconf 83' lang='lat' dir='ltr'><strong>tristis</strong></span> <span class='ocrx_word' id='word_1_923' title='bbox 3767 5218 3817 5254; x_wconf 83' lang='lat' dir='ltr'><strong>es</strong></span> <span class='ocrx_word' id='word_1_924' title='bbox 3839 5240 3855 5265; x_wconf 89' lang='lat'><strong>,</strong></span> 
     </span>
    </p>
   </div>
   <div class='ocr_carea' id='block_1_115' title="bbox 2270 5296 3363 5368">
    <p class='ocr_par' dir='ltr' id='par_1_115' title="bbox 2270 5296 3363 5368">
     <span class='ocr_line' id='line_1_115' title="bbox 2270 5296 3363 5368; baseline -0.005 -13"><span class='ocrx_word' id='word_1_925' title='bbox 2270 5301 2441 5356; x_wconf 86' lang='lat' dir='ltr'><strong>anima</strong></span> <span class='ocrx_word' id='word_1_926' title='bbox 2483 5317 2593 5353; x_wconf 88' lang='lat' dir='ltr'><strong>mea</strong></span> <span class='ocrx_word' id='word_1_927' title='bbox 2613 5342 2626 5363; x_wconf 92' lang='lat'><strong>,</strong></span> <span class='ocrx_word' id='word_1_928' title='bbox 2660 5307 2706 5353; x_wconf 89' lang='lat' dir='ltr'><strong>et</strong></span> <span class='ocrx_word' id='word_1_929' title='bbox 2735 5298 2911 5368; x_wconf 86' lang='lat' dir='ltr'><strong>utquid</strong></span> <span class='ocrx_word' id='word_1_930' title='bbox 2939 5296 3208 5352; x_wconf 81' lang='lat' dir='ltr'><strong>conturbas</strong></span> <span class='ocrx_word' id='word_1_931' title='bbox 3245 5297 3363 5351; x_wconf 87' lang='lat' dir='ltr'><strong>me?</strong></span> 
     </span>
    </p>
   </div>
   <div class='ocr_carea' id='block_1_116' title="bbox 2345 5385 3859 5451">
    <p class='ocr_par' dir='ltr' id='par_1_116' title="bbox 2345 5385 3859 5451">
     <span class='ocr_line' id='line_1_116' title="bbox 2345 5385 3859 5451; baseline -0.009 0"><span class='ocrx_word' id='word_1_932' title='bbox 2345 5399 2398 5451; x_wconf 84' lang='grc'><strong>7,</strong></span> <span class='ocrx_word' id='word_1_933' title='bbox 2434 5396 2619 5451; x_wconf 80' lang='lat' dir='ltr'><strong>Videte</strong></span> <span class='ocrx_word' id='word_1_934' title='bbox 2657 5395 2703 5449; x_wconf 87' lang='lat' dir='ltr'><strong>si</strong></span> <span class='ocrx_word' id='word_1_935' title='bbox 2730 5410 2835 5450; x_wconf 90' lang='lat' dir='ltr'><strong>non</strong></span> <span class='ocrx_word' id='word_1_936' title='bbox 2862 5403 2945 5448; x_wconf 85' lang='lat' dir='ltr'><strong>est</strong></span> <span class='ocrx_word' id='word_1_937' title='bbox 2972 5391 3070 5448; x_wconf 92' lang='lat' dir='ltr'><strong>ista</strong></span> <span class='ocrx_word' id='word_1_938' title='bbox 3119 5389 3370 5446; x_wconf 87' lang='lat' dir='ltr'><strong>allocutio</strong></span> <span class='ocrx_word' id='word_1_939' title='bbox 3401 5389 3450 5445; x_wconf 92' lang='lat' dir='ltr'><strong>in</strong></span> <span class='ocrx_word' id='word_1_940' title='bbox 3486 5388 3576 5443; x_wconf 91' lang='lat' dir='ltr'><strong>illo</strong></span> <span class='ocrx_word' id='word_1_941' title='bbox 3617 5385 3859 5443; x_wconf 80' lang='lat' dir='ltr'><strong>conﬂictu</strong></span> 
     </span>
    </p>
   </div>
   <div class='ocr_carea' id='block_1_117' title="bbox 2274 5479 3857 5562">
    <p class='ocr_par' dir='ltr' id='par_1_117' title="bbox 2274 5479 3857 5562">
     <span class='ocr_line' id='line_1_117' title="bbox 2274 5479 3857 5562; baseline -0.008 -18"><span class='ocrx_word' id='word_1_942' title='bbox 2274 5489 2517 5560; x_wconf 86' lang='lat' dir='ltr'><strong>Apostoli</strong></span> <span class='ocrx_word' id='word_1_943' title='bbox 2538 5529 2553 5556; x_wconf 94' lang='lat'><strong>,</strong></span> <span class='ocrx_word' id='word_1_944' title='bbox 2583 5488 2634 5542; x_wconf 90' lang='lat' dir='ltr'><strong>in</strong></span> <span class='ocrx_word' id='word_1_945' title='bbox 2660 5501 2719 5541; x_wconf 89' lang='lat' dir='ltr'><strong>se</strong></span> <span class='ocrx_word' id='word_1_946' title='bbox 2745 5483 3140 5562; x_wconf 70' lang='lat' dir='ltr'><strong>prmligurantis</strong></span> <span class='ocrx_word' id='word_1_947' title='bbox 3171 5481 3466 5552; x_wconf 88' lang='lat' dir='ltr'><strong>quosdam,</strong></span> <span class='ocrx_word' id='word_1_948' title='bbox 3497 5489 3552 5534; x_wconf 85' lang='lat' dir='ltr'><strong>et</strong></span> <span class='ocrx_word' id='word_1_949' title='bbox 3581 5479 3720 5533; x_wconf 78' lang='lat' dir='ltr'><strong>forte</strong></span> <span class='ocrx_word' id='word_1_950' title='bbox 3749 5493 3857 5538; x_wconf 83' lang='lat' dir='ltr'><strong>nos.</strong></span> 
     </span>
    </p>
   </div>
   <div class='ocr_carea' id='block_1_118' title="bbox 2277 5570 3862 5646">
    <p class='ocr_par' dir='ltr' id='par_1_118' title="bbox 2277 5570 3862 5646">
     <span class='ocr_line' id='line_1_118' title="bbox 2277 5570 3862 5646; baseline -0.012 -10"><span class='ocrx_word' id='word_1_951' title='bbox 2277 5593 2330 5636; x_wconf 87' lang='lat' dir='ltr'><strong>et</strong></span> <span class='ocrx_word' id='word_1_952' title='bbox 2356 5580 2582 5635; x_wconf 84' lang='lat' dir='ltr'><strong>dicentis</strong></span> <span class='ocrx_word' id='word_1_953' title='bbox 2605 5619 2623 5645; x_wconf 87' lang='lat'><strong>,</strong></span> <span class='ocrx_word' id='word_1_954' title='bbox 2649 5576 2978 5633; x_wconf 84' lang='lat' dir='ltr'><strong>Condctector</strong></span> <span class='ocrx_word' id='word_1_955' title='bbox 3004 5575 3102 5646; x_wconf 84' lang='lat' dir='ltr'><strong>legi</strong></span> <span class='ocrx_word' id='word_1_956' title='bbox 3145 5572 3237 5628; x_wconf 83' lang='lat' dir='ltr'><strong>Dei</strong></span> <span class='ocrx_word' id='word_1_957' title='bbox 3275 5572 3550 5628; x_wconf 82' lang='lat' dir='ltr'><strong>secundant</strong></span> <span class='ocrx_word' id='word_1_958' title='bbox 3581 5570 3862 5625; x_wconf 79' lang='lat' dir='ltr'><strong>interiorem</strong></span> 
     </span>
    </p>
   </div>
   <div class='ocr_carea' id='block_1_119' title="bbox 2284 5661 3863 5740">
    <p class='ocr_par' dir='ltr' id='par_1_119' title="bbox 2284 5661 3863 5740">
     <span class='ocr_line' id='line_1_119' title="bbox 2284 5661 3863 5740; baseline -0.013 -10"><span class='ocrx_word' id='word_1_959' title='bbox 2284 5675 2534 5730; x_wconf 71' lang='lat' dir='ltr'><strong>hominem</strong></span> <span class='ocrx_word' id='word_1_960' title='bbox 2557 5714 2573 5734; x_wconf 88' lang='lat'><strong>,</strong></span> <span class='ocrx_word' id='word_1_961' title='bbox 2617 5672 2758 5726; x_wconf 77' lang='lat' dir='ltr'><strong>uideo</strong></span> <span class='ocrx_word' id='word_1_962' title='bbox 2784 5680 2950 5724; x_wconf 85' lang='lat' dir='ltr'><strong>autem</strong></span> <span class='ocrx_word' id='word_1_963' title='bbox 2978 5669 3135 5723; x_wconf 84' lang='lat' dir='ltr'><strong>aliam</strong></span> <span class='ocrx_word' id='word_1_964' title='bbox 3171 5666 3333 5740; x_wconf 74' lang='lat' dir='ltr'><strong>legem</strong></span> <span class='ocrx_word' id='word_1_965' title='bbox 3371 5666 3423 5720; x_wconf 87' lang='lat' dir='ltr'><strong>in</strong></span> <span class='ocrx_word' id='word_1_966' title='bbox 3450 5663 3685 5720; x_wconf 81' lang='lat' dir='ltr'><strong>membris</strong></span> <span class='ocrx_word' id='word_1_967' title='bbox 3712 5661 3827 5715; x_wconf 78' lang='lat' dir='ltr'><strong>meis</strong></span> <span class='ocrx_word' id='word_1_968' title='bbox 3849 5698 3863 5722; x_wconf 95' lang='lat'><strong>,</strong></span> 
     </span>
    </p>
   </div>
   <div class='ocr_carea' id='block_1_120' title="bbox 2347 5757 3032 5827">
    <p class='ocr_par' dir='ltr' id='par_1_120' title="bbox 2347 5757 3032 5827">
     <span class='ocr_line' id='line_1_120' title="bbox 2347 5757 3032 5827; baseline -0.01 -12"><span class='ocrx_word' id='word_1_969' title='bbox 2347 5766 2363 5800; x_wconf 75' lang='grc' dir='ltr'><strong>ί</strong></span> <span class='ocrx_word' id='word_1_970' title='bbox 2401 5761 2590 5827; x_wconf 72' lang='lat' dir='ltr'><strong>siiquot</strong></span> <span class='ocrx_word' id='word_1_971' title='bbox 2605 5765 2744 5827; x_wconf 51' lang='lat' dir='ltr'><strong>Mss,</strong></span> <span class='ocrx_word' id='word_1_972' title='bbox 2754 5757 3032 5827; x_wconf 71' lang='lat' dir='ltr'><strong>angoribus.</strong></span> 
     </span>
    </p>
   </div>
   <div class='ocr_carea' id='block_1_121' title="bbox 2346 5821 3116 5887">
    <p class='ocr_par' dir='ltr' id='par_1_121' title="bbox 2346 5821 3116 5887">
     <span class='ocr_line' id='line_1_121' title="bbox 2346 5821 3116 5887; baseline -0.009 -7"><span class='ocrx_word' id='word_1_973' title='bbox 2346 5835 2366 5863; x_wconf 80' lang='grc'>²</span> <span class='ocrx_word' id='word_1_974' title='bbox 2397 5821 2505 5879; x_wconf 61' lang='grc' dir='ltr'><strong>ις(</strong></span> <span class='ocrx_word' id='word_1_975' title='bbox 2529 5824 2765 5887; x_wconf 84' lang='lat' dir='ltr'><strong>nonnulli,</strong></span> <span class='ocrx_word' id='word_1_976' title='bbox 2793 5821 3116 5883; x_wconf 74' lang='lat' dir='ltr'><strong>languoribus.</strong></span> 
     </span>
    </p>
   </div>
  </div>
