1989 3201
99 213 147 244 ‘8!

98 271 125 300 id
138 275 184 304 est
191 274 280 302 motus
297 269 427 307 quosdam
442 267 563 296 carnales
577 275 584 293 :
600 269 627 293 ct
641 266 668 293 in
685 264 798 300 quadam
819 264 889 291 lucta

98 321 127 345 et
138 316 213 352 quasi
226 315 424 351 desperatione,
438 313 542 341 invocat
554 311 666 347 gratiam
683 310 738 341 Dei,
754 309 890 343 Μὶει-ηθο

99 362 175 389 homo
185 382 193 394 ,
205 361 262 396 quis
275 369 314 388 me
326 359 438 388 liberabit
451 359 482 387 de
495 365 601 393 corpore
613 357 700 384 mortis
714 354 812 391 hujus?
825 354 890 382 Gra-

98 407 136 434 tia
149 406 196 434 Dei
214 412 259 442 per
271 405 360 433 Iesum
374 404 501 433 Christum
521 403 657 430 Dominum
672 406 786 428 nostrum
800 400 888 434 (Rom.

98 460 146 486 vn,
159 452 205 486 ‘22,
218 451 277 484 ιε).
292 452 371 479 Tales
384 451 418 478 ita
435 454 583 486 pugnantes
596 448 675 476 etiam
689 447 747 482 ipse
763 446 891 473 Dominus

97 498 126 526 in
143 505 174 527 se
192 497 364 534 prteilgurare
382 497 505 532 dignatus
525 499 582 526 est,
602 493 713 522 cum‘ait
728 501 736 520 :
751 491 841 519 Tristia
855 498 890 518 est

96 545 183 572 animo
200 551 345 579 ouansque
365 542 399 569 ad
419 546 523 573 mortem
536 539 642 576 (Matth.
663 546 744 571 xxvi,
767 537 823 572 58).
845 537 891 564 Ille

97 589 169 616 enim
184 592 294 615 noverat
306 587 339 615 ad
361 587 431 622 quod
444 582 563 614 venerat.
579 581 626 614 Ille
638 583 787 619 passionem
808 589 889 617 pave-

98 635 145 662 bat
165 634 208 669 qui
229 633 333 661 dixerat
354 641 361 661 :
385 632 537 659 Potestatem
557 631 636 658 habeo
656 629 765 665 ponendi
779 629 889 655 animam

98 688 194 712 meant,
207 685 230 706 et
243 683 388 715 potestatem
404 678 481 704 habeo
492 678 581 704 iterum
597 676 712 703 sumendi
725 682 798 705 enin;
812 680 890 700 nemo

99 726 167 753 tollit
181 725 252 752 illam
265 733 278 751 τι
295 733 346 756 me,
361 725 407 751 sed
422 731 471 759 ego
485 724 541 758 ipse
555 730 624 757 pono
635 729 692 748 eam
705 728 719 747 a
734 729 785 751 me,
803 724 829 745 et
843 720 890 745 ite-

98 779 158 798 rum
181 778 257 798 sumo
271 777 330 798 eam
347 768 435 806 (Joan.
459 776 476 795 Χ
488 788 495 800 ,
510 768 544 795 ’17
556 788 563 798 ,
580 767 644 797 I8)?
658 766 708 793 Sed
720 785 726 797 ,
753 765 839 791 Tristis
854 768 890 789 est

98 817 186 844 auiino
198 824 252 843 mea
264 823 342 850 usque
352 815 512 846 admorunt,
524 813 567 847 qui
583 812 658 845 dixit,
671 811 791 846 qu::‘tl:\n|
808 817 891 837 mem-

98 863 147 890 bra
160 870 208 890 sua
229 862 255 889 in
275 869 304 889 se
320 860 451 893 figuravit.
472 859 630 892 Plerumque
650 857 719 884 enim
739 856 792 888 jam
816 861 891 880 meus

101 909 170 935 hune
189 907 273 934 credit
292 910 322 934 et
339 906 406 934 bene
425 905 498 932 novit
513 903 626 931 futurum
643 902 775 929 hominem
796 908 891 926 secun-

101 955 165 980 dum
182 953 259 981 fidem
274 960 348 979 suam
364 952 390 979 in
403 951 504 986 gremio
526 949 639 976 Abt-alim
656 957 663 975 :
677 947 762 974 credit
782 946 832 972 hoc
843 967 849 976 ,
865 950 892 972 ct

104 1006 191 1028 ιειηιειι
202 1008 262 1027 cum
277 999 380 1026 venerit
391 997 486 1033 aliquis
507 994 634 1024 articulus
648 995 740 1021 mortis
750 1016 756 1027 ,
774 992 893 1019 turbatur

103 1055 137 1076 ex
152 1045 327 1074 familiaritate
340 1043 454 1078 quadam
468 1042 557 1069 szecuii
573 1041 651 1075 hujus
664 1048 671 1072 ;
687 1039 763 1074 erigit
774 1038 893 1065 auditum

104 1092 131 1119 in
145 1092 216 1119 illam
234 1098 326 1118 vocem
342 1089 388 1116 Dei
408 1088 557 1119 internum,
573 1085 647 1113 audit
662 1084 819 1112 rationabile
833 1090 893 1109 car-

105 1145 167 1167 men
188 1135 355 1164 intrinsecus.
376 1134 413 1162 Ita
427 1135 497 1161 enim
513 1132 628 1166 desuper
648 1131 674 1157 in
697 1129 803 1156 silentio
818 1132 894 1155 sonat

104 1182 246 1218 quiddam,
266 1187 320 1208 non
334 1179 456 1212 auribus,
471 1177 517 1205 sed
532 1176 681 1204 mentibus:
694 1182 721 1201 ut
735 1175 894 1209 quicumque

103 1228 177 1262 audit
198 1226 261 1255 illud
277 1226 360 1254 melos
370 1246 378 1258 ,
393 1225 471 1253 tmdio
483 1223 614 1251 afficiatur
626 1222 658 1249 ad
673 1221 811 1255 strepitum
831 1228 893 1246 cor-

104 1272 224 1309 poralem
237 1293 244 1305 ,
259 1276 288 1299 ct
306 1276 360 1299 tota
379 1271 429 1298 ista
449 1270 501 1296 vita
523 1269 637 1298 humana
653 1267 779 1293 tumultus
793 1266 817 1293 ei
833 1266 893 1300 qui-

104 1319 166 1352 dam
185 1318 238 1350 sit,
258 1317 405 1353 impediens
419 1316 537 1343 auditum
560 1313 667 1349 superni
683 1313 819 1347 cujusdam
835 1312 893 1339 soni

104 1367 216 1394 nitnium
229 1364 401 1395 delectabilis,
418 1368 445 1391 et
459 1360 688 1396 incomparabilis,
703 1365 730 1387 et
743 1358 892 1386 ineffabilis.

103 1413 138 1442 Et
156 1420 249 1440 revera
261 1419 322 1439 cum
342 1411 377 1437 ita
392 1408 521 1443 contingit
533 1415 564 1435 ex
580 1407 668 1440 aliqua
684 1405 892 1439 perturbatiom-.

102 1459 158 1486 vim
181 1458 282 1493 patitur
295 1456 375 1483 homo
389 1475 396 1488 ,
409 1454 547 1489 alloquens
559 1453 673 1479 animam
684 1458 758 1477 suam
775 1460 781 1476 :
799 1449 895 1486 thuid

102 1506 182 1538 tristis
195 1513 231 1536 es,
240 1503 326 1530 anima
341 1509 411 1535 mea,
426 1505 449 1528 et
459 1499 547 1535 utquid
557 1498 690 1525 conturbas
703 1497 759 1523 mc?
772 1496 812 1524 An
828 1497 894 1522 forte

102 1539 165 1578 ideo
185 1550 244 1584 quia
268 1547 377 1575 diflicile
400 1550 508 1583 purgata
524 1545 577 1571 vita
598 1543 747 1573 invenitur,
771 1549 830 1568 cum
850 1541 894 1568 ille

74 1598 76 1600 ’
99 1594 203 1633 iudicat
214 1593 259 1629 qui
270 1592 342 1619 novit
356 1591 389 1618 ad
403 1598 497 1625 purum
509 1594 535 1616 et
546 1588 671 1623 liquidum
681 1586 817 1622 judicare?
828 1586 893 1618 Quia

100 1641 151 1669 etsi
171 1638 314 1676 probabilis
326 1638 378 1671 jam
391 1637 443 1663 vita
455 1640 496 1663 est
517 1635 585 1662 inter
602 1633 736 1664 homines,
756 1633 790 1659 ita
807 1636 834 1658 ut
848 1631 895 1657 bo-

99 1676 189 1716 mincs
208 1684 271 1721 quid
288 1684 344 1720 jam
367 1682 563 1718 reprehendant
582 1680 654 1714 juste
676 1686 728 1705 non
754 1678 892 1705 habeant:

98 1731 224 1771 procedit
233 1737 345 1763 examen
356 1728 389 1756 ab
400 1728 469 1755 illius
481 1726 576 1758 oculis,
590 1724 710 1759 procedit
724 1723 811 1758 regula
824 1731 895 1749 ωιν-

98 1768 186 1816 qoans
201 1785 254 1806 non
270 1776 412 1807 fallaciter,
426 1779 453 1801 et
472 1772 573 1800 invenit
593 1772 618 1798 in
642 1770 749 1798 homine
771 1768 892 1803 qnmdam

99 1814 160 1861 qua:
173 1821 351 1858 reprehendat
364 1821 434 1847 Deus
446 1840 453 1852 ,
469 1825 528 1854 qua:
539 1816 660 1845 homines
673 1814 893 1850 reprehendenda

99 1859 154 1899 non
168 1868 296 1901 videbant
307 1888 315 1900 ,
334 1873 384 1894 nec
396 1865 442 1892 ille
456 1865 513 1898 ipse
528 1863 598 1889 intus
611 1860 657 1898 qui
671 1859 827 1895 iudicandus
842 1863 893 1886 est.

99 1915 164 1944 Ilatc
174 1915 272 1942 timens
283 1911 372 1938 anima
384 1909 453 1937 forte
466 1907 639 1935 conturbatur
656 1914 663 1932 :
677 1905 820 1939 alloquitur
834 1911 893 1930 cam

96 1960 187 1995 ruens,
201 1958 277 1995 quasi
286 1957 394 1988 dicens,
410 1954 476 1989 Quid
494 1954 571 1981 times
586 1952 620 1979 de
634 1952 756 1986 peccatis,
770 1950 829 1984 quin
843 1958 893 1976 non

97 2010 177 2043 poles
193 2003 284 2032 omnia
298 2001 433 2030 devitarc?
447 2000 529 2034 Spera
550 1998 577 2023 in
599 1996 754 2027 Dominum,
777 1995 895 2029 quoniam

98 2040 238 2086 conﬁtebor
246 2048 296 2076 illi.
309 2046 434 2081 Quasdam
449 2048 526 2071 sanat
541 2048 657 2077 prmsens
672 2040 811 2071 allocutio,
834 2040 895 2065 rt'ii-

98 2085 152 2133 qua
165 2099 260 2131 purgat
275 2093 359 2120 ﬁdelis
370 2090 511 2119 coufessio.
527 2088 608 2115 Plane
624 2087 700 2117 time,
717 2085 738 2111 si
756 2085 855 2119 justum
871 2090 895 2111 te

98 2129 188 2174 dicis;
203 2141 226 2168 si
241 2147 293 2167 non
307 2138 390 2165 habes
405 2136 476 2162 illam
490 2140 580 2160 vocem
602 2140 634 2158 ex
648 2132 700 2157 alio
716 2131 836 2165 psalmo:
855 2129 896 2155 λε

97 2190 179 2216 intra
191 2187 219 2220 in
228 2184 353 2221 judicium
368 2189 425 2209 cum
437 2187 506 2207 servo
520 2184 572 2205 tuo.
594 2177 681 2210 Quare
691 2197 698 2208 ,
718 2175 756 2202 Ne
772 2176 848 2201 intres
868 2176 895 2201 in

99 2233 226 2270 iudicium
241 2239 298 2265 cum
311 2236 382 2256 terra
395 2232 436 2255 tua
447 2226 460 2252 I’
478 2224 653 2252 Miserichrdia
679 2228 721 2248 tua
745 2222 809 2248 mihi
829 2229 895 2254 opus

99 2267 152 2309 est.
168 2278 237 2307 Nam
256 2277 280 2304 si
298 2274 427 2310 judicium
447 2270 600 2299 exhibueris
615 2271 672 2295 sine
694 2267 873 2294 misericordia
887 2288 894 2298 ,

99 2333 154 2360 quo
169 2321 235 2351 ibo!
251 2322 282 2349 Si
295 2319 437 2354 iniquitates
455 2315 619 2343 observaveris
632 2314 741 2340 Domine
751 2334 757 2345 ,
773 2312 894 2344 Domine,

100 2358 158 2406 qui;
171 2365 303 2397 sustinebit
318 2363 402 2400 (Psal.
418 2370 508 2397 cxxtx,
523 2360 572 2393 5)?
588 2359 629 2386 Ne
640 2359 715 2385 intres
730 2359 755 2384 in
770 2358 896 2393 judicium

100 2424 159 2444 cum
172 2421 245 2446 servo
259 2417 302 2439 tuo
311 2431 319 2443 ,
336 2411 395 2446 quia
408 2417 458 2435 non
473 2406 657 2443 justi/imbitur
671 2407 696 2431 in
710 2408 842 2438 conspectu
855 2408 897 2433 tuo

101 2461 187 2490 omnis
199 2460 284 2486 nivem
296 2456 381 2493 (Paul.
397 2462 465 2482 cxut
478 2475 486 2487 ,
500 2452 539 2486 2).
553 2452 622 2484 Ergo
637 2454 658 2477 si
674 2458 725 2476 non
738 2449 897 2484 justiticabi-

101 2513 146 2536 tur
165 2507 195 2534 in
209 2507 354 2539 conspectu
368 2506 413 2529 tuo
435 2499 521 2527 omnis
536 2498 644 2527 vivens,
663 2497 723 2531 quia
738 2496 897 2530 quicumque

102 2554 145 2582 hie
157 2552 242 2584 vivit,
256 2546 449 2585 quantumlibet
461 2545 533 2579 juste
546 2543 627 2573 vivat,
638 2550 678 2568 vte
691 2541 728 2568 illi
743 2541 765 2567 si
781 2548 840 2567 cum
853 2541 898 2566 illo

101 2600 130 2627 in
149 2596 282 2634 judicium
302 2592 442 2621 intraverit
461 2590 542 2618 Deus.
563 2588 628 2615 Nam
651 2595 683 2613 ex
700 2586 751 2612 alio
769 2585 896 2620 propheta

101 2630 261 2680 arrogantes
282 2644 310 2668 et
329 2638 459 2673 superbos
472 2634 616 2663 identidem
631 2633 670 2660 sic
689 2632 831 2666 objurgat:
850 2630 897 2658 Ut-

101 2677 257 2727 quid'vultis
269 2692 365 2713 mecum
374 2683 472 2719 judicio
486 2679 647 2708 contendere?
663 2677 755 2705 Omnes
766 2677 899 2711 dereliqui-

102 2723 149 2765 itia
163 2743 220 2767 me,
234 2733 295 2760 dicit
312 2730 435 2758 Dominus
446 2727 552 2764 (lerant.
569 2734 604 2758 ιι,
617 2725 675 2759 29).
686 2724 743 2751 Noli
754 2731 817 2758 ergo
829 2723 900 2757 judi-

103 2785 146 2811 cio
157 2779 324 2811 contendere
340 2786 347 2804 :
362 2776 394 2803 da
409 2782 515 2810 operam
530 2780 589 2800 esse
600 2771 703 2807 justus;
719 2774 745 2797 et
756 2773 899 2804 quantum-

104 2835 220 2863 cumque
231 2824 327 2856 lueris,
338 2821 464 2849 conﬁtere
479 2823 503 2849 le
518 2821 693 2852 peccztloretn;
705 2822 811 2854 semper
823 2821 900 2847 spera

106 2860 318 2903 miscricordiam
333 2876 340 2895 :
354 2867 415 2895 ctiu
424 2866 474 2893 ista
489 2865 495 2880 ¹
511 2862 603 2890 humili
614 2860 781 2888 confessione
791 2867 901 2886 securus

137 2947 418 2987 ιλὴμιοιιιΰηέηειι.

645 208 712 238 ENA
717 207 843 237 “RATIO
854 207 897 236 ἸΝ
914 207 1074 237 PSALMUM
1095 207 1187 237 XLIIL

1682 209 1737 238 £31

946 263 1082 299 alloquere
1097 265 1246 292 turbantem
1270 269 1312 297 te.
1334 269 1364 293 et
1384 266 1586 293 tumultuantem
1606 265 1734 293 adversus

943 312 970 335 tn
983 308 1098 336 animam
1114 313 1196 336 tuam.
1211 308 1306 345 thuid
1320 310 1397 337 tristi:
1410 318 1447 342 ex,
1466 310 1553 337 (utinm
1565 319 1619 337 mea
1630 330 1639 343 ,
1654 315 1678 337 et
1690 315 1734 337 ut-

942 354 1005 389 quid
1013 355 1148 382 conturbas
1155 364 1194 382 me
1201 356 1214 383 .’
1222 355 1302 383 Forte
1311 355 1339 383 in
1353 361 1379 383 te
1390 356 1498 384 volebas
1511 364 1619 390 sperare
1630 365 1637 382 :
1650 356 1733 392 Spera

942 403 969 430 in
982 403 1137 437 Dominum,
1152 404 1205 432 noli
1217 405 1244 432 in
1260 409 1296 432 te.
1310 404 1379 439 Quid
1398 405 1468 432 enim
1488 412 1518 432 es
1533 404 1559 431 in
1574 405 1618 432 te?
1630 403 1692 439 quid
1703 411 1733 431 es

943 449 976 478 de
988 450 1031 478 te?
1045 450 1090 478 Ille
1102 451 1137 478 sit
1148 452 1248 478 Sanitas
1261 451 1286 485 in
1300 456 1327 479 te
1336 472 1344 483 ,
1359 451 1404 486 qui
1413 451 1535 486 ‘suseepit
1549 451 1657 478 Vulnera
1670 458 1735 485 pro-

944 501 1001 530 pter
1011 501 1047 524 te.
1063 497 1145 531 Spera
1154 518 1161 530 ,
1176 497 1276 532 inquit,
1289 497 1316 524 in
1327 496 1462 524 Dominum
1473 518 1479 529 ,
1491 496 1610 531 quoniam
1629 496 1737 529 con/ite-

943 541 988 568 bor
1007 542 1056 570 illi.
1070 542 1137 576 Quid
1161 542 1198 569 illi
1213 542 1405 570 confiteberis?
1420 542 1541 569 Solatur:
1559 542 1642 568 uultus
1665 541 1714 568 mei
1727 560 1737 574 ,

943 587 1011 615 Deus
1025 597 1104 615 meus.
1118 588 1157 615 Tu
1167 597 1197 616 es
1215 589 1330 616 salutare
1341 581 1430 616 vultus
1438 588 1505 621 mei,
1519 593 1547 614 tu
1560 586 1667 615 sanabis
1679 595 1734 615 me.

942 633 1025 669 Eger
1034 634 1067 661 ad
1083 639 1109 661 to
1121 635 1216 669 loquor
1231 644 1237 661 :
1250 642 1365 670 agnosco
1375 635 1507 662 medicum
1518 655 1526 667 ,
1543 643 1595 662 non
1609 642 1652 661 me
1662 634 1735 668 jacto

942 687 1047 707 sanum.
1069 679 1137 713 Quid
1156 685 1216 713 est,
1234 688 1350 715 agnosco
1368 678 1516 711 medicum,
1532 688 1584 706 non
1600 687 1644 707 me
1662 679 1735 714 jacto

941 725 1053 753 sanum?
1071 726 1147 760 Quod
1165 726 1191 753 in
1206 726 1258 753 alio
1274 726 1375 761 psalmo
1388 725 1485 753 dicitur
1501 724 1575 761 :Ego
1590 725 1662 757 dixi,
1678 724 1734 751 Do-

943 771 1023 804 mine,
1038 772 1153 798 miserere
1167 772 1225 805 mei,
1236 779 1299 798 sana
1309 772 1419 798 animant
1430 779 1511 797 nteant
1520 791 1528 804 ,
1542 771 1735 806 quoniam'pec-

942 816 996 842 cari
1007 816 1051 843 tibi
1062 815 1147 853 (Psal.
1164 825 1199 844 ιιι.
1206 839 1213 849 ,
1229 817 1267 851 5).

978 856 1005 889 8.
1019 861 1081 890 Haec
1102 869 1153 889 vox
1166 883 1174 895 ,
1187 863 1298 894 fratres,
1314 866 1369 889 tuta
1391 862 1453 889 est’
1478 870 1486 889 :
1511 860 1559 889 scd
1579 860 1686 896 vigilate
1708 861 1735 888 in

944 908 1071 943 operibus
1081 908 1167 936 bonis.
1185 908 1297 944 'I'angite
1314 908 1467 943 psalterium
1480 928 1488 941 ,
1501 907 1649 935 obcdieudo
1663 914 1735 942 prm-

944 953 1028 988 ccptis
1042 962 1049 980 :
1064 953 1163 988 tangite
1173 952 1465 986 eitharam,tolerando
1474 953 1619 986 passiones.
1633 950 1738 987 Frange

944 998 1062 1025 esurienti
1075 1006 1165 1034 pltan
1179 1004 1249 1025 tuum
1259 1019 1266 1030 ,
1279 998 1375 1025 audisti
1393 998 1427 1025 ab
1440 998 1505 1025 Isaia
1517 1005 1524 1024 :
1540 997 1593 1024 noli
1605 997 1736 1032 jejunium

945 1043 1038 1079 putare
1057 1043 1189 1071 sufficere.
1203 1043 1337 1079 Jejuuium
1363 1049 1388 1071 te
1409 1043 1521 1078 castigat
1533 1063 1540 1076 ,
1556 1051 1609 1070 non
1624 1043 1737 1071 alterum

945 1089 1041 1117 reficit.
1057 1089 1210 1116 Fructuosus
1223 1094 1300 1116 erunt
1313 1089 1443 1124 angustiis
1457 1093 1509 1116 tua:
1520 1110 1528 1121 ,
1543 1088 1565 1115 si
1577 1088 1653 1116 alteri
1667 1096 1739 1124 pra:-

946 1134 1046 1162 stiteris
1068 1134 1244 1162 latitudinem.
1270 1131 1340 1162 Ecce
1362 1133 1488 1161 fraudasti
1513 1134 1627 1161 animam
1643 1138 1738 1162 tuam:

945 1180 988 1207 cui
1000 1179 1076 1207 dabis
1087 1178 1157 1215 quod
1171 1179 1218 1207 tibi
1230 1175 1435 1207 abstulistifulii
1451 1186 1535 1213 pones
1544 1178 1615 1213 quod
1629 1178 1676 1206 tibi
1691 1178 1738 1206 dc-

947 1225 1165 1261 negastiYQuam
1188 1226 1286 1253 multos
1308 1233 1437 1261 pauperes
1450 1226 1571 1260 saginare
1594 1229 1682 1260 potest
1696 1226 1739 1253 in-

947 1273 1097 1301 termissum
1113 1272 1193 1300 hodie
1213 1273 1351 1306 prandium
1373 1272 1511 1298 nostrum!
1528 1269 1564 1297 Ita
1586 1270 1695 1305 jejuna,
1709 1274 1740 1297 ut

946 1318 999 1347 alio
1017 1318 1193 1346 manducante
1212 1316 1351 1354 prandisse
1368 1321 1394 1344 te
1412 1316 1538 1352 gaudeas,
1554 1321 1663 1351 propter
1676 1319 1739 1344 ora;

946 1363 1045 1396 tiones.
1061 1367 1089 1391 ut
1101 1362 1265 1391 exattdiaris.
1281 1362 1319 1389 lbi
1332 1361 1403 1389 enim
1417 1366 1454 1389 ait
1468 1370 1475 1389 :
1490 1362 1580 1388 Adhuc
1588 1361 1705 1398 loquente
1716 1366 1741 1389 ts

946 1410 1040 1443 dicam,
1056 1408 1121 1436 Ecce
1134 1408 1274 1441 adsum;si
1291 1408 1395 1443 fregeris
1414 1416 1446 1435 ea:
1463 1409 1548 1435 animo
1563 1408 1741 1442 esurientipak

946 1464 1002 1483 nem
1015 1454 1090 1493 (Ισαι.
1106 1462 1180 1488 ιιίιι,
1192 1454 1208 1482 7
1218 1474 1225 1483 .
1238 1453 1256 1481 9
1266 1459 1289 1479 et
1301 1454 1344 1489 f0)
1360 1463 1367 1480 :
1381 1453 1441 1489 quia
1455 1454 1609 1488 plerumque
1622 1452 1652 1480 lit
1664 1461 1680 1480 ιι
1694 1452 1741 1481 tri-

946 1501 1031 1528 stibus
1043 1505 1069 1528 et
1084 1508 1099 1528 a
1112 1500 1349 1528 murmttrarttibus.
1360 1504 1388 1526 ut
1401 1503 1510 1527 careant
1524 1499 1603 1527 taedio
1613 1497 1739 1534 interpel-

946 1547 1043 1581 lantis,
1060 1554 1113 1573 nou
1130 1551 1159 1574 ut
1173 1546 1293 1573 reliciaut
1311 1546 1412 1572 viscera
1429 1544 1573 1579 indigentis
1592 1552 1599 1571 :
1624 1543 1739 1572 Hilarem

946 1599 1031 1619 autem
1049 1592 1163 1619 datorem
1179 1591 1262 1625 diligit
1283 1590 1354 1618 Deus
1368 1589 1402 1626 (II
1419 1589 1478 1617 Cor.
1490 1598 1514 1616 Ix
1528 1610 1536 1623 ,
1548 1590 1586 1626 7).
1597 1589 1625 1617 Si
1643 1581 1739 1624 partem

946 1638 1053 1666 dederis
1067 1637 1161 1671 tristis,
1174 1641 1201 1665 et
1214 1644 1307 1672 panem
1323 1640 1352 1663 et
1365 1635 1489 1663 meritum
1503 1634 1651 1670 perdidisti.
1668 1634 1741 1670 Ergo

947 1691 979 1712 ex
993 1684 1083 1712 animo
1097 1683 1140 1711 fac
1154 1691 1162 1709 :
1178 1688 1207 1710 ut
1220 1682 1265 1710 ille
1279 1682 1323 1718 qui
1339 1681 1411 1709 intus
1424 1681 1497 1709 videt
1510 1682 1598 1708 adhuc
1612 1681 1739 1716 loquente

947 1734 992 1763 te,
1012 1729 1093 1762 dicat,
1108 1728 1176 1756 Ecce
1196 1728 1297 1755 adsum.
1319 1727 1404 1762 Quam
1425 1726 1550 1755 celeriter
1572 1726 1740 1762 accipiuntur

946 1775 1080 1802 orationes
1099 1774 1167 1802 bene
1189 1773 1355 1809 operantium
1369 1777 1414 1800 :et
1432 1772 1491 1800 ιιωο
1506 1772 1610 1808 justitia
1624 1771 1741 1800 hominis

947 1816 973 1847 in
1004 1820 1055 1846 hac
1082 1819 1155 1853 vita,
1179 1818 1329 1854 jejunium.
1357 1817 1547 1853 eleetnosyna,
1570 1816 1667 1844 oratio.
1694 1816 1741 1845 Vis

946 1865 1095 1893 orationem
1109 1868 1181 1892 tuam
1194 1864 1285 1891 volare
1298 1863 1331 1891 ad
1347 1863 1451 1891 Deum?
1461 1862 1524 1890 ’Fac
1538 1862 1576 1890 illi
1591 1863 1658 1890 duas
1672 1861 1741 1896 aias,

945 1911 1075 1947 jejunium
1105 1914 1132 1937 et
1157 1910 1366 1945 elecmosynam.
1392 1908 1471 1936 Tales
1492 1915 1543 1936 nos
1561 1907 1743 1942 inveniat,ut

946 1963 1057 1984 securos
1069 1955 1186 1996 inveniat
1197 1955 1243 1982 lux
1259 1954 1318 1987 Dei,
1332 1959 1359 1981 ct
1373 1954 1473 1982 veritas
1489 1954 1535 1982 Del
1545 1975 1554 1984 .
1567 1961 1628 1982 cum
1638 1954 1743 1982 venerit

947 2003 1061 2030 liberare
1074 2009 1123 2029 nos
1135 2010 1149 2028 a
1163 2006 1249 2029 morte
1258 2022 1265 2034 ,
1282 2001 1327 2037 qui
1339 2001 1394 2036 jam
1407 2001 1480 2028 venit
1498 2000 1588 2028 subire
1601 2007 1651 2036 pro
1663 1999 1742 2029 nobis

946 2053 1071 2076 mortem.
1086 2048 1182 2075 Amen.

1166 2151 1208 2183 IN
1224 2150 1415 2183 PSALMUM
1436 2150 1539 2181 XLIII

1231 2212 1442 2240 ENARBATIO.

1209 2275 1295 2296 ειειτιιο
1308 2276 1341 2295 ΑΒ
1356 2275 1469 2295 ιιι.ειιειι.

985 2329 1010 2355 I.
1032 2327 1153 2355 Psalmus
1165 2326 1216 2354 iste
1228 2326 1290 2353 libis
1303 2326 1371 2352 Core
1381 2324 1488 2357 tiu-nor,
1505 2324 1573 2351 sicut
1584 2323 1641 2357 ejus
1651 2323 1744 2352 titulus

950 2374 1067 2410 prmfert.
1084 2374 1274 2407 Interpretatur
1286 2375 1374 2398 autem
1389 2370 1457 2396 Core
1475 2369 1614 2397 Calvitium
1628 2368 1669 2396 vel
1684 2369 1745 2396 Cai-

948 2421 1040 2452 varia,
1055 2424 1083 2448 et
1102 2418 1255 2448 invenimus
1275 2416 1302 2444 iu
1323 2412 1468 2451 E’vangelio
1492 2415 1632 2442 Dominum
1652 2414 1744 2442 Jesum

949 2467 1083 2494 Christum
1096 2465 1124 2493 in
1139 2464 1199 2491 loco
1211 2463 1339 2491 Calvaria:
1352 2461 1507 2489 crucifixum
1524 2459 1535 2495 (
1543 2460 1636 2487 Matth.
1650 2468 1725 2488 xxvu
1735 2480 1745 2493 ,

949 2513 1006 2548 55).
1017 2511 1088 2547 Ergo
1095 2510 1197 2538 clarum
1208 2513 1260 2542 est,
1269 2508 1339 2543 quod
1347 2503 1409 2534 filiis
1418 2506 1550 2541 passionis
1561 2506 1618 2540 ejus
1624 2509 1747 2533 cantetur

950 2558 994 2600 hic
1008 2557 1135 2593 psalmus.
1150 2555 1283 2582 Habemus
1294 2559 1383 2581 autem
1403 2552 1465 2580 hinc
1477 2552 1705 2580 ertdeutissimum
1719 2556 1747 2580 et

951 2597 1131 2630 firmissimum
1142 2600 1321 2628 testimonium
1330 2599 1441 2634 apostoli
1451 2597 1524 2625 Pauli
1535 2607 1542 2625 :
1551 2598 1611 2633 quia
1620 2602 1675 2624 tum
1685 2605 1747 2625 cum

951 2650 976 2677 lu
991 2647 1219 2684 persccutiouibus
1229 2644 1373 2673 Gentilium
1385 2644 1517 2671 laboraret
1537 2643 1667 2676 Ecclesia,
1685 2642 1748 2671 hinc

951 2693 1064 2730 sumpsit
1070 2699 1269 2727 versum,qucm
1277 2690 1456 2728 interponeret
1464 2689 1496 2716 ad
1503 2697 1534 2716 ex
1539 2688 1716 2716 hortationem
1721 2693 1748 2715 et

950 2739 1159 2769 consolationem
1181 2736 1323 2773 patientim.
1339 2736 1387 2763 Ilie
1406 2735 1478 2762 coitu
1493 2735 1591 2762 dictum
1607 2737 1665 2765 est.
1676 2733 1748 2768 quod

953 2787 997 2814 ille
1007 2786 1033 2813 in
1045 2784 1162 2820 Epistula
1174 2791 1221 2811 sua
1233 2782 1322 2817 posuit
1336 2791 1343 2808 :
1359 2781 1467 2816 Propter
1475 2785 1498 2807 te
1507 2780 1690 2815 rttortiﬁcanmr
1698 2784 1749 2807 tota

953 2833 1003 2864 die,
1015 2830 1128 2867 deputati
1138 2837 1225 2857 sumus
1236 2827 1301 2855 velut
1313 2835 1370 2854 ores
1382 2826 1513 2854 occisionis
1524 2825 1613 2862 (Rom.
1622 2833 1666 2852 vm
1674 2845 1682 2857 ,
1692 2825 1749 2860 36).

957 2878 1053 2907 Vocem
1066 2882 1131 2912 ergo
1145 2878 1290 2911 martyrum
1311 2872 1450 2900 audiamus
1472 2872 1498 2900 in
1518 2871 1625 2900 Psalmo
1638 2881 1645 2899 :
1660 2877 1685 2899 et
1701 2880 1749 2899 γον

986 2934 997 2952 ε
1012 2934 1087 2960 Vatia.
1098 2936 1125 2958 et
1134 2935 1194 2964 nea.
1205 2933 1272 2963 Its,
1282 2931 1413 2957 uestram.
