3978 6324
297 343 401 400 085

293 458 434 526 quod
473 471 537 513 es
577 459 865 527 interfuisti
939 461 1140 517 atribus
1164 504 1177 525 ,
1209 470 1267 515 nt
1309 464 1447 517 faeie
1487 465 1552 516 ad
1593 463 1781 517 faciem
1830 472 1882 517 te

292 551 570 616 viderent;
605 563 785 610 tamen
812 571 908 624 .per
941 555 1232 624 quamlibet
1257 566 1556 626 creaturam
1587 565 1642 608 tu
1665 554 1885 609 mandas

291 641 520 695 salutem
547 641 736 699 Jacob.
765 644 973 698 Etenim
999 645 1088 698 illa
1120 645 1253 700 visio
1281 645 1414 700 facie
1440 645 1503 698 ad
1532 644 1742 708 faciem,
1763 645 1886 700 libe—

294 733 425 802 ratis
455 733 506 786 in
537 738 931 791 resurrectione
974 745 1238 792 servatur.
1283 738 1351 792 Et
1384 738 1457 791 illi
1504 747 1683 806 patres
1722 738 1881 792 etiam

290 820 426 876 Novi
457 824 784 881 Tcstameuti
827 829 1071 896 quamvis
1108 828 1336 884 revelata
1383 827 1631 900 mysteria
1682 841 1768 882 tua
1800 829 1882 882 vi-

292 915 467 970 derint
495 918 537 981 ⁸,
555 921 797 989 quamvis
827 922 1056 974 revelata
1080 931 1282 976 secreta
1305 923 1765 982 annuntiavcrint;
1797 932 1878 975 ta-

281 1016 415 1060 men
459 1007 509 1060 in
552 1009 771 1079 speculo
810 1025 870 1064 se
890 1012 1068 1066 videre
1097 1013 1344 1066 dixerunt
1381 1021 1435 1068 et
1470 1013 1522 1066 in
1553 1013 1875 1082 aenigmate:

290 1101 494 1152 servari
539 1111 716 1154 autem
759 1102 1016 1157 visionem
1064 1105 1112 1156 in
1155 1102 1547 1160 futurumfacie
1579 1107 1644 1158 ad
1689 1103 1876 1160 faciem

288 1190 332 1256 (Ι
364 1189 485 1243 Cor.
513 1208 623 1251 χιιι.
654 1185 741 1265 ιε)
762 1232 778 1258 ,
799 1195 1012 1262 quando
1029 1198 1242 1248 "venerit
1267 1197 1405 1266 quod
1445 1197 1560 1267 ipse
1587 1197 1876 1263 Apostolus

285 1280 360 1332 ait
392 1298 405 1332 :
436 1279 628 1335 Μοντιιὶ
650 1285 780 1336 enim
809 1286 945 1343 estis.
979 1296 1024 1338 et
1053 1289 1152 1338 vita
1175 1298 1336 1339 vestra
1358 1287 1648 1340 abscondita
1667 1298 1738 1340 est
1762 1304 1875 1340 cum

286 1372 492 1426 Christo
523 1375 574 1427 in
605 1373 753 1439 Deo;
783 1393 897 1428 cum
944 1388 1110 1430 autem
1141 1378 1370 1432 Christus
1415 1379 1740 1449 apparuerit,
1772 1379 1874 1433 vita

284 1475 450 1517 vestra
471 1504 484 1521 .
518 1476 636 1518 tunc
661 1475 710 1520 et
735 1482 819 1519 vos
845 1467 1150 1536 apparebitis
1176 1484 1289 1521 cum
1324 1452 1436 1538 ipsa
1465 1471 1516 1521 in
1542 1470 1704 1539 gloria
1728 1468 1747 1541 (
1769 1468 1870 1523 Co-

281 1554 404 1626 loss.
439 1569 515 1619 tu,
542 1555 597 1623 5,
619 1555 703 1625 4):
723 1556 871 1610 Tunc
890 1573 1018 1627 ergo
1045 1555 1196 1612 nobis
1216 1559 1605 1614 servatnrvisio
1629 1561 1710 1613 illa
1736 1559 1871 1613 facie

279 1644 348 1697 ad
377 1643 607 1710 faciem,
634 1647 700 1701 de
718 1663 821 1718 qua
849 1658 904 1702 et
930 1648 1167 1707 Joannes
1196 1651 1367 1727 dicit:
1398 1650 1743 1713 Dilectissimi,
1774 1651 1870 1720 ﬁlii

278 1733 379 1790 Dei
417 1754 623 1802 sumus,
648 1748 694 1791 et
727 1739 950 1792 nondum
997 1742 1237 1809 apparuit
1272 1742 1394 1812 quid
1431 1745 1653 1808 erimus;
1683 1744 1868 1795 scimus

275 1831 397 1893 quia
417 1844 530 1881 cum
558 1831 877 1900 apparuerit,
899 1832 1086 1887 similes
1105 1833 1152 1886 ei
1172 1835 1357 1888 erimus
1376 1875 1390 1898 ,
1418 1833 1656 1902 quoniam
1673 1827 1867 1893 oidébi-

275 1933 391 1970 nius
410 1935 521 1971 eum
540 1920 685 1972 sicuti
716 1929 787 1973 est
807 1921 1019 1986 (lJoan.
1052 1939 1129 1989 ιιι,
1153 1921 1357 1994 2).Etsi
1382 1940 1512 1992 ergo
1537 1932 1662 1994 tunc
1679 1935 1864 2001 patres

276 2011 445 2062 nostri
496 2025 601 2064 non
659 2022 711 2065 te
761 2012 1006 2067 viderunt
1060 2012 1194 2070 facie
1232 2015 1300 2070 ad
1344 2015 1535 2071 faciem
1566 2016 1861 2072 seeimdum

270 2106 416 2173 quod
447 2115 503 2159 tu
528 2122 586 2160 es
610 2150 625 2172 ,
651 2108 860 2163 etianisi
882 2109 981 2166 ista
1002 2108 1138 2163 visio
1164 2119 1406 2163 servatur
1431 2109 1484 2163 in
1511 2107 1866 2166 resurrectio-

270 2210 370 2261 ne.
403 2206 577 2251 tamen
614 2199 714 2252 etsi
755 2199 941 2270 Angeli
977 2201 1241 2255 aﬂuerunt
1264 2241 1279 2265 ,
1312 2211 1367 2253 tu
1397 2199 1609 2252 mandas
1645 2199 1886 2254 salutem

265 2285 451 2355 Iacob.
479 2287 596 2344 Non
624 2291 796 2344 solum
828 2306 921 2359 per
952 2299 1005 2345 te
1034 2290 1161 2345 ades
1182 2332 1196 2355 ,
1225 2291 1319 2346 sed
1348 2306 1440 2358 per
1464 2284 1858 2360 quamcumque

263 2391 566 2450 creaturam
594 2389 736 2434 tuam
757 2379 990 2449 alitteris,
1017 2391 1070 2438 tu
1097 2382 1320 2436 mandas
1351 2381 1453 2436 hoc
1477 2391 1694 2450 promer
1714 2383 1858 2457 salus

266 2479 375 2542 tem
403 2472 425 2502 ⁸
450 2485 728 2538 servorum
757 2481 967 2525 tuorum
991 2470 1135 2541 quod
1153 2477 1209 2526 tu
1238 2472 1354 2541 ipse
1378 2487 1474 2542 per
1503 2481 1556 2526 te
1574 2471 1724 2536 facis;
1755 2473 1856 2526 hoc

263 2570 442 2616 autem
471 2561 529 2616 lit
565 2577 663 2631 pro
701 2561 874 2619 salute
912 2577 1191 2618 servorum
1224 2571 1432 2617 tuorum
1461 2563 1605 2634 quod
1651 2561 1853 2619 faciunt

264 2655 452 2725 quibus
505 2655 745 2711 mandas.
773 2654 904 2711 Cum
940 2671 1069 2726 ergo
1103 2665 1159 2710 tu
1190 2657 1325 2725 ipse
1374 2659 1450 2710 sis
1495 2672 1590 2712 rex
1622 2671 1773 2711 meus
1797 2665 1852 2712 et

263 2747 404 2803 Deus
437 2757 702 2818 meus,qet
739 2759 795 2803 tu
825 2749 1045 2805 mandes
1083 2749 1309 2803 salutem
1331 2749 1530 2814 .lacob.
1554 2766 1721 2821 quare
1746 2750 1847 2806 ista

261 2853 404 2899 nunc
429 2839 685 2908 patimur?

330 2930 384 2986 6.
413 2929 568 3005 [σει-ε.
628 2928 837 3003 6.]Sed
886 2929 1026 2988 forte
1073 2933 1342 3003 praeterita
1379 2941 1580 2993 tantum
1632 2941 1845 2988 narrata

255 3031 382 3078 sunt
407 3023 560 3077 nobis
581 3063 597 3089 ,
615 3021 683 3079 de
711 3023 888 3077 futuro
909 3023 1226 3078 autemnon
1259 3023 1559 3093 estaliquid
1588 3023 1692 3078 tale
1716 3041 1843 3094 spe-

255 3115 502 3169 randum.
537 3118 646 3172 lmo
667 3128 800 3172 vero
830 3118 1174 3186 sperandum.
1213 3117 1350 3171 late
1380 3119 1615 3173 inimicos
1645 3135 1843 3173 nostros

253 3195 624 3268 sciuitubiinus.
662 3207 804 3280 Ergo
841 3217 1022 3278 patres
1069 3209 1236 3264 nostri
1280 3196 1651 3264 indicaverunt
1688 3209 1841 3265 nobis

252 3314 389 3368 opus
418 3299 557 3365 «good
587 3307 838 3367 operatus
865 3313 926 3354 es
955 3299 1007 3352 in
1031 3298 1221 3354 diebus
1243 3313 1430 3374 eorum
1452 3342 1466 3366 ,
1499 3308 1555 3354 et
1577 3299 1631 3354 in
1652 3299 1840 3354 diebus

251 3389 488 3457 antiquis
520 3405 534 3443 :
562 3388 686 3458 quia
713 3403 902 3444 manus
931 3397 1020 3443 tua
1048 3399 1235 3460 gentes
1262 3390 1600 3459 disperdidit,
1633 3391 1839 3455 eiecisti

252 3482 478 3551 populos
505 3489 563 3533 et
588 3480 833 3548 plantasti
859 3487 982 3535 eos;
1004 3478 1107 3537 Ista
1137 3483 1404 3552 praeterita
1442 3491 1568 3536 sunt
1593 3499 1604 3535 ε
1634 3482 1701 3538 de
1751 3482 1835 3537 fu-

251 3582 377 3636 turo_
402 3586 532 3626 vero
566 3570 692 3640 quid
720 3570 862 3625 erit?
895 3567 964 3625 In
990 3579 1039 3626 te
1070 3571 1298 3626 inimicos
1331 3583 1528 3628 nostros
1569 3573 1835 3628 vent-ilabi-

247 3681 363 3726 mus
393 3680 413 3717 :
453 3664 628 3717 veniet
656 3673 862 3733 tempus
888 3662 1101 3733 quando
1122 3677 1311 3718 onmes
1354 3664 1552 3718 inimici
1578 3662 1838 3723 Christia-

247 3772 472 3818 norum,
501 3756 639 3810 sicut
660 3755 807 3824 palea
831 3754 1184 3821 ventilentur,
1215 3743 1352 3809 Sicut
1382 3754 1556 3827 pulvis
1582 3757 1835 3811 ventilen-

247 3859 334 3902 tm-
356 3889 372 3912 ,
403 3847 546 3902 etde
575 3854 715 3903 terra
738 3847 1103 3918 projiciantnr.
1137 3847 1279 3918 Ergo
1299 3847 1343 3902 si
1369 3859 1423 3902 et
1449 3848 1713 3916 praeterita
1755 3850 1831 3904 sic

242 3950 372 4006 sunt
402 3939 556 3994 nobis
586 3923 833 4007 narrata,
876 3947 934 3995 et
975 3937 1153 3995 futura
1195 3932 1316 3995 talia
1351 3941 1736 4010 praenuntiata;
1774 3942 1826 3995 in

243 4031 424 4086 medio
449 4027 789 4100 praesentium
817 4044 983 4100 quare
1023 4029 1326 4085 laboramus
1346 4072 1362 4098 ,
1394 4031 1495 4085 nisi
1541 4031 1593 4086 in
1623 4031 1823 4086 intelle-

241 4132 383 4175 ctum
410 4116 531 4191 ﬁliis
550 4119 680 4176 Core
698 4121 725 4174 .’
748 4119 778 4174 Ι
783 4138 816 4175 ιι
837 4130 886 4175 te
903 4121 1135 4176 inimicos
1155 4117 1357 4177 nostros
1379 4123 1726 4179 ventilabimus
1747 4139 1766 4176 :
1784 4134 1829 4178 et

237 4215 294 4265 in
317 4212 519 4266 nomine
544 4222 629 4266 tuo
649 4228 944 4284 spernemus
961 4213 1274 4286 insurgentes
1293 4214 1346 4268 in
1366 4230 1476 4269 nos.
1501 4215 1614 4272 Hoc
1646 4215 1712 4272 de
1739 4215 1824 4271 fu-

240 4314 384 4358 turo.

296 4398 365 4451 -7.
392 4393 548 4469 [νει-ι.
581 4395 668 4466 7.]
699 4394 823 4450 Non
847 4396 982 4457 enim
1013 4411 1068 4450 ut
1095 4413 1216 4451 arcu
1257 4414 1365 4452 meo
1401 4399 1614 4465 sperabo
1639 4414 1659 4454 :
1688 4415 1823 4471 quo-

234 4487 402 4544 modo
431 4498 528 4544 nec
555 4489 816 4559 patresin
855 4489 1031 4561 gladio
1063 4505 1180 4545 suo.
1215 4490 1283 4542 Et
1319 4492 1522 4561 gladius
1547 4509 1686 4547 meus
1721 4511 1821 4549 non

233 4578 437 4634 salvum
457 4582 611 4649 faciet
633 4595 731 4632 me.

311 4670 364 4725 8.
393 4663 544 4743 [item
599 4666 678 4742 8.]
707 4668 888 4724 Salvos
908 4671 1055 4724 enim
1071 4672 1236 4744 fecisti
1268 4688 1360 4726 nos
1404 4689 1467 4727 ea:
1494 4673 1820 4745 aﬂligetttibus

232 4745 343 4816 nos.
401 4762 466 4816 Et
518 4760 620 4815 hoc
646 4760 812 4832 ﬁgura
843 4763 1094 4831 prmteriti
1126 4762 1194 4818 de
1241 4762 1420 4819 futuro
1449 4762 1644 4820 dicitur
1677 4783 1689 4818 :
1723 4768 1818 4822 sed

231 4855 357 4909 ideo
387 4864 634 4925 tanquam
663 4854 990 4925 prmteritum
1020 4855 1239 4922 dicitur,
1272 4857 1396 4927 quia
1447 4866 1552 4912 tam
1607 4867 1814 4916 certum

227 4956 313 5002 est
338 4947 490 5016 quasi
534 4946 728 5006 factum
755 4948 844 5001 sit.
876 4946 1139 5004 intendite
1169 4965 1333 5020 quare
1375 4952 1628 5021 pleraque
1677 4954 1815 5010 Pro-

229 5037 409 5106 pheta:
436 5038 507 5090 ita
537 5036 714 5091 dicunt
757 5042 1314 5110 tanquamprzeterita
1351 5043 1486 5108 sint,
1517 5059 1638 5098 cum
1671 5061 1812 5115 prte-

226 5130 540 5184 nuntientnr
565 5127 735 5184 futura
763 5172 778 5198 ,
808 5145 912 5185 neu
944 5131 1100 5186 facta.
1125 5131 1255 5188 Nam
1281 5134 1420 5190 etde
1447 5135 1560 5206 ipso
1590 5136 1812 5195 Domino

223 5220 400 5276 futura
429 5219 609 5290 passio,
635 5223 1087 5292 przcnuntiabatur
1106 5265 1119 5288 ,
1150 5232 1205 5279 et
1245 5234 1418 5288 tamen
1442 5268 1455 5293 ,
1504 5226 1766 5284 Fuderunt
1791 5274 1805 5297 ,

224 5313 393 5384 inquit
419 5354 432 5374 .
476 5301 657 5367 atauus
690 5329 826 5368 meas
870 5325 914 5368 et
958 5316 1108 5384 pedes
1152 5333 1320 5385 meos,
1367 5310 1809 5378 iliamnemveruut

219 5404 393 5458 omnia
417 5389 534 5460 ossa
581 5421 691 5460 mea
716 5421 736 5460 :
767 5420 871 5460 non
909 5407 1074 5470 dixit.
1113 5409 1330 5464 Fodient
1354 5453 1369 5478 ,
1411 5421 1464 5466 et
1502 5413 1807 5472 dinumera-

282 5585 308 5650 f_
319 5579 456 5650 rit-rit
463 5594 545 5645 pte
568 5588 694 5650 uss,
705 5580 1132 5650 quamvis_reuelalo
1142 5584 1365 5650 mysterio
1375 5593 1453 5650 tuo
1463 5587 1656 5649 furtim.
1680 5598 1806 5644 tinus

217 5643 509 5714 tuticusium
531 5643 956 5714 codex.'quatntgis
978 5643 1210 5714 relqtareg'
1229 5643 1552 5714 ιιιιιειρνὶὶλίιιί
1572 5651 1771 5714 fuerim.

277 5708 295 5738 ι
329 5705 520 5768 Aliquot.
547 5713 669 5774 ius“
687 5703 965 5774 mmmam
987 5715 1038 5758 ut
1061 5706 1149 5774 hoc
1170 5703 1253 5769 ﬁat
1276 5703 1366 5774 pro
1385 5708 1538 5764 ωιωε
1559 5703 1805 5767 ten-man

211 5764 433 5826 tantum;
446 5768 576 5831 quod
598 5765 780 5830 factum
803 5764 972 5837 quibus
993 5764 1212 5820 numdals.

1397 349 1794 411 ENARRATIO
1830 350 1897 407 ιιι
1932 335 2257 412 ‘rssmnu
2298 355 2477 417 xuu.

3475 389 3580 447 486

1991 463 2143 520 bunt.
2174 467 2200 519 Ι
2207 469 2286 540 psi
2332 485 2447 526 vero
2485 477 2930 539 considerauerwtt
2968 498 3014 542 et
3051 495 3419 566 conspui-nunt
3457 523 3537 561 me
3559 523 3581 567 :

1993 571 2097 655 non
2141 557 2305 626 dixit,
2335 559 2760 625 Cnnsiderab‘nnt
2802 587 2855 629 et
2894 557 3241 650 conspiciant.
3285 557 3578 655 Diuiseruut

1989 646 2393 745 sibi-uestimenti
2421 671 2530 745 mea
2552 656 2722 724 (Ρδαὶ.
2751 679 2868 731 nt,
2909 670 2975 723 Π
3001 646 3144 745 .-19)
3179 697 3191 730 :
3242 688 3345 736 non

1988 734 2245 792 dividant.
2287 739 2476 798 Omnia
2527 747 2623 801 ista
2675 760 2925 823 tanquam
2970 732 3572 833 pruritu-itadicundi:

1986 842 2106 881 cum
2138 829 2314 886 futura
2347 837 2487 900 sint;
2519 841 2774 910 quiaDeo
2802 857 2855 901 et
2879 825 3054 926 futura
3094 825 3372 919 tamrcerta
3395 825 3571 943 sntit;

1988 927 2234 990 tanquam
2263 931 2528 993 pra-torua
2557 934 2681 987 sint.
2714 936 2880 996 Nobis
2898 945 3038 998 enim
3070 933 3134 1003 ea.
3156 968 3275 1021 qua:
3298 927 3574 1024 prasterie:

1984 1020 2145 1078 runt,
2168 1025 2311 1069 certa
2342 1032 2497 1085 sunt;
2527 1041 2644 1092 quae
2674 1027 2871 1097 futura,
2903 1034 3103 1092 incerta
3134 1020 3279 1098 sunt.
3298 1020 3574 1110 Novium:

1983 1105 2124 1157 enim
2147 1107 2345 1177 aliquid
2375 1114 2633 1171 accidisse
2655 1159 2668 1182 ,
2695 1129 2748 1173 et
2778 1139 2884 1177 non
2907 1137 3081 1194 poteSt
3110 1131 3225 1188 ﬁeri
3259 1148 3315 1191 ut
3343 1152 3447 1195 nan

1981 1195 2168 1289 ciderit
2199 1202 2338 1268 quod
2369 1206 2579 1260 accidit.
2613 1208 2683 1262 Da
2718 1204 3031 1282 prOphetam
3058 1224 3142 1276 cui
3173 1226 3186 1255 ¹
3221 1236 3324 1282 tam
3362 1195 3566 1289 certum

1978 1286 2048 1336 sit
2070 1285 2301 1343 futurum
2328 1307 2484 1360 quam
2511 1296 2602 1350 tibi
2634 1304 2958 1367 prasteritum
2991 1290 3086 1364 :et
3107 1331 3264 1382 quam
3296 1320 3387 1374 tibi
3422 1285 3565 1391 quod

1977 1381 2266 1483 menti-nisti
2296 1383 2488 1451 factum
2514 1427 2530 1448 .
2561 1405 2663 1442 non
2696 1402 2868 1460 potest
2888 1397 3084 1456 {ierint
3112 1381 3217 1461 non
3245 1411 3313 1464 sit
3342 1381 3561 1483 actin“,

1977 1474 2084 1566 tam
2113 1470 2187 1524 illi
2214 1474 2359 1542 ‘quod
2399 1480 2543 1532 novit
2569 1479 2804 1540 futurum
2825 1528 2841 1554 ,
2874 1505 2979 1544 non
3023 1504 3196 1562 potest
3233 1501 3349 1558 fieri
3380 1518 3435 1561 ιιι
3455 1470 3563 1566 non

1976 1558 2086 1613 liat.
2121 1561 2244 1617 Ideo
2269 1564 2336 1617 de
2362 1570 2646 1627 securitate
2677 1574 2925 1632 dicuntur
2955 1558 3203 1653 tanquam
3252 1558 3516 1661 pra-tvi-ita

1973 1665 2092 1746 qua:
2121 1653 2297 1746 adhuc
2334 1657 2509 1714 futura
2558 1674 2701 1718 sunt.
2734 1666 2846 1723 Hoc
2875 1685 3002 1740 ergo
3040 1644 3333 1744 spot-antiis.

1971 1742 2104 1795 enim
2133 1745 2296 1813 fecisti
2323 1764 2415 1802 nos
2436 1767 2498 1804 ea:
2523 1753 2858 1824 afﬂigeatibus
2879 1777 2970 1814 nos
2991 1803 3006 1828 ,
3032 1776 3077 1817 et
3113 1786 3198 1823 eos
3233 1777 3321 1841 qui
3342 1778 3563 1834 oderunt

1970 1849 2062 1889 nos
2089 1838 2384 1906 confudisti.

2039 1923 2093 1979 9.
2121 1922 2271 1997 [vers.
2323 1927 2402 2003 9.]
2459 1926 2524 1985 In
2578 1932 2687 1989 Deo
2726 1937 3049 1997 laudabimur
3096 1958 3199 2002 tota
3240 1955 3338 2007 die.
3375 1957 3561 2018 Videte

1966 2018 2416 2118 quemadmodum
2444 2027 2635 2081 misr-ct
2661 2031 2823 2085 etiam
2868 2037 3027 2092 verba
3067 2041 3228 2098 futuri
3260 2054 3554 2122 temporis,

1965 2115 2025 2160 ut
2071 2107 2335 2202 intelligas
2364 2124 2418 2171 et
2449 2119 2717 2182 pra-terita
2757 2114 2877 2191 qme
2914 2126 3052 2182 dicta
3095 2143 3218 2189 sunt
3266 2137 3333 2192 de
3372 2107 3557 2202 'l'uturt;

1962 2201 2389 2270 esse-praedicta.
2425 2204 2491 2293 In
2529 2205 2643 2263 Deo
2661 2211 2982 2271 laudabimur
3012 2229 3116 2276 tota
3145 2225 3227 2278 die
3245 2238 3343 2293 {et
3375 2231 3426 2285 in
3461 2251 3556 2288 uo-

1961 2292 2098 2346 miue
2140 2303 2227 2348 tuo
2254 2291 2604 2371 conﬁtebimur
2649 2303 2702 2358 in
2742 2309 2950 2362 saecula.
2983 2311 3150 2381 Quid,
3183 2291 3554 2380 laudabimur!

1959 2385 2085 2453 quid
2110 2427 2125 2451 ,
2150 2389 2498 2456 confitebimur
2515 2393 2542 2444 ?
2561 2395 2690 2460 Quia
2714 2411 2779 2452 ex
2803 2402 3050 2457 omnibus
3073 2402 3430 2478 amigentibus
3450 2432 3550 2471 nos

1959 2476 2146 2531 eruisti
2175 2495 2294 2543 nos,
2324 2483 2444 2550 quia
2471 2499 2690 2554 regnum
2716 2501 3031 2560 perpetuum
3052 2476 3205 2553 (fabis
3227 2502 3400 2572 nobis,
3423 2506 3548 2569 quiti

1955 2570 2310 2642 complebitur
2338 2574 2390 2628 in
2418 2575 2571 2632 nobis
2590 2619 2604 2643 ,
2631 2577 2776 2635 Beati
2805 2586 2897 2652 qui
2924 2585 3152 2645 habitant
3176 2594 3228 2647 in
3252 2570 3403 2651 am;
3432 2575 3541 2661 tua.

1953 2658 2208 2728 Domine,
2253 2666 2305 2718 in
2349 2671 2535 2722 sa'cula
2580 2675 2882 2731 steculorum
2930 2679 3213 2739 laudabunt
3255 2697 3304 2741 te
3350 2658 3541 2763 (Ρωιᾷ

1953 2766 2150 2808 unm
2167 2793 2184 2819 ,
2215 2754 2295 2828 5).

2024 2845 2112 2901 10.
2142 2843 2292 2919 [βενε.
2323 2848 2436 2923 l0.]
2459 2850 2732 2924 "teeirrgo
2755 2856 2927 2915 futura
2960 2880 3079 2918 cum
3123 2879 3266 2922 certa
3308 2875 3412 2926 sint
3445 2891 3540 2932 no-

1947 2930 2053 3001 bis,
2065 2945 2121 2995 et
2136 2937 2224 2991 illa
2242 2943 2503 3006 pratterita
2524 2960 2642 2998 cmn
2659 2961 2687 2998 a
2711 2950 2949 3017 patribus
2975 2930 3536 3034 nmtris'audiermtus,

1947 3027 2076 3096 quid
2123 3030 2324 3085 modo?
2375 3031 2532 3088 Nam:
2558 3047 2721 3091 autem
2747 3045 2979 3111 repuliin
3017 3058 3065 3102 et
3118 3047 3399 3122 confudisti
3419 3027 3534 3116 nos.

1945 3117 2282 3188 Confudisti,
2324 3139 2434 3179 non
2476 3128 2528 3181 in
2558 3133 2884 3189 conscientia
2931 3149 3141 3207 nostra,
3178 3117 3272 3200 sed
3306 3148 3356 3200 in
3406 3152 3538 3210 facie

1946 3207 2242 3266 hominum.
2273 3212 2404 3269 Erat
2428 3219 2571 3274 enim
2592 3229 2799 3291 tempus
2821 3241 2927 3294 quo
2950 3229 3314 3300 allligerentur
3349 3207 3534 3300 Cinis;

1944 3302 2071 3404 tiani
2093 3345 2108 3369 ,
2139 3320 2260 3361 cum
2283 3308 2500 3380 ubique
2526 3313 2799 3392 fugerent,
2844 3334 2963 3374 cum
2998 3323 3192 3390 ubique
3224 3329 3494 3388 (Ῐίιιιξιθιιιι-
3515 3377 3532 3404 ,

1942 3390 2275 3452 Christianus
2291 3407 2408 3466 est,
2434 3407 2685 3473 tanquam
2710 3390 3203 3473 adinsultationem
3241 3431 3294 3476 et
3327 3424 3393 3477 ad
3436 3390 3534 3498 op:

1940 3485 2216 3554 probrium
2256 3491 2569 3558 pertineret.
2619 3494 2718 3552 Ubi
2747 3504 2830 3554 est
2853 3516 2980 3573 ergo
3010 3506 3099 3561 ille
3136 3508 3280 3566 Deus
3306 3485 3489 3572 noster
3513 3561 3530 3582 ,

1939 3588 2038 3629 rex
2066 3584 2285 3646 noster,
2325 3582 2414 3650 qui
2457 3585 2674 3645 mandat
2701 3589 2927 3644 salutem
2970 3589 3301 3657 JacobiUbi
3333 3617 3415 3660 est
3443 3609 3532 3661 ille

1938 3663 2028 3733 'qni
2053 3662 2181 3721 fecit
2198 3670 2377 3723 omnia
2400 3688 2518 3741 qua:
2542 3676 2697 3731 nobis
2730 3696 3083 3741 narraverunt
3111 3703 3288 3758 patres
3319 3701 3530 3753 nostri?

1938 3755 2038 3812 Ubi
2063 3767 2148 3814 est
2184 3762 2274 3831 qui
2317 3761 2549 3822 facturus
2577 3776 2658 3823 est
2703 3774 2882 3830 omnia
2935 3771 3054 3844 qua:
3090 3755 3244 3837 nobis
3275 3790 3529 3845 revelavit

1936 3862 2034 3920 per
2057 3847 2312 3919 Spiritum
2335 3858 2528 3910 suum?
2547 3857 2812 3938 Numquid
2840 3877 3071 3923 mutatus
3097 3875 3218 3928 est?
3241 3876 3348 3931 Sed
3368 3881 3418 3933 iu
3444 3884 3527 3937 in-

1937 3941 2184 4044 teliectum
2207 3945 2328 4012 ﬁliis
2357 3946 2484 4003 Core
2505 3950 2636 4007 linnt
2663 3954 2795 4010 lure.
2828 3960 3039 4030 Aliquid
3062 3945 3204 4020 enim
3226 3970 3526 4044 intelligere

1934 4033 2224 4102 debemus,
2260 4053 2425 4109 quare
2461 4057 2560 4096 nos
2584 4045 2680 4100 ista
2719 4050 2896 4105 omnia
2927 4054 3104 4109 medio
3142 4033 3519 4134 [(‘mpm'evjtﬂll

1931 4126 2116 4183 voluit.
2151 4129 2279 4216 Quae
2308 4131 2526 4210 omnia?
2571 4136 2725 4191 Nunc
2762 4152 2927 4197 autent
2972 4151 3200 4217 repit/isti
3252 4126 3301 4207 et
3344 4126 3522 4224 confu-

1932 4217 2050 4282 disti
2076 4235 2168 4274 nos
2196 4236 2216 4274 :
2243 4231 2292 4275 et
2319 4239 2419 4278 non
2460 4229 2729 4297 egredieris
2762 4231 2900 4290 Deus
2934 4237 2982 4291 in
3022 4241 3280 4298 virtutibus
3314 4217 3516 4305 nostris.

1930 4309 2278 4400 Procedimus
2305 4316 2372 4371 ad
2401 4318 2644 4375 inimicos
2675 4337 2885 4380 nostros
2906 4371 2919 4388 .
2946 4341 2999 4385 et
3028 4318 3079 4386 tn
3106 4338 3378 4393 nobiseum
3410 4360 3516 4398 non

1929 4407 2174 4487 procedis
2203 4428 2217 4466 :
2247 4411 2493 4490 videmus
2514 4431 2605 4471 eos
2629 4458 2641 4481 ,
2669 4423 2966 4488 praevalent
2995 4425 3067 4479 illi
3093 4469 3108 4493 ,
3137 4439 3189 4484 ct
3237 4448 3335 4487 ltns
3365 4435 3516 4490 im-a-

1929 4496 2019 4552 lidi
2046 4513 2252 4555 sumus.
2284 4501 2383 4557 Ubi
2410 4513 2491 4559 est
2521 4506 2608 4560 illa
2636 4509 2807 4564 virtus
2838 4513 2966 4567 tua?
2990 4516 3076 4571 ubi
3103 4529 3184 4574 est
3214 4522 3433 4579 dextera
3461 4534 3516 4581 et

1927 4591 2163 4670 potentia
2193 4594 2317 4646 tua?
2348 4595 2432 4650 ubi
2458 4611 2606 4681 mare
2635 4599 2930 4659 siccatum?
2961 4607 3047 4661 ubi
3071 4608 3301 4682 Egyptii
3329 4630 3513 4682 persn-

1924 4690 2150 4750 quentes
2178 4680 2428 4739 ﬂuctibus
2456 4680 2631 4744 obruti
2690 4690 2886 4759 (Exod.
2935 4712 3058 4766 xw,
3107 4680 3372 4776 2lv,‘27)_?
3425 4708 3509 4763 ubi

1922 4775 2176 4829 Amalech
2220 4778 2511 4847 resistens,
2559 4783 2610 4835 in
2641 4787 2811 4840 crucis
2859 4787 3013 4858 signo
3056 4775 3337 4860 ειηιρηιιηέ
3384 4799 3503 4870 (ια,

1922 4879 2062 4930 xvu,
2097 4867 2154 4920 ll
2191 4862 2212 4937 )
2240 4869 2378 4924 ?‘E't
2405 4888 2503 4926 non
2533 4875 2803 4945 egredieris
2837 4877 2977 4936 Deus
3005 4886 3056 4937 in
3107 4888 3367 4946 virtutibus
3391 4862 3502 4946 “uo-

1919 4957 2066 5013 stris.

1991 5049 2075 5103 H.
2119 5047 2269 5122 [νει-δ.
2328 5052 2439 5127 Η.]
2467 5054 2704 5112 Avertisti
2750 5072 2913 5118 autent
2944 5083 3035 5122 nos
3081 5083 3354 5127 retrorsum
3404 5095 3506 5142 pru-

1918 5138 2134 5194 inimicis
2157 5143 2342 5199 nostris
2375 5142 2480 5200 .‘"ut
2526 5151 2675 5216 quasi
2708 5151 2782 5205 illi
2835 5168 2957 5210 ante
2997 5157 3103 5213 sint
3125 5201 3138 5223 ,
3193 5179 3288 5216 nos
3317 5138 3458 5220 retin"
3485 5187 3501 5236 ;

1919 5229 1993 5284 illi
2025 5232 2286 5298 victores,
2313 5251 2409 5291 nos
2433 5238 2554 5292 victi
2578 5240 2919 5310 deputamur.
2951 5248 3018 5303 Et
3036 5254 3121 5321 qui
3152 5272 3241 5308 nos
3268 5229 3500 5326 odi-runt,

1915 5320 2215 5393 diripiebant
2243 5326 2384 5382 sibi:
2421 5329 2582 5398 quid,
2618 5333 2716 5389 nisi
2740 5349 2835 5389 nos
2853 5339 2875 5388 ‘t

1987 5414 2074 5469 12.
2102 5412 2252 5498 [rem
2291 5416 2401 5492 12.]
2443 5418 2643 5477 Dedisti
2663 5441 2752 5480 nos
2775 5437 3010 5499 tauquam
3036 5448 3148 5489 om
3174 5452 3422 5506 escarum,
3454 5453 3500 5497 et

1911 5509 1963 5564 in
1987 5508 2270 5564 nationibus
2295 5511 2580 5579 dispersiin
2608 5533 2700 5572 nos
2727 5533 2746 5573 :
2788 5535 2816 5574 a
2863 5523 3166 5581 nationibus
3196 5531 3497 5593 mamlncati

1910 5614 2114 5654 sumus.
2141 5600 2204 5657 lli
2234 5601 2602 5674 significantur
2630 5609 2719 5679 qui
2747 5610 2826 5666 sic
2852 5615 2991 5683 passi
3021 5627 3143 5678 sunt
3164 5660 3178 5687 ,
3223 5632 3277 5677 ut
3304 5623 3355 5677 in
3379 5638 3498 5681 eor-

1975 5777 1995 5813 ι
2029 5781 2156 5828 Unus
2176 5779 2280 5838 ιιι,
2311 5773 2392 5832 cui
2407 5789 2503 5832 non
2527 5784 2627 5832 tam
2657 5786 2845 5836 certum
2861 5782 2947 5837 sit.
