3978 6318
444 318 544 376 ι87

447 451 542 508 pus
569 430 804 504 gentium
834 436 1188 488 verterentur.
1221 423 1423 495 Plangit
1452 420 1594 478 enim
1622 435 1717 476 eos
1751 418 1987 474 Ecclesia
2013 456 2033 485 ,

444 537 694 593 tanquam
726 524 965 577 membra
989 535 1082 572 sua
1102 520 1383 572 devorata.

516 618 604 672 15.
633 613 786 687 [υεη.
816 609 930 683 13.]
962 608 1243 664 Vendidisti
1297 611 1539 677 populum
1569 615 1709 658 tuum
1727 602 1833 658 sine
1855 600 2035 674 prrtio.

445 707 688 762 Vidimus
708 704 850 760 enim
884 717 1020 771 quos
1049 703 1064 733 ⁸
1089 700 1278 754 dedisti
1307 741 1322 765 ,
1347 715 1453 753 non
1485 698 1715 750 vidimus
1734 697 1858 766 quid
1886 710 2040 758 acce-

444 800 589 867 pisti.
621 797 688 851 Et
716 813 816 851 non
859 797 954 866 fuit
1007 792 1279 848 multitudo
1325 792 1376 845 in
1411 789 1798 860 jubilationibus
1838 803 2034 844 eorum.

443 890 711 960 Numquid
733 889 874 943 enim
899 886 1112 956 quando
1131 885 1399 955 fugiebant
1418 883 1700 937 Christiani
1720 896 2042 952 persequen-

450 986 596 1038 tibus
622 982 852 1036 inimicis
883 979 1180 1034 idololatris
1201 1018 1218 1043 ,
1253 976 1450 1032 ﬁebant
1492 975 1932 1044 congregationes
1963 981 2039 1028 'et

443 1074 793 1145 jubilationes
819 1071 967 1125 Deo?
1016 1068 1279 1137 Numquid
1305 1066 1721 1122 concineliantur
1751 1064 1932 1134 hymni
1970 1063 2039 1116 de

445 1164 688 1220 ceclesiis
721 1163 848 1227 Dei,
882 1161 970 1232 qui
1004 1161 1178 1222 solent
1224 1160 1275 1213 in
1326 1173 1456 1228 pace
1496 1156 1741 1222 concini,
1783 1154 2040 1224 dulcique

443 1267 709 1314 concentu
743 1255 1088 1310 fraternitatis
1121 1252 1451 1307 Deiaurilms
1484 1248 1794 1316 personari?
1839 1247 1907 1301 Et
1936 1262 2038 1300 non

443 1351 544 1424 fuit
564 1347 834 1402 multitudo
861 1347 914 1400 in
926 1342 1316 1416 jubilatiouibus
1345 1358 1537 1396 eorum.

517 1438 605 1494 Η.
635 1437 787 1511 [vers.
843 1438 943 1501 14,
1133 1433 1354 1487 Posuisti
1392 1448 1484 1485 nos
1521 1432 1574 1484 in
1601 1429 1929 1500 apprr.briwn
1959 1428 2038 1481 ei-

442 1533 572 1586 cinis
598 1533 783 1584 nostris
803 1573 818 1596 ,
846 1528 1291 1584 snbsmmatiouem
1321 1536 1365 1578 et
1392 1525 1615 1578 derisum
1648 1524 1726 1576 his
1750 1539 1834 1595 qut
1861 1526 1914 1575 in
1940 1525 2040 1575 cir-

442 1627 583 1680 cuitu
612 1636 784 1680 nostro
809 1620 944 1678 sunt.
988 1621 1206 1676 Posuisti
1237 1637 1328 1673 nos
1372 1623 1424 1673 in
1455 1618 1831 1672 similitudinem
1860 1616 1912 1670 in
1939 1632 2036 1669 na-

444 1717 681 1772 tionibus.
705 1716 842 1783 Quid
865 1722 950 1768 est
970 1755 984 1778 ,
1014 1716 1064 1765 in
1093 1709 1519 1766 similitudinem?
1545 1707 1769 1774 Quando
1810 1703 2034 1761 maledi-

445 1817 631 1862 centes
658 1807 901 1859 homines
930 1803 1324 1858 similitudinem
1358 1799 1483 1854 dant
1514 1801 1581 1853 de
1620 1814 1687 1854 eo
1738 1814 1894 1868 quem
1947 1796 2040 1850 de-

446 1908 752 1953 testantur:
802 1897 890 1952 Sic
918 1895 1166 1948 moriaris
1192 1936 1207 1958 ,
1247 1895 1327 1946 sic
1374 1892 1632 1962 puniaris.
1663 1892 1868 1958 Quanta
1913 1898 2040 1942 tttnc

450 1988 587 2044 dicta
608 1997 728 2041 sunt
755 1987 914 2041 talia?
935 1985 1024 2041 Sic
1038 1984 1389 2052 crucifigaris.
1412 1983 1686 2052 llodieque
1711 1997 1814 2034 non
1841 1980 2040 2034 desunt

448 2084 629 2136 hostes
658 2081 853 2135 Christi
882 2121 898 2144 ,
944 2080 1018 2132 illi
1050 2079 1150 2147 ipsi
1181 2076 1349 2131 Juda‘i
1374 2117 1388 2139 ,
1420 2087 1605 2130 contra
1646 2089 1782 2146 quos
1823 2072 2038 2144 quando

445 2173 786 2229 defendimus
829 2173 1138 2233 Christum,
1182 2171 1366 2226 dicunt
1408 2169 1608 2222 nobis:
1655 2167 1744 2222 Sic
1793 2169 2040 2226 moriaris

448 2266 720 2335 quomodo
767 2263 873 2316 ille.
909 2263 1020 2316 Non
1051 2263 1194 2316 cnim
1242 2261 1383 2314 illam
1414 2271 1638 2314 mortem
1687 2260 1988 2314 intulissent
2019 2303 2035 2328 ,

447 2357 552 2411 nisi
600 2372 668 2412 eo
715 2358 874 2409 modo
930 2356 1063 2409 mori
1115 2356 1464 2407 vehementer
1491 2351 2040 2416 exhorruisscnt;ant

445 2447 571 2516 quid
599 2448 840 2519 mysterii
872 2447 1130 2508 haberet,
1165 2461 1209 2498 st
1239 2444 1537 2513 intelligere
1570 2445 1887 2512 patuissent.
1917 2441 2034 2499 (λίην

446 2554 544 2595 cus
571 2535 784 2607 quando
834 2537 1172 2607 iunugnitur.
1219 2536 1498 2603 collyrium
1546 2535 1600 2588 in
1632 2550 1791 2588 manu
1844 2534 2036 2590 medici

449 2649 554 2684 oon
582 2629 744 2684 videt.
777 2627 907 2682 Nam
930 2643 1058 2682 crus
1085 2628 1194 2696 ipsa
1224 2635 1278 2680 et
1301 2643 1395 2696 pro
1424 2627 1551 2695 ipsis
1595 2625 2038 2696 persequentibus

447 2728 583 2783 facta
611 2733 712 2774 est.
744 2720 870 2775 lude
901 2727 1023 2772 sunt
1055 2728 1237 2789 postea
1269 2719 1475 2783 sanati,
1522 2725 1578 2771 et
1607 2719 1658 2771 in
1699 2732 1820 2772 eum
1873 2716 2038 2772 credi-

445 2816 642 2867 derunt
666 2828 822 2880 quem
853 2810 952 2880 ipsi
982 2808 1318 2864 occiderunt.
1346 2807 1579 2864 Posuisti
1612 2825 1703 2862 nos
1723 2809 1775 2863 in
1799 2809 2033 2862 similitu-

447 2905 621 2958 dinem
650 2904 704 2957 in
730 2903 1048 2966 nationibus,
1075 2899 1460 2955 commotionem
1486 2900 1667 2968 capitis
1713 2902 1764 2952 in
1794 2901 1995 2971 populis
2021 2916 2040 2957 :

447 2994 863 3048 connnotionem
893 2993 1083 3062 capitis
1112 2990 1178 3046 ad
1222 2989 1606 3046 insultandum.
1649 2990 1711 3043 Ft
1741 2992 1896 3045 loc-tui
1919 3003 2037 3046 sunt

448 3085 625 3151 labiis,
653 3095 698 3138 et
720 3093 978 3138 moverunt
1006 3091 1161 3154 caput
1188 3081 1359 3153 (Psal.
1390 3097 1480 3136 ut
1502 3123 1516 3145 ,
1538 3081 1618 3154 8).
1651 3080 1761 3137 Hoc
1791 3082 2035 3148 Domino,

449 3177 552 3231 hoc
579 3175 736 3230 etiam
765 3173 1015 3229 omnibus
1035 3175 1237 3230 sanctis
1262 3173 1378 3244 ejus
1397 3213 1412 3238 ,
1437 3186 1573 3242 quos
1611 3173 1879 3242 persequi,
1903 3189 2039 3243 quos

449 3278 667 3334 tenere,
695 3282 827 3336 quos
849 3265 1105 3331 illudrre,
1138 3279 1273 3336 quos
1302 3264 1512 3320 tradere
1535 3306 1551 3332 ,
1582 3280 1718 3335 quos
1750 3264 1987 3336 afﬂigere
2018 3305 2037 3336 ,

448 3372 584 3429 quos
603 3355 849 3412 occidere
873 3365 1180 3427 potuerunt.

528 3451 616 3508 15.
649 3449 800 3525 [verm
832 3449 935 3516 16,
962 3446 1074 3523 17.]
1109 3447 1235 3503 Tota
1264 3449 1345 3504 die
1372 3449 1670 3503 verecundia
1719 3466 1829 3503 mea
1863 3459 2040 3504 contra

449 3558 529 3595 me
552 3550 658 3608 est,
683 3551 728 3593 ct
753 3540 982 3611 confusio
1007 3540 1174 3594 vultus
1201 3539 1298 3592 mei
1341 3541 1540 3610 operuit
1585 3555 1664 3594 nte
1687 3555 1709 3594 :
1745 3557 1778 3593 a
1807 3557 1921 3594 race
1948 3559 2037 3593 ca:-

454 3633 740 3703 probrautis
766 3642 814 3685 et
843 3630 1158 3700 obloquentis
1188 3647 1208 3684 :
1240 3631 1340 3684 hoc
1366 3637 1481 3695 est,
1533 3643 1564 3683 a
1613 3645 1744 3683 voce
1775 3631 2038 3684 insultan-

449 3727 580 3779 tium
610 3733 664 3780 et
683 3725 884 3779 crimen
915 3724 1041 3776 mihi
1071 3722 1436 3793 olijicientium
1457 3764 1472 3788 ,
1507 3720 1630 3792 quia
1652 3724 1773 3776 colo
1816 3736 1885 3787 te,
1916 3742 2038 3793 quia

450 3818 712 3872 Confiteor
741 3825 829 3872 te:
861 3829 911 3870 et
937 3815 1140 3870 crimen
1167 3815 1294 3869 mihi
1318 3815 1680 3885 objicientium
1717 3815 1786 3870 de
1830 3816 1921 3869 illo
1947 3831 2042 3870 uo-

453 3911 629 3974 tnine,
659 3909 797 3962 unde
839 3923 955 3962 mea
995 3907 1176 3961 omnia
1227 3907 1448 3960 crimina
1481 3907 1819 3961 delehnntnr.
1854 3908 1895 3959 Α
1925 3922 2042 3959 vare

452 4001 799 4072 exprobrantis
819 4010 865 4052 et
886 3999 1225 4069 obloquentis,
1257 3998 1304 4052 id
1327 4009 1405 4052 est
1426 4041 1438 4061 ,
1463 4009 1645 4052 contra
1694 4016 1779 4053 me
1819 4001 2037 4067 loquen-

456 4098 542 4150 tis.
575 4097 618 4148 Α
643 4095 773 4162 [acie
798 4093 990 4147 inimici
1020 4103 1066 4146 et
1110 4095 1466 4164 persequentis.
1496 4097 1556 4145 lat
1577 4093 1698 4160 quis
1726 4093 1809 4147 hic
1838 4094 2038 4146 ittlcllc-

451 4192 609 4248 ctus?
656 4190 784 4255 Qua:
814 4187 1078 4257 prmtcrita
1101 4186 1242 4241 dicta
1270 4195 1391 4240 sunt
1415 4229 1428 4252 ,
1462 4203 1563 4238 non
1596 4190 1645 4239 in
1680 4197 1831 4239 notus
1863 4189 1990 4242 lieot
2023 4207 2038 4243 :

452 4301 573 4357 qua:
600 4284 771 4337 futura
819 4288 1140 4351 sperantur,
1168 4295 1274 4334 non
1321 4289 1598 4348 apparent.
1634 4278 1906 4332 Prmterrta
1938 4297 1950 4332 :
1989 4297 2040 4333 ιιι

456 4392 644 4444 magna
675 4376 842 4444 gloria
871 4382 958 4427 tua
985 4372 1208 4427 eductus
1233 4379 1316 4426 est
1340 4371 1562 4440 populus
1584 4371 1650 4424 de
1680 4369 1949 4440 .Egypto,
1980 4371 2042 4424 li-

459 4472 672 4523 lii-ratus
697 4483 725 4519 a
759 4463 1232 4535 persequentibus,
1264 4462 1454 4516 ductos
1485 4478 1579 4528 per
1611 4472 1826 4529 gentes,
1857 4464 2041 4530 expul-

453 4568 528 4615 sis
554 4560 800 4632 gentibus
826 4559 1121 4613 collocatus
1145 4557 1196 4612 in
1230 4571 1414 4624 regno.
1447 4559 1578 4616 utre
1627 4554 1842 4609 futura?
1901 4556 2040 4608 Edu-

398 4635 399 4638 Ἴ
452 4655 652 4710 timidus
683 4651 907 4718 populus
938 4649 1006 4704 de
1032 4648 1130 4703 ista
1159 4647 1394 4720 Egypto
1416 4644 1595 4700 su-tzuli
1617 4687 1631 4707 ,
1660 4645 1795 4699 duce
1831 4651 2040 4701 Chrtsm

452 4753 743 4812 apparentc
768 4742 818 4795 in
841 4743 1005 4810 gloria
1035 4755 1158 4801 sua;
1194 4739 1421 4809 pom-odi
1451 4741 1618 4792 sancti
1646 4738 1710 4790 ad
1741 4738 2035 4804 dexteram,

454 4833 620 4904 iniqui
651 4830 716 4886 ad
745 4831 1016 4886 sinistram
1038 4871 1053 4894 ,
1079 4828 1365 4883 damnandi
1401 4829 1561 4913 iniqui
1601 4843 1720 4881 cum
1747 4827 1956 4881 diaholo
1986 4843 2038 4882 ιιι

453 4942 656 4983 atterua
702 4941 898 4995 pretia;
941 4923 1306 4994 accipiendum
1337 4938 1558 4991 regnum
1598 4936 1624 4974 a
1666 4920 1878 4975 Christo
1918 4936 2038 4975 cum

451 5018 652 5074 sanctis
678 5019 729 5072 in
757 5016 1167 5085 sempiternum.
1198 5014 1321 5068 llmc
1341 5025 1462 5068 sunt
1491 5012 1687 5078 futura,
1714 5014 1797 5065 illa
1825 5023 2041 5082 prator-

455 5111 548 5165 ita.
583 5110 638 5164 In
696 5111 871 5164 medio
897 5108 1057 5179 quid?
1087 5106 1498 5161 Trihulationcs.
1525 5105 1740 5173 Quare?
1771 5105 1836 5160 Ut
1875 5121 2040 5175 appa-

456 5214 566 5258 reat
594 5205 802 5257 animus
828 5205 1011 5256 colens
1043 5201 1209 5254 Deum
1231 5241 1246 5265 ,
1286 5212 1544 5269 quantum
1572 5200 1709 5252 colat
1755 5200 1954 5262 Deum;
1986 5210 2040 5254 ut

458 5298 700 5350 videatur
730 5307 904 5348 utrum
927 5293 1251 5366 gratis'colat
1275 5305 1396 5345 eum
1421 5307 1446 5343 a
1476 5307 1582 5362 quo
1622 5293 1848 5344 salutem
1876 5292 2042 5360 gratis

455 5387 678 5457 accepit.
703 5386 756 5440 Si
780 5385 921 5440 enim
952 5384 1042 5438 tihi
1069 5384 1207 5437 dicat
1231 5382 1398 5443 Deus,
1431 5379 1568 5452 Quid
1595 5380 1786 5435 dedisti
1816 5381 1944 5435 mihi
1985 5391 2041 5435 ut

455 5479 684 5531 iacerem
713 5468 800 5531 te?
827 5475 984 5531 Certe
1006 5475 1049 5529 si
1075 5473 1242 5528 factus
1277 5474 1614 5544 [lftllll'c'f'lllnll
1646 5488 1728 5525 me
1755 5515 1767 5530 .
1798 5489 1902 5526 non
1954 5488 2042 5529 me

456 5581 832 5637 prnutemcras
857 5577 1141 5635 antequam
1174 5561 1402 5618 fact-rom
1431 5569 1501 5615 te.
1537 5552 1672 5631 Quid
1720 5562 1914 5617 dicturi
1947 5580 2040 5617 sn-

457 5647 573 5713 inus
597 5659 644 5712 ei
665 5700 680 5723 ,
704 5660 790 5728 qui
826 5659 996 5726 primo
1023 5659 1186 5725 gratis
1218 5672 1314 5711 nos
1353 5659 1507 5722 iecit,
1559 5656 1681 5726 quia
1724 5657 1892 5710 honos
1918 5667 2034 5722 est,

517 5781 535 5802 ο
571 5767 736 5819 t'lures
760 5779 884 5826 me.
901 5768 1026 5828 quod
1036 5799 1049 5815 .

1686 303 1743 360 S.
1788 297 2151 358 AUGUSTINI
2191 296 2490 354 Ei‘lSGOl‘i

3635 295 3751 354 488

2145 431 2252 470 non
2286 414 2408 482 quia
2433 413 2631 481 aliquid
2682 425 2974 464 meruimus
2999 412 3024 464 ?
3051 409 3252 466 Deinde
3278 410 3346 466 de
3369 410 3480 479 ipsa
3513 425 3736 478 repara-

2146 508 2289 560 tione
2310 547 2324 566 ,
2348 506 2414 558 de
2434 501 2666 558 secunda
2697 503 2969 557 natirilatc
2997 502 3121 571 quid
3150 504 3339 557 dicturi
3367 505 3596 557 smnus?
3624 501 3738 556 Me-

2145 601 2245 654 rita
2271 609 2453 652 nostra
2487 597 2677 653 fecisse
2717 607 2773 651 ιιι
2801 597 2952 651 nobis
2981 597 3065 651 illa
3093 600 3238 651 salus
3274 607 3529 668 pt'l'pCllla
3560 607 3736 650 unite-

2143 703 2293 751 retttr
2315 705 2345 749 a
2390 689 2655 744 Domiuo’
2686 689 2856 744 Absit.
2888 687 2942 742 Si
2975 688 3162 742 merita
3194 673 3372 742 nostra
3401 686 3599 755 aliquid
3656 691 3704 739 ta

2143 799 2329 844 cercnt
2352 830 2368 854 ,
2391 789 2458 843 ad
2479 783 2879 845 damnationem
2907 791 3144 845 nostram
3175 781 3400 842 reuirat.
3430 778 3547 845 Non
3593 782 3739 833 venit

2143 879 2235 934 ille
2261 884 2329 935 ad
2351 881 2736 951 inspectioncm
2759 882 3068 936 meritorum
3093 922 3112 948 ,
3141 886 3234 937 sed
3263 883 3330 937 ad
3363 887 3734 944 remissionem

2143 984 2507 1042 peccatorum.
2551 971 2668 1028 Non
2701 973 2876 1040 fuisti,
2903 981 2959 1029 et
2998 972 3170 1028 factus
3197 989 3292 1029 es:
3340 975 3465 1044 quid
3499 976 3609 1028 Deo
3635 975 3734 1028 ile-

2143 1065 2307 1118 disti?
2344 1064 2510 1119 Malus
2542 1065 2682 1120 fuisti
2705 1105 2722 1132 ,
2749 1075 2804 1120 et
2833 1066 3194 1122 liheratuses:
3223 1066 3348 1137 quid
3378 1067 3486 1122 Deo
3513 1067 3738 1123 dedisti?

2143 1154 2280 1228 Quid
2307 1172 2410 1209 non
2451 1159 2519 1210 ab
2539 1174 2606 1210 cu
2646 1158 2811 1223 gratis
2831 1157 3124 1226 accepisti?
3152 1157 3338 1212 Merito
3367 1169 3420 1212 et
3445 1160 3612 1228 gratia
3640 1176 3736 1219 no-

2144 1246 2408 1311 minatur,
2439 1248 2559 1318 quia
2582 1248 2746 1312 gratis
2767 1248 2946 1303 datur.
2979 1249 3223 1320 Exigitur
3255 1266 3384 1321 ergo
3406 1267 3434 1304 a
3485 1261 3564 1318 te,
3593 1261 3654 1306 ut
3677 1263 3732 1307 et

2145 1345 2198 1391 ιιι
2226 1340 2390 1405 gratis
2415 1355 2536 1392 cum
2583 1341 2730 1396 colas
2755 1359 2770 1396 :
2818 1356 2925 1396 non
2953 1343 3074 1413 quia
3100 1342 3190 1397 dat
3223 1343 3534 1410 temporalia
3565 1383 3582 1399 .
3637 1343 3730 1400 sed

2144 1431 2264 1499 quia
2288 1439 2504 1498 pt‘mslut
2524 1441 2743 1486 mterua.

2218 1522 2304 1575 16.
2363 1520 2466 1576 Sed
2491 1522 2599 1590 ipsa
2630 1533 2827 1577 a-terna
2850 1523 2972 1580 vide
2995 1539 3065 1581 ne
3087 1525 3244 1580 aliter
3268 1526 3471 1595 cogites
3492 1565 3508 1590 .
3539 1534 3594 1581 et
3635 1540 3732 1580 co-

2143 1614 2360 1676 gitando
2403 1623 2602 1669 teter-na
2633 1617 2956 1682 carnaliter,
3010 1615 3355 1673 nihilominus
3407 1620 3574 1675 Deum
3611 1634 3737 1689 gra-

2146 1706 2214 1760 tis
2262 1720 2368 1758 non
2421 1705 2589 1760 colas.
2645 1704 2782 1779 Quid
2831 1707 3023 1762 enim?
3071 1707 3133 1762 Si
3185 1707 3308 1764 ideo
3351 1710 3486 1764 colis
3523 1709 3730 1778 Donni,

2143 1800 2264 1866 quia
2317 1801 2408 1851 dat
2461 1798 2552 1853 tibi
2617 1799 2838 1854 fundum
2888 1837 2905 1864 ,
2974 1815 3082 1855 non
3145 1815 3268 1859 eum
3324 1802 3567 1856 culturus
3619 1817 3681 1857 es
3712 1842 3730 1868 ,

2143 1890 2263 1962 quia
2314 1890 2449 1942 tollit
2504 1889 2597 1944 tibi
2631 1889 2897 1945 fundum?
2937 1890 3050 1946 Sed
3099 1890 3233 1947 forte
3264 1901 3321 1947 tu
3375 1891 3554 1948 dicis:
3603 1893 3734 1948 Ideo

2144 1997 2264 2046 eum
2286 1981 2481 2047 colam,
2511 1982 2633 2052 quia
2659 1983 2950 2040 dabitmihi
2979 1983 3184 2048 villam,
3213 1999 3320 2039 non
3363 1994 3565 2039 tamen.
3593 1995 3748 2040 terno.

2145 2074 2406 2141 poralem.
2434 2072 2794 2130 Nihilominus
2822 2074 2998 2129 adlmc
3017 2085 3324 2146 corruptam
3371 2087 3607 2134 mentem
3637 2093 3733 2148 αφ

2144 2166 2218 2218 ris
2249 2179 2263 2215 :
2294 2178 2477 2218 amore
2503 2165 2648 2219 enim
2693 2175 2842 2220 casto
2883 2181 2990 2221 non
3033 2166 3185 2232 colis,
3209 2166 3384 2222 adhuc
3425 2167 3731 2224 mercedi-tn

2143 2255 2370 2326 expetis.
2403 2257 2473 2310 Ea
2502 2257 2646 2310 enim
2671 2259 2750 2310 vis
2793 2256 2994 2313 habere
3039 2259 3092 2312 in
3139 2258 3318 2312 futuro
3362 2260 3580 2324 seculo,
3609 2275 3732 2330 qua:

2144 2345 2230 2400 hic
2258 2362 2479 2403 necesse
2505 2357 2589 2403 est
2625 2346 2972 2419 derelinquas
3001 2364 3019 2404 :
3047 2358 3257 2405 mutare
3294 2350 3376 2405 vis
3401 2351 3730 2421 voluptatem

2141 2441 2436 2508 carnalem,
2478 2455 2585 2496 non
2621 2450 2917 2512 amputare.
2951 2441 3066 2497 Non
3099 2445 3344 2498 laudatur
3377 2445 3429 2500 in
3460 2446 3554 2500 illo
3579 2445 3724 2514 jeju-

2141 2531 2310 2597 nium,
2338 2531 2427 2600 qui
2476 2531 2542 2586 ad
2592 2532 2918 2590 luxuriosam
2989 2548 3196 2589 cmnam
3257 2545 3438 2592 servat
3483 2549 3729 2593 ventrem

2141 2638 2318 2676 suum.
2344 2623 2638 2678 lnvitantur
2657 2627 2797 2679 enim
2829 2625 3116 2695 aliquando
3149 2627 3394 2682 homines
3421 2627 3487 2683 ad
3519 2643 3730 2686 ccenam

2143 2730 2413 2784 magnam,
2441 2725 2498 2771 et
2523 2731 2645 2771 cum
2673 2719 2738 2770 ad
2768 2733 2888 2772 cam
2919 2718 3102 2772 volunt
3148 2719 3287 2774 avidi
3342 2722 3545 2788 venire,
3588 2725 3719 2792 jeju-

2142 2814 2270 2860 nant
2293 2823 2310 2862 ;
2332 2807 2588 2876 numquid
2619 2806 2719 2861 hoc
2743 2807 3004 2877 jejunium
3026 2810 3390 2876 continentia,
3421 2821 3479 2866 et
3504 2829 3608 2866 non
3636 2829 3731 2876 po-

2143 2899 2248 2951 tins
2273 2897 2496 2952 lusoria:
2516 2897 2875 2965 deputandum
2905 2901 3021 2954 est?
3053 2899 3167 2955 Noli
3205 2916 3334 2971 ergo
3361 2902 3482 2956 talia
3509 2918 3731 2972 sperare

2144 2992 2236 3046 tibi
2262 2991 2436 3047 danda
2463 3006 2490 3044 a
2511 2991 2639 3048 Deo.
2669 2993 2841 3060 qualia
2872 2991 2960 3048 hic
2997 2993 3149 3062 jubet
3195 3006 3561 3051 contemnere.
3606 2997 3733 3054 llzec

2142 3083 2284 3136 enim
2315 3085 2600 3152 sperabant
2626 3083 2818 3147 Judsui,
2847 3084 2965 3138 ide'i
2995 3084 3344 3140 turliahantur
3373 3085 3424 3140 in
3453 3086 3540 3141 illa
3581 3103 3730 3157 quc-

2142 3176 2336 3226 stiouc.
2379 3179 2509 3227 [\am
2552 3185 2605 3227 ct
2645 3173 2742 3242 ipsi
2775 3177 3218 3231 resurrectionem
3237 3187 3476 3247 sperant,
3527 3181 3618 3234 sed
3664 3182 3731 3237 ad

2145 3266 2278 3319 taios
2324 3265 2623 3334 voluptates
2670 3266 2909 3336 corporis
2951 3279 3010 3320 se
3051 3277 3270 3335 Sperant
3309 3281 3730 3337 resurrecturos,

2142 3357 2328 3426 quales
2368 3356 2454 3410 hic
2480 3365 2679 3410 amant.
2714 3356 2838 3410 Ideo
2875 3371 2994 3412 cum
3048 3357 3128 3412 cis
3173 3373 3564 3431 proponeretur
3588 3379 3734 3431 qum.

2143 3449 2246 3503 stio
2273 3448 2356 3502 illa
2387 3462 2416 3499 a
2461 3447 2790 3513 Sadducaus,
2831 3447 2919 3512 qui
2966 3464 3071 3502 non
3116 3449 3342 3504 credunt
3379 3454 3732 3509 resurrectio-

2146 3559 2284 3602 nem,
2315 3541 2382 3593 de
2405 3540 2490 3594 illa
2518 3539 2742 3594 muliere
2769 3555 2885 3606 qua:
2917 3539 3094 3606 nupsit
3123 3549 3326 3611 septeni
3358 3541 3612 3598 fratribus
3652 3545 3736 3598 si-

2145 3629 2310 3684 bimet
2354 3630 2780 3692 socccoentihus,
2829 3630 2983 3698 cujus
3034 3645 3220 3685 eorum
3260 3632 3312 3686 in
3347 3637 3736 3692 resurrectione

2143 3743 2192 3776 et
2209 3723 2244 3776 it
2265 3737 2417 3789 tuor,
2448 3721 2769 3776 deﬁciebant
2796 3722 2835 3784 ²,
2867 3730 2923 3777 et
2959 3723 3283 3793 respondere
3318 3741 3424 3780 non
3466 3737 3732 3796 poterant.

2145 3818 2213 3868 At
2237 3829 2358 3883 vero
2385 3815 2607 3868 Domino
2633 3814 2844 3884 quando
2873 3824 2954 3869 est
2987 3818 3281 3886 proposita,
3306 3819 3427 3890 quia
3457 3820 3610 3874 nobis
3649 3838 3734 3878 re-

2143 3906 2404 3960 surrcetio
2433 3906 2552 3960 talis
2580 3906 2922 3974 promittitur,
2945 3921 3051 3960 non
3077 3924 3178 3977 qua
3210 3919 3519 3979 repetantur
3542 3913 3729 3968 ineius-

2146 3997 2286 4053 modi
2315 4000 2336 4031 ⁸
2364 3997 2679 4077 voluptates,
2716 4000 2810 4054 sed
2828 3987 2940 4069 qua
2984 4011 3182 4056 aeterna
3212 4001 3280 4056 de
3307 4002 3424 4073 ipso
3449 4005 3557 4059 Deo
3598 4022 3732 4072 gan-

2144 4091 2230 4144 dia
2257 4090 2652 4161 comparentur,
2688 4093 2965 4161 respondit
2995 4094 3271 4159 Dominus,
3312 4104 3366 4149 et
3392 4096 3468 4150 ait
3494 4117 3506 4152 :
3533 4096 3735 4153 Erratis

2145 4183 2415 4237 nescientes
2465 4180 2778 4252 Scripturas,
2832 4200 2991 4254 neque
3032 4185 3262 4237 virtutem
3309 4183 3404 4238 Dei
3435 4205 3453 4239 :
3483 4187 3533 4238 in
3561 4205 3732 4241 αιδην-

2143 4274 2361 4327 reetione
2385 4272 2516 4327 enim
2544 4272 2702 4341 neque
2725 4275 2930 4338 nubent,
2959 4289 3116 4344 neque
3153 4291 3335 4329 uxores
3379 4277 3555 4330 ducent
3588 4295 3606 4332 :
3631 4297 3734 4333 non

2145 4366 2275 4418 enim
2294 4364 2533 4432 incipient
2558 4363 2704 4418 mori.
2729 4362 2784 4418 Id
2811 4375 2914 4429 est,
2939 4381 3042 4418 non
3072 4364 3141 4418 ibi
3159 4369 3414 4436 quaeritur
3433 4384 3730 4435 successor,

2147 4457 2232 4508 uhi
2286 4470 2392 4509 non
2427 4451 2530 4508 erit
2561 4455 2830 4508 decessor.
2875 4455 2940 4510 Et
2987 4456 3111 4524 quid
3161 4458 3298 4511 erit?
3325 4458 3429 4513 Sed
3451 4471 3615 4523 erunt,
3652 4463 3734 4516 in-

2145 4547 2277 4616 quit,
2307 4547 2527 4618 u‘qnules
2555 4547 2763 4616 Angelis
2791 4546 2886 4602 Dei
2916 4546 3130 4616 (Matth.
3155 4564 3284 4612 xm,
3310 4550 3404 4616 ‘29,
3425 4551 3510 4606 50.
3536 4565 3580 4606 ct
3604 4554 3732 4610 Luc.

2145 4654 2236 4701 xx.
2272 4638 2362 4696 53.
2392 4637 2519 4708 56).
2571 4638 2681 4692 Nisi
2729 4637 2863 4692 forte
2917 4650 3092 4707 putas,
3134 4638 3276 4707 quod
3324 4643 3511 4710 Angcii
3559 4645 3734 4713 epulis

2143 4727 2487 4798 quotidianis,
2519 4737 2573 4781 ct
2620 4728 2742 4782 vino
2794 4743 2900 4797 quo
2933 4737 2984 4781 te
3014 4728 3264 4793 iuebrias,
3305 4735 3585 4800 gaudeant,
3639 4744 3734 4790 aut

2145 4817 2247 4874 hoc
2277 4818 2412 4873 forte
2453 4819 2751 4890 arbitraris,
2802 4818 2944 4889 quod
3000 4820 3186 4889 Angeli
3235 4837 3430 4876 UXOECS
3479 4825 3730 4880 habeant.

2143 4909 2284 4964 Nihil
2307 4924 2491 4963 eorum
2520 4920 2601 4963 est
2629 4908 2767 4977 apud
2796 4910 3046 4978 Angelos.
3072 4909 3226 4982 Unde
3253 4916 3480 4980 gaudent
3517 4916 3728 4987 Angeli,

2146 5000 2245 5055 nisi
2292 5000 2432 5055 unde
2479 5000 2736 5055 Dominus
2763 5004 2877 5054 ait:
2916 4999 3128 5054 Nescitis
3176 5003 3296 5077 quia
3335 5004 3514 5072 Angeli
3559 5022 3733 5061 eorum

2144 5110 2338 5164 semper
2365 5093 2531 5146 vident
2558 5094 2736 5163 [aciem
2766 5092 2936 5147 Patris
2970 5091 3181 5164 (Matth.
3199 5109 3344 5157 svnt,
3371 5095 3491 5163 l0)?
3515 5095 3570 5151 Si
3602 5113 3733 5166 ergo

2143 5186 2209 5240 ad
2242 5185 2427 5241 faciem
2457 5177 2628 5238 Patris
2647 5186 2880 5255 gaudeat
2906 5184 3115 5252 Angeli,
3155 5185 3222 5238 ad
3265 5187 3370 5240 tale
3395 5187 3648 5255 gaudium
3677 5198 3730 5248 te

2148 5291 2382 5346 pra'para
2415 5294 2428 5330 :
2457 5285 2547 5329 aut
2571 5276 2616 5330 si
2643 5275 2848 5329 iuvenis
2879 5274 3069 5329 melius
3117 5290 3273 5343 quam
3313 5276 3494 5332 videre
3541 5279 3730 5334 faciem

2148 5368 2325 5426 Dei"!
2359 5367 2449 5422 Va:
2478 5368 2565 5422 tali
2611 5367 2777 5422 amori
2823 5375 2933 5432 tuo,
2984 5368 3026 5419 si
3059 5367 3143 5421 vel
3198 5368 3486 5436 suspicaris
3531 5370 3729 5442 aliquid

2211 5523 2228 5592 ξ
2260 5521 2334 5592 sic
2359 5528 2463 5570 Mss.
2499 5527 2554 5570 At
2590 5518 2726 5580 Edd,
2749 5518 2798 5570 in
2822 5518 3169 5571 resurrectione
3199 5519 3362 5583 futura
3383 5527 3502 5582 erat,
3529 5536 3622 5574 rex
3644 5524 3732 5575 doc

2143 5582 2351 5647 fidebat.

2209 5647 2229 5677 ³
2261 5652 2376 5693 Octo
2397 5649 2525 5700 δίει,
2551 5643 2694 5705 hujus
2714 5642 2901 5694 mundi.

2149 5707 2230 5818 es:
2261 5707 2342 5754 ttic
2366 5707 2412 5754 in
2437 5706 2548 5754 uid.
2573 5707 2778 5767 additur,
2801 5705 2918 5756 illuc
2937 5711 2982 5756 te
3006 5718 3230 5770 purpura
3252 5718 3270 5755 :
3293 5706 3421 5770 quod
3444 5719 3470 5756 a
3507 5715 3618 5761 uss.
3644 5709 3736 5758 ah-
