  <div class='ocr_page' id='page_1' title='image "/cluster/home/n/w/nwhite01/storage/ocr_20150623/36/umn.319510024773307/254.png"; bbox 0 0 3978 6398; ppageno 0'>
   <div class='ocr_carea' id='block_1_1' title="bbox 99 393 187 450">
    <p class='ocr_par' dir='ltr' id='par_1_1' title="bbox 99 393 187 450">
     <span class='ocr_line' id='line_1_1' title="bbox 99 393 187 450; baseline -0.011 0"><span class='ocrx_word' id='word_1_1' title='bbox 99 393 187 450; x_wconf 71' lang='grc'><strong>489</strong></span> 
     </span>
    </p>
   </div>
   <div class='ocr_carea' id='block_1_2' title="bbox 99 508 1679 580">
    <p class='ocr_par' dir='ltr' id='par_1_2' title="bbox 99 508 1679 580">
     <span class='ocr_line' id='line_1_2' title="bbox 99 508 1679 580; baseline -0.003 -17"><span class='ocrx_word' id='word_1_2' title='bbox 99 508 378 579; x_wconf 82' lang='lat' dir='ltr'><strong>pulchrius,</strong></span> <span class='ocrx_word' id='word_1_3' title='bbox 401 524 564 580; x_wconf 83' lang='lat' dir='ltr'><strong>quam</strong></span> <span class='ocrx_word' id='word_1_4' title='bbox 595 518 681 565; x_wconf 87' lang='lat' dir='ltr'><strong>est</strong></span> <span class='ocrx_word' id='word_1_5' title='bbox 708 508 796 564; x_wconf 89' lang='lat' dir='ltr'><strong>ille</strong></span> <span class='ocrx_word' id='word_1_6' title='bbox 826 524 856 564; x_wconf 87' lang='lat' dir='ltr'><strong>a</strong></span> <span class='ocrx_word' id='word_1_7' title='bbox 899 523 1007 580; x_wconf 89' lang='lat' dir='ltr'><strong>quo</strong></span> <span class='ocrx_word' id='word_1_8' title='bbox 1055 517 1137 564; x_wconf 91' lang='lat' dir='ltr'><strong>est</strong></span> <span class='ocrx_word' id='word_1_9' title='bbox 1161 523 1321 562; x_wconf 88' lang='lat' dir='ltr'><strong>onme</strong></span> <span class='ocrx_word' id='word_1_10' title='bbox 1376 508 1679 579; x_wconf 87' lang='lat' dir='ltr'><strong>pulchrum,</strong></span> 
     </span>
    </p>
   </div>
   <div class='ocr_carea' id='block_1_3' title="bbox 98 597 1684 671">
    <p class='ocr_par' dir='ltr' id='par_1_3' title="bbox 98 597 1684 671">
     <span class='ocr_line' id='line_1_3' title="bbox 98 597 1684 671; baseline -0.001 -20"><span class='ocrx_word' id='word_1_11' title='bbox 98 600 219 671; x_wconf 77' lang='lat' dir='ltr'><strong>quod</strong></span> <span class='ocrx_word' id='word_1_12' title='bbox 253 608 310 654; x_wconf 87' lang='lat' dir='ltr'><strong>te</strong></span> <span class='ocrx_word' id='word_1_13' title='bbox 339 610 534 664; x_wconf 89' lang='lat' dir='ltr'><strong>teneat,</strong></span> <span class='ocrx_word' id='word_1_14' title='bbox 570 617 640 656; x_wconf 89' lang='lat' dir='ltr'><strong>ue</strong></span> <span class='ocrx_word' id='word_1_15' title='bbox 668 601 814 655; x_wconf 90' lang='lat' dir='ltr'><strong>illum</strong></span> <span class='ocrx_word' id='word_1_16' title='bbox 857 600 1096 670; x_wconf 82' lang='lat' dir='ltr'><strong>cogitare</strong></span> <span class='ocrx_word' id='word_1_17' title='bbox 1122 597 1396 653; x_wconf 87' lang='lat' dir='ltr'><strong>mercaris.</strong></span> <span class='ocrx_word' id='word_1_18' title='bbox 1429 597 1684 652; x_wconf 85' lang='lat' dir='ltr'><strong>Dominus</strong></span> 
     </span>
    </p>
   </div>
   <div class='ocr_carea' id='block_1_4' title="bbox 97 689 1685 760">
    <p class='ocr_par' dir='ltr' id='par_1_4' title="bbox 97 689 1685 760">
     <span class='ocr_line' id='line_1_4' title="bbox 97 689 1685 760; baseline 0 -17"><span class='ocrx_word' id='word_1_19' title='bbox 97 695 140 744; x_wconf 88' lang='lat' dir='ltr'><strong>in</strong></span> <span class='ocrx_word' id='word_1_20' title='bbox 168 706 335 746; x_wconf 82' lang='lat' dir='ltr'><strong>carne</strong></span> <span class='ocrx_word' id='word_1_21' title='bbox 363 699 501 756; x_wconf 87' lang='lat' dir='ltr'><strong>erat,</strong></span> <span class='ocrx_word' id='word_1_22' title='bbox 528 701 582 747; x_wconf 88' lang='lat' dir='ltr'><strong>et</strong></span> <span class='ocrx_word' id='word_1_23' title='bbox 616 691 909 760; x_wconf 85' lang='lat' dir='ltr'><strong>apparebat</strong></span> <span class='ocrx_word' id='word_1_24' title='bbox 934 692 1095 746; x_wconf 92' lang='lat' dir='ltr'><strong>homo</strong></span> <span class='ocrx_word' id='word_1_25' title='bbox 1127 691 1453 745; x_wconf 85' lang='lat' dir='ltr'><strong>hominibus.</strong></span> <span class='ocrx_word' id='word_1_26' title='bbox 1503 689 1685 755; x_wconf 79' lang='lat' dir='ltr'><strong>Qualis</strong></span> 
     </span>
    </p>
   </div>
   <div class='ocr_carea' id='block_1_5' title="bbox 95 782 1684 853">
    <p class='ocr_par' dir='ltr' id='par_1_5' title="bbox 95 782 1684 853">
     <span class='ocr_line' id='line_1_5' title="bbox 95 782 1684 853; baseline -0.001 -17"><span class='ocrx_word' id='word_1_27' title='bbox 95 784 411 853; x_wconf 86' lang='lat' dir='ltr'><strong>apparebat?</strong></span> <span class='ocrx_word' id='word_1_28' title='bbox 437 784 552 839; x_wconf 85' lang='lat' dir='ltr'><strong>Jam</strong></span> <span class='ocrx_word' id='word_1_29' title='bbox 577 785 706 850; x_wconf 75' lang='lat' dir='ltr'><strong>dixi,</strong></span> <span class='ocrx_word' id='word_1_30' title='bbox 734 784 896 838; x_wconf 87' lang='lat' dir='ltr'><strong>homo</strong></span> <span class='ocrx_word' id='word_1_31' title='bbox 919 783 1244 839; x_wconf 87' lang='lat' dir='ltr'><strong>hominibus.</strong></span> <span class='ocrx_word' id='word_1_32' title='bbox 1272 782 1409 850; x_wconf 83' lang='lat' dir='ltr'><strong>Quid</strong></span> <span class='ocrx_word' id='word_1_33' title='bbox 1435 796 1684 848; x_wconf 75' lang='lat' dir='ltr'><strong>magnum</strong></span> 
     </span>
    </p>
   </div>
   <div class='ocr_carea' id='block_1_6' title="bbox 95 873 1685 946">
    <p class='ocr_par' dir='ltr' id='par_1_6' title="bbox 95 873 1685 946">
     <span class='ocr_line' id='line_1_6' title="bbox 95 873 1685 946; baseline -0.003 -16"><span class='ocrx_word' id='word_1_34' title='bbox 95 877 413 946; x_wconf 83' lang='lat' dir='ltr'><strong>apparebat?</strong></span> <span class='ocrx_word' id='word_1_35' title='bbox 442 878 581 932; x_wconf 88' lang='lat' dir='ltr'><strong>Caro</strong></span> <span class='ocrx_word' id='word_1_36' title='bbox 611 877 781 932; x_wconf 88' lang='lat' dir='ltr'><strong>carni.</strong></span> <span class='ocrx_word' id='word_1_37' title='bbox 817 875 953 942; x_wconf 87' lang='lat' dir='ltr'><strong>Quid</strong></span> <span class='ocrx_word' id='word_1_38' title='bbox 993 891 1242 945; x_wconf 78' lang='lat' dir='ltr'><strong>magnum</strong></span> <span class='ocrx_word' id='word_1_39' title='bbox 1279 874 1589 944; x_wconf 84' lang='lat' dir='ltr'><strong>apparebat,</strong></span> <span class='ocrx_word' id='word_1_40' title='bbox 1619 873 1685 926; x_wconf 88' lang='lat' dir='ltr'><strong>de</strong></span> 
     </span>
    </p>
   </div>
   <div class='ocr_carea' id='block_1_7' title="bbox 93 967 1686 1038">
    <p class='ocr_par' dir='ltr' id='par_1_7' title="bbox 93 967 1686 1038">
     <span class='ocr_line' id='line_1_7' title="bbox 93 967 1686 1038; baseline -0.002 -17"><span class='ocrx_word' id='word_1_41' title='bbox 93 984 186 1038; x_wconf 86' lang='lat' dir='ltr'><strong>quo</strong></span> <span class='ocrx_word' id='word_1_42' title='bbox 209 969 422 1024; x_wconf 87' lang='lat' dir='ltr'><strong>dictutn</strong></span> <span class='ocrx_word' id='word_1_43' title='bbox 450 979 534 1025; x_wconf 86' lang='lat' dir='ltr'><strong>est</strong></span> <span class='ocrx_word' id='word_1_44' title='bbox 564 987 578 1023; x_wconf 91' lang='lat'><strong>:</strong></span> <span class='ocrx_word' id='word_1_45' title='bbox 624 968 851 1024; x_wconf 78' lang='lat' dir='ltr'><strong>Vidimus</strong></span> <span class='ocrx_word' id='word_1_46' title='bbox 879 986 1012 1032; x_wconf 85' lang='lat' dir='ltr'><strong>eum,</strong></span> <span class='ocrx_word' id='word_1_47' title='bbox 1042 980 1210 1030; x_wconf 77' lang='lat' dir='ltr'><strong>etnon</strong></span> <span class='ocrx_word' id='word_1_48' title='bbox 1239 967 1449 1020; x_wconf 80' lang='lat' dir='ltr'><strong>habebnt</strong></span> <span class='ocrx_word' id='word_1_49' title='bbox 1469 967 1686 1034; x_wconf 74' lang='lat' dir='ltr'><strong>speciem</strong></span> 
     </span>
    </p>
   </div>
   <div class='ocr_carea' id='block_1_8' title="bbox 91 1059 1683 1132">
    <p class='ocr_par' dir='ltr' id='par_1_8' title="bbox 91 1059 1683 1132">
     <span class='ocr_line' id='line_1_8' title="bbox 91 1059 1683 1132; baseline -0.003 -18"><span class='ocrx_word' id='word_1_50' title='bbox 91 1078 238 1131; x_wconf 74' lang='lat' dir='ltr'><strong>neque</strong></span> <span class='ocrx_word' id='word_1_51' title='bbox 259 1064 498 1116; x_wconf 82' lang='lat' dir='ltr'><strong>decorem</strong></span> <span class='ocrx_word' id='word_1_52' title='bbox 541 1061 690 1132; x_wconf 84' lang='lat' dir='ltr'><strong>(lsai.</strong></span> <span class='ocrx_word' id='word_1_53' title='bbox 721 1075 829 1127; x_wconf 82' lang='lat' dir='ltr'><strong>[.ltl,</strong></span> <span class='ocrx_word' id='word_1_54' title='bbox 871 1061 956 1130; x_wconf 75' lang='lat'><strong>‘3)?</strong></span> <span class='ocrx_word' id='word_1_55' title='bbox 988 1062 1116 1127; x_wconf 84' lang='lat' dir='ltr'><strong>Quis</strong></span> <span class='ocrx_word' id='word_1_56' title='bbox 1147 1075 1253 1116; x_wconf 89' lang='lat' dir='ltr'><strong>non</strong></span> <span class='ocrx_word' id='word_1_57' title='bbox 1287 1059 1512 1112; x_wconf 76' lang='lat' dir='ltr'><strong>habebat</strong></span> <span class='ocrx_word' id='word_1_58' title='bbox 1558 1073 1683 1125; x_wconf 80' lang='lat' dir='ltr'><strong>spc-</strong></span> 
     </span>
    </p>
   </div>
   <div class='ocr_carea' id='block_1_9' title="bbox 91 1147 1686 1224">
    <p class='ocr_par' dir='ltr' id='par_1_9' title="bbox 91 1147 1686 1224">
     <span class='ocr_line' id='line_1_9' title="bbox 91 1147 1686 1224; baseline -0.004 -18"><span class='ocrx_word' id='word_1_59' title='bbox 91 1155 216 1207; x_wconf 87' lang='lat' dir='ltr'><strong>ciem</strong></span> <span class='ocrx_word' id='word_1_60' title='bbox 246 1169 428 1224; x_wconf 89' lang='lat' dir='ltr'><strong>neque</strong></span> <span class='ocrx_word' id='word_1_61' title='bbox 475 1153 760 1208; x_wconf 80' lang='lat' dir='ltr'><strong>decorem?</strong></span> <span class='ocrx_word' id='word_1_62' title='bbox 791 1154 864 1207; x_wconf 86' lang='lat' dir='ltr'><strong>De</strong></span> <span class='ocrx_word' id='word_1_63' title='bbox 905 1168 1010 1221; x_wconf 86' lang='lat' dir='ltr'><strong>quo</strong></span> <span class='ocrx_word' id='word_1_64' title='bbox 1041 1147 1166 1207; x_wconf 85' lang='lat' dir='ltr'><strong>item</strong></span> <span class='ocrx_word' id='word_1_65' title='bbox 1215 1151 1409 1205; x_wconf 87' lang='lat' dir='ltr'><strong>dicitur</strong></span> <span class='ocrx_word' id='word_1_66' title='bbox 1440 1168 1452 1202; x_wconf 92' lang='lat'>:</span> <span class='ocrx_word' id='word_1_67' title='bbox 1483 1147 1686 1219; x_wconf 54' lang='lat' dir='ltr'><strong>Specie.</strong></span> 
     </span>
    </p>
   </div>
   <div class='ocr_carea' id='block_1_10' title="bbox 89 1241 1677 1315">
    <p class='ocr_par' dir='ltr' id='par_1_10' title="bbox 89 1241 1677 1315">
     <span class='ocr_line' id='line_1_10' title="bbox 89 1241 1677 1315; baseline -0.003 -19"><span class='ocrx_word' id='word_1_68' title='bbox 89 1262 168 1297; x_wconf 81' lang='lat' dir='ltr'><strong>sus</strong></span> <span class='ocrx_word' id='word_1_69' title='bbox 193 1251 370 1315; x_wconf 75' lang='lat' dir='ltr'><strong>{arma</strong></span> <span class='ocrx_word' id='word_1_70' title='bbox 390 1261 499 1315; x_wconf 74' lang='lat' dir='ltr'><strong>prie</strong></span> <span class='ocrx_word' id='word_1_71' title='bbox 513 1245 636 1312; x_wconf 76' lang='lat' dir='ltr'><strong>[iliis</strong></span> <span class='ocrx_word' id='word_1_72' title='bbox 657 1247 915 1298; x_wconf 78' lang='lat' dir='ltr'><strong>hominum</strong></span> <span class='ocrx_word' id='word_1_73' title='bbox 945 1243 1112 1313; x_wconf 88' lang='lat' dir='ltr'><strong>(Psal.</strong></span> <span class='ocrx_word' id='word_1_74' title='bbox 1138 1258 1279 1306; x_wconf 68' lang='grc' dir='ltr'><strong>κων,</strong></span> <span class='ocrx_word' id='word_1_75' title='bbox 1305 1241 1385 1310; x_wconf 82' lang='grc'><strong>5).</strong></span> <span class='ocrx_word' id='word_1_76' title='bbox 1414 1241 1483 1297; x_wconf 91' lang='lat' dir='ltr'><strong>Ut</strong></span> <span class='ocrx_word' id='word_1_77' title='bbox 1502 1241 1677 1304; x_wconf 87' lang='lat' dir='ltr'><strong>homo,</strong></span> 
     </span>
    </p>
   </div>
   <div class='ocr_carea' id='block_1_11' title="bbox 91 1335 1684 1406">
    <p class='ocr_par' dir='ltr' id='par_1_11' title="bbox 91 1335 1684 1406">
     <span class='ocr_line' id='line_1_11' title="bbox 91 1335 1684 1406; baseline -0.002 -16"><span class='ocrx_word' id='word_1_78' title='bbox 91 1346 187 1390; x_wconf 87' lang='lat' dir='ltr'><strong>non</strong></span> <span class='ocrx_word' id='word_1_79' title='bbox 221 1336 459 1391; x_wconf 77' lang='lat' dir='ltr'><strong>habebat</strong></span> <span class='ocrx_word' id='word_1_80' title='bbox 484 1339 715 1406; x_wconf 84' lang='lat' dir='ltr'><strong>speciem</strong></span> <span class='ocrx_word' id='word_1_81' title='bbox 745 1353 917 1406; x_wconf 87' lang='lat' dir='ltr'><strong>neque</strong></span> <span class='ocrx_word' id='word_1_82' title='bbox 945 1337 1230 1400; x_wconf 83' lang='lat' dir='ltr'><strong>decorem;</strong></span> <span class='ocrx_word' id='word_1_83' title='bbox 1269 1335 1365 1390; x_wconf 93' lang='lat' dir='ltr'><strong>scd</strong></span> <span class='ocrx_word' id='word_1_84' title='bbox 1408 1337 1684 1402; x_wconf 80' lang='lat' dir='ltr'><strong>speciosus</strong></span> 
     </span>
    </p>
   </div>
   <div class='ocr_carea' id='block_1_12' title="bbox 89 1423 1682 1497">
    <p class='ocr_par' dir='ltr' id='par_1_12' title="bbox 89 1423 1682 1497">
     <span class='ocr_line' id='line_1_12' title="bbox 89 1423 1682 1497; baseline 0 -19"><span class='ocrx_word' id='word_1_85' title='bbox 89 1425 248 1480; x_wconf 80' lang='lat' dir='ltr'><strong>turma</strong></span> <span class='ocrx_word' id='word_1_86' title='bbox 280 1443 354 1482; x_wconf 78' lang='lat' dir='ltr'><strong>ex</strong></span> <span class='ocrx_word' id='word_1_87' title='bbox 388 1442 454 1481; x_wconf 89' lang='lat' dir='ltr'><strong>eo</strong></span> <span class='ocrx_word' id='word_1_88' title='bbox 483 1427 624 1497; x_wconf 90' lang='lat' dir='ltr'><strong>quod</strong></span> <span class='ocrx_word' id='word_1_89' title='bbox 650 1430 734 1484; x_wconf 88' lang='lat' dir='ltr'><strong>est</strong></span> <span class='ocrx_word' id='word_1_90' title='bbox 759 1443 868 1497; x_wconf 63' lang='lat' dir='ltr'><strong>prie</strong></span> <span class='ocrx_word' id='word_1_91' title='bbox 894 1427 1018 1481; x_wconf 79' lang='lat' dir='ltr'><strong>[iliis</strong></span> <span class='ocrx_word' id='word_1_92' title='bbox 1041 1426 1343 1481; x_wconf 83' lang='lat' dir='ltr'><strong>hominum.</strong></span> <span class='ocrx_word' id='word_1_93' title='bbox 1397 1426 1521 1480; x_wconf 86' lang='lat' dir='ltr'><strong>Ideo</strong></span> <span class='ocrx_word' id='word_1_94' title='bbox 1569 1423 1682 1479; x_wconf 79' lang='lat' dir='ltr'><strong>{or-</strong></span> 
     </span>
    </p>
   </div>
   <div class='ocr_carea' id='block_1_13' title="bbox 91 1515 1685 1572">
    <p class='ocr_par' dir='ltr' id='par_1_13' title="bbox 91 1515 1685 1572">
     <span class='ocr_line' id='line_1_13' title="bbox 91 1515 1685 1572; baseline 0.001 -4"><span class='ocrx_word' id='word_1_95' title='bbox 91 1533 221 1569; x_wconf 83' lang='lat' dir='ltr'><strong>niam</strong></span> <span class='ocrx_word' id='word_1_96' title='bbox 251 1516 403 1571; x_wconf 90' lang='lat' dir='ltr'><strong>iilatn</strong></span> <span class='ocrx_word' id='word_1_97' title='bbox 426 1516 717 1572; x_wconf 73' lang='lat' dir='ltr'><strong>deformem</strong></span> <span class='ocrx_word' id='word_1_98' title='bbox 743 1519 757 1550; x_wconf 76' lang='grc'><strong><em>⁸</em></strong></span> <span class='ocrx_word' id='word_1_99' title='bbox 781 1519 958 1572; x_wconf 88' lang='lat' dir='ltr'><strong>carnis</strong></span> <span class='ocrx_word' id='word_1_100' title='bbox 985 1516 1272 1571; x_wconf 78' lang='lat' dir='ltr'><strong>estetidetis</strong></span> <span class='ocrx_word' id='word_1_101' title='bbox 1290 1517 1458 1570; x_wconf 83' lang='lat' dir='ltr'><strong>oculis</strong></span> <span class='ocrx_word' id='word_1_102' title='bbox 1475 1515 1685 1569; x_wconf 76' lang='lat' dir='ltr'><strong>intuen-</strong></span> 
     </span>
    </p>
   </div>
   <div class='ocr_carea' id='block_1_14' title="bbox 88 1607 1682 1679">
    <p class='ocr_par' dir='ltr' id='par_1_14' title="bbox 88 1607 1682 1679">
     <span class='ocr_line' id='line_1_14' title="bbox 88 1607 1682 1679; baseline 0.001 -21"><span class='ocrx_word' id='word_1_103' title='bbox 88 1609 236 1666; x_wconf 88' lang='lat' dir='ltr'><strong>tium,</strong></span> <span class='ocrx_word' id='word_1_104' title='bbox 272 1608 405 1676; x_wconf 88' lang='lat' dir='ltr'><strong>quid</strong></span> <span class='ocrx_word' id='word_1_105' title='bbox 435 1607 546 1661; x_wconf 86' lang='lat' dir='ltr'><strong>ait?</strong></span> <span class='ocrx_word' id='word_1_106' title='bbox 577 1608 676 1671; x_wconf 83' lang='lat' dir='ltr'><strong>Qui</strong></span> <span class='ocrx_word' id='word_1_107' title='bbox 694 1607 860 1679; x_wconf 80' lang='lat' dir='ltr'><strong>diligit</strong></span> <span class='ocrx_word' id='word_1_108' title='bbox 884 1625 980 1671; x_wconf 87' lang='lat' dir='ltr'><strong>me,</strong></span> <span class='ocrx_word' id='word_1_109' title='bbox 1009 1609 1251 1661; x_wconf 85' lang='lat' dir='ltr'><strong>mandata</strong></span> <span class='ocrx_word' id='word_1_110' title='bbox 1278 1624 1391 1662; x_wconf 87' lang='lat' dir='ltr'><strong>mea</strong></span> <span class='ocrx_word' id='word_1_111' title='bbox 1428 1611 1682 1672; x_wconf 75' lang='lat' dir='ltr'><strong>custodit;</strong></span> 
     </span>
    </p>
   </div>
   <div class='ocr_carea' id='block_1_15' title="bbox 88 1695 1683 1767">
    <p class='ocr_par' dir='ltr' id='par_1_15' title="bbox 88 1695 1683 1767">
     <span class='ocr_line' id='line_1_15' title="bbox 88 1695 1683 1767; baseline 0.002 -21"><span class='ocrx_word' id='word_1_112' title='bbox 88 1704 129 1747; x_wconf 79' lang='lat' dir='ltr'><strong>et</strong></span> <span class='ocrx_word' id='word_1_113' title='bbox 157 1696 245 1764; x_wconf 89' lang='lat' dir='ltr'><strong>qui</strong></span> <span class='ocrx_word' id='word_1_114' title='bbox 266 1695 443 1764; x_wconf 83' lang='lat' dir='ltr'><strong>diligit</strong></span> <span class='ocrx_word' id='word_1_115' title='bbox 465 1713 562 1764; x_wconf 85' lang='lat' dir='ltr'><strong>me,</strong></span> <span class='ocrx_word' id='word_1_116' title='bbox 593 1698 833 1765; x_wconf 78' lang='lat' dir='ltr'><strong>diligetur</strong></span> <span class='ocrx_word' id='word_1_117' title='bbox 857 1715 889 1751; x_wconf 88' lang='lat' dir='ltr'><strong>a</strong></span> <span class='ocrx_word' id='word_1_118' title='bbox 917 1696 1074 1756; x_wconf 81' lang='lat' dir='ltr'><strong>Patre</strong></span> <span class='ocrx_word' id='word_1_119' title='bbox 1098 1714 1228 1764; x_wconf 85' lang='lat' dir='ltr'><strong>meo,</strong></span> <span class='ocrx_word' id='word_1_120' title='bbox 1255 1706 1302 1751; x_wconf 87' lang='lat' dir='ltr'><strong>et</strong></span> <span class='ocrx_word' id='word_1_121' title='bbox 1339 1713 1433 1767; x_wconf 82' lang='lat' dir='ltr'><strong>ego</strong></span> <span class='ocrx_word' id='word_1_122' title='bbox 1471 1697 1683 1766; x_wconf 84' lang='lat' dir='ltr'><strong>diligam</strong></span> 
     </span>
    </p>
   </div>
   <div class='ocr_carea' id='block_1_16' title="bbox 87 1786 1680 1858">
    <p class='ocr_par' dir='ltr' id='par_1_16' title="bbox 87 1786 1680 1858">
     <span class='ocr_line' id='line_1_16' title="bbox 87 1786 1680 1858; baseline 0 -20"><span class='ocrx_word' id='word_1_123' title='bbox 87 1803 218 1849; x_wconf 84' lang='lat' dir='ltr'><strong>eum,</strong></span> <span class='ocrx_word' id='word_1_124' title='bbox 250 1796 303 1839; x_wconf 84' lang='lat' dir='ltr'><strong>et</strong></span> <span class='ocrx_word' id='word_1_125' title='bbox 322 1789 600 1847; x_wconf 71' lang='lat' dir='ltr'><strong>ostendam</strong></span> <span class='ocrx_word' id='word_1_126' title='bbox 624 1788 702 1841; x_wconf 84' lang='lat' dir='ltr'><strong>illi</strong></span> <span class='ocrx_word' id='word_1_127' title='bbox 747 1789 992 1856; x_wconf 85' lang='lat' dir='ltr'><strong>nteipsum</strong></span> <span class='ocrx_word' id='word_1_128' title='bbox 1021 1786 1198 1858; x_wconf 84' lang='lat' dir='ltr'><strong>(Joan.</strong></span> <span class='ocrx_word' id='word_1_129' title='bbox 1227 1803 1336 1854; x_wconf 79' lang='lat' dir='ltr'><strong>xtv,</strong></span> <span class='ocrx_word' id='word_1_130' title='bbox 1367 1787 1481 1855; x_wconf 73' lang='lat'><strong>2]).</strong></span> <span class='ocrx_word' id='word_1_131' title='bbox 1513 1790 1680 1854; x_wconf 86' lang='lat' dir='ltr'><strong>Quem</strong></span> 
     </span>
    </p>
   </div>
   <div class='ocr_carea' id='block_1_17' title="bbox 85 1876 1682 1946">
    <p class='ocr_par' dir='ltr' id='par_1_17' title="bbox 85 1876 1682 1946">
     <span class='ocr_line' id='line_1_17' title="bbox 85 1876 1682 1946; baseline 0.002 -21"><span class='ocrx_word' id='word_1_132' title='bbox 85 1876 362 1939; x_wconf 80' lang='lat' dir='ltr'><strong>videbant,</strong></span> <span class='ocrx_word' id='word_1_133' title='bbox 390 1886 728 1931; x_wconf 86' lang='lat' dir='ltr'><strong>ostensurum</strong></span> <span class='ocrx_word' id='word_1_134' title='bbox 750 1892 810 1932; x_wconf 89' lang='lat' dir='ltr'><strong>se</strong></span> <span class='ocrx_word' id='word_1_135' title='bbox 851 1877 954 1931; x_wconf 85' lang='lat' dir='ltr'><strong>illis</strong></span> <span class='ocrx_word' id='word_1_136' title='bbox 1003 1877 1368 1946; x_wconf 78' lang='lat' dir='ltr'><strong>promittebat.</strong></span> <span class='ocrx_word' id='word_1_137' title='bbox 1407 1877 1519 1930; x_wconf 71' lang='lat' dir='ltr'><strong>Sed</strong></span> <span class='ocrx_word' id='word_1_138' title='bbox 1558 1877 1682 1939; x_wconf 71' lang='lat' dir='ltr'><strong>quid</strong></span> 
     </span>
    </p>
   </div>
   <div class='ocr_carea' id='block_1_18' title="bbox 86 1968 1682 2036">
    <p class='ocr_par' dir='ltr' id='par_1_18' title="bbox 86 1968 1682 2036">
     <span class='ocr_line' id='line_1_18' title="bbox 86 1968 1682 2036; baseline -0.001 -14"><span class='ocrx_word' id='word_1_139' title='bbox 86 1978 162 2022; x_wconf 88' lang='lat' dir='ltr'><strong>est</strong></span> <span class='ocrx_word' id='word_1_140' title='bbox 191 1971 342 2022; x_wconf 83' lang='lat' dir='ltr'><strong>huc?</strong></span> <span class='ocrx_word' id='word_1_141' title='bbox 369 1969 529 2036; x_wconf 83' lang='lat' dir='ltr'><strong>Quasi</strong></span> <span class='ocrx_word' id='word_1_142' title='bbox 557 1968 780 2032; x_wconf 84' lang='lat' dir='ltr'><strong>diceret,</strong></span> <span class='ocrx_word' id='word_1_143' title='bbox 807 1969 1010 2025; x_wconf 84' lang='lat' dir='ltr'><strong>Videtis</strong></span> <span class='ocrx_word' id='word_1_144' title='bbox 1040 1969 1265 2024; x_wconf 80' lang='lat' dir='ltr'><strong>formam</strong></span> <span class='ocrx_word' id='word_1_145' title='bbox 1286 1970 1444 2027; x_wconf 82' lang='lat' dir='ltr'><strong>servi.</strong></span> <span class='ocrx_word' id='word_1_146' title='bbox 1476 1971 1682 2023; x_wconf 82' lang='lat' dir='ltr'><strong>occulta</strong></span> 
     </span>
    </p>
   </div>
   <div class='ocr_carea' id='block_1_19' title="bbox 83 2060 1684 2130">
    <p class='ocr_par' dir='ltr' id='par_1_19' title="bbox 83 2060 1684 2130">
     <span class='ocr_line' id='line_1_19' title="bbox 83 2060 1684 2130; baseline 0.001 -17"><span class='ocrx_word' id='word_1_147' title='bbox 83 2072 161 2114; x_wconf 89' lang='lat' dir='ltr'><strong>est</strong></span> <span class='ocrx_word' id='word_1_148' title='bbox 188 2060 373 2115; x_wconf 76' lang='lat' dir='ltr'><strong>forma</strong></span> <span class='ocrx_word' id='word_1_149' title='bbox 404 2061 493 2115; x_wconf 79' lang='lat' dir='ltr'><strong>Dei</strong></span> <span class='ocrx_word' id='word_1_150' title='bbox 523 2078 536 2113; x_wconf 85' lang='lat'><strong>:</strong></span> <span class='ocrx_word' id='word_1_151' title='bbox 573 2076 665 2130; x_wconf 86' lang='lat' dir='ltr'><strong>per</strong></span> <span class='ocrx_word' id='word_1_152' title='bbox 695 2061 832 2117; x_wconf 87' lang='lat' dir='ltr'><strong>hanc</strong></span> <span class='ocrx_word' id='word_1_153' title='bbox 856 2061 1010 2117; x_wconf 78' lang='lat' dir='ltr'><strong>Vobis</strong></span> <span class='ocrx_word' id='word_1_154' title='bbox 1036 2061 1300 2127; x_wconf 87' lang='lat' dir='ltr'><strong>blandior,</strong></span> <span class='ocrx_word' id='word_1_155' title='bbox 1342 2062 1482 2121; x_wconf 83' lang='lat' dir='ltr'><strong>illam</strong></span> <span class='ocrx_word' id='word_1_156' title='bbox 1535 2062 1684 2120; x_wconf 82' lang='lat' dir='ltr'><strong>vobis</strong></span> 
     </span>
    </p>
   </div>
   <div class='ocr_carea' id='block_1_20' title="bbox 84 2152 1681 2223">
    <p class='ocr_par' dir='ltr' id='par_1_20' title="bbox 84 2152 1681 2223">
     <span class='ocr_line' id='line_1_20' title="bbox 84 2152 1681 2223; baseline 0.001 -19"><span class='ocrx_word' id='word_1_157' title='bbox 84 2166 275 2216; x_wconf 84' lang='lat' dir='ltr'><strong>servo;</strong></span> <span class='ocrx_word' id='word_1_158' title='bbox 316 2152 419 2207; x_wconf 88' lang='lat' dir='ltr'><strong>hac</strong></span> <span class='ocrx_word' id='word_1_159' title='bbox 452 2168 545 2206; x_wconf 89' lang='lat' dir='ltr'><strong>vos</strong></span> <span class='ocrx_word' id='word_1_160' title='bbox 592 2157 839 2223; x_wconf 84' lang='lat' dir='ltr'><strong>parvulos</strong></span> <span class='ocrx_word' id='word_1_161' title='bbox 878 2155 1077 2220; x_wconf 88' lang='lat' dir='ltr'><strong>nutrio,</strong></span> <span class='ocrx_word' id='word_1_162' title='bbox 1107 2154 1192 2208; x_wconf 91' lang='lat' dir='ltr'><strong>illa</strong></span> <span class='ocrx_word' id='word_1_163' title='bbox 1225 2155 1455 2223; x_wconf 83' lang='lat' dir='ltr'><strong>grandes</strong></span> <span class='ocrx_word' id='word_1_164' title='bbox 1498 2169 1681 2222; x_wconf 72' lang='lat' dir='ltr'><strong>pasco.</strong></span> 
     </span>
    </p>
   </div>
   <div class='ocr_carea' id='block_1_21' title="bbox 81 2242 1686 2314">
    <p class='ocr_par' dir='ltr' id='par_1_21' title="bbox 81 2242 1686 2314">
     <span class='ocr_line' id='line_1_21' title="bbox 81 2242 1686 2314; baseline 0.001 -18"><span class='ocrx_word' id='word_1_165' title='bbox 81 2243 223 2314; x_wconf 81' lang='lat' dir='ltr'><strong>Ergo</strong></span> <span class='ocrx_word' id='word_1_166' title='bbox 249 2253 309 2296; x_wconf 89' lang='lat' dir='ltr'><strong>ut</strong></span> <span class='ocrx_word' id='word_1_167' title='bbox 341 2242 458 2297; x_wconf 71' lang='lat' dir='ltr'><strong>haec</strong></span> <span class='ocrx_word' id='word_1_168' title='bbox 487 2242 617 2297; x_wconf 84' lang='lat' dir='ltr'><strong>ﬁdes</strong></span> <span class='ocrx_word' id='word_1_169' title='bbox 641 2252 821 2298; x_wconf 85' lang='lat' dir='ltr'><strong>nostra</strong></span> <span class='ocrx_word' id='word_1_170' title='bbox 849 2259 952 2314; x_wconf 84' lang='lat' dir='ltr'><strong>qua</strong></span> <span class='ocrx_word' id='word_1_171' title='bbox 997 2259 1306 2314; x_wconf 79' lang='lat' dir='ltr'><strong>purgamur,</strong></span> <span class='ocrx_word' id='word_1_172' title='bbox 1334 2244 1400 2297; x_wconf 92' lang='lat' dir='ltr'><strong>ad</strong></span> <span class='ocrx_word' id='word_1_173' title='bbox 1447 2246 1686 2301; x_wconf 82' lang='lat' dir='ltr'><strong>invisibi-</strong></span> 
     </span>
    </p>
   </div>
   <div class='ocr_carea' id='block_1_22' title="bbox 83 2333 1687 2406">
    <p class='ocr_par' dir='ltr' id='par_1_22' title="bbox 83 2333 1687 2406">
     <span class='ocr_line' id='line_1_22' title="bbox 83 2333 1687 2406; baseline 0.002 -21"><span class='ocrx_word' id='word_1_174' title='bbox 83 2333 146 2386; x_wconf 87' lang='lat' dir='ltr'><strong>lia</strong></span> <span class='ocrx_word' id='word_1_175' title='bbox 179 2343 542 2404; x_wconf 66' lang='lat' dir='ltr'><strong>praeparetur,</strong></span> <span class='ocrx_word' id='word_1_176' title='bbox 572 2335 805 2397; x_wconf 67' lang='lat' dir='ltr'><strong>ltoc&#39;est,</strong></span> <span class='ocrx_word' id='word_1_177' title='bbox 838 2336 979 2402; x_wconf 89' lang='lat' dir='ltr'><strong>quod</strong></span> <span class='ocrx_word' id='word_1_178' title='bbox 1005 2336 1056 2389; x_wconf 87' lang='lat' dir='ltr'><strong>in</strong></span> <span class='ocrx_word' id='word_1_179' title='bbox 1080 2335 1386 2391; x_wconf 85' lang='lat' dir='ltr'><strong>intellectum</strong></span> <span class='ocrx_word' id='word_1_180' title='bbox 1406 2338 1527 2406; x_wconf 81' lang='lat' dir='ltr'><strong>ﬁliis</strong></span> <span class='ocrx_word' id='word_1_181' title='bbox 1559 2337 1687 2391; x_wconf 85' lang='lat' dir='ltr'><strong>Core</strong></span> 
     </span>
    </p>
   </div>
   <div class='ocr_carea' id='block_1_23' title="bbox 80 2425 1683 2493">
    <p class='ocr_par' dir='ltr' id='par_1_23' title="bbox 80 2425 1683 2493">
     <span class='ocr_line' id='line_1_23' title="bbox 80 2425 1683 2493; baseline 0.003 -15"><span class='ocrx_word' id='word_1_182' title='bbox 80 2425 217 2481; x_wconf 76' lang='lat' dir='ltr'><strong>facta</strong></span> <span class='ocrx_word' id='word_1_183' title='bbox 259 2437 397 2481; x_wconf 80' lang='lat' dir='ltr'><strong>sunt</strong></span> <span class='ocrx_word' id='word_1_184' title='bbox 441 2427 537 2480; x_wconf 87' lang='lat' dir='ltr'><strong>ista</strong></span> <span class='ocrx_word' id='word_1_185' title='bbox 585 2429 785 2492; x_wconf 77' lang='lat' dir='ltr'><strong>tinuiia,</strong></span> <span class='ocrx_word' id='word_1_186' title='bbox 813 2440 872 2482; x_wconf 85' lang='lat' dir='ltr'><strong>ut</strong></span> <span class='ocrx_word' id='word_1_187' title='bbox 914 2427 1329 2484; x_wconf 80' lang='lat' dir='ltr'><strong>detraherentur</strong></span> <span class='ocrx_word' id='word_1_188' title='bbox 1372 2432 1574 2493; x_wconf 76' lang='lat' dir='ltr'><strong>sanetis</strong></span> <span class='ocrx_word' id='word_1_189' title='bbox 1620 2444 1683 2488; x_wconf 85' lang='lat' dir='ltr'><strong>ea</strong></span> 
     </span>
    </p>
   </div>
   <div class='ocr_carea' id='block_1_24' title="bbox 79 2517 1681 2589">
    <p class='ocr_par' dir='ltr' id='par_1_24' title="bbox 79 2517 1681 2589">
     <span class='ocr_line' id='line_1_24' title="bbox 79 2517 1681 2589; baseline 0.004 -21"><span class='ocrx_word' id='word_1_190' title='bbox 79 2533 198 2585; x_wconf 77' lang='lat' dir='ltr'><strong>qua:</strong></span> <span class='ocrx_word' id='word_1_191' title='bbox 224 2517 524 2583; x_wconf 81' lang='lat' dir='ltr'><strong>habebant,</strong></span> <span class='ocrx_word' id='word_1_192' title='bbox 548 2518 920 2574; x_wconf 80' lang='lat' dir='ltr'><strong>detraheretur</strong></span> <span class='ocrx_word' id='word_1_193' title='bbox 948 2529 1000 2573; x_wconf 91' lang='lat' dir='ltr'><strong>et</strong></span> <span class='ocrx_word' id='word_1_194' title='bbox 1035 2519 1145 2588; x_wconf 87' lang='lat' dir='ltr'><strong>ipsa</strong></span> <span class='ocrx_word' id='word_1_195' title='bbox 1177 2522 1282 2573; x_wconf 74' lang='lat' dir='ltr'><strong>vita</strong></span> <span class='ocrx_word' id='word_1_196' title='bbox 1324 2519 1636 2589; x_wconf 88' lang='lat' dir='ltr'><strong>temporalis</strong></span> <span class='ocrx_word' id='word_1_197' title='bbox 1667 2538 1681 2574; x_wconf 89' lang='lat'><strong>:</strong></span> 
     </span>
    </p>
   </div>
   <div class='ocr_carea' id='block_1_25' title="bbox 77 2607 1683 2680">
    <p class='ocr_par' dir='ltr' id='par_1_25' title="bbox 77 2607 1683 2680">
     <span class='ocr_line' id='line_1_25' title="bbox 77 2607 1683 2680; baseline 0.002 -19"><span class='ocrx_word' id='word_1_198' title='bbox 77 2622 132 2661; x_wconf 83' lang='lat' dir='ltr'><strong>ut</strong></span> <span class='ocrx_word' id='word_1_199' title='bbox 159 2626 270 2663; x_wconf 81' lang='lat' dir='ltr'><strong>nun</strong></span> <span class='ocrx_word' id='word_1_200' title='bbox 305 2617 531 2680; x_wconf 84' lang='lat' dir='ltr'><strong>propter</strong></span> <span class='ocrx_word' id='word_1_201' title='bbox 568 2607 683 2666; x_wconf 72' lang='lat' dir='ltr'><strong>hzec</strong></span> <span class='ocrx_word' id='word_1_202' title='bbox 706 2610 819 2679; x_wconf 88' lang='lat' dir='ltr'><strong>ipsa</strong></span> <span class='ocrx_word' id='word_1_203' title='bbox 860 2612 1171 2679; x_wconf 82' lang='lat' dir='ltr'><strong>temporalia</strong></span> <span class='ocrx_word' id='word_1_204' title='bbox 1220 2613 1461 2665; x_wconf 76' lang='lat' dir='ltr'><strong>colerent</strong></span> <span class='ocrx_word' id='word_1_205' title='bbox 1511 2611 1683 2672; x_wconf 74' lang='lat' dir='ltr'><strong>ipsum</strong></span> 
     </span>
    </p>
   </div>
   <div class='ocr_carea' id='block_1_26' title="bbox 74 2693 1686 2765">
    <p class='ocr_par' dir='ltr' id='par_1_26' title="bbox 74 2693 1686 2765">
     <span class='ocr_line' id='line_1_26' title="bbox 74 2693 1686 2765; baseline 0.002 -14"><span class='ocrx_word' id='word_1_206' title='bbox 74 2710 376 2765; x_wconf 74' lang='lat' dir='ltr'><strong>atomum,</strong></span> <span class='ocrx_word' id='word_1_207' title='bbox 423 2701 518 2756; x_wconf 84' lang='lat' dir='ltr'><strong>sed</strong></span> <span class='ocrx_word' id='word_1_208' title='bbox 572 2693 767 2755; x_wconf 79' lang='lat' dir='ltr'><strong>amere.</strong></span> <span class='ocrx_word' id='word_1_209' title='bbox 815 2699 958 2754; x_wconf 91' lang='lat' dir='ltr'><strong>illius</strong></span> <span class='ocrx_word' id='word_1_210' title='bbox 1021 2709 1171 2754; x_wconf 86' lang='lat' dir='ltr'><strong>casto</strong></span> <span class='ocrx_word' id='word_1_211' title='bbox 1233 2698 1522 2754; x_wconf 83' lang='lat' dir='ltr'><strong>tolerarent</strong></span> <span class='ocrx_word' id='word_1_212' title='bbox 1570 2700 1686 2755; x_wconf 73' lang='lat' dir='ltr'><strong>lucc</strong></span> 
     </span>
    </p>
   </div>
   <div class='ocr_carea' id='block_1_27' title="bbox 72 2792 1162 2860">
    <p class='ocr_par' dir='ltr' id='par_1_27' title="bbox 72 2792 1162 2860">
     <span class='ocr_line' id='line_1_27' title="bbox 72 2792 1162 2860; baseline 0 -17"><span class='ocrx_word' id='word_1_213' title='bbox 72 2792 258 2844; x_wconf 86' lang='lat' dir='ltr'><strong>omnia</strong></span> <span class='ocrx_word' id='word_1_214' title='bbox 281 2807 412 2860; x_wconf 78' lang='lat' dir='ltr'><strong>qua:</strong></span> <span class='ocrx_word' id='word_1_215' title='bbox 441 2805 534 2859; x_wconf 82' lang='lat' dir='ltr'><strong>pro</strong></span> <span class='ocrx_word' id='word_1_216' title='bbox 560 2798 803 2860; x_wconf 83' lang='lat' dir='ltr'><strong>tempore</strong></span> <span class='ocrx_word' id='word_1_217' title='bbox 831 2800 1162 2860; x_wconf 86' lang='lat' dir='ltr'><strong>paterentur.</strong></span> 
     </span>
    </p>
   </div>
   <div class='ocr_carea' id='block_1_28' title="bbox 163 2870 1685 2953">
    <p class='ocr_par' dir='ltr' id='par_1_28' title="bbox 163 2870 1685 2953">
     <span class='ocr_line' id='line_1_28' title="bbox 163 2870 1685 2953; baseline 0.002 -18"><span class='ocrx_word' id='word_1_218' title='bbox 163 2882 258 2936; x_wconf 86' lang='grc'><strong>17.</strong></span> <span class='ocrx_word' id='word_1_219' title='bbox 293 2870 453 2953; x_wconf 59' lang='grc' dir='ltr'><strong>[τιή-ε.</strong></span> <span class='ocrx_word' id='word_1_220' title='bbox 482 2882 572 2947; x_wconf 83' lang='grc'><strong>18,</strong></span> <span class='ocrx_word' id='word_1_221' title='bbox 601 2879 720 2953; x_wconf 81' lang='lat' dir='ltr'><strong>l9.]</strong></span> <span class='ocrx_word' id='word_1_222' title='bbox 749 2881 983 2952; x_wconf 86' lang='lat' dir='ltr'><strong>Denique</strong></span> <span class='ocrx_word' id='word_1_223' title='bbox 1012 2883 1134 2952; x_wconf 85' lang='lat' dir='ltr'><strong>quia</strong></span> <span class='ocrx_word' id='word_1_224' title='bbox 1182 2881 1557 2937; x_wconf 79' lang='lat' dir='ltr'><strong>intellexerunt</strong></span> <span class='ocrx_word' id='word_1_225' title='bbox 1581 2881 1685 2938; x_wconf 88' lang='lat' dir='ltr'><strong>hoc</strong></span> 
     </span>
    </p>
   </div>
   <div class='ocr_carea' id='block_1_29' title="bbox 73 2972 1682 3044">
    <p class='ocr_par' dir='ltr' id='par_1_29' title="bbox 73 2972 1682 3044">
     <span class='ocr_line' id='line_1_29' title="bbox 73 2972 1682 3044; baseline 0.002 -18"><span class='ocrx_word' id='word_1_226' title='bbox 73 2973 168 3027; x_wconf 84' lang='lat' dir='ltr'><strong>lilii</strong></span> <span class='ocrx_word' id='word_1_227' title='bbox 199 2973 377 3039; x_wconf 87' lang='lat' dir='ltr'><strong>Core,</strong></span> <span class='ocrx_word' id='word_1_228' title='bbox 400 2973 524 3044; x_wconf 87' lang='lat' dir='ltr'><strong>quid</strong></span> <span class='ocrx_word' id='word_1_229' title='bbox 555 2972 774 3028; x_wconf 82' lang='lat' dir='ltr'><strong>dicunt?</strong></span> <span class='ocrx_word' id='word_1_230' title='bbox 799 2973 922 3030; x_wconf 78' lang='lat' dir='ltr'><strong>llazc</strong></span> <span class='ocrx_word' id='word_1_231' title='bbox 947 2974 1117 3027; x_wconf 85' lang='lat' dir='ltr'><strong>onmia</strong></span> <span class='ocrx_word' id='word_1_232' title='bbox 1141 2983 1380 3028; x_wconf 73' lang='lat' dir='ltr'><strong>venerunt</strong></span> <span class='ocrx_word' id='word_1_233' title='bbox 1401 2991 1552 3041; x_wconf 82' lang='lat' dir='ltr'><strong>super</strong></span> <span class='ocrx_word' id='word_1_234' title='bbox 1571 2993 1682 3038; x_wconf 85' lang='lat' dir='ltr'><strong>nos,</strong></span> 
     </span>
    </p>
   </div>
   <div class='ocr_carea' id='block_1_30' title="bbox 69 3066 1688 3132">
    <p class='ocr_par' dir='ltr' id='par_1_30' title="bbox 69 3066 1688 3132">
     <span class='ocr_line' id='line_1_30' title="bbox 69 3066 1688 3132; baseline 0.001 -15"><span class='ocrx_word' id='word_1_235' title='bbox 69 3076 114 3117; x_wconf 77' lang='lat' dir='ltr'><strong>et</strong></span> <span class='ocrx_word' id='word_1_236' title='bbox 143 3066 300 3119; x_wconf 78' lang='lat' dir='ltr'><strong>obliti</strong></span> <span class='ocrx_word' id='word_1_237' title='bbox 331 3081 438 3117; x_wconf 82' lang='lat' dir='ltr'><strong>non</strong></span> <span class='ocrx_word' id='word_1_238' title='bbox 453 3081 626 3117; x_wconf 85' lang='lat' dir='ltr'><strong>sumus</strong></span> <span class='ocrx_word' id='word_1_239' title='bbox 655 3074 721 3118; x_wconf 87' lang='lat' dir='ltr'><strong>te.</strong></span> <span class='ocrx_word' id='word_1_240' title='bbox 754 3066 892 3132; x_wconf 84' lang='lat' dir='ltr'><strong>Quid</strong></span> <span class='ocrx_word' id='word_1_241' title='bbox 913 3076 1013 3127; x_wconf 89' lang='lat' dir='ltr'><strong>est,</strong></span> <span class='ocrx_word' id='word_1_242' title='bbox 1040 3075 1088 3120; x_wconf 82' lang='lat' dir='ltr'><strong>et</strong></span> <span class='ocrx_word' id='word_1_243' title='bbox 1111 3066 1252 3118; x_wconf 78' lang='lat' dir='ltr'><strong>obliti</strong></span> <span class='ocrx_word' id='word_1_244' title='bbox 1284 3082 1384 3119; x_wconf 87' lang='lat' dir='ltr'><strong>non</strong></span> <span class='ocrx_word' id='word_1_245' title='bbox 1409 3082 1582 3119; x_wconf 87' lang='lat' dir='ltr'><strong>sumus</strong></span> <span class='ocrx_word' id='word_1_246' title='bbox 1602 3070 1688 3123; x_wconf 77' lang='lat' dir='ltr'><strong>te?</strong></span> 
     </span>
    </p>
   </div>
   <div class='ocr_carea' id='block_1_31' title="bbox 68 3154 1685 3226">
    <p class='ocr_par' dir='ltr' id='par_1_31' title="bbox 68 3154 1685 3226">
     <span class='ocr_line' id='line_1_31' title="bbox 68 3154 1685 3226; baseline 0.001 -18"><span class='ocrx_word' id='word_1_247' title='bbox 68 3154 137 3208; x_wconf 79' lang='lat' dir='ltr'><strong>Et</strong></span> <span class='ocrx_word' id='word_1_248' title='bbox 177 3157 370 3226; x_wconf 82' lang='lat' dir='ltr'><strong>inique</strong></span> <span class='ocrx_word' id='word_1_249' title='bbox 395 3171 496 3208; x_wconf 87' lang='lat' dir='ltr'><strong>non</strong></span> <span class='ocrx_word' id='word_1_250' title='bbox 525 3154 716 3226; x_wconf 84' lang='lat' dir='ltr'><strong>egimus</strong></span> <span class='ocrx_word' id='word_1_251' title='bbox 745 3157 798 3208; x_wconf 91' lang='lat' dir='ltr'><strong>in</strong></span> <span class='ocrx_word' id='word_1_252' title='bbox 823 3165 1117 3210; x_wconf 84' lang='lat' dir='ltr'><strong>testamento</strong></span> <span class='ocrx_word' id='word_1_253' title='bbox 1149 3166 1236 3210; x_wconf 85' lang='lat' dir='ltr'><strong>tuo</strong></span> <span class='ocrx_word' id='word_1_254' title='bbox 1270 3173 1288 3209; x_wconf 92' lang='lat'><strong><em>:</em></strong></span> <span class='ocrx_word' id='word_1_255' title='bbox 1318 3171 1368 3211; x_wconf 84' lang='lat' dir='ltr'><strong>et</strong></span> <span class='ocrx_word' id='word_1_256' title='bbox 1395 3173 1685 3216; x_wconf 76' lang='lat' dir='ltr'><strong>twnreccs-</strong></span> 
     </span>
    </p>
   </div>
   <div class='ocr_carea' id='block_1_32' title="bbox 64 3247 1688 3303">
    <p class='ocr_par' dir='ltr' id='par_1_32' title="bbox 64 3247 1688 3303">
     <span class='ocr_line' id='line_1_32' title="bbox 64 3247 1688 3303; baseline 0.001 -2"><span class='ocrx_word' id='word_1_257' title='bbox 64 3252 128 3301; x_wconf 85' lang='lat' dir='ltr'><strong>sit</strong></span> <span class='ocrx_word' id='word_1_258' title='bbox 157 3259 309 3302; x_wconf 84' lang='lat' dir='ltr'><strong>retro</strong></span> <span class='ocrx_word' id='word_1_259' title='bbox 356 3263 446 3299; x_wconf 88' lang='lat' dir='ltr'><strong>cor</strong></span> <span class='ocrx_word' id='word_1_260' title='bbox 479 3256 706 3300; x_wconf 86' lang='lat' dir='ltr'><strong>nostrum</strong></span> <span class='ocrx_word' id='word_1_261' title='bbox 733 3262 754 3301; x_wconf 90' lang='lat'><strong><em>:</em></strong></span> <span class='ocrx_word' id='word_1_262' title='bbox 773 3256 820 3299; x_wconf 80' lang='lat' dir='ltr'><strong>et</strong></span> <span class='ocrx_word' id='word_1_263' title='bbox 852 3247 1116 3301; x_wconf 85' lang='lat' dir='ltr'><strong>declinasti</strong></span> <span class='ocrx_word' id='word_1_264' title='bbox 1141 3248 1342 3301; x_wconf 77' lang='lat' dir='ltr'><strong>semitas</strong></span> <span class='ocrx_word' id='word_1_265' title='bbox 1388 3259 1586 3302; x_wconf 79' lang='lat' dir='ltr'><strong>nostras</strong></span> <span class='ocrx_word' id='word_1_266' title='bbox 1624 3257 1688 3303; x_wconf 70' lang='lat' dir='ltr'><strong>de</strong></span> 
     </span>
    </p>
   </div>
   <div class='ocr_carea' id='block_1_33' title="bbox 64 3337 1687 3407">
    <p class='ocr_par' dir='ltr' id='par_1_33' title="bbox 64 3337 1687 3407">
     <span class='ocr_line' id='line_1_33' title="bbox 64 3337 1687 3407; baseline 0 -15"><span class='ocrx_word' id='word_1_267' title='bbox 64 3340 146 3392; x_wconf 68' lang='lat' dir='ltr'><strong>sia</strong></span> <span class='ocrx_word' id='word_1_268' title='bbox 175 3349 296 3392; x_wconf 84' lang='lat' dir='ltr'><strong>tua.</strong></span> <span class='ocrx_word' id='word_1_269' title='bbox 327 3337 468 3391; x_wconf 83' lang='lat' dir='ltr'><strong>Ecce</strong></span> <span class='ocrx_word' id='word_1_270' title='bbox 495 3347 577 3392; x_wconf 90' lang='lat' dir='ltr'><strong>est</strong></span> <span class='ocrx_word' id='word_1_271' title='bbox 621 3338 942 3403; x_wconf 88' lang='lat' dir='ltr'><strong>intellectus,</strong></span> <span class='ocrx_word' id='word_1_272' title='bbox 972 3339 1093 3407; x_wconf 91' lang='lat' dir='ltr'><strong>quia</strong></span> <span class='ocrx_word' id='word_1_273' title='bbox 1144 3354 1249 3392; x_wconf 90' lang='lat' dir='ltr'><strong>non</strong></span> <span class='ocrx_word' id='word_1_274' title='bbox 1279 3339 1499 3392; x_wconf 83' lang='lat' dir='ltr'><strong>recessit</strong></span> <span class='ocrx_word' id='word_1_275' title='bbox 1538 3349 1687 3400; x_wconf 87' lang='lat' dir='ltr'><strong>retro</strong></span> 
     </span>
    </p>
   </div>
   <div class='ocr_carea' id='block_1_34' title="bbox 63 3428 1686 3500">
    <p class='ocr_par' dir='ltr' id='par_1_34' title="bbox 63 3428 1686 3500">
     <span class='ocr_line' id='line_1_34' title="bbox 63 3428 1686 3500; baseline -0.001 -14"><span class='ocrx_word' id='word_1_276' title='bbox 63 3445 162 3486; x_wconf 88' lang='lat' dir='ltr'><strong>cor</strong></span> <span class='ocrx_word' id='word_1_277' title='bbox 186 3441 472 3490; x_wconf 87' lang='lat' dir='ltr'><strong>nostrum,</strong></span> <span class='ocrx_word' id='word_1_278' title='bbox 500 3429 621 3498; x_wconf 90' lang='lat' dir='ltr'><strong>quia</strong></span> <span class='ocrx_word' id='word_1_279' title='bbox 649 3428 795 3482; x_wconf 90' lang='lat' dir='ltr'><strong>obliti</strong></span> <span class='ocrx_word' id='word_1_280' title='bbox 844 3446 947 3482; x_wconf 83' lang='lat' dir='ltr'><strong>non</strong></span> <span class='ocrx_word' id='word_1_281' title='bbox 986 3445 1170 3482; x_wconf 87' lang='lat' dir='ltr'><strong>smnus</strong></span> <span class='ocrx_word' id='word_1_282' title='bbox 1221 3439 1291 3494; x_wconf 89' lang='lat' dir='ltr'><strong>te,</strong></span> <span class='ocrx_word' id='word_1_283' title='bbox 1338 3430 1459 3500; x_wconf 88' lang='lat' dir='ltr'><strong>quia</strong></span> <span class='ocrx_word' id='word_1_284' title='bbox 1507 3430 1686 3499; x_wconf 87' lang='lat' dir='ltr'><strong>inique</strong></span> 
     </span>
    </p>
   </div>
   <div class='ocr_carea' id='block_1_35' title="bbox 64 3521 1683 3593">
    <p class='ocr_par' dir='ltr' id='par_1_35' title="bbox 64 3521 1683 3593">
     <span class='ocr_line' id='line_1_35' title="bbox 64 3521 1683 3593; baseline -0.002 -18"><span class='ocrx_word' id='word_1_285' title='bbox 64 3540 174 3575; x_wconf 80' lang='lat' dir='ltr'><strong>non</strong></span> <span class='ocrx_word' id='word_1_286' title='bbox 210 3523 435 3593; x_wconf 78' lang='lat' dir='ltr'><strong>egimus</strong></span> <span class='ocrx_word' id='word_1_287' title='bbox 463 3523 515 3575; x_wconf 91' lang='lat' dir='ltr'><strong>in</strong></span> <span class='ocrx_word' id='word_1_288' title='bbox 546 3529 865 3575; x_wconf 87' lang='lat' dir='ltr'><strong>testamento</strong></span> <span class='ocrx_word' id='word_1_289' title='bbox 897 3532 1007 3586; x_wconf 90' lang='lat' dir='ltr'><strong>tuo,</strong></span> <span class='ocrx_word' id='word_1_290' title='bbox 1043 3521 1200 3588; x_wconf 85' lang='lat' dir='ltr'><strong>positi</strong></span> <span class='ocrx_word' id='word_1_291' title='bbox 1243 3523 1295 3574; x_wconf 91' lang='lat' dir='ltr'><strong>in</strong></span> <span class='ocrx_word' id='word_1_292' title='bbox 1341 3525 1546 3591; x_wconf 76' lang='lat' dir='ltr'><strong>magnis</strong></span> <span class='ocrx_word' id='word_1_293' title='bbox 1588 3525 1683 3575; x_wconf 81' lang='lat' dir='ltr'><strong>tri-</strong></span> 
     </span>
    </p>
   </div>
   <div class='ocr_carea' id='block_1_36' title="bbox 61 3615 1684 3688">
    <p class='ocr_par' dir='ltr' id='par_1_36' title="bbox 61 3615 1684 3688">
     <span class='ocr_line' id='line_1_36' title="bbox 61 3615 1684 3688; baseline -0.002 -20"><span class='ocrx_word' id='word_1_294' title='bbox 61 3615 455 3669; x_wconf 81' lang='lat' dir='ltr'><strong>hulationibus</strong></span> <span class='ocrx_word' id='word_1_295' title='bbox 499 3625 556 3672; x_wconf 85' lang='lat' dir='ltr'><strong>et</strong></span> <span class='ocrx_word' id='word_1_296' title='bbox 593 3617 1057 3688; x_wconf 88' lang='lat' dir='ltr'><strong>persecutionibus</strong></span> <span class='ocrx_word' id='word_1_297' title='bbox 1100 3617 1353 3684; x_wconf 78' lang='lat' dir='ltr'><strong>gentium.</strong></span> <span class='ocrx_word' id='word_1_298' title='bbox 1405 3615 1684 3668; x_wconf 79' lang='lat' dir='ltr'><strong>Declinasti</strong></span> 
     </span>
    </p>
   </div>
   <div class='ocr_carea' id='block_1_37' title="bbox 59 3701 1685 3771">
    <p class='ocr_par' dir='ltr' id='par_1_37' title="bbox 59 3701 1685 3771">
     <span class='ocr_line' id='line_1_37' title="bbox 59 3701 1685 3771; baseline 0.001 -12"><span class='ocrx_word' id='word_1_299' title='bbox 59 3709 284 3761; x_wconf 80' lang='lat' dir='ltr'><strong>semitas</strong></span> <span class='ocrx_word' id='word_1_300' title='bbox 307 3716 515 3762; x_wconf 83' lang='lat' dir='ltr'><strong>nostras</strong></span> <span class='ocrx_word' id='word_1_301' title='bbox 533 3701 700 3771; x_wconf 78' lang='lat' dir='ltr'><strong>devia</strong></span> <span class='ocrx_word' id='word_1_302' title='bbox 727 3717 835 3762; x_wconf 88' lang='lat' dir='ltr'><strong>tua.</strong></span> <span class='ocrx_word' id='word_1_303' title='bbox 865 3707 1080 3766; x_wconf 68' lang='lat' dir='ltr'><strong>Semitm</strong></span> <span class='ocrx_word' id='word_1_304' title='bbox 1124 3709 1266 3761; x_wconf 89' lang='lat' dir='ltr'><strong>enim</strong></span> <span class='ocrx_word' id='word_1_305' title='bbox 1301 3717 1499 3761; x_wconf 78' lang='lat' dir='ltr'><strong>nostrze</strong></span> <span class='ocrx_word' id='word_1_306' title='bbox 1529 3720 1685 3762; x_wconf 87' lang='lat' dir='ltr'><strong>erant</strong></span> 
     </span>
    </p>
   </div>
   <div class='ocr_carea' id='block_1_38' title="bbox 59 3797 1685 3867">
    <p class='ocr_par' dir='ltr' id='par_1_38' title="bbox 59 3797 1685 3867">
     <span class='ocr_line' id='line_1_38' title="bbox 59 3797 1685 3867; baseline 0 -17"><span class='ocrx_word' id='word_1_307' title='bbox 59 3801 111 3851; x_wconf 90' lang='lat' dir='ltr'><strong>in</strong></span> <span class='ocrx_word' id='word_1_308' title='bbox 147 3799 533 3867; x_wconf 80' lang='lat' dir='ltr'><strong>voluptatibus</strong></span> <span class='ocrx_word' id='word_1_309' title='bbox 572 3801 789 3861; x_wconf 48' lang='lat' dir='ltr'><strong>Surculi;</strong></span> <span class='ocrx_word' id='word_1_310' title='bbox 835 3797 1040 3851; x_wconf 67' lang='lat' dir='ltr'><strong>semita:</strong></span> <span class='ocrx_word' id='word_1_311' title='bbox 1069 3807 1266 3851; x_wconf 67' lang='lat' dir='ltr'><strong>nostra»:</strong></span> <span class='ocrx_word' id='word_1_312' title='bbox 1293 3798 1521 3851; x_wconf 87' lang='lat' dir='ltr'><strong>erantin</strong></span> <span class='ocrx_word' id='word_1_313' title='bbox 1563 3813 1685 3866; x_wconf 88' lang='lat' dir='ltr'><strong>pro-</strong></span> 
     </span>
    </p>
   </div>
   <div class='ocr_carea' id='block_1_39' title="bbox 57 3889 1685 3957">
    <p class='ocr_par' dir='ltr' id='par_1_39' title="bbox 57 3889 1685 3957">
     <span class='ocr_line' id='line_1_39' title="bbox 57 3889 1685 3957; baseline -0.001 -16"><span class='ocrx_word' id='word_1_314' title='bbox 57 3890 454 3957; x_wconf 82' lang='lat' dir='ltr'><strong>speritatibus.</strong></span> <span class='ocrx_word' id='word_1_315' title='bbox 499 3891 871 3957; x_wconf 84' lang='lat' dir='ltr'><strong>temporalium</strong></span> <span class='ocrx_word' id='word_1_316' title='bbox 943 3903 1118 3943; x_wconf 83' lang='lat' dir='ltr'><strong>rerum</strong></span> <span class='ocrx_word' id='word_1_317' title='bbox 1162 3909 1172 3942; x_wconf 91' lang='lat'><strong>:</strong></span> <span class='ocrx_word' id='word_1_318' title='bbox 1224 3889 1393 3944; x_wconf 88' lang='lat' dir='ltr'><strong>tulisti</strong></span> <span class='ocrx_word' id='word_1_319' title='bbox 1467 3889 1685 3943; x_wconf 77' lang='lat' dir='ltr'><strong>semitas</strong></span> 
     </span>
    </p>
   </div>
   <div class='ocr_carea' id='block_1_40' title="bbox 55 3980 1686 4049">
    <p class='ocr_par' dir='ltr' id='par_1_40' title="bbox 55 3980 1686 4049">
     <span class='ocr_line' id='line_1_40' title="bbox 55 3980 1686 4049; baseline 0.001 -16"><span class='ocrx_word' id='word_1_320' title='bbox 55 3980 396 4036; x_wconf 84' lang='lat' dir='ltr'><strong>nostras-de</strong></span> <span class='ocrx_word' id='word_1_321' title='bbox 431 3983 513 4034; x_wconf 82' lang='lat' dir='ltr'><strong>via</strong></span> <span class='ocrx_word' id='word_1_322' title='bbox 543 3991 652 4044; x_wconf 84' lang='lat' dir='ltr'><strong>tua,</strong></span> <span class='ocrx_word' id='word_1_323' title='bbox 675 3990 729 4033; x_wconf 90' lang='lat' dir='ltr'><strong>et</strong></span> <span class='ocrx_word' id='word_1_324' title='bbox 771 3980 1049 4036; x_wconf 80' lang='lat' dir='ltr'><strong>ostendisti</strong></span> <span class='ocrx_word' id='word_1_325' title='bbox 1081 3982 1240 4037; x_wconf 17' lang='lat' dir='ltr'><strong>nobis,</strong></span> <span class='ocrx_word' id='word_1_326' title='bbox 1262 3997 1417 4049; x_wconf 78' lang='lat' dir='ltr'><strong>quam</strong></span> <span class='ocrx_word' id='word_1_327' title='bbox 1462 3990 1604 4035; x_wconf 86' lang='lat' dir='ltr'><strong>arcta</strong></span> <span class='ocrx_word' id='word_1_328' title='bbox 1631 3991 1686 4034; x_wconf 91' lang='lat' dir='ltr'><strong>et</strong></span> 
     </span>
    </p>
   </div>
   <div class='ocr_carea' id='block_1_41' title="bbox 53 4069 1684 4141">
    <p class='ocr_par' dir='ltr' id='par_1_41' title="bbox 53 4069 1684 4141">
     <span class='ocr_line' id='line_1_41' title="bbox 53 4069 1684 4141; baseline -0.001 -17"><span class='ocrx_word' id='word_1_329' title='bbox 53 4083 306 4141; x_wconf 77' lang='lat' dir='ltr'><strong>angusta</strong></span> <span class='ocrx_word' id='word_1_330' title='bbox 339 4073 427 4130; x_wconf 68' lang='lat' dir='ltr'><strong>via</strong></span> <span class='ocrx_word' id='word_1_331' title='bbox 453 4080 536 4128; x_wconf 80' lang='lat' dir='ltr'><strong>est</strong></span> <span class='ocrx_word' id='word_1_332' title='bbox 563 4087 682 4140; x_wconf 76' lang='lat' dir='ltr'><strong>qua:</strong></span> <span class='ocrx_word' id='word_1_333' title='bbox 707 4071 853 4125; x_wconf 82' lang='lat' dir='ltr'><strong>ducit</strong></span> <span class='ocrx_word' id='word_1_334' title='bbox 875 4070 939 4124; x_wconf 80' lang='lat' dir='ltr'><strong>ad</strong></span> <span class='ocrx_word' id='word_1_335' title='bbox 975 4072 1155 4123; x_wconf 82' lang='lat' dir='ltr'><strong>vitam.</strong></span> <span class='ocrx_word' id='word_1_336' title='bbox 1196 4069 1257 4122; x_wconf 85' lang='lat' dir='ltr'><strong>Et</strong></span> <span class='ocrx_word' id='word_1_337' title='bbox 1297 4071 1564 4126; x_wconf 71' lang='lat' dir='ltr'><strong>destinasti</strong></span> <span class='ocrx_word' id='word_1_338' title='bbox 1602 4089 1684 4123; x_wconf 86' lang='lat' dir='ltr'><strong>se-</strong></span> 
     </span>
    </p>
   </div>
   <div class='ocr_carea' id='block_1_42' title="bbox 53 4161 1685 4231">
    <p class='ocr_par' dir='ltr' id='par_1_42' title="bbox 53 4161 1685 4231">
     <span class='ocr_line' id='line_1_42' title="bbox 53 4161 1685 4231; baseline -0.001 -17"><span class='ocrx_word' id='word_1_339' title='bbox 53 4167 224 4220; x_wconf 83' lang='lat' dir='ltr'><strong>mitas</strong></span> <span class='ocrx_word' id='word_1_340' title='bbox 275 4172 486 4218; x_wconf 85' lang='lat' dir='ltr'><strong>nostras</strong></span> <span class='ocrx_word' id='word_1_341' title='bbox 527 4163 591 4216; x_wconf 88' lang='lat' dir='ltr'><strong>de</strong></span> <span class='ocrx_word' id='word_1_342' title='bbox 616 4164 697 4216; x_wconf 75' lang='lat' dir='ltr'><strong>uia</strong></span> <span class='ocrx_word' id='word_1_343' title='bbox 746 4174 853 4215; x_wconf 88' lang='lat' dir='ltr'><strong>tua.</strong></span> <span class='ocrx_word' id='word_1_344' title='bbox 878 4161 1015 4231; x_wconf 87' lang='lat' dir='ltr'><strong>Quid</strong></span> <span class='ocrx_word' id='word_1_345' title='bbox 1059 4171 1162 4226; x_wconf 85' lang='lat' dir='ltr'><strong>est,</strong></span> <span class='ocrx_word' id='word_1_346' title='bbox 1193 4163 1457 4216; x_wconf 82' lang='lat' dir='ltr'><strong>declinasti</strong></span> <span class='ocrx_word' id='word_1_347' title='bbox 1482 4164 1685 4220; x_wconf 73' lang='lat' dir='ltr'><strong>semitas</strong></span> 
     </span>
    </p>
   </div>
   <div class='ocr_carea' id='block_1_43' title="bbox 49 4252 1682 4324">
    <p class='ocr_par' dir='ltr' id='par_1_43' title="bbox 49 4252 1682 4324">
     <span class='ocr_line' id='line_1_43' title="bbox 49 4252 1682 4324; baseline -0.003 -14"><span class='ocrx_word' id='word_1_348' title='bbox 49 4271 276 4310; x_wconf 73' lang='lat' dir='ltr'><strong>nostras</strong></span> <span class='ocrx_word' id='word_1_349' title='bbox 307 4257 381 4309; x_wconf 84' lang='lat' dir='ltr'><strong>de</strong></span> <span class='ocrx_word' id='word_1_350' title='bbox 410 4257 489 4308; x_wconf 78' lang='lat' dir='ltr'><strong>via</strong></span> <span class='ocrx_word' id='word_1_351' title='bbox 527 4256 654 4307; x_wconf 83' lang='lat' dir='ltr'><strong>tua?</strong></span> <span class='ocrx_word' id='word_1_352' title='bbox 678 4255 949 4324; x_wconf 80' lang='lat' dir='ltr'><strong>Tanquam</strong></span> <span class='ocrx_word' id='word_1_353' title='bbox 978 4252 1182 4308; x_wconf 87' lang='lat' dir='ltr'><strong>diceret</strong></span> <span class='ocrx_word' id='word_1_354' title='bbox 1222 4254 1397 4316; x_wconf 82' lang='lat' dir='ltr'><strong>nobis,</strong></span> <span class='ocrx_word' id='word_1_355' title='bbox 1428 4253 1482 4306; x_wconf 90' lang='lat' dir='ltr'><strong>ltt</strong></span> <span class='ocrx_word' id='word_1_356' title='bbox 1513 4258 1682 4306; x_wconf 88' lang='lat' dir='ltr'><strong>tribu-</strong></span> 
     </span>
    </p>
   </div>
   <div class='ocr_carea' id='block_1_44' title="bbox 47 4345 1680 4418">
    <p class='ocr_par' dir='ltr' id='par_1_44' title="bbox 47 4345 1680 4418">
     <span class='ocr_line' id='line_1_44' title="bbox 47 4345 1680 4418; baseline -0.006 -14"><span class='ocrx_word' id='word_1_357' title='bbox 47 4353 278 4404; x_wconf 81' lang='lat' dir='ltr'><strong>latione</strong></span> <span class='ocrx_word' id='word_1_358' title='bbox 307 4347 631 4418; x_wconf 68' lang='lat' dir='ltr'><strong>positi,cstis</strong></span> <span class='ocrx_word' id='word_1_359' title='bbox 651 4389 667 4410; x_wconf 93' lang='lat'><strong>,</strong></span> <span class='ocrx_word' id='word_1_360' title='bbox 698 4350 860 4400; x_wconf 84' lang='lat' dir='ltr'><strong>multa</strong></span> <span class='ocrx_word' id='word_1_361' title='bbox 893 4345 1158 4416; x_wconf 87' lang='lat' dir='ltr'><strong>patimini,</strong></span> <span class='ocrx_word' id='word_1_362' title='bbox 1193 4346 1355 4398; x_wconf 84' lang='lat' dir='ltr'><strong>multa</strong></span> <span class='ocrx_word' id='word_1_363' title='bbox 1383 4361 1502 4414; x_wconf 83' lang='lat' dir='ltr'><strong>qua:</strong></span> <span class='ocrx_word' id='word_1_364' title='bbox 1533 4361 1680 4397; x_wconf 86' lang='lat' dir='ltr'><strong>ama-</strong></span> 
     </span>
    </p>
   </div>
   <div class='ocr_carea' id='block_1_45' title="bbox 47 4433 1684 4503">
    <p class='ocr_par' dir='ltr' id='par_1_45' title="bbox 47 4433 1684 4503">
     <span class='ocr_line' id='line_1_45' title="bbox 47 4433 1684 4503; baseline -0.004 -8"><span class='ocrx_word' id='word_1_365' title='bbox 47 4442 202 4496; x_wconf 86' lang='lat' dir='ltr'><strong>batis</strong></span> <span class='ocrx_word' id='word_1_366' title='bbox 241 4442 296 4493; x_wconf 92' lang='lat' dir='ltr'><strong>iu</strong></span> <span class='ocrx_word' id='word_1_367' title='bbox 329 4439 440 4492; x_wconf 89' lang='lat' dir='ltr'><strong>hoc</strong></span> <span class='ocrx_word' id='word_1_368' title='bbox 488 4437 706 4503; x_wconf 74' lang='lat' dir='ltr'><strong>smculo,</strong></span> <span class='ocrx_word' id='word_1_369' title='bbox 761 4436 1019 4490; x_wconf 87' lang='lat' dir='ltr'><strong>amisistis</strong></span> <span class='ocrx_word' id='word_1_370' title='bbox 1047 4452 1063 4488; x_wconf 87' lang='lat'><strong>:</strong></span> <span class='ocrx_word' id='word_1_371' title='bbox 1094 4434 1190 4489; x_wconf 88' lang='lat' dir='ltr'><strong>sed</strong></span> <span class='ocrx_word' id='word_1_372' title='bbox 1220 4451 1325 4488; x_wconf 90' lang='lat' dir='ltr'><strong>non</strong></span> <span class='ocrx_word' id='word_1_373' title='bbox 1374 4449 1469 4488; x_wconf 88' lang='lat' dir='ltr'><strong>vos</strong></span> <span class='ocrx_word' id='word_1_374' title='bbox 1503 4433 1684 4489; x_wconf 85' lang='lat' dir='ltr'><strong>dimisi</strong></span> 
     </span>
    </p>
   </div>
   <div class='ocr_carea' id='block_1_46' title="bbox 1188 388 2268 454">
    <p class='ocr_par' dir='ltr' id='par_1_46' title="bbox 1188 388 2268 454">
     <span class='ocr_line' id='line_1_46' title="bbox 1188 388 2268 454; baseline 0.003 -6"><span class='ocrx_word' id='word_1_375' title='bbox 1188 388 1586 448; x_wconf 74' lang='lat' dir='ltr'><strong>ENABRATIO</strong></span> <span class='ocrx_word' id='word_1_376' title='bbox 1624 388 1690 444; x_wconf 83' lang='lat' dir='ltr'><strong>IN</strong></span> <span class='ocrx_word' id='word_1_377' title='bbox 1731 389 2050 446; x_wconf 74' lang='lat' dir='ltr'><strong>PSALMUM</strong></span> <span class='ocrx_word' id='word_1_378' title='bbox 2090 394 2268 454; x_wconf 79' lang='lat' dir='ltr'><strong>XLIII.</strong></span> 
     </span>
    </p>
   </div>
   <div class='ocr_carea' id='block_1_47' title="bbox 3282 400 3386 458">
    <p class='ocr_par' dir='ltr' id='par_1_47' title="bbox 3282 400 3386 458">
     <span class='ocr_line' id='line_1_47' title="bbox 3282 400 3386 458; baseline 0.019 -1"><span class='ocrx_word' id='word_1_379' title='bbox 3282 400 3386 458; x_wconf 69' lang='lat'><strong>490</strong></span> 
     </span>
    </p>
   </div>
   <div class='ocr_carea' id='block_1_48' title="bbox 1796 507 3381 589">
    <p class='ocr_par' dir='ltr' id='par_1_48' title="bbox 1796 507 3381 589">
     <span class='ocr_line' id='line_1_48' title="bbox 1796 507 3381 589; baseline 0.013 -31"><span class='ocrx_word' id='word_1_380' title='bbox 1796 507 1938 573; x_wconf 87' lang='lat' dir='ltr'><strong>quod</strong></span> <span class='ocrx_word' id='word_1_381' title='bbox 1964 511 2123 563; x_wconf 87' lang='lat' dir='ltr'><strong>modo</strong></span> <span class='ocrx_word' id='word_1_382' title='bbox 2145 512 2339 566; x_wconf 87' lang='lat' dir='ltr'><strong>lectum</strong></span> <span class='ocrx_word' id='word_1_383' title='bbox 2364 523 2441 567; x_wconf 89' lang='lat' dir='ltr'><strong>est</strong></span> <span class='ocrx_word' id='word_1_384' title='bbox 2473 512 2522 567; x_wconf 87' lang='lat' dir='ltr'><strong>in</strong></span> <span class='ocrx_word' id='word_1_385' title='bbox 2550 515 2834 585; x_wconf 77' lang='lat' dir='ltr'><strong>Evangelia</strong></span> <span class='ocrx_word' id='word_1_386' title='bbox 2863 517 3052 586; x_wconf 76' lang='lat' dir='ltr'><strong>(Marc.</strong></span> <span class='ocrx_word' id='word_1_387' title='bbox 3083 537 3155 587; x_wconf 83' lang='lat' dir='ltr'><strong>tv,</strong></span> <span class='ocrx_word' id='word_1_388' title='bbox 3178 517 3265 587; x_wconf 77' lang='lat' dir='ltr'><strong>i6,</strong></span> <span class='ocrx_word' id='word_1_389' title='bbox 3294 525 3381 589; x_wconf 78' lang='lat' dir='ltr'><strong>l7,</strong></span> 
     </span>
    </p>
   </div>
   <div class='ocr_carea' id='block_1_49' title="bbox 1792 597 3380 678">
    <p class='ocr_par' dir='ltr' id='par_1_49' title="bbox 1792 597 3380 678">
     <span class='ocr_line' id='line_1_49' title="bbox 1792 597 3380 678; baseline 0.013 -27"><span class='ocrx_word' id='word_1_390' title='bbox 1792 597 1892 663; x_wconf 75' lang='lat'><strong>9.0,</strong></span> <span class='ocrx_word' id='word_1_391' title='bbox 1921 612 1968 651; x_wconf 88' lang='lat' dir='ltr'><strong>et</strong></span> <span class='ocrx_word' id='word_1_392' title='bbox 1997 599 2124 656; x_wconf 87' lang='lat' dir='ltr'><strong>Luc.</strong></span> <span class='ocrx_word' id='word_1_393' title='bbox 2156 619 2268 668; x_wconf 80' lang='lat' dir='ltr'><strong>vttt,</strong></span> <span class='ocrx_word' id='word_1_394' title='bbox 2301 605 2388 668; x_wconf 83' lang='grc'><strong>15,</strong></span> <span class='ocrx_word' id='word_1_395' title='bbox 2416 605 2524 678; x_wconf 82' lang='grc'><strong>15).</strong></span> <span class='ocrx_word' id='word_1_396' title='bbox 2560 605 2832 666; x_wconf 78' lang='lat' dir='ltr'><strong>Ratliccm.</strong></span> <span class='ocrx_word' id='word_1_397' title='bbox 2866 609 3103 678; x_wconf 83' lang='lat' dir='ltr'><strong>inquam,</strong></span> <span class='ocrx_word' id='word_1_398' title='bbox 3141 611 3380 670; x_wconf 80' lang='lat' dir='ltr'><strong>charita-</strong></span> 
     </span>
    </p>
   </div>
   <div class='ocr_carea' id='block_1_50' title="bbox 1794 690 3378 768">
    <p class='ocr_par' dir='ltr' id='par_1_50' title="bbox 1794 690 3378 768">
     <span class='ocr_line' id='line_1_50' title="bbox 1794 690 3378 768; baseline 0.01 -25"><span class='ocrx_word' id='word_1_399' title='bbox 1794 690 1864 744; x_wconf 91' lang='lat' dir='ltr'><strong>tis</strong></span> <span class='ocrx_word' id='word_1_400' title='bbox 1893 691 2052 756; x_wconf 87' lang='lat' dir='ltr'><strong>habe,</strong></span> <span class='ocrx_word' id='word_1_401' title='bbox 2086 705 2140 746; x_wconf 89' lang='lat' dir='ltr'><strong>ut</strong></span> <span class='ocrx_word' id='word_1_402' title='bbox 2164 709 2285 748; x_wconf 88' lang='lat' dir='ltr'><strong>cum</strong></span> <span class='ocrx_word' id='word_1_403' title='bbox 2312 695 2391 750; x_wconf 87' lang='lat' dir='ltr'><strong>sol</strong></span> <span class='ocrx_word' id='word_1_404' title='bbox 2423 705 2641 751; x_wconf 83' lang='lat' dir='ltr'><strong>exortus</strong></span> <span class='ocrx_word' id='word_1_405' title='bbox 2673 697 2850 762; x_wconf 79' lang='lat' dir='ltr'><strong>fuerit,</strong></span> <span class='ocrx_word' id='word_1_406' title='bbox 2882 716 2985 752; x_wconf 79' lang='lat' dir='ltr'><strong>non</strong></span> <span class='ocrx_word' id='word_1_407' title='bbox 3036 711 3087 754; x_wconf 82' lang='lat' dir='ltr'><strong>te</strong></span> <span class='ocrx_word' id='word_1_408' title='bbox 3113 713 3252 768; x_wconf 86' lang='lat' dir='ltr'><strong>urat,</strong></span> <span class='ocrx_word' id='word_1_409' title='bbox 3283 704 3378 759; x_wconf 86' lang='lat' dir='ltr'><strong>sed</strong></span> 
     </span>
    </p>
   </div>
   <div class='ocr_carea' id='block_1_51' title="bbox 1794 782 3379 858">
    <p class='ocr_par' dir='ltr' id='par_1_51' title="bbox 1794 782 3379 858">
     <span class='ocr_line' id='line_1_51' title="bbox 1794 782 3379 858; baseline 0.009 -25"><span class='ocrx_word' id='word_1_410' title='bbox 1794 783 2012 836; x_wconf 86' lang='lat' dir='ltr'><strong>nutriat.</strong></span> <span class='ocrx_word' id='word_1_411' title='bbox 2046 782 2169 836; x_wconf 78' lang='lat' dir='ltr'><strong>&quot;ccc</strong></span> <span class='ocrx_word' id='word_1_412' title='bbox 2198 785 2366 838; x_wconf 83' lang='lat' dir='ltr'><strong>omnia</strong></span> <span class='ocrx_word' id='word_1_413' title='bbox 2392 797 2630 839; x_wconf 77' lang='lat' dir='ltr'><strong>venerunt</strong></span> <span class='ocrx_word' id='word_1_414' title='bbox 2671 802 2823 858; x_wconf 79' lang='lat' dir='ltr'><strong>super</strong></span> <span class='ocrx_word' id='word_1_415' title='bbox 2866 805 2978 855; x_wconf 84' lang='lat' dir='ltr'><strong>nos,</strong></span> <span class='ocrx_word' id='word_1_416' title='bbox 3019 801 3067 842; x_wconf 77' lang='lat' dir='ltr'><strong>et</strong></span> <span class='ocrx_word' id='word_1_417' title='bbox 3094 791 3236 849; x_wconf 66' lang='lat' dir='ltr'><strong>obliti</strong></span> <span class='ocrx_word' id='word_1_418' title='bbox 3275 811 3379 848; x_wconf 84' lang='lat' dir='ltr'><strong>non</strong></span> 
     </span>
    </p>
   </div>
   <div class='ocr_carea' id='block_1_52' title="bbox 1791 876 3384 946">
    <p class='ocr_par' dir='ltr' id='par_1_52' title="bbox 1791 876 3384 946">
     <span class='ocr_line' id='line_1_52' title="bbox 1791 876 3384 946; baseline 0.008 -21"><span class='ocrx_word' id='word_1_419' title='bbox 1791 889 1964 926; x_wconf 86' lang='lat' dir='ltr'><strong>sumus</strong></span> <span class='ocrx_word' id='word_1_420' title='bbox 1987 883 2068 937; x_wconf 86' lang='lat' dir='ltr'><strong>te;</strong></span> <span class='ocrx_word' id='word_1_421' title='bbox 2094 884 2138 924; x_wconf 87' lang='lat' dir='ltr'><strong>cl</strong></span> <span class='ocrx_word' id='word_1_422' title='bbox 2160 876 2326 945; x_wconf 83' lang='lat' dir='ltr'><strong>inique</strong></span> <span class='ocrx_word' id='word_1_423' title='bbox 2356 894 2454 929; x_wconf 85' lang='lat' dir='ltr'><strong>non</strong></span> <span class='ocrx_word' id='word_1_424' title='bbox 2476 878 2666 946; x_wconf 81' lang='lat' dir='ltr'><strong>egimus</strong></span> <span class='ocrx_word' id='word_1_425' title='bbox 2697 880 2749 930; x_wconf 90' lang='lat' dir='ltr'><strong>in</strong></span> <span class='ocrx_word' id='word_1_426' title='bbox 2777 889 3070 935; x_wconf 84' lang='lat' dir='ltr'><strong>testamento</strong></span> <span class='ocrx_word' id='word_1_427' title='bbox 3092 894 3264 942; x_wconf 61' lang='lat' dir='ltr'><strong>tumet</strong></span> <span class='ocrx_word' id='word_1_428' title='bbox 3282 901 3384 938; x_wconf 87' lang='lat' dir='ltr'><strong>non</strong></span> 
     </span>
    </p>
   </div>
   <div class='ocr_carea' id='block_1_53' title="bbox 1792 965 3384 1039">
    <p class='ocr_par' dir='ltr' id='par_1_53' title="bbox 1792 965 3384 1039">
     <span class='ocr_line' id='line_1_53' title="bbox 1792 965 3384 1039; baseline 0.009 -24"><span class='ocrx_word' id='word_1_429' title='bbox 1792 965 1996 1017; x_wconf 77' lang='lat' dir='ltr'><strong>recessit</strong></span> <span class='ocrx_word' id='word_1_430' title='bbox 2027 976 2160 1019; x_wconf 79' lang='lat' dir='ltr'><strong>retro</strong></span> <span class='ocrx_word' id='word_1_431' title='bbox 2187 984 2273 1020; x_wconf 87' lang='lat' dir='ltr'><strong>cor</strong></span> <span class='ocrx_word' id='word_1_432' title='bbox 2299 980 2547 1021; x_wconf 86' lang='lat' dir='ltr'><strong>nostrum.</strong></span> <span class='ocrx_word' id='word_1_433' title='bbox 2573 968 2677 1023; x_wconf 86' lang='lat' dir='ltr'><strong>Sed</strong></span> <span class='ocrx_word' id='word_1_434' title='bbox 2707 971 2830 1039; x_wconf 86' lang='lat' dir='ltr'><strong>quia</strong></span> <span class='ocrx_word' id='word_1_435' title='bbox 2863 971 2979 1025; x_wconf 58' lang='lat' dir='ltr'><strong>haec</strong></span> <span class='ocrx_word' id='word_1_436' title='bbox 3026 976 3208 1026; x_wconf 78' lang='lat' dir='ltr'><strong>omnia</strong></span> <span class='ocrx_word' id='word_1_437' title='bbox 3245 979 3384 1030; x_wconf 86' lang='lat' dir='ltr'><strong>inter</strong></span> 
     </span>
    </p>
   </div>
   <div class='ocr_carea' id='block_1_54' title="bbox 1794 1057 3380 1132">
    <p class='ocr_par' dir='ltr' id='par_1_54' title="bbox 1794 1057 3380 1132">
     <span class='ocr_line' id='line_1_54' title="bbox 1794 1057 3380 1132; baseline 0.009 -24"><span class='ocrx_word' id='word_1_438' title='bbox 1794 1057 2163 1112; x_wconf 86' lang='lat' dir='ltr'><strong>tribulationes</strong></span> <span class='ocrx_word' id='word_1_439' title='bbox 2192 1059 2436 1121; x_wconf 79' lang='lat' dir='ltr'><strong>facimus,</strong></span> <span class='ocrx_word' id='word_1_440' title='bbox 2461 1062 2568 1128; x_wconf 85' lang='lat' dir='ltr'><strong>jam</strong></span> <span class='ocrx_word' id='word_1_441' title='bbox 2593 1063 2644 1116; x_wconf 91' lang='lat' dir='ltr'><strong>in</strong></span> <span class='ocrx_word' id='word_1_442' title='bbox 2667 1073 2886 1132; x_wconf 81' lang='lat' dir='ltr'><strong>angusta</strong></span> <span class='ocrx_word' id='word_1_443' title='bbox 2920 1066 3000 1117; x_wconf 90' lang='lat' dir='ltr'><strong>via</strong></span> <span class='ocrx_word' id='word_1_444' title='bbox 3024 1065 3380 1132; x_wconf 81' lang='lat' dir='ltr'><strong>ambulantes,</strong></span> 
     </span>
    </p>
   </div>
   <div class='ocr_carea' id='block_1_55' title="bbox 1793 1148 2844 1211">
    <p class='ocr_par' dir='ltr' id='par_1_55' title="bbox 1793 1148 2844 1211">
     <span class='ocr_line' id='line_1_55' title="bbox 1793 1148 2844 1211; baseline 0.006 -11"><span class='ocrx_word' id='word_1_445' title='bbox 1793 1148 2061 1211; x_wconf 62' lang='lat' dir='ltr'><strong>dt‘clinasti</strong></span> <span class='ocrx_word' id='word_1_446' title='bbox 2089 1152 2293 1203; x_wconf 77' lang='lat' dir='ltr'><strong>semitas</strong></span> <span class='ocrx_word' id='word_1_447' title='bbox 2323 1163 2522 1205; x_wconf 83' lang='lat' dir='ltr'><strong>nostras</strong></span> <span class='ocrx_word' id='word_1_448' title='bbox 2543 1153 2607 1204; x_wconf 71' lang='lat' dir='ltr'><strong>de</strong></span> <span class='ocrx_word' id='word_1_449' title='bbox 2636 1154 2716 1205; x_wconf 80' lang='lat' dir='ltr'><strong>oin</strong></span> <span class='ocrx_word' id='word_1_450' title='bbox 2738 1163 2844 1205; x_wconf 88' lang='lat' dir='ltr'><strong>tun.</strong></span> 
     </span>
    </p>
   </div>
   <div class='ocr_carea' id='block_1_56' title="bbox 1866 1240 3384 1312">
    <p class='ocr_par' dir='ltr' id='par_1_56' title="bbox 1866 1240 3384 1312">
     <span class='ocr_line' id='line_1_56' title="bbox 1866 1240 3384 1312; baseline 0.008 -18"><span class='ocrx_word' id='word_1_451' title='bbox 1866 1241 1952 1295; x_wconf 82' lang='grc'><strong>18.</strong></span> <span class='ocrx_word' id='word_1_452' title='bbox 1979 1240 2133 1311; x_wconf 84' lang='lat' dir='ltr'><strong>[vcrs.</strong></span> <span class='ocrx_word' id='word_1_453' title='bbox 2181 1243 2299 1312; x_wconf 65' lang='grc' dir='ltr'><strong>ω]</strong></span> <span class='ocrx_word' id='word_1_454' title='bbox 2331 1245 2580 1311; x_wconf 77' lang='lat' dir='ltr'><strong>Quoniam</strong></span> <span class='ocrx_word' id='word_1_455' title='bbox 2622 1246 2902 1305; x_wconf 73' lang='lat' dir='ltr'><strong>[mutiliasti</strong></span> <span class='ocrx_word' id='word_1_456' title='bbox 2947 1265 3039 1302; x_wconf 88' lang='lat' dir='ltr'><strong>nos</strong></span> <span class='ocrx_word' id='word_1_457' title='bbox 3079 1251 3270 1305; x_wconf 82' lang='lat' dir='ltr'><strong>inloco</strong></span> <span class='ocrx_word' id='word_1_458' title='bbox 3305 1254 3384 1306; x_wconf 54' lang='lat' dir='ltr'><strong>in.</strong></span> 
     </span>
    </p>
   </div>
   <div class='ocr_carea' id='block_1_57' title="bbox 1793 1331 3381 1405">
    <p class='ocr_par' dir='ltr' id='par_1_57' title="bbox 1793 1331 3381 1405">
     <span class='ocr_line' id='line_1_57' title="bbox 1793 1331 3381 1405; baseline 0.009 -21"><span class='ocrx_word' id='word_1_459' title='bbox 1793 1331 2066 1394; x_wconf 76' lang='lat' dir='ltr'><strong>ﬁrmitatis.</strong></span> <span class='ocrx_word' id='word_1_460' title='bbox 2102 1337 2240 1401; x_wconf 74' lang='lat' dir='ltr'><strong>Ergo</strong></span> <span class='ocrx_word' id='word_1_461' title='bbox 2270 1336 2535 1402; x_wconf 59' lang='lat' dir='ltr'><strong>esaltabis</strong></span> <span class='ocrx_word' id='word_1_462' title='bbox 2565 1352 2661 1391; x_wconf 91' lang='lat' dir='ltr'><strong>nos</strong></span> <span class='ocrx_word' id='word_1_463' title='bbox 2695 1342 2745 1391; x_wconf 86' lang='lat' dir='ltr'><strong>in</strong></span> <span class='ocrx_word' id='word_1_464' title='bbox 2773 1339 2892 1392; x_wconf 82' lang='lat' dir='ltr'><strong>loco</strong></span> <span class='ocrx_word' id='word_1_465' title='bbox 2940 1341 3282 1405; x_wconf 73' lang='lat' dir='ltr'><strong>fortitudinis.</strong></span> <span class='ocrx_word' id='word_1_466' title='bbox 3317 1345 3381 1398; x_wconf 78' lang='lat' dir='ltr'><strong>Et</strong></span> 
     </span>
    </p>
   </div>
   <div class='ocr_carea' id='block_1_58' title="bbox 1789 1422 3377 1494">
    <p class='ocr_par' dir='ltr' id='par_1_58' title="bbox 1789 1422 3377 1494">
     <span class='ocr_line' id='line_1_58' title="bbox 1789 1422 3377 1494; baseline 0.006 -22"><span class='ocrx_word' id='word_1_467' title='bbox 1789 1422 1984 1494; x_wconf 84' lang='lat' dir='ltr'><strong>operuit</strong></span> <span class='ocrx_word' id='word_1_468' title='bbox 2011 1439 2101 1476; x_wconf 84' lang='lat' dir='ltr'><strong>nos</strong></span> <span class='ocrx_word' id='word_1_469' title='bbox 2125 1424 2299 1476; x_wconf 80' lang='lat' dir='ltr'><strong>umbra</strong></span> <span class='ocrx_word' id='word_1_470' title='bbox 2317 1427 2510 1478; x_wconf 84' lang='lat' dir='ltr'><strong>mortis.</strong></span> <span class='ocrx_word' id='word_1_471' title='bbox 2540 1428 2662 1481; x_wconf 60' lang='lat' dir='ltr'><strong>Ila&#39;c</strong></span> <span class='ocrx_word' id='word_1_472' title='bbox 2687 1432 2829 1482; x_wconf 85' lang='lat' dir='ltr'><strong>enim</strong></span> <span class='ocrx_word' id='word_1_473' title='bbox 2863 1431 3160 1488; x_wconf 77' lang='lat' dir='ltr'><strong>mortalitas</strong></span> <span class='ocrx_word' id='word_1_474' title='bbox 3190 1436 3377 1489; x_wconf 82' lang='lat' dir='ltr'><strong>umbra</strong></span> 
     </span>
    </p>
   </div>
   <div class='ocr_carea' id='block_1_59' title="bbox 1791 1511 3258 1577">
    <p class='ocr_par' dir='ltr' id='par_1_59' title="bbox 1791 1511 3258 1577">
     <span class='ocr_line' id='line_1_59' title="bbox 1791 1511 3258 1577; baseline 0.006 -14"><span class='ocrx_word' id='word_1_475' title='bbox 1791 1511 1976 1572; x_wconf 81' lang='lat' dir='ltr'><strong>mortis</strong></span> <span class='ocrx_word' id='word_1_476' title='bbox 2001 1523 2096 1564; x_wconf 74' lang='lat' dir='ltr'><strong>est.</strong></span> <span class='ocrx_word' id='word_1_477' title='bbox 2129 1512 2264 1565; x_wconf 69' lang='lat' dir='ltr'><strong>Vera</strong></span> <span class='ocrx_word' id='word_1_478' title='bbox 2298 1530 2442 1567; x_wconf 87' lang='lat' dir='ltr'><strong>mors</strong></span> <span class='ocrx_word' id='word_1_479' title='bbox 2478 1528 2561 1568; x_wconf 73' lang='lat' dir='ltr'><strong>est</strong></span> <span class='ocrx_word' id='word_1_480' title='bbox 2585 1519 2856 1572; x_wconf 86' lang='lat' dir='ltr'><strong>damnatio</strong></span> <span class='ocrx_word' id='word_1_481' title='bbox 2877 1536 2996 1573; x_wconf 88' lang='lat' dir='ltr'><strong>cmn</strong></span> <span class='ocrx_word' id='word_1_482' title='bbox 3026 1520 3258 1577; x_wconf 84' lang='lat' dir='ltr'><strong>diabolo.</strong></span> 
     </span>
    </p>
   </div>
   <div class='ocr_carea' id='block_1_60' title="bbox 1865 1603 3382 1675">
    <p class='ocr_par' dir='ltr' id='par_1_60' title="bbox 1865 1603 3382 1675">
     <span class='ocr_line' id='line_1_60' title="bbox 1865 1603 3382 1675; baseline 0.009 -20"><span class='ocrx_word' id='word_1_483' title='bbox 1865 1604 1951 1655; x_wconf 80' lang='lat'><strong>19.</strong></span> <span class='ocrx_word' id='word_1_484' title='bbox 1983 1609 2133 1672; x_wconf 66' lang='lat' dir='ltr'><strong>chrs.</strong></span> <span class='ocrx_word' id='word_1_485' title='bbox 2164 1603 2284 1675; x_wconf 75' lang='lat'><strong>9.1.]</strong></span> <span class='ocrx_word' id='word_1_486' title='bbox 2334 1606 2395 1658; x_wconf 86' lang='lat' dir='ltr'><strong>Si</strong></span> <span class='ocrx_word' id='word_1_487' title='bbox 2441 1607 2584 1660; x_wconf 77' lang='lat' dir='ltr'><strong>obliti</strong></span> <span class='ocrx_word' id='word_1_488' title='bbox 2617 1625 2790 1663; x_wconf 86' lang='lat' dir='ltr'><strong>sumus</strong></span> <span class='ocrx_word' id='word_1_489' title='bbox 2839 1625 3018 1664; x_wconf 80' lang='lat' dir='ltr'><strong>nomen</strong></span> <span class='ocrx_word' id='word_1_490' title='bbox 3065 1613 3158 1667; x_wconf 80' lang='lat' dir='ltr'><strong>Dei</strong></span> <span class='ocrx_word' id='word_1_491' title='bbox 3197 1617 3382 1670; x_wconf 79' lang='lat' dir='ltr'><strong>nostri.</strong></span> 
     </span>
    </p>
   </div>
   <div class='ocr_carea' id='block_1_61' title="bbox 1792 1691 3381 1772">
    <p class='ocr_par' dir='ltr' id='par_1_61' title="bbox 1792 1691 3381 1772">
     <span class='ocr_line' id='line_1_61' title="bbox 1792 1691 3381 1772; baseline 0.01 -27"><span class='ocrx_word' id='word_1_492' title='bbox 1792 1691 1894 1745; x_wconf 87' lang='lat' dir='ltr'><strong>Iste</strong></span> <span class='ocrx_word' id='word_1_493' title='bbox 1920 1705 2002 1747; x_wconf 88' lang='lat' dir='ltr'><strong>est</strong></span> <span class='ocrx_word' id='word_1_494' title='bbox 2048 1695 2347 1755; x_wconf 80' lang='lat' dir='ltr'><strong>intellectus</strong></span> <span class='ocrx_word' id='word_1_495' title='bbox 2389 1699 2614 1752; x_wconf 87' lang='lat' dir='ltr'><strong>liliorum</strong></span> <span class='ocrx_word' id='word_1_496' title='bbox 2666 1699 2804 1755; x_wconf 84' lang='lat' dir='ltr'><strong>Core</strong></span> <span class='ocrx_word' id='word_1_497' title='bbox 2867 1700 2936 1755; x_wconf 87' lang='lat' dir='ltr'><strong>Et</strong></span> <span class='ocrx_word' id='word_1_498' title='bbox 2960 1720 3003 1757; x_wconf 84' lang='lat' dir='ltr'><strong>st</strong></span> <span class='ocrx_word' id='word_1_499' title='bbox 3045 1714 3381 1772; x_wconf 66' lang='lat' dir='ltr'><strong>expandnnu:</strong></span> 
     </span>
    </p>
   </div>
   <div class='ocr_carea' id='block_1_62' title="bbox 1790 1786 2755 1844">
    <p class='ocr_par' dir='ltr' id='par_1_62' title="bbox 1790 1786 2755 1844">
     <span class='ocr_line' id='line_1_62' title="bbox 1790 1786 2755 1844; baseline 0.008 -12"><span class='ocrx_word' id='word_1_500' title='bbox 1790 1798 1969 1838; x_wconf 81' lang='lat' dir='ltr'><strong>manus</strong></span> <span class='ocrx_word' id='word_1_501' title='bbox 1999 1797 2198 1838; x_wconf 83' lang='lat' dir='ltr'><strong>nostras</strong></span> <span class='ocrx_word' id='word_1_502' title='bbox 2221 1787 2288 1844; x_wconf 76' lang='lat' dir='ltr'><strong>ad</strong></span> <span class='ocrx_word' id='word_1_503' title='bbox 2329 1786 2491 1840; x_wconf 74' lang='lat' dir='ltr'><strong>Deum</strong></span> <span class='ocrx_word' id='word_1_504' title='bbox 2513 1789 2755 1842; x_wconf 86' lang='lat' dir='ltr'><strong>alienum.</strong></span> 
     </span>
    </p>
   </div>
   <div class='ocr_carea' id='block_1_63' title="bbox 1862 1871 3383 1954">
    <p class='ocr_par' dir='ltr' id='par_1_63' title="bbox 1862 1871 3383 1954">
     <span class='ocr_line' id='line_1_63' title="bbox 1862 1871 3383 1954; baseline 0.01 -29"><span class='ocrx_word' id='word_1_505' title='bbox 1862 1874 1930 1926; x_wconf 59' lang='lat'><strong>‘20</strong></span> <span class='ocrx_word' id='word_1_506' title='bbox 1978 1871 2126 1944; x_wconf 82' lang='lat' dir='ltr'><strong>[t-ers.</strong></span> <span class='ocrx_word' id='word_1_507' title='bbox 2158 1873 2274 1947; x_wconf 70' lang='lat'><strong>‘22.]</strong></span> <span class='ocrx_word' id='word_1_508' title='bbox 2326 1874 2514 1930; x_wconf 81' lang='lat' dir='ltr'><strong>Nonne</strong></span> <span class='ocrx_word' id='word_1_509' title='bbox 2543 1877 2680 1932; x_wconf 80' lang='lat' dir='ltr'><strong>Deus</strong></span> <span class='ocrx_word' id='word_1_510' title='bbox 2701 1882 2916 1950; x_wconf 66' lang='lat' dir='ltr'><strong>requiret</strong></span> <span class='ocrx_word' id='word_1_511' title='bbox 2944 1884 3041 1936; x_wconf 84' lang='lat' dir='ltr'><strong>ista</strong></span> <span class='ocrx_word' id='word_1_512' title='bbox 3058 1885 3084 1938; x_wconf 69' lang='grc' dir='ltr'><em>Ρ</em></span> <span class='ocrx_word' id='word_1_513' title='bbox 3102 1883 3131 1938; x_wconf 91' lang='lat' dir='ltr'><strong>l</strong></span> <span class='ocrx_word' id='word_1_514' title='bbox 3137 1901 3227 1954; x_wconf 82' lang='lat' dir='ltr'><strong>pse</strong></span> <span class='ocrx_word' id='word_1_515' title='bbox 3249 1888 3383 1940; x_wconf 83' lang='lat' dir='ltr'><strong>enim</strong></span> 
     </span>
    </p>
   </div>
   <div class='ocr_carea' id='block_1_64' title="bbox 1792 1965 3383 2040">
    <p class='ocr_par' dir='ltr' id='par_1_64' title="bbox 1792 1965 3383 2040">
     <span class='ocr_line' id='line_1_64' title="bbox 1792 1965 3383 2040; baseline 0.013 -26"><span class='ocrx_word' id='word_1_516' title='bbox 1792 1965 1925 2016; x_wconf 88' lang='lat' dir='ltr'><strong>novit</strong></span> <span class='ocrx_word' id='word_1_517' title='bbox 1947 1970 2143 2016; x_wconf 84' lang='lat' dir='ltr'><strong>occulta</strong></span> <span class='ocrx_word' id='word_1_518' title='bbox 2162 1969 2351 2020; x_wconf 80' lang='lat' dir='ltr'><strong>cordis.</strong></span> <span class='ocrx_word' id='word_1_519' title='bbox 2377 1967 2553 2029; x_wconf 80' lang='lat' dir='ltr'><strong>Novit,</strong></span> <span class='ocrx_word' id='word_1_520' title='bbox 2582 1981 2633 2022; x_wconf 91' lang='lat' dir='ltr'><strong>et</strong></span> <span class='ocrx_word' id='word_1_521' title='bbox 2655 1972 2910 2039; x_wconf 89' lang='lat' dir='ltr'><strong>requirit:</strong></span> <span class='ocrx_word' id='word_1_522' title='bbox 2933 1975 2978 2028; x_wconf 89' lang='lat' dir='ltr'><strong>si</strong></span> <span class='ocrx_word' id='word_1_523' title='bbox 2994 1975 3148 2040; x_wconf 29' lang='lat' dir='ltr'><strong>.not&#39;it</strong></span> <span class='ocrx_word' id='word_1_524' title='bbox 3173 1978 3383 2034; x_wconf 79' lang='lat' dir='ltr'><strong>occulta</strong></span> 
     </span>
    </p>
   </div>
   <div class='ocr_carea' id='block_1_65' title="bbox 1790 2055 3382 2136">
    <p class='ocr_par' dir='ltr' id='par_1_65' title="bbox 1790 2055 3382 2136">
     <span class='ocr_line' id='line_1_65' title="bbox 1790 2055 3382 2136; baseline 0.011 -30"><span class='ocrx_word' id='word_1_525' title='bbox 1790 2055 1987 2111; x_wconf 90' lang='lat' dir='ltr'><strong>cordis.</strong></span> <span class='ocrx_word' id='word_1_526' title='bbox 2011 2055 2137 2124; x_wconf 89' lang='lat' dir='ltr'><strong>quid</strong></span> <span class='ocrx_word' id='word_1_527' title='bbox 2164 2057 2232 2110; x_wconf 86' lang='lat' dir='ltr'><strong>ibi</strong></span> <span class='ocrx_word' id='word_1_528' title='bbox 2263 2056 2421 2111; x_wconf 80' lang='lat' dir='ltr'><strong>facit?</strong></span> <span class='ocrx_word' id='word_1_529' title='bbox 2452 2057 2637 2112; x_wconf 83' lang='lat' dir='ltr'><strong>Nonne</strong></span> <span class='ocrx_word' id='word_1_530' title='bbox 2653 2060 2790 2114; x_wconf 85' lang='lat' dir='ltr'><strong>Deus</strong></span> <span class='ocrx_word' id='word_1_531' title='bbox 2823 2065 3037 2132; x_wconf 80' lang='lat' dir='ltr'><strong>requiret</strong></span> <span class='ocrx_word' id='word_1_532' title='bbox 3068 2067 3204 2119; x_wconf 80' lang='lat' dir='ltr'><strong>ista.&quot;</strong></span> <span class='ocrx_word' id='word_1_533' title='bbox 3228 2067 3382 2136; x_wconf 79' lang='lat' dir='ltr'><strong>Novit</strong></span> 
     </span>
    </p>
   </div>
   <div class='ocr_carea' id='block_1_66' title="bbox 1793 2145 3383 2227">
    <p class='ocr_par' dir='ltr' id='par_1_66' title="bbox 1793 2145 3383 2227">
     <span class='ocr_line' id='line_1_66' title="bbox 1793 2145 3383 2227; baseline 0.009 -31"><span class='ocrx_word' id='word_1_534' title='bbox 1793 2145 1953 2210; x_wconf 90' lang='lat' dir='ltr'><strong>inse,</strong></span> <span class='ocrx_word' id='word_1_535' title='bbox 1985 2146 2209 2215; x_wconf 79' lang='lat' dir='ltr'><strong>requirit</strong></span> <span class='ocrx_word' id='word_1_536' title='bbox 2280 2160 2508 2217; x_wconf 75' lang='lat' dir='ltr'><strong>propter</strong></span> <span class='ocrx_word' id='word_1_537' title='bbox 2557 2166 2672 2203; x_wconf 86' lang='lat' dir='ltr'><strong>nos.</strong></span> <span class='ocrx_word' id='word_1_538' title='bbox 2722 2151 2932 2206; x_wconf 83' lang='lat' dir='ltr'><strong>Etenim</strong></span> <span class='ocrx_word' id='word_1_539' title='bbox 2981 2153 3104 2209; x_wconf 84' lang='lat' dir='ltr'><strong>ideo</strong></span> <span class='ocrx_word' id='word_1_540' title='bbox 3158 2153 3383 2227; x_wconf 74' lang='lat' dir='ltr'><strong>requi‘rit</strong></span> 
     </span>
    </p>
   </div>
   <div class='ocr_carea' id='block_1_67' title="bbox 1796 2236 3383 2314">
    <p class='ocr_par' dir='ltr' id='par_1_67' title="bbox 1796 2236 3383 2314">
     <span class='ocr_line' id='line_1_67' title="bbox 1796 2236 3383 2314; baseline 0.009 -27"><span class='ocrx_word' id='word_1_541' title='bbox 1796 2237 1934 2288; x_wconf 84' lang='lat' dir='ltr'><strong>Deus</strong></span> <span class='ocrx_word' id='word_1_542' title='bbox 1959 2236 2263 2305; x_wconf 90' lang='lat' dir='ltr'><strong>aliquando,</strong></span> <span class='ocrx_word' id='word_1_543' title='bbox 2293 2248 2343 2293; x_wconf 91' lang='lat' dir='ltr'><strong>et</strong></span> <span class='ocrx_word' id='word_1_544' title='bbox 2374 2240 2514 2305; x_wconf 36' lang='lat' dir='ltr'><strong>dicit.</strong></span> <span class='ocrx_word' id='word_1_545' title='bbox 2546 2242 2644 2294; x_wconf 84' lang='lat' dir='ltr'><strong>sibi</strong></span> <span class='ocrx_word' id='word_1_546' title='bbox 2695 2243 3049 2310; x_wconf 84' lang='lat' dir='ltr'><strong>innotescere,</strong></span> <span class='ocrx_word' id='word_1_547' title='bbox 3085 2247 3226 2314; x_wconf 88' lang='lat' dir='ltr'><strong>quod</strong></span> <span class='ocrx_word' id='word_1_548' title='bbox 3255 2247 3383 2302; x_wconf 63' lang='lat' dir='ltr'><strong>fat-it</strong></span> 
     </span>
    </p>
   </div>
   <div class='ocr_carea' id='block_1_68' title="bbox 1793 2327 3382 2406">
    <p class='ocr_par' dir='ltr' id='par_1_68' title="bbox 1793 2327 3382 2406">
     <span class='ocr_line' id='line_1_68' title="bbox 1793 2327 3382 2406; baseline 0.009 -29"><span class='ocrx_word' id='word_1_549' title='bbox 1793 2327 1884 2378; x_wconf 83' lang='lat' dir='ltr'><strong>tibi</strong></span> <span class='ocrx_word' id='word_1_550' title='bbox 1918 2327 2273 2383; x_wconf 76' lang='lat' dir='ltr'><strong>innotescere.</strong></span> <span class='ocrx_word' id='word_1_551' title='bbox 2312 2329 2457 2398; x_wconf 83' lang='lat' dir='ltr'><strong>Opus</strong></span> <span class='ocrx_word' id='word_1_552' title='bbox 2501 2348 2656 2385; x_wconf 85' lang='lat' dir='ltr'><strong>suum</strong></span> <span class='ocrx_word' id='word_1_553' title='bbox 2703 2337 2796 2387; x_wconf 89' lang='lat' dir='ltr'><strong>tibi</strong></span> <span class='ocrx_word' id='word_1_554' title='bbox 2840 2337 2998 2395; x_wconf 87' lang='lat' dir='ltr'><strong>dicit,</strong></span> <span class='ocrx_word' id='word_1_555' title='bbox 3049 2356 3153 2391; x_wconf 87' lang='lat' dir='ltr'><strong>non</strong></span> <span class='ocrx_word' id='word_1_556' title='bbox 3193 2344 3382 2406; x_wconf 54' lang='lat' dir='ltr'><strong>cogni-</strong></span> 
     </span>
    </p>
   </div>
   <div class='ocr_carea' id='block_1_69' title="bbox 1793 2418 3378 2497">
    <p class='ocr_par' dir='ltr' id='par_1_69' title="bbox 1793 2418 3378 2497">
     <span class='ocr_line' id='line_1_69' title="bbox 1793 2418 3378 2497; baseline 0.011 -29"><span class='ocrx_word' id='word_1_557' title='bbox 1793 2418 1990 2470; x_wconf 87' lang='lat' dir='ltr'><strong>tionem</strong></span> <span class='ocrx_word' id='word_1_558' title='bbox 2033 2434 2185 2471; x_wconf 90' lang='lat' dir='ltr'><strong>suam</strong></span> <span class='ocrx_word' id='word_1_559' title='bbox 2215 2421 2253 2471; x_wconf 85' lang='grc'><strong>¹.</strong></span> <span class='ocrx_word' id='word_1_560' title='bbox 2291 2421 2527 2474; x_wconf 80' lang='lat' dir='ltr'><strong>Dicimus</strong></span> <span class='ocrx_word' id='word_1_561' title='bbox 2586 2423 2930 2497; x_wconf 85' lang='lat' dir='ltr'><strong>plerumque,</strong></span> <span class='ocrx_word' id='word_1_562' title='bbox 2993 2427 3172 2482; x_wconf 79' lang='lat' dir='ltr'><strong>La-tus</strong></span> <span class='ocrx_word' id='word_1_563' title='bbox 3225 2431 3378 2492; x_wconf 78' lang='lat' dir='ltr'><strong>dies,</strong></span> 
     </span>
    </p>
   </div>
   <div class='ocr_carea' id='block_1_70' title="bbox 1791 2510 3380 2589">
    <p class='ocr_par' dir='ltr' id='par_1_70' title="bbox 1791 2510 3380 2589">
     <span class='ocr_line' id='line_1_70' title="bbox 1791 2510 3380 2589; baseline 0.011 -31"><span class='ocrx_word' id='word_1_564' title='bbox 1791 2510 2001 2579; x_wconf 88' lang='lat' dir='ltr'><strong>quando</strong></span> <span class='ocrx_word' id='word_1_565' title='bbox 2023 2526 2245 2565; x_wconf 81' lang='lat' dir='ltr'><strong>serenus</strong></span> <span class='ocrx_word' id='word_1_566' title='bbox 2288 2525 2369 2567; x_wconf 90' lang='lat' dir='ltr'><strong>est</strong></span> <span class='ocrx_word' id='word_1_567' title='bbox 2401 2533 2414 2566; x_wconf 88' lang='lat'><strong><em>:</em></strong></span> <span class='ocrx_word' id='word_1_568' title='bbox 2441 2517 2692 2585; x_wconf 87' lang='lat' dir='ltr'><strong>numquid</strong></span> <span class='ocrx_word' id='word_1_569' title='bbox 2725 2519 2837 2586; x_wconf 88' lang='lat' dir='ltr'><strong>ipse</strong></span> <span class='ocrx_word' id='word_1_570' title='bbox 2866 2521 2980 2582; x_wconf 81' lang='lat' dir='ltr'><strong>dies</strong></span> <span class='ocrx_word' id='word_1_571' title='bbox 3007 2524 3241 2589; x_wconf 66' lang='lat' dir='ltr'><strong>gaudet?</strong></span> <span class='ocrx_word' id='word_1_572' title='bbox 3275 2525 3380 2578; x_wconf 80' lang='lat' dir='ltr'><strong>Sed</strong></span> 
     </span>
    </p>
   </div>
   <div class='ocr_carea' id='block_1_71' title="bbox 1790 2600 3371 2680">
    <p class='ocr_par' dir='ltr' id='par_1_71' title="bbox 1790 2600 3371 2680">
     <span class='ocr_line' id='line_1_71' title="bbox 1790 2600 3371 2680; baseline 0.012 -29"><span class='ocrx_word' id='word_1_573' title='bbox 1790 2600 2111 2668; x_wconf 82' lang='lat' dir='ltr'><strong>gaudentem</strong></span> <span class='ocrx_word' id='word_1_574' title='bbox 2137 2603 2382 2667; x_wconf 90' lang='lat' dir='ltr'><strong>dicimus,</strong></span> <span class='ocrx_word' id='word_1_575' title='bbox 2414 2609 2534 2675; x_wconf 87' lang='lat' dir='ltr'><strong>quia</strong></span> <span class='ocrx_word' id='word_1_576' title='bbox 2563 2609 2852 2674; x_wconf 82' lang='lat' dir='ltr'><strong>gaudentes</strong></span> <span class='ocrx_word' id='word_1_577' title='bbox 2891 2626 2990 2665; x_wconf 79' lang='lat' dir='ltr'><strong>uos</strong></span> <span class='ocrx_word' id='word_1_578' title='bbox 3019 2611 3159 2669; x_wconf 74' lang='lat' dir='ltr'><strong>facit.</strong></span> <span class='ocrx_word' id='word_1_579' title='bbox 3192 2613 3261 2672; x_wconf 75' lang='lat' dir='ltr'><strong>Et</strong></span> <span class='ocrx_word' id='word_1_580' title='bbox 3289 2616 3371 2680; x_wconf 80' lang='lat' dir='ltr'><strong>di-</strong></span> 
     </span>
    </p>
   </div>
   <div class='ocr_carea' id='block_1_72' title="bbox 1790 2691 3350 2760">
    <p class='ocr_par' dir='ltr' id='par_1_72' title="bbox 1790 2691 3350 2760">
     <span class='ocr_line' id='line_1_72' title="bbox 1790 2691 3350 2760; baseline 0.01 -17"><span class='ocrx_word' id='word_1_581' title='bbox 1790 2691 1959 2744; x_wconf 82' lang='lat' dir='ltr'><strong>cimus</strong></span> <span class='ocrx_word' id='word_1_582' title='bbox 1980 2733 1994 2751; x_wconf 89' lang='lat'><strong><em>.</em></strong></span> <span class='ocrx_word' id='word_1_583' title='bbox 2023 2692 2199 2746; x_wconf 86' lang='lat' dir='ltr'><strong>Triste</strong></span> <span class='ocrx_word' id='word_1_584' title='bbox 2220 2695 2437 2749; x_wconf 66' lang='lat' dir='ltr'><strong>caelum.</strong></span> <span class='ocrx_word' id='word_1_585' title='bbox 2481 2696 2596 2750; x_wconf 85' lang='lat' dir='ltr'><strong>Non</strong></span> <span class='ocrx_word' id='word_1_586' title='bbox 2645 2700 2786 2751; x_wconf 85' lang='lat' dir='ltr'><strong>enim</strong></span> <span class='ocrx_word' id='word_1_587' title='bbox 2813 2711 2898 2754; x_wconf 87' lang='lat' dir='ltr'><strong>est</strong></span> <span class='ocrx_word' id='word_1_588' title='bbox 2923 2701 3058 2754; x_wconf 90' lang='lat' dir='ltr'><strong>ullus</strong></span> <span class='ocrx_word' id='word_1_589' title='bbox 3101 2705 3219 2758; x_wconf 89' lang='lat' dir='ltr'><strong>talis</strong></span> <span class='ocrx_word' id='word_1_590' title='bbox 3256 2721 3350 2760; x_wconf 83' lang='lat' dir='ltr'><strong>seu</strong></span> 
     </span>
    </p>
   </div>
   <div class='ocr_carea' id='block_1_73' title="bbox 1791 2786 3382 2862">
    <p class='ocr_par' dir='ltr' id='par_1_73' title="bbox 1791 2786 3382 2862">
     <span class='ocr_line' id='line_1_73' title="bbox 1791 2786 3382 2862; baseline 0.009 -25"><span class='ocrx_word' id='word_1_591' title='bbox 1791 2799 1882 2838; x_wconf 87' lang='lat' dir='ltr'><strong>sus</strong></span> <span class='ocrx_word' id='word_1_592' title='bbox 1903 2789 1954 2839; x_wconf 88' lang='lat' dir='ltr'><strong>iu</strong></span> <span class='ocrx_word' id='word_1_593' title='bbox 1979 2786 2208 2840; x_wconf 86' lang='lat' dir='ltr'><strong>nubibus</strong></span> <span class='ocrx_word' id='word_1_594' title='bbox 2239 2805 2253 2842; x_wconf 89' lang='lat'>:</span> <span class='ocrx_word' id='word_1_595' title='bbox 2281 2788 2377 2842; x_wconf 90' lang='lat' dir='ltr'><strong>sed</strong></span> <span class='ocrx_word' id='word_1_596' title='bbox 2407 2790 2531 2859; x_wconf 90' lang='lat' dir='ltr'><strong>quia</strong></span> <span class='ocrx_word' id='word_1_597' title='bbox 2569 2790 2816 2848; x_wconf 89' lang='lat' dir='ltr'><strong>homines</strong></span> <span class='ocrx_word' id='word_1_598' title='bbox 2860 2794 3162 2862; x_wconf 68' lang='lat' dir='ltr'><strong>huiusmodi</strong></span> <span class='ocrx_word' id='word_1_599' title='bbox 3197 2798 3382 2852; x_wconf 83' lang='lat' dir='ltr'><strong>viden-</strong></span> 
     </span>
    </p>
   </div>
   <div class='ocr_carea' id='block_1_74' title="bbox 1794 2878 3380 2958">
    <p class='ocr_par' dir='ltr' id='par_1_74' title="bbox 1794 2878 3380 2958">
     <span class='ocr_line' id='line_1_74' title="bbox 1794 2878 3380 2958; baseline 0.011 -30"><span class='ocrx_word' id='word_1_600' title='bbox 1794 2886 1873 2930; x_wconf 83' lang='lat' dir='ltr'><strong>tes</strong></span> <span class='ocrx_word' id='word_1_601' title='bbox 1910 2878 2030 2932; x_wconf 68' lang='lat' dir='ltr'><strong>coeli</strong></span> <span class='ocrx_word' id='word_1_602' title='bbox 2055 2879 2238 2933; x_wconf 77' lang='lat' dir='ltr'><strong>faciem</strong></span> <span class='ocrx_word' id='word_1_603' title='bbox 2261 2881 2672 2948; x_wconf 79' lang='lat' dir='ltr'><strong>contristantur,</strong></span> <span class='ocrx_word' id='word_1_604' title='bbox 2700 2884 2853 2948; x_wconf 84' lang='lat' dir='ltr'><strong>triste</strong></span> <span class='ocrx_word' id='word_1_605' title='bbox 2892 2886 3106 2952; x_wconf 88' lang='lat' dir='ltr'><strong>dicitur,</strong></span> <span class='ocrx_word' id='word_1_606' title='bbox 3140 2904 3206 2943; x_wconf 85' lang='lat' dir='ltr'><strong>eo</strong></span> <span class='ocrx_word' id='word_1_607' title='bbox 3234 2890 3380 2958; x_wconf 67' lang='lat' dir='ltr'><strong>quod</strong></span> 
     </span>
    </p>
   </div>
   <div class='ocr_carea' id='block_1_75' title="bbox 1794 2966 3376 3048">
    <p class='ocr_par' dir='ltr' id='par_1_75' title="bbox 1794 2966 3376 3048">
     <span class='ocr_line' id='line_1_75' title="bbox 1794 2966 3376 3048; baseline 0.008 -31"><span class='ocrx_word' id='word_1_608' title='bbox 1794 2967 1970 3022; x_wconf 83' lang='lat' dir='ltr'><strong>tristes</strong></span> <span class='ocrx_word' id='word_1_609' title='bbox 1991 2966 2132 3021; x_wconf 79' lang='lat' dir='ltr'><strong>facit.</strong></span> <span class='ocrx_word' id='word_1_610' title='bbox 2168 2969 2255 3022; x_wconf 80' lang='lat' dir='ltr'><strong>Sic</strong></span> <span class='ocrx_word' id='word_1_611' title='bbox 2283 2979 2339 3022; x_wconf 80' lang='lat' dir='ltr'><strong>et</strong></span> <span class='ocrx_word' id='word_1_612' title='bbox 2381 2966 2519 3025; x_wconf 76' lang='lat' dir='ltr'><strong>Dens</strong></span> <span class='ocrx_word' id='word_1_613' title='bbox 2546 2987 2875 3048; x_wconf 80' lang='lat' dir='ltr'><strong>cognoscere</strong></span> <span class='ocrx_word' id='word_1_614' title='bbox 2916 2975 3130 3044; x_wconf 78' lang='lat' dir='ltr'><strong>dicitur,</strong></span> <span class='ocrx_word' id='word_1_615' title='bbox 3159 2984 3376 3048; x_wconf 63' lang='lat' dir='ltr'><strong>quando</strong></span> 
     </span>
    </p>
   </div>
   <div class='ocr_carea' id='block_1_76' title="bbox 1790 3060 3382 3128">
    <p class='ocr_par' dir='ltr' id='par_1_76' title="bbox 1790 3060 3382 3128">
     <span class='ocr_line' id='line_1_76' title="bbox 1790 3060 3382 3128; baseline 0.007 -17"><span class='ocrx_word' id='word_1_616' title='bbox 1790 3068 2176 3125; x_wconf 75' lang='lat' dir='ltr'><strong>cognoscentes</strong></span> <span class='ocrx_word' id='word_1_617' title='bbox 2217 3060 2360 3115; x_wconf 80' lang='lat' dir='ltr'><strong>facit.</strong></span> <span class='ocrx_word' id='word_1_618' title='bbox 2416 3061 2555 3116; x_wconf 89' lang='lat' dir='ltr'><strong>Deus</strong></span> <span class='ocrx_word' id='word_1_619' title='bbox 2598 3064 2727 3116; x_wconf 82' lang='lat' dir='ltr'><strong>dicit</strong></span> <span class='ocrx_word' id='word_1_620' title='bbox 2777 3065 2843 3120; x_wconf 88' lang='lat' dir='ltr'><strong>ad</strong></span> <span class='ocrx_word' id='word_1_621' title='bbox 2884 3066 3153 3122; x_wconf 77' lang='lat' dir='ltr'><strong>Abraham</strong></span> <span class='ocrx_word' id='word_1_622' title='bbox 3187 3070 3382 3128; x_wconf 80' lang='lat' dir='ltr'><strong>:Nunc</strong></span> 
     </span>
    </p>
   </div>
   <div class='ocr_carea' id='block_1_77' title="bbox 1790 3151 3378 3226">
    <p class='ocr_par' dir='ltr' id='par_1_77' title="bbox 1790 3151 3378 3226">
     <span class='ocr_line' id='line_1_77' title="bbox 1790 3151 3378 3226; baseline 0.009 -23"><span class='ocrx_word' id='word_1_623' title='bbox 1790 3151 2000 3220; x_wconf 76' lang='lat' dir='ltr'><strong>cognovi</strong></span> <span class='ocrx_word' id='word_1_624' title='bbox 2025 3152 2142 3220; x_wconf 85' lang='lat' dir='ltr'><strong>quia</strong></span> <span class='ocrx_word' id='word_1_625' title='bbox 2169 3161 2222 3204; x_wconf 88' lang='lat' dir='ltr'><strong>tu</strong></span> <span class='ocrx_word' id='word_1_626' title='bbox 2254 3153 2395 3207; x_wconf 82' lang='lat' dir='ltr'><strong>times</strong></span> <span class='ocrx_word' id='word_1_627' title='bbox 2420 3154 2585 3208; x_wconf 83' lang='lat' dir='ltr'><strong>Deum</strong></span> <span class='ocrx_word' id='word_1_628' title='bbox 2616 3155 2767 3226; x_wconf 82' lang='lat' dir='ltr'><strong>(Gen.</strong></span> <span class='ocrx_word' id='word_1_629' title='bbox 2799 3174 2924 3223; x_wconf 55' lang='grc' dir='ltr'>χχιι,</span> <span class='ocrx_word' id='word_1_630' title='bbox 2962 3158 3072 3219; x_wconf 67' lang='grc'><strong>12).</strong></span> <span class='ocrx_word' id='word_1_631' title='bbox 3104 3161 3240 3217; x_wconf 81' lang='lat' dir='ltr'><strong>Ante</strong></span> <span class='ocrx_word' id='word_1_632' title='bbox 3266 3179 3378 3218; x_wconf 81' lang='lat' dir='ltr'><strong>non</strong></span> 
     </span>
    </p>
   </div>
   <div class='ocr_carea' id='block_1_78' title="bbox 1791 3246 3376 3322">
    <p class='ocr_par' dir='ltr' id='par_1_78' title="bbox 1791 3246 3376 3322">
     <span class='ocr_line' id='line_1_78' title="bbox 1791 3246 3376 3322; baseline 0.006 -25"><span class='ocrx_word' id='word_1_633' title='bbox 1791 3246 2145 3314; x_wconf 63' lang='lat' dir='ltr'><strong>Cognoverat?</strong></span> <span class='ocrx_word' id='word_1_634' title='bbox 2191 3246 2295 3300; x_wconf 81' lang='lat' dir='ltr'><strong>Sed</strong></span> <span class='ocrx_word' id='word_1_635' title='bbox 2340 3252 2451 3316; x_wconf 84' lang='lat' dir='ltr'><strong>ipse</strong></span> <span class='ocrx_word' id='word_1_636' title='bbox 2485 3250 2750 3304; x_wconf 74' lang='lat' dir='ltr'><strong>Abraham</strong></span> <span class='ocrx_word' id='word_1_637' title='bbox 2800 3265 2858 3301; x_wconf 76' lang='lat' dir='ltr'><strong>se</strong></span> <span class='ocrx_word' id='word_1_638' title='bbox 2905 3256 3054 3306; x_wconf 84' lang='lat' dir='ltr'><strong>non&#39;</strong></span> <span class='ocrx_word' id='word_1_639' title='bbox 3090 3258 3376 3322; x_wconf 80' lang='lat' dir='ltr'><strong>cognovit:</strong></span> 
     </span>
    </p>
   </div>
   <div class='ocr_carea' id='block_1_79' title="bbox 1792 3337 3381 3416">
    <p class='ocr_par' dir='ltr' id='par_1_79' title="bbox 1792 3337 3381 3416">
     <span class='ocr_line' id='line_1_79' title="bbox 1792 3337 3381 3416; baseline 0.011 -31"><span class='ocrx_word' id='word_1_640' title='bbox 1792 3337 1911 3402; x_wconf 82' lang='lat' dir='ltr'><strong>quia</strong></span> <span class='ocrx_word' id='word_1_641' title='bbox 1937 3337 1986 3389; x_wconf 91' lang='lat' dir='ltr'><strong>iu</strong></span> <span class='ocrx_word' id='word_1_642' title='bbox 2017 3342 2125 3404; x_wconf 82' lang='lat' dir='ltr'><strong>ipsa</strong></span> <span class='ocrx_word' id='word_1_643' title='bbox 2150 3341 2440 3394; x_wconf 85' lang='lat' dir='ltr'><strong>tentatione</strong></span> <span class='ocrx_word' id='word_1_644' title='bbox 2482 3341 2594 3408; x_wconf 86' lang='lat' dir='ltr'><strong>ipse</strong></span> <span class='ocrx_word' id='word_1_645' title='bbox 2638 3340 2738 3392; x_wconf 90' lang='lat' dir='ltr'><strong>sihi</strong></span> <span class='ocrx_word' id='word_1_646' title='bbox 2780 3341 3026 3410; x_wconf 85' lang='lat' dir='ltr'><strong>innotuit.</strong></span> <span class='ocrx_word' id='word_1_647' title='bbox 3061 3346 3381 3416; x_wconf 75' lang='lat' dir='ltr'><strong>Plerumque</strong></span> 
     </span>
    </p>
   </div>
   <div class='ocr_carea' id='block_1_80' title="bbox 1791 3427 3375 3505">
    <p class='ocr_par' dir='ltr' id='par_1_80' title="bbox 1791 3427 3375 3505">
     <span class='ocr_line' id='line_1_80' title="bbox 1791 3427 3375 3505; baseline 0.009 -28"><span class='ocrx_word' id='word_1_648' title='bbox 1791 3427 1932 3478; x_wconf 89' lang='lat' dir='ltr'><strong>enim</strong></span> <span class='ocrx_word' id='word_1_649' title='bbox 1962 3427 2122 3480; x_wconf 88' lang='lat' dir='ltr'><strong>homo</strong></span> <span class='ocrx_word' id='word_1_650' title='bbox 2146 3437 2294 3496; x_wconf 90' lang='lat' dir='ltr'><strong>putat</strong></span> <span class='ocrx_word' id='word_1_651' title='bbox 2330 3444 2576 3498; x_wconf 56' lang='lat' dir='ltr'><strong>scmussc</strong></span> <span class='ocrx_word' id='word_1_652' title='bbox 2603 3433 2745 3504; x_wconf 91' lang='lat' dir='ltr'><strong>quod</strong></span> <span class='ocrx_word' id='word_1_653' title='bbox 2788 3448 2890 3485; x_wconf 87' lang='lat' dir='ltr'><strong>non</strong></span> <span class='ocrx_word' id='word_1_654' title='bbox 2921 3443 3116 3497; x_wconf 76' lang='lat' dir='ltr'><strong>potest,</strong></span> <span class='ocrx_word' id='word_1_655' title='bbox 3148 3449 3239 3489; x_wconf 84' lang='lat' dir='ltr'><strong>aut</strong></span> <span class='ocrx_word' id='word_1_656' title='bbox 3279 3454 3375 3505; x_wconf 78' lang='grc' dir='ltr'><strong>μη-</strong></span> 
     </span>
    </p>
   </div>
   <div class='ocr_carea' id='block_1_81' title="bbox 1796 3519 3371 3587">
    <p class='ocr_par' dir='ltr' id='par_1_81' title="bbox 1796 3519 3371 3587">
     <span class='ocr_line' id='line_1_81' title="bbox 1796 3519 3371 3587; baseline 0.006 -19"><span class='ocrx_word' id='word_1_657' title='bbox 1796 3524 1868 3569; x_wconf 89' lang='lat' dir='ltr'><strong>tat</strong></span> <span class='ocrx_word' id='word_1_658' title='bbox 1898 3530 1956 3570; x_wconf 84' lang='lat' dir='ltr'><strong>se</strong></span> <span class='ocrx_word' id='word_1_659' title='bbox 1981 3532 2083 3569; x_wconf 89' lang='lat' dir='ltr'><strong>non</strong></span> <span class='ocrx_word' id='word_1_660' title='bbox 2111 3532 2266 3582; x_wconf 82' lang='lat' dir='ltr'><strong>posse</strong></span> <span class='ocrx_word' id='word_1_661' title='bbox 2287 3519 2425 3587; x_wconf 87' lang='lat' dir='ltr'><strong>quod</strong></span> <span class='ocrx_word' id='word_1_662' title='bbox 2461 3530 2662 3587; x_wconf 75' lang='lat' dir='ltr'><strong>potest;</strong></span> <span class='ocrx_word' id='word_1_663' title='bbox 2694 3522 2903 3574; x_wconf 84' lang='lat' dir='ltr'><strong>accedit</strong></span> <span class='ocrx_word' id='word_1_664' title='bbox 2932 3525 2997 3574; x_wconf 87' lang='lat' dir='ltr'><strong>ad</strong></span> <span class='ocrx_word' id='word_1_665' title='bbox 3028 3525 3171 3576; x_wconf 88' lang='lat' dir='ltr'><strong>illum</strong></span> <span class='ocrx_word' id='word_1_666' title='bbox 3209 3526 3371 3580; x_wconf 78' lang='lat' dir='ltr'><strong>inter.-</strong></span> 
     </span>
    </p>
   </div>
   <div class='ocr_carea' id='block_1_82' title="bbox 1793 3605 3353 3684">
    <p class='ocr_par' dir='ltr' id='par_1_82' title="bbox 1793 3605 3353 3684">
     <span class='ocr_line' id='line_1_82' title="bbox 1793 3605 3353 3684; baseline 0.006 -26"><span class='ocrx_word' id='word_1_667' title='bbox 1793 3607 1999 3675; x_wconf 82' lang='lat' dir='ltr'><strong>rogatio</strong></span> <span class='ocrx_word' id='word_1_668' title='bbox 2025 3623 2086 3660; x_wconf 70' lang='lat' dir='ltr'><strong>ex</strong></span> <span class='ocrx_word' id='word_1_669' title='bbox 2121 3605 2298 3661; x_wconf 86' lang='lat' dir='ltr'><strong>divina</strong></span> <span class='ocrx_word' id='word_1_670' title='bbox 2334 3608 2755 3677; x_wconf 85' lang='lat' dir='ltr'><strong>dispensatione,</strong></span> <span class='ocrx_word' id='word_1_671' title='bbox 2799 3621 2852 3664; x_wconf 72' lang='grc' dir='ltr'><strong>(ιι</strong></span> <span class='ocrx_word' id='word_1_672' title='bbox 2885 3630 2980 3680; x_wconf 85' lang='lat' dir='ltr'><strong>per</strong></span> <span class='ocrx_word' id='word_1_673' title='bbox 3007 3615 3353 3684; x_wconf 81' lang='lat' dir='ltr'><strong>interrogatio</strong></span> 
     </span>
    </p>
   </div>
   <div class='ocr_carea' id='block_1_83' title="bbox 1792 3699 3381 3777">
    <p class='ocr_par' dir='ltr' id='par_1_83' title="bbox 1792 3699 3381 3777">
     <span class='ocr_line' id='line_1_83' title="bbox 1792 3699 3381 3777; baseline 0.01 -31"><span class='ocrx_word' id='word_1_674' title='bbox 1792 3711 1913 3749; x_wconf 86' lang='lat' dir='ltr'><strong>nem</strong></span> <span class='ocrx_word' id='word_1_675' title='bbox 1942 3706 2099 3750; x_wconf 90' lang='lat' dir='ltr'><strong>notus</strong></span> <span class='ocrx_word' id='word_1_676' title='bbox 2123 3699 2178 3750; x_wconf 86' lang='lat' dir='ltr'><strong>tit</strong></span> <span class='ocrx_word' id='word_1_677' title='bbox 2219 3699 2340 3763; x_wconf 89' lang='lat' dir='ltr'><strong>sibi;</strong></span> <span class='ocrx_word' id='word_1_678' title='bbox 2368 3711 2420 3752; x_wconf 88' lang='lat' dir='ltr'><strong>ct</strong></span> <span class='ocrx_word' id='word_1_679' title='bbox 2461 3701 2653 3759; x_wconf 88' lang='lat' dir='ltr'><strong>dicitur</strong></span> <span class='ocrx_word' id='word_1_680' title='bbox 2685 3702 2822 3755; x_wconf 79' lang='lat' dir='ltr'><strong>Deus</strong></span> <span class='ocrx_word' id='word_1_681' title='bbox 2858 3706 3192 3773; x_wconf 69' lang='lat' dir='ltr'><strong>cognovisse,</strong></span> <span class='ocrx_word' id='word_1_682' title='bbox 3237 3723 3381 3777; x_wconf 76' lang='lat' dir='ltr'><strong>quoa</strong></span> 
     </span>
    </p>
   </div>
   <div class='ocr_carea' id='block_1_84' title="bbox 1793 3789 3381 3865">
    <p class='ocr_par' dir='ltr' id='par_1_84' title="bbox 1793 3789 3381 3865">
     <span class='ocr_line' id='line_1_84' title="bbox 1793 3789 3381 3865; baseline 0.009 -27"><span class='ocrx_word' id='word_1_683' title='bbox 1793 3789 1936 3840; x_wconf 86' lang='lat' dir='ltr'><strong>illum</strong></span> <span class='ocrx_word' id='word_1_684' title='bbox 1967 3791 2088 3842; x_wconf 72' lang='lat' dir='ltr'><strong>fecit</strong></span> <span class='ocrx_word' id='word_1_685' title='bbox 2110 3805 2288 3844; x_wconf 86' lang='lat' dir='ltr'><strong>nosse.</strong></span> <span class='ocrx_word' id='word_1_686' title='bbox 2313 3789 2576 3852; x_wconf 85' lang='lat' dir='ltr'><strong>Numquid</strong></span> <span class='ocrx_word' id='word_1_687' title='bbox 2603 3793 2789 3846; x_wconf 83' lang='lat' dir='ltr'><strong>Petrus</strong></span> <span class='ocrx_word' id='word_1_688' title='bbox 2813 3805 3034 3849; x_wconf 75' lang='lat' dir='ltr'><strong>noverat</strong></span> <span class='ocrx_word' id='word_1_689' title='bbox 3056 3812 3134 3856; x_wconf 85' lang='lat' dir='ltr'><strong>se.</strong></span> <span class='ocrx_word' id='word_1_690' title='bbox 3160 3801 3381 3865; x_wconf 83' lang='lat' dir='ltr'><strong>quando</strong></span> 
     </span>
    </p>
   </div>
   <div class='ocr_carea' id='block_1_85' title="bbox 1790 3876 3376 3956">
    <p class='ocr_par' dir='ltr' id='par_1_85' title="bbox 1790 3876 3376 3956">
     <span class='ocr_line' id='line_1_85' title="bbox 1790 3876 3376 3956; baseline 0.008 -26"><span class='ocrx_word' id='word_1_691' title='bbox 1790 3876 1923 3931; x_wconf 77' lang='lat' dir='ltr'><strong>dixit</strong></span> <span class='ocrx_word' id='word_1_692' title='bbox 1954 3880 2206 3931; x_wconf 87' lang='lat' dir='ltr'><strong>medico:</strong></span> <span class='ocrx_word' id='word_1_693' title='bbox 2239 3878 2423 3931; x_wconf 74' lang='lat' dir='ltr'><strong>Tecum</strong></span> <span class='ocrx_word' id='word_1_694' title='bbox 2457 3898 2568 3932; x_wconf 80' lang='lat' dir='ltr'><strong>sunt</strong></span> <span class='ocrx_word' id='word_1_695' title='bbox 2610 3899 2766 3950; x_wconf 85' lang='lat' dir='ltr'><strong>usque</strong></span> <span class='ocrx_word' id='word_1_696' title='bbox 2790 3882 2859 3940; x_wconf 76' lang='lat' dir='ltr'><strong>ad</strong></span> <span class='ocrx_word' id='word_1_697' title='bbox 2906 3897 3114 3953; x_wconf 79' lang='lat' dir='ltr'><strong>mortem</strong></span> <span class='ocrx_word' id='word_1_698' title='bbox 3165 3889 3376 3956; x_wconf 66' lang='lat' dir='ltr'><strong>(.llatth.</strong></span> 
     </span>
    </p>
   </div>
   <div class='ocr_carea' id='block_1_86' title="bbox 1792 3969 3380 4048">
    <p class='ocr_par' dir='ltr' id='par_1_86' title="bbox 1792 3969 3380 4048">
     <span class='ocr_line' id='line_1_86' title="bbox 1792 3969 3380 4048; baseline 0.011 -30"><span class='ocrx_word' id='word_1_699' title='bbox 1792 3983 1935 4029; x_wconf 66' lang='lat' dir='ltr'><strong>sxw,</strong></span> <span class='ocrx_word' id='word_1_700' title='bbox 1966 3969 2083 4030; x_wconf 77' lang='lat'><strong>55)?</strong></span> <span class='ocrx_word' id='word_1_701' title='bbox 2118 3972 2349 4023; x_wconf 79' lang='lat' dir='ltr'><strong>Medicus</strong></span> <span class='ocrx_word' id='word_1_702' title='bbox 2381 3983 2620 4033; x_wconf 79' lang='lat' dir='ltr'><strong>noverat,</strong></span> <span class='ocrx_word' id='word_1_703' title='bbox 2649 3989 2780 4026; x_wconf 80' lang='lat' dir='ltr'><strong>vena</strong></span> <span class='ocrx_word' id='word_1_704' title='bbox 2828 3976 3087 4044; x_wconf 69' lang='grc' dir='ltr'><strong>ἱιιδρίνοω,</strong></span> <span class='ocrx_word' id='word_1_705' title='bbox 3137 3980 3262 4048; x_wconf 82' lang='lat' dir='ltr'><strong>quid</strong></span> <span class='ocrx_word' id='word_1_706' title='bbox 3296 3981 3380 4034; x_wconf 82' lang='lat' dir='ltr'><strong>itt-</strong></span> 
     </span>
    </p>
   </div>
   <div class='ocr_carea' id='block_1_87' title="bbox 1794 4061 3383 4131">
    <p class='ocr_par' dir='ltr' id='par_1_87' title="bbox 1794 4061 3383 4131">
     <span class='ocr_line' id='line_1_87' title="bbox 1794 4061 3383 4131; baseline 0.009 -21"><span class='ocrx_word' id='word_1_707' title='bbox 1794 4072 1878 4111; x_wconf 89' lang='lat' dir='ltr'><strong>tus</strong></span> <span class='ocrx_word' id='word_1_708' title='bbox 1901 4069 2149 4126; x_wconf 79' lang='lat' dir='ltr'><strong>ageretur</strong></span> <span class='ocrx_word' id='word_1_709' title='bbox 2176 4061 2226 4112; x_wconf 90' lang='lat' dir='ltr'><strong>iu</strong></span> <span class='ocrx_word' id='word_1_710' title='bbox 2276 4070 2498 4129; x_wconf 69' lang='lat' dir='ltr'><strong>mgroto;</strong></span> <span class='ocrx_word' id='word_1_711' title='bbox 2545 4073 2777 4131; x_wconf 65' lang='lat' dir='ltr'><strong>a&#39;grotus</strong></span> <span class='ocrx_word' id='word_1_712' title='bbox 2806 4081 2908 4116; x_wconf 85' lang='lat' dir='ltr'><strong>non</strong></span> <span class='ocrx_word' id='word_1_713' title='bbox 2945 4078 3188 4121; x_wconf 77' lang='lat' dir='ltr'><strong>noverat.</strong></span> <span class='ocrx_word' id='word_1_714' title='bbox 3226 4069 3383 4125; x_wconf 75' lang='lat' dir='ltr'><strong>Venit</strong></span> 
     </span>
    </p>
   </div>
   <div class='ocr_carea' id='block_1_88' title="bbox 1791 4149 3376 4220">
    <p class='ocr_par' dir='ltr' id='par_1_88' title="bbox 1791 4149 3376 4220">
     <span class='ocr_line' id='line_1_88' title="bbox 1791 4149 3376 4220; baseline 0.01 -20"><span class='ocrx_word' id='word_1_715' title='bbox 1791 4149 2030 4202; x_wconf 85' lang='lat' dir='ltr'><strong>accessio</strong></span> <span class='ocrx_word' id='word_1_716' title='bbox 2054 4151 2398 4216; x_wconf 77' lang='lat' dir='ltr'><strong>tentatiottis;</strong></span> <span class='ocrx_word' id='word_1_717' title='bbox 2432 4163 2485 4212; x_wconf 86' lang='lat' dir='ltr'><strong>et</strong></span> <span class='ocrx_word' id='word_1_718' title='bbox 2515 4154 2754 4220; x_wconf 80' lang='lat' dir='ltr'><strong>probavit</strong></span> <span class='ocrx_word' id='word_1_719' title='bbox 2783 4156 3022 4209; x_wconf 84' lang='lat' dir='ltr'><strong>medicus</strong></span> <span class='ocrx_word' id='word_1_720' title='bbox 3056 4163 3376 4216; x_wconf 83' lang='lat' dir='ltr'><strong>sententiam</strong></span> 
     </span>
    </p>
   </div>
   <div class='ocr_carea' id='block_1_89' title="bbox 1791 4245 3382 4321">
    <p class='ocr_par' dir='ltr' id='par_1_89' title="bbox 1791 4245 3382 4321">
     <span class='ocr_line' id='line_1_89' title="bbox 1791 4245 3382 4321; baseline 0.009 -30"><span class='ocrx_word' id='word_1_721' title='bbox 1791 4254 1962 4300; x_wconf 85' lang='lat' dir='ltr'><strong>suam,</strong></span> <span class='ocrx_word' id='word_1_722' title='bbox 1989 4245 2217 4308; x_wconf 80' lang='lat' dir='ltr'><strong>perdidit</strong></span> <span class='ocrx_word' id='word_1_723' title='bbox 2245 4257 2388 4312; x_wconf 68' lang='lat' dir='ltr'><strong>inger</strong></span> <span class='ocrx_word' id='word_1_724' title='bbox 2417 4247 2883 4314; x_wconf 72' lang='lat' dir='ltr'><strong>pra:Stttnptiotti-tii</strong></span> <span class='ocrx_word' id='word_1_725' title='bbox 2916 4265 3082 4304; x_wconf 84' lang='lat' dir='ltr'><strong>suam.</strong></span> <span class='ocrx_word' id='word_1_726' title='bbox 3121 4251 3210 4306; x_wconf 89' lang='lat' dir='ltr'><strong>Sic</strong></span> <span class='ocrx_word' id='word_1_727' title='bbox 3254 4271 3382 4321; x_wconf 63' lang='lat' dir='ltr'><strong>ergo</strong></span> 
     </span>
    </p>
   </div>
   <div class='ocr_carea' id='block_1_90' title="bbox 1791 4333 3374 4414">
    <p class='ocr_par' dir='ltr' id='par_1_90' title="bbox 1791 4333 3374 4414">
     <span class='ocr_line' id='line_1_90' title="bbox 1791 4333 3374 4414; baseline 0.011 -31"><span class='ocrx_word' id='word_1_728' title='bbox 1791 4340 1844 4385; x_wconf 92' lang='lat' dir='ltr'><strong>ct</strong></span> <span class='ocrx_word' id='word_1_729' title='bbox 1869 4333 2016 4384; x_wconf 85' lang='lat' dir='ltr'><strong>novit</strong></span> <span class='ocrx_word' id='word_1_730' title='bbox 2049 4334 2206 4396; x_wconf 84' lang='lat' dir='ltr'><strong>Deus,</strong></span> <span class='ocrx_word' id='word_1_731' title='bbox 2238 4344 2293 4388; x_wconf 87' lang='lat' dir='ltr'><strong>et</strong></span> <span class='ocrx_word' id='word_1_732' title='bbox 2325 4336 2564 4404; x_wconf 73' lang='lat' dir='ltr'><strong>requirit.</strong></span> <span class='ocrx_word' id='word_1_733' title='bbox 2600 4337 2772 4391; x_wconf 77' lang='lat' dir='ltr'><strong>Novit.</strong></span> <span class='ocrx_word' id='word_1_734' title='bbox 2807 4340 3086 4409; x_wconf 74' lang='lat' dir='ltr'><strong>Quomodo</strong></span> <span class='ocrx_word' id='word_1_735' title='bbox 3129 4345 3242 4414; x_wconf 85' lang='lat' dir='ltr'><strong>ipse</strong></span> <span class='ocrx_word' id='word_1_736' title='bbox 3291 4364 3374 4400; x_wconf 84' lang='lat' dir='ltr'><strong>re-</strong></span> 
     </span>
    </p>
   </div>
   <div class='ocr_carea' id='block_1_91' title="bbox 1790 4423 3377 4507">
    <p class='ocr_par' dir='ltr' id='par_1_91' title="bbox 1790 4423 3377 4507">
     <span class='ocr_line' id='line_1_91' title="bbox 1790 4423 3377 4507; baseline 0.011 -35"><span class='ocrx_word' id='word_1_737' title='bbox 1790 4423 1986 4490; x_wconf 81' lang='lat' dir='ltr'><strong>quirit?</strong></span> <span class='ocrx_word' id='word_1_738' title='bbox 2016 4427 2237 4494; x_wconf 84' lang='lat' dir='ltr'><strong>l&#39;r0pter</strong></span> <span class='ocrx_word' id='word_1_739' title='bbox 2267 4436 2333 4486; x_wconf 85' lang='lat' dir='ltr'><strong>te.</strong></span> <span class='ocrx_word' id='word_1_740' title='bbox 2367 4438 2422 4479; x_wconf 88' lang='lat' dir='ltr'><strong>ttt</strong></span> <span class='ocrx_word' id='word_1_741' title='bbox 2444 4439 2494 4480; x_wconf 85' lang='grc' dir='ltr'><strong>ιιι</strong></span> <span class='ocrx_word' id='word_1_742' title='bbox 2527 4430 2764 4487; x_wconf 81' lang='lat' dir='ltr'><strong>invenias</strong></span> <span class='ocrx_word' id='word_1_743' title='bbox 2794 4439 2863 4488; x_wconf 89' lang='lat' dir='ltr'><strong>tc.</strong></span> <span class='ocrx_word' id='word_1_744' title='bbox 2884 4443 2937 4484; x_wconf 89' lang='lat' dir='ltr'><strong>et</strong></span> <span class='ocrx_word' id='word_1_745' title='bbox 2964 4435 3161 4499; x_wconf 65' lang='lat' dir='ltr'><strong>gratias</strong></span> <span class='ocrx_word' id='word_1_746' title='bbox 3184 4450 3310 4507; x_wconf 76' lang='lat' dir='ltr'><strong>agas</strong></span> <span class='ocrx_word' id='word_1_747' title='bbox 3329 4438 3377 4491; x_wconf 91' lang='lat' dir='ltr'><strong>ei</strong></span> 
     </span>
    </p>
   </div>
   <div class='ocr_carea' id='block_1_92' title="bbox 1790 4513 2928 4589">
    <p class='ocr_par' dir='ltr' id='par_1_92' title="bbox 1790 4513 2928 4589">
     <span class='ocr_line' id='line_1_92' title="bbox 1790 4513 2928 4589; baseline 0.007 -23"><span class='ocrx_word' id='word_1_748' title='bbox 1790 4515 1880 4581; x_wconf 85' lang='lat' dir='ltr'><strong>qui</strong></span> <span class='ocrx_word' id='word_1_749' title='bbox 1898 4513 2033 4569; x_wconf 63' lang='lat' dir='ltr'><strong>fecit</strong></span> <span class='ocrx_word' id='word_1_750' title='bbox 2061 4525 2130 4568; x_wconf 77' lang='lat' dir='ltr'><strong>te.</strong></span> <span class='ocrx_word' id='word_1_751' title='bbox 2164 4515 2350 4571; x_wconf 74' lang='lat' dir='ltr'><strong>Nonne</strong></span> <span class='ocrx_word' id='word_1_752' title='bbox 2375 4516 2509 4570; x_wconf 80' lang='lat' dir='ltr'><strong>Deus</strong></span> <span class='ocrx_word' id='word_1_753' title='bbox 2543 4522 2756 4589; x_wconf 76' lang='lat' dir='ltr'><strong>rcqnirct</strong></span> <span class='ocrx_word' id='word_1_754' title='bbox 2786 4522 2928 4575; x_wconf 85' lang='lat' dir='ltr'><strong>ista?</strong></span> 
     </span>
    </p>
   </div>
   <div class='ocr_carea' id='block_1_93' title="bbox 1859 4607 3378 4685">
    <p class='ocr_par' dir='ltr' id='par_1_93' title="bbox 1859 4607 3378 4685">
     <span class='ocr_line' id='line_1_93' title="bbox 1859 4607 3378 4685; baseline 0.01 -25"><span class='ocrx_word' id='word_1_755' title='bbox 1859 4608 1950 4660; x_wconf 72' lang='grc'><strong>21.</strong></span> <span class='ocrx_word' id='word_1_756' title='bbox 1974 4607 2099 4670; x_wconf 82' lang='lat' dir='ltr'><strong>Ipse</strong></span> <span class='ocrx_word' id='word_1_757' title='bbox 2122 4609 2254 4661; x_wconf 82' lang='lat' dir='ltr'><strong>cnim</strong></span> <span class='ocrx_word' id='word_1_758' title='bbox 2280 4612 2413 4661; x_wconf 84' lang='lat' dir='ltr'><strong>nouit</strong></span> <span class='ocrx_word' id='word_1_759' title='bbox 2450 4612 2645 4665; x_wconf 71' lang='lat' dir='ltr'><strong>occulta</strong></span> <span class='ocrx_word' id='word_1_760' title='bbox 2679 4614 2866 4666; x_wconf 80' lang='lat' dir='ltr'><strong>cordis.</strong></span> <span class='ocrx_word' id='word_1_761' title='bbox 2909 4616 3045 4682; x_wconf 83' lang='lat' dir='ltr'><strong>Quid</strong></span> <span class='ocrx_word' id='word_1_762' title='bbox 3088 4629 3192 4685; x_wconf 87' lang='lat' dir='ltr'><strong>est,</strong></span> <span class='ocrx_word' id='word_1_763' title='bbox 3241 4622 3378 4675; x_wconf 83' lang='lat' dir='ltr'><strong>novit</strong></span> 
     </span>
    </p>
   </div>
   <div class='ocr_carea' id='block_1_94' title="bbox 1789 4695 3383 4787">
    <p class='ocr_par' dir='ltr' id='par_1_94' title="bbox 1789 4695 3383 4787">
     <span class='ocr_line' id='line_1_94' title="bbox 1789 4695 3383 4787; baseline 0.009 -37"><span class='ocrx_word' id='word_1_764' title='bbox 1789 4695 2021 4751; x_wconf 81' lang='lat' dir='ltr'><strong>occulta?</strong></span> <span class='ocrx_word' id='word_1_765' title='bbox 2035 4714 2152 4768; x_wconf 70' lang='lat' dir='ltr'><strong>qua:</strong></span> <span class='ocrx_word' id='word_1_766' title='bbox 2174 4701 2417 4753; x_wconf 84' lang='lat' dir='ltr'><strong>occulta?</strong></span> <span class='ocrx_word' id='word_1_767' title='bbox 2443 4701 2691 4765; x_wconf 80' lang='lat' dir='ltr'><strong>Quoniam</strong></span> <span class='ocrx_word' id='word_1_768' title='bbox 2723 4717 2926 4773; x_wconf 79' lang='lat' dir='ltr'><strong>uroptcr</strong></span> <span class='ocrx_word' id='word_1_769' title='bbox 2945 4717 3000 4758; x_wconf 74' lang='lat' dir='ltr'><strong>te</strong></span> <span class='ocrx_word' id='word_1_770' title='bbox 3016 4710 3383 4787; x_wconf 64' lang='lat' dir='ltr'><strong>mortiﬁcamur</strong></span> 
     </span>
    </p>
   </div>
   <div class='ocr_carea' id='block_1_95' title="bbox 1790 4789 3382 4867">
    <p class='ocr_par' dir='ltr' id='par_1_95' title="bbox 1790 4789 3382 4867">
     <span class='ocr_line' id='line_1_95' title="bbox 1790 4789 3382 4867; baseline 0.01 -27"><span class='ocrx_word' id='word_1_771' title='bbox 1790 4800 1896 4841; x_wconf 86' lang='lat' dir='ltr'><strong>tota</strong></span> <span class='ocrx_word' id='word_1_772' title='bbox 1923 4789 2022 4852; x_wconf 87' lang='lat' dir='ltr'><strong>die,</strong></span> <span class='ocrx_word' id='word_1_773' title='bbox 2060 4791 2294 4865; x_wconf 75' lang='lat' dir='ltr'><strong>deputati</strong></span> <span class='ocrx_word' id='word_1_774' title='bbox 2345 4808 2520 4845; x_wconf 82' lang='lat' dir='ltr'><strong>sumus</strong></span> <span class='ocrx_word' id='word_1_775' title='bbox 2567 4796 2696 4847; x_wconf 82' lang='lat' dir='ltr'><strong>velut</strong></span> <span class='ocrx_word' id='word_1_776' title='bbox 2730 4811 2842 4847; x_wconf 73' lang='lat' dir='ltr'><strong>oves</strong></span> <span class='ocrx_word' id='word_1_777' title='bbox 2887 4798 3173 4851; x_wconf 79' lang='lat' dir='ltr'><strong>occisionis.</strong></span> <span class='ocrx_word' id='word_1_778' title='bbox 3211 4791 3382 4867; x_wconf 75' lang='lat' dir='ltr'><strong>Potes</strong></span> 
     </span>
    </p>
   </div>
   <div class='ocr_carea' id='block_1_96' title="bbox 1788 4882 3380 4961">
    <p class='ocr_par' dir='ltr' id='par_1_96' title="bbox 1788 4882 3380 4961">
     <span class='ocr_line' id='line_1_96' title="bbox 1788 4882 3380 4961; baseline 0.006 -23"><span class='ocrx_word' id='word_1_779' title='bbox 1788 4883 1929 4944; x_wconf 72' lang='lat' dir='ltr'><strong>enim</strong></span> <span class='ocrx_word' id='word_1_780' title='bbox 1953 4882 2132 4936; x_wconf 86' lang='lat' dir='ltr'><strong>videre</strong></span> <span class='ocrx_word' id='word_1_781' title='bbox 2156 4885 2462 4938; x_wconf 79' lang='lat' dir='ltr'><strong>tnortilieari</strong></span> <span class='ocrx_word' id='word_1_782' title='bbox 2491 4888 2799 4953; x_wconf 82' lang='lat' dir='ltr'><strong>hominem;</strong></span> <span class='ocrx_word' id='word_1_783' title='bbox 2824 4905 2988 4957; x_wconf 87' lang='lat' dir='ltr'><strong>quare</strong></span> <span class='ocrx_word' id='word_1_784' title='bbox 3006 4891 3380 4961; x_wconf 79' lang='lat' dir='ltr'><strong>tuortilicetur,</strong></span> 
     </span>
    </p>
   </div>
   <div class='ocr_carea' id='block_1_97' title="bbox 1790 4973 3381 5044">
    <p class='ocr_par' dir='ltr' id='par_1_97' title="bbox 1790 4973 3381 5044">
     <span class='ocr_line' id='line_1_97' title="bbox 1790 4973 3381 5044; baseline 0.011 -21"><span class='ocrx_word' id='word_1_785' title='bbox 1790 4973 1963 5028; x_wconf 87' lang='lat' dir='ltr'><strong>nescis</strong></span> <span class='ocrx_word' id='word_1_786' title='bbox 1991 4990 2004 5024; x_wconf 74' lang='grc' dir='ltr'>ε</span> <span class='ocrx_word' id='word_1_787' title='bbox 2040 4974 2179 5028; x_wconf 80' lang='lat' dir='ltr'><strong>Deus</strong></span> <span class='ocrx_word' id='word_1_788' title='bbox 2209 4975 2308 5028; x_wconf 90' lang='lat' dir='ltr'><strong>hoc</strong></span> <span class='ocrx_word' id='word_1_789' title='bbox 2333 4978 2515 5041; x_wconf 86' lang='lat' dir='ltr'><strong>novit;</strong></span> <span class='ocrx_word' id='word_1_790' title='bbox 2547 4993 2631 5031; x_wconf 79' lang='lat' dir='ltr'><strong>res</strong></span> <span class='ocrx_word' id='word_1_791' title='bbox 2672 4979 2722 5032; x_wconf 91' lang='lat' dir='ltr'><strong>in</strong></span> <span class='ocrx_word' id='word_1_792' title='bbox 2747 4981 2955 5034; x_wconf 83' lang='lat' dir='ltr'><strong>occulto</strong></span> <span class='ocrx_word' id='word_1_793' title='bbox 2982 4994 3081 5038; x_wconf 86' lang='lat' dir='ltr'><strong>est.</strong></span> <span class='ocrx_word' id='word_1_794' title='bbox 3107 4985 3212 5044; x_wconf 74' lang='lat' dir='ltr'><strong>Sed</strong></span> <span class='ocrx_word' id='word_1_795' title='bbox 3250 4987 3381 5040; x_wconf 88' lang='lat' dir='ltr'><strong>dicit</strong></span> 
     </span>
    </p>
   </div>
   <div class='ocr_carea' id='block_1_98' title="bbox 1788 5063 3378 5141">
    <p class='ocr_par' dir='ltr' id='par_1_98' title="bbox 1788 5063 3378 5141">
     <span class='ocr_line' id='line_1_98' title="bbox 1788 5063 3378 5141; baseline 0.009 -26"><span class='ocrx_word' id='word_1_796' title='bbox 1788 5063 1915 5116; x_wconf 87' lang='lat' dir='ltr'><strong>mihi</strong></span> <span class='ocrx_word' id='word_1_797' title='bbox 1960 5065 2197 5133; x_wconf 86' lang='lat' dir='ltr'><strong>aliquis:</strong></span> <span class='ocrx_word' id='word_1_798' title='bbox 2232 5066 2370 5125; x_wconf 82' lang='lat' dir='ltr'><strong>Ecce</strong></span> <span class='ocrx_word' id='word_1_799' title='bbox 2412 5083 2507 5136; x_wconf 88' lang='lat' dir='ltr'><strong>pro</strong></span> <span class='ocrx_word' id='word_1_800' title='bbox 2570 5071 2786 5125; x_wconf 81' lang='lat' dir='ltr'><strong>nomine</strong></span> <span class='ocrx_word' id='word_1_801' title='bbox 2838 5073 3034 5125; x_wconf 80' lang='lat' dir='ltr'><strong>Christi</strong></span> <span class='ocrx_word' id='word_1_802' title='bbox 3089 5074 3378 5141; x_wconf 78' lang='lat' dir='ltr'><strong>detinetur,</strong></span> 
     </span>
    </p>
   </div>
   <div class='ocr_carea' id='block_1_99' title="bbox 1787 5154 3376 5226">
    <p class='ocr_par' dir='ltr' id='par_1_99' title="bbox 1787 5154 3376 5226">
     <span class='ocr_line' id='line_1_99' title="bbox 1787 5154 3376 5226; baseline 0.009 -20"><span class='ocrx_word' id='word_1_803' title='bbox 1787 5169 1981 5207; x_wconf 89' lang='lat' dir='ltr'><strong>nomen</strong></span> <span class='ocrx_word' id='word_1_804' title='bbox 2024 5154 2221 5209; x_wconf 88' lang='lat' dir='ltr'><strong>Christi</strong></span> <span class='ocrx_word' id='word_1_805' title='bbox 2251 5160 2553 5211; x_wconf 80' lang='lat' dir='ltr'><strong>conﬁtetur.</strong></span> <span class='ocrx_word' id='word_1_806' title='bbox 2585 5161 2763 5226; x_wconf 84' lang='lat' dir='ltr'><strong>Quare</strong></span> <span class='ocrx_word' id='word_1_807' title='bbox 2796 5177 2899 5214; x_wconf 90' lang='lat' dir='ltr'><strong>non</strong></span> <span class='ocrx_word' id='word_1_808' title='bbox 2928 5172 2982 5214; x_wconf 75' lang='lat' dir='ltr'><strong>et</strong></span> <span class='ocrx_word' id='word_1_809' title='bbox 3007 5163 3243 5220; x_wconf 63' lang='lat' dir='ltr'><strong>haeretici</strong></span> <span class='ocrx_word' id='word_1_810' title='bbox 3273 5184 3376 5220; x_wconf 88' lang='lat' dir='ltr'><strong>no-</strong></span> 
     </span>
    </p>
   </div>
   <div class='ocr_carea' id='block_1_100' title="bbox 1790 5249 3382 5328">
    <p class='ocr_par' dir='ltr' id='par_1_100' title="bbox 1790 5249 3382 5328">
     <span class='ocr_line' id='line_1_100' title="bbox 1790 5249 3382 5328; baseline 0.009 -28"><span class='ocrx_word' id='word_1_811' title='bbox 1790 5264 1910 5301; x_wconf 81' lang='lat' dir='ltr'><strong>men</strong></span> <span class='ocrx_word' id='word_1_812' title='bbox 1951 5249 2146 5313; x_wconf 81' lang='lat' dir='ltr'><strong>Christi</strong></span> <span class='ocrx_word' id='word_1_813' title='bbox 2196 5249 2536 5315; x_wconf 73' lang='lat' dir='ltr'><strong>conﬁtentur,</strong></span> <span class='ocrx_word' id='word_1_814' title='bbox 2565 5263 2617 5311; x_wconf 81' lang='lat' dir='ltr'><strong>et</strong></span> <span class='ocrx_word' id='word_1_815' title='bbox 2655 5268 2759 5306; x_wconf 87' lang='lat' dir='ltr'><strong>non</strong></span> <span class='ocrx_word' id='word_1_816' title='bbox 2809 5264 2983 5310; x_wconf 80' lang='lat' dir='ltr'><strong>tamen</strong></span> <span class='ocrx_word' id='word_1_817' title='bbox 3006 5255 3116 5324; x_wconf 85' lang='lat' dir='ltr'><strong>jam</strong></span> <span class='ocrx_word' id='word_1_818' title='bbox 3163 5271 3382 5328; x_wconf 82' lang='lat' dir='ltr'><strong>pmpter</strong></span> 
     </span>
    </p>
   </div>
   <div class='ocr_carea' id='block_1_101' title="bbox 1788 5341 3378 5419">
    <p class='ocr_par' dir='ltr' id='par_1_101' title="bbox 1788 5341 3378 5419">
     <span class='ocr_line' id='line_1_101' title="bbox 1788 5341 3378 5419; baseline 0.008 -28"><span class='ocrx_word' id='word_1_819' title='bbox 1788 5341 1960 5411; x_wconf 90' lang='lat' dir='ltr'><strong>ipsum</strong></span> <span class='ocrx_word' id='word_1_820' title='bbox 2001 5342 2372 5395; x_wconf 73' lang='lat' dir='ltr'><strong>moriuntur’?</strong></span> <span class='ocrx_word' id='word_1_821' title='bbox 2401 5343 2626 5410; x_wconf 84' lang='lat' dir='ltr'><strong>Prorsus</strong></span> <span class='ocrx_word' id='word_1_822' title='bbox 2653 5345 2703 5403; x_wconf 90' lang='lat' dir='ltr'><strong>in</strong></span> <span class='ocrx_word' id='word_1_823' title='bbox 2740 5345 2855 5416; x_wconf 85' lang='lat' dir='ltr'><strong>ipsa</strong></span> <span class='ocrx_word' id='word_1_824' title='bbox 2883 5346 3142 5414; x_wconf 88' lang='lat' dir='ltr'><strong>Ecclesia,</strong></span> <span class='ocrx_word' id='word_1_825' title='bbox 3179 5347 3378 5419; x_wconf 84' lang='lat' dir='ltr'><strong>dicam,</strong></span> 
     </span>
    </p>
   </div>
   <div class='ocr_carea' id='block_1_102' title="bbox 43 4514 1685 4601">
    <p class='ocr_par' dir='ltr' id='par_1_102' title="bbox 43 4514 1685 4601">
     <span class='ocr_line' id='line_1_102' title="bbox 43 4514 1685 4601; baseline -0.004 -14"><span class='ocrx_word' id='word_1_826' title='bbox 43 4536 264 4598; x_wconf 79' lang='lat' dir='ltr'><strong>invia,</strong></span> <span class='ocrx_word' id='word_1_827' title='bbox 320 4545 490 4601; x_wconf 88' lang='lat' dir='ltr'><strong>quam</strong></span> <span class='ocrx_word' id='word_1_828' title='bbox 526 4538 806 4599; x_wconf 78' lang='lat' dir='ltr'><strong>angustam</strong></span> <span class='ocrx_word' id='word_1_829' title='bbox 865 4543 959 4583; x_wconf 86' lang='lat' dir='ltr'><strong>vos</strong></span> <span class='ocrx_word' id='word_1_830' title='bbox 1020 4527 1206 4582; x_wconf 82' lang='lat' dir='ltr'><strong>doceo.</strong></span> <span class='ocrx_word' id='word_1_831' title='bbox 1259 4527 1422 4581; x_wconf 85' lang='lat' dir='ltr'><strong>Latas</strong></span> <span class='ocrx_word' id='word_1_832' title='bbox 1465 4514 1685 4587; x_wconf 75' lang='lat' dir='ltr'><strong>semitas</strong></span> 
     </span>
    </p>
   </div>
   <div class='ocr_carea' id='block_1_103' title="bbox 41 4617 1684 4695">
    <p class='ocr_par' dir='ltr' id='par_1_103' title="bbox 41 4617 1684 4695">
     <span class='ocr_line' id='line_1_103' title="bbox 41 4617 1684 4695; baseline -0.004 -19"><span class='ocrx_word' id='word_1_833' title='bbox 41 4623 411 4695; x_wconf 67' lang='lat' dir='ltr'><strong>qumrebatis</strong></span> <span class='ocrx_word' id='word_1_834' title='bbox 433 4640 446 4672; x_wconf 88' lang='lat'>:</span> <span class='ocrx_word' id='word_1_835' title='bbox 474 4620 600 4692; x_wconf 88' lang='lat' dir='ltr'><strong>qttid</strong></span> <span class='ocrx_word' id='word_1_836' title='bbox 630 4621 784 4674; x_wconf 84' lang='lat' dir='ltr'><strong>vobis</strong></span> <span class='ocrx_word' id='word_1_837' title='bbox 804 4619 960 4673; x_wconf 81' lang='lat' dir='ltr'><strong>dico?</strong></span> <span class='ocrx_word' id='word_1_838' title='bbox 991 4618 1104 4672; x_wconf 90' lang='lat' dir='ltr'><strong>llac</strong></span> <span class='ocrx_word' id='word_1_839' title='bbox 1129 4617 1235 4671; x_wconf 88' lang='lat' dir='ltr'><strong>itur</strong></span> <span class='ocrx_word' id='word_1_840' title='bbox 1258 4617 1326 4672; x_wconf 88' lang='lat' dir='ltr'><strong>ad</strong></span> <span class='ocrx_word' id='word_1_841' title='bbox 1349 4619 1510 4672; x_wconf 89' lang='lat' dir='ltr'><strong>vitam</strong></span> <span class='ocrx_word' id='word_1_842' title='bbox 1536 4633 1684 4678; x_wconf 41' lang='lat' dir='ltr'><strong>sem,</strong></span> 
     </span>
    </p>
   </div>
   <div class='ocr_carea' id='block_1_104' title="bbox 43 4708 1680 4786">
    <p class='ocr_par' dir='ltr' id='par_1_104' title="bbox 43 4708 1680 4786">
     <span class='ocr_line' id='line_1_104' title="bbox 43 4708 1680 4786; baseline -0.005 -15"><span class='ocrx_word' id='word_1_843' title='bbox 43 4719 344 4786; x_wconf 82' lang='lat' dir='ltr'><strong>pitemam</strong></span> <span class='ocrx_word' id='word_1_844' title='bbox 383 4729 399 4765; x_wconf 89' lang='lat'><strong>:</strong></span> <span class='ocrx_word' id='word_1_845' title='bbox 431 4727 534 4782; x_wconf 89' lang='lat' dir='ltr'><strong>qua</strong></span> <span class='ocrx_word' id='word_1_846' title='bbox 566 4713 724 4765; x_wconf 85' lang='lat' dir='ltr'><strong>vultis</strong></span> <span class='ocrx_word' id='word_1_847' title='bbox 749 4711 1046 4771; x_wconf 87' lang='lat' dir='ltr'><strong>ambulare,</strong></span> <span class='ocrx_word' id='word_1_848' title='bbox 1077 4708 1143 4762; x_wconf 88' lang='lat' dir='ltr'><strong>ad</strong></span> <span class='ocrx_word' id='word_1_849' title='bbox 1176 4717 1405 4764; x_wconf 90' lang='lat' dir='ltr'><strong>mortem</strong></span> <span class='ocrx_word' id='word_1_850' title='bbox 1439 4710 1680 4778; x_wconf 81' lang='lat' dir='ltr'><strong>pergitis.</strong></span> 
     </span>
    </p>
   </div>
   <div class='ocr_carea' id='block_1_105' title="bbox 46 4801 1683 4876">
    <p class='ocr_par' dir='ltr' id='par_1_105' title="bbox 46 4801 1683 4876">
     <span class='ocr_line' id='line_1_105' title="bbox 46 4801 1683 4876; baseline -0.003 -16"><span class='ocrx_word' id='word_1_851' title='bbox 46 4811 242 4876; x_wconf 79' lang='lat' dir='ltr'><strong>Quam</strong></span> <span class='ocrx_word' id='word_1_852' title='bbox 269 4810 386 4864; x_wconf 84' lang='lat' dir='ltr'><strong>lata</strong></span> <span class='ocrx_word' id='word_1_853' title='bbox 407 4815 453 4858; x_wconf 87' lang='lat' dir='ltr'><strong>et</strong></span> <span class='ocrx_word' id='word_1_854' title='bbox 474 4805 696 4872; x_wconf 83' lang='lat' dir='ltr'><strong>spatiosa</strong></span> <span class='ocrx_word' id='word_1_855' title='bbox 725 4804 805 4855; x_wconf 82' lang='lat' dir='ltr'><strong>via</strong></span> <span class='ocrx_word' id='word_1_856' title='bbox 828 4811 899 4856; x_wconf 88' lang='lat' dir='ltr'><strong>cst</strong></span> <span class='ocrx_word' id='word_1_857' title='bbox 917 4816 1030 4872; x_wconf 66' lang='lat' dir='ltr'><strong>qua</strong></span> <span class='ocrx_word' id='word_1_858' title='bbox 1068 4801 1206 4854; x_wconf 85' lang='lat' dir='ltr'><strong>ducit</strong></span> <span class='ocrx_word' id='word_1_859' title='bbox 1227 4801 1294 4854; x_wconf 87' lang='lat' dir='ltr'><strong>ad</strong></span> <span class='ocrx_word' id='word_1_860' title='bbox 1328 4802 1607 4867; x_wconf 85' lang='lat' dir='ltr'><strong>interitum,</strong></span> <span class='ocrx_word' id='word_1_861' title='bbox 1634 4811 1683 4855; x_wconf 88' lang='lat' dir='ltr'><strong>et</strong></span> 
     </span>
    </p>
   </div>
   <div class='ocr_carea' id='block_1_106' title="bbox 38 4889 1681 4965">
    <p class='ocr_par' dir='ltr' id='par_1_106' title="bbox 38 4889 1681 4965">
     <span class='ocr_line' id='line_1_106' title="bbox 38 4889 1681 4965; baseline -0.002 -17"><span class='ocrx_word' id='word_1_862' title='bbox 38 4901 214 4952; x_wconf 74' lang='lat' dir='ltr'><strong>multi</strong></span> <span class='ocrx_word' id='word_1_863' title='bbox 249 4907 381 4952; x_wconf 82' lang='lat' dir='ltr'><strong>sunt</strong></span> <span class='ocrx_word' id='word_1_864' title='bbox 428 4897 513 4965; x_wconf 87' lang='lat' dir='ltr'><strong>qui</strong></span> <span class='ocrx_word' id='word_1_865' title='bbox 545 4895 808 4947; x_wconf 85' lang='lat' dir='ltr'><strong>ambulant</strong></span> <span class='ocrx_word' id='word_1_866' title='bbox 848 4909 938 4960; x_wconf 87' lang='lat' dir='ltr'><strong>per</strong></span> <span class='ocrx_word' id='word_1_867' title='bbox 967 4889 1116 4947; x_wconf 82' lang='lat' dir='ltr'><strong>eam!</strong></span> <span class='ocrx_word' id='word_1_868' title='bbox 1145 4893 1310 4959; x_wconf 83' lang='lat' dir='ltr'><strong>Quam</strong></span> <span class='ocrx_word' id='word_1_869' title='bbox 1338 4901 1477 4945; x_wconf 81' lang='lat' dir='ltr'><strong>arcta</strong></span> <span class='ocrx_word' id='word_1_870' title='bbox 1507 4902 1555 4946; x_wconf 87' lang='lat' dir='ltr'><strong>et</strong></span> <span class='ocrx_word' id='word_1_871' title='bbox 1582 4911 1681 4959; x_wconf 81' lang='lat' dir='ltr'><strong>an-</strong></span> 
     </span>
    </p>
   </div>
   <div class='ocr_carea' id='block_1_107' title="bbox 35 4985 1682 5064">
    <p class='ocr_par' dir='ltr' id='par_1_107' title="bbox 35 4985 1682 5064">
     <span class='ocr_line' id='line_1_107' title="bbox 35 4985 1682 5064; baseline -0.002 -22"><span class='ocrx_word' id='word_1_872' title='bbox 35 5004 211 5064; x_wconf 77' lang='lat' dir='ltr'><strong>gusta</strong></span> <span class='ocrx_word' id='word_1_873' title='bbox 246 4991 335 5044; x_wconf 76' lang='lat' dir='ltr'><strong>via</strong></span> <span class='ocrx_word' id='word_1_874' title='bbox 360 4997 435 5041; x_wconf 83' lang='lat' dir='ltr'><strong>est</strong></span> <span class='ocrx_word' id='word_1_875' title='bbox 455 5003 568 5057; x_wconf 74' lang='lat' dir='ltr'><strong>qua:</strong></span> <span class='ocrx_word' id='word_1_876' title='bbox 590 4987 730 5039; x_wconf 82' lang='lat' dir='ltr'><strong>ducit</strong></span> <span class='ocrx_word' id='word_1_877' title='bbox 758 4987 824 5038; x_wconf 89' lang='lat' dir='ltr'><strong>ad</strong></span> <span class='ocrx_word' id='word_1_878' title='bbox 849 4988 1027 5052; x_wconf 83' lang='lat' dir='ltr'><strong>vitam,</strong></span> <span class='ocrx_word' id='word_1_879' title='bbox 1061 4995 1106 5038; x_wconf 87' lang='lat' dir='ltr'><strong>et</strong></span> <span class='ocrx_word' id='word_1_880' title='bbox 1129 4985 1277 5053; x_wconf 84' lang='lat' dir='ltr'><strong>pauci</strong></span> <span class='ocrx_word' id='word_1_881' title='bbox 1307 4993 1423 5038; x_wconf 85' lang='lat' dir='ltr'><strong>sunt</strong></span> <span class='ocrx_word' id='word_1_882' title='bbox 1452 4987 1539 5054; x_wconf 87' lang='lat' dir='ltr'><strong>qui</strong></span> <span class='ocrx_word' id='word_1_883' title='bbox 1572 5003 1682 5041; x_wconf 89' lang='lat' dir='ltr'><strong>am-</strong></span> 
     </span>
    </p>
   </div>
   <div class='ocr_carea' id='block_1_108' title="bbox 31 5073 1681 5147">
    <p class='ocr_par' dir='ltr' id='par_1_108' title="bbox 31 5073 1681 5147">
     <span class='ocr_line' id='line_1_108' title="bbox 31 5073 1681 5147; baseline -0.005 -10"><span class='ocrx_word' id='word_1_884' title='bbox 31 5085 247 5139; x_wconf 72' lang='lat' dir='ltr'><strong>bulant</strong></span> <span class='ocrx_word' id='word_1_885' title='bbox 282 5096 381 5147; x_wconf 82' lang='lat' dir='ltr'><strong>per</strong></span> <span class='ocrx_word' id='word_1_886' title='bbox 404 5078 546 5131; x_wconf 89' lang='lat' dir='ltr'><strong>illam</strong></span> <span class='ocrx_word' id='word_1_887' title='bbox 579 5076 792 5147; x_wconf 80' lang='lat' dir='ltr'><strong>(Matth.</strong></span> <span class='ocrx_word' id='word_1_888' title='bbox 819 5093 912 5142; x_wconf 84' lang='lat' dir='ltr'><strong>vn,</strong></span> <span class='ocrx_word' id='word_1_889' title='bbox 949 5077 1035 5141; x_wconf 77' lang='lat' dir='ltr'><strong>l3,</strong></span> <span class='ocrx_word' id='word_1_890' title='bbox 1069 5076 1182 5144; x_wconf 76' lang='lat' dir='ltr'><strong>M)!</strong></span> <span class='ocrx_word' id='word_1_891' title='bbox 1217 5073 1316 5141; x_wconf 88' lang='lat' dir='ltr'><strong>Qui</strong></span> <span class='ocrx_word' id='word_1_892' title='bbox 1344 5085 1469 5129; x_wconf 87' lang='lat' dir='ltr'><strong>sunt</strong></span> <span class='ocrx_word' id='word_1_893' title='bbox 1492 5077 1681 5144; x_wconf 84' lang='lat' dir='ltr'><strong>pauci?</strong></span> 
     </span>
    </p>
   </div>
   <div class='ocr_carea' id='block_1_109' title="bbox 36 5155 1677 5242">
    <p class='ocr_par' dir='ltr' id='par_1_109' title="bbox 36 5155 1677 5242">
     <span class='ocr_line' id='line_1_109' title="bbox 36 5155 1677 5242; baseline -0.004 -15"><span class='ocrx_word' id='word_1_894' title='bbox 36 5175 151 5242; x_wconf 66' lang='lat' dir='ltr'><strong>Qui</strong></span> <span class='ocrx_word' id='word_1_895' title='bbox 189 5155 452 5225; x_wconf 84' lang='lat' dir='ltr'><strong>tolerant</strong></span> <span class='ocrx_word' id='word_1_896' title='bbox 483 5166 870 5234; x_wconf 78' lang='lat' dir='ltr'><strong>tribulationes,</strong></span> <span class='ocrx_word' id='word_1_897' title='bbox 920 5166 1011 5236; x_wconf 91' lang='lat' dir='ltr'><strong>qui</strong></span> <span class='ocrx_word' id='word_1_898' title='bbox 1062 5166 1292 5219; x_wconf 87' lang='lat' dir='ltr'><strong>tolerant</strong></span> <span class='ocrx_word' id='word_1_899' title='bbox 1332 5167 1677 5233; x_wconf 71' lang='lat' dir='ltr'><strong>mutationes,</strong></span> 
     </span>
    </p>
   </div>
   <div class='ocr_carea' id='block_1_110' title="bbox 28 5255 1676 5335">
    <p class='ocr_par' dir='ltr' id='par_1_110' title="bbox 28 5255 1676 5335">
     <span class='ocr_line' id='line_1_110' title="bbox 28 5255 1676 5335; baseline -0.002 -19"><span class='ocrx_word' id='word_1_900' title='bbox 28 5265 136 5335; x_wconf 82' lang='lat' dir='ltr'><strong>qui</strong></span> <span class='ocrx_word' id='word_1_901' title='bbox 177 5263 246 5316; x_wconf 84' lang='lat' dir='ltr'><strong>in</strong></span> <span class='ocrx_word' id='word_1_902' title='bbox 272 5260 400 5313; x_wconf 80' lang='lat' dir='ltr'><strong>istis</strong></span> <span class='ocrx_word' id='word_1_903' title='bbox 423 5258 672 5313; x_wconf 83' lang='lat' dir='ltr'><strong>omnibus</strong></span> <span class='ocrx_word' id='word_1_904' title='bbox 701 5255 960 5310; x_wconf 85' lang='lat' dir='ltr'><strong>molestiis</strong></span> <span class='ocrx_word' id='word_1_905' title='bbox 984 5272 1088 5310; x_wconf 89' lang='lat' dir='ltr'><strong>non</strong></span> <span class='ocrx_word' id='word_1_906' title='bbox 1127 5262 1410 5317; x_wconf 85' lang='lat' dir='ltr'><strong>delictum;</strong></span> <span class='ocrx_word' id='word_1_907' title='bbox 1441 5257 1530 5327; x_wconf 87' lang='lat' dir='ltr'><strong>qui</strong></span> <span class='ocrx_word' id='word_1_908' title='bbox 1570 5273 1676 5312; x_wconf 89' lang='lat' dir='ltr'><strong>non</strong></span> 
     </span>
    </p>
   </div>
   <div class='ocr_carea' id='block_1_111' title="bbox 27 5346 1677 5417">
    <p class='ocr_par' dir='ltr' id='par_1_111' title="bbox 27 5346 1677 5417">
     <span class='ocr_line' id='line_1_111' title="bbox 27 5346 1677 5417; baseline -0.005 -7"><span class='ocrx_word' id='word_1_909' title='bbox 27 5356 367 5415; x_wconf 58' lang='lat' dir='ltr'><strong>admoram</strong></span> <span class='ocrx_word' id='word_1_910' title='bbox 395 5348 628 5417; x_wconf 75' lang='lat' dir='ltr'><strong>gaudent</strong></span> <span class='ocrx_word' id='word_1_911' title='bbox 651 5347 716 5400; x_wconf 89' lang='lat' dir='ltr'><strong>ad</strong></span> <span class='ocrx_word' id='word_1_912' title='bbox 751 5346 994 5411; x_wconf 90' lang='lat' dir='ltr'><strong>verbum,</strong></span> <span class='ocrx_word' id='word_1_913' title='bbox 1027 5357 1081 5400; x_wconf 88' lang='lat' dir='ltr'><strong>et</strong></span> <span class='ocrx_word' id='word_1_914' title='bbox 1129 5347 1180 5399; x_wconf 90' lang='lat' dir='ltr'><strong>in</strong></span> <span class='ocrx_word' id='word_1_915' title='bbox 1231 5356 1471 5415; x_wconf 86' lang='lat' dir='ltr'><strong>tempore</strong></span> <span class='ocrx_word' id='word_1_916' title='bbox 1509 5347 1677 5406; x_wconf 83' lang='lat' dir='ltr'><strong>tribu—</strong></span> 
     </span>
    </p>
   </div>
   <div class='ocr_carea' id='block_1_112' title="bbox 24 5435 1678 5508">
    <p class='ocr_par' dir='ltr' id='par_1_112' title="bbox 24 5435 1678 5508">
     <span class='ocr_line' id='line_1_112' title="bbox 24 5435 1678 5508; baseline -0.007 -4"><span class='ocrx_word' id='word_1_917' title='bbox 24 5447 581 5508; x_wconf 68' lang='lat' dir='ltr'><strong>lationistanquam</strong></span> <span class='ocrx_word' id='word_1_918' title='bbox 621 5451 742 5498; x_wconf 84' lang='lat' dir='ltr'><strong>orto</strong></span> <span class='ocrx_word' id='word_1_919' title='bbox 775 5439 888 5493; x_wconf 88' lang='lat' dir='ltr'><strong>sole</strong></span> <span class='ocrx_word' id='word_1_920' title='bbox 916 5446 1167 5492; x_wconf 87' lang='lat' dir='ltr'><strong>arescunt</strong></span> <span class='ocrx_word' id='word_1_921' title='bbox 1202 5435 1310 5507; x_wconf 86' lang='lat' dir='ltr'><strong>(Id.</strong></span> <span class='ocrx_word' id='word_1_922' title='bbox 1336 5438 1556 5504; x_wconf 76' lang='lat' dir='ltr'><strong>xtu,20,</strong></span> <span class='ocrx_word' id='word_1_923' title='bbox 1583 5439 1678 5506; x_wconf 72' lang='lat' dir='ltr'><strong>2t,</strong></span> 
     </span>
    </p>
   </div>
   <div class='ocr_carea' id='block_1_113' title="bbox 25 5527 1678 5614">
    <p class='ocr_par' dir='ltr' id='par_1_113' title="bbox 25 5527 1678 5614">
     <span class='ocr_line' id='line_1_113' title="bbox 25 5527 1678 5614; baseline -0.004 -23"><span class='ocrx_word' id='word_1_924' title='bbox 25 5543 165 5614; x_wconf 63' lang='grc' dir='ltr'><strong>εὖ),</strong></span> <span class='ocrx_word' id='word_1_925' title='bbox 219 5533 334 5592; x_wconf 80' lang='lat' dir='ltr'><strong>sed</strong></span> <span class='ocrx_word' id='word_1_926' title='bbox 367 5533 568 5590; x_wconf 86' lang='lat' dir='ltr'><strong>habent</strong></span> <span class='ocrx_word' id='word_1_927' title='bbox 589 5529 824 5585; x_wconf 85' lang='lat' dir='ltr'><strong>radicem</strong></span> <span class='ocrx_word' id='word_1_928' title='bbox 861 5527 1158 5594; x_wconf 89' lang='lat' dir='ltr'><strong>charitatis,</strong></span> <span class='ocrx_word' id='word_1_929' title='bbox 1209 5530 1349 5584; x_wconf 86' lang='lat' dir='ltr'><strong>sicut</strong></span> <span class='ocrx_word' id='word_1_930' title='bbox 1377 5528 1678 5585; x_wconf 84' lang='lat' dir='ltr'><strong>audivimus</strong></span> 
     </span>
    </p>
   </div>
   <div class='ocr_carea' id='block_1_114' title="bbox 1851 5466 2676 5530">
    <p class='ocr_par' dir='ltr' id='par_1_114' title="bbox 1851 5466 2676 5530">
     <span class='ocr_line' id='line_1_114' title="bbox 1851 5466 2676 5530; baseline 0.012 -19"><span class='ocrx_word' id='word_1_931' title='bbox 1851 5466 1867 5530; x_wconf 59' lang='grc' dir='ltr'>ξ</span> <span class='ocrx_word' id='word_1_932' title='bbox 1904 5471 2146 5530; x_wconf 77' lang='lat' dir='ltr'><strong>nuo_Ms_s.,</strong></span> <span class='ocrx_word' id='word_1_933' title='bbox 2171 5479 2264 5516; x_wconf 83' lang='lat' dir='ltr'><strong>non</strong></span> <span class='ocrx_word' id='word_1_934' title='bbox 2280 5467 2535 5530; x_wconf 79' lang='lat' dir='ltr'><strong>cognitioni</strong></span> <span class='ocrx_word' id='word_1_935' title='bbox 2556 5483 2676 5521; x_wconf 68' lang='lat' dir='ltr'><strong>sum.</strong></span> 
     </span>
    </p>
   </div>
   <div class='ocr_carea' id='block_1_115' title="bbox 1850 5525 3208 5597">
    <p class='ocr_par' dir='ltr' id='par_1_115' title="bbox 1850 5525 3208 5597">
     <span class='ocr_line' id='line_1_115' title="bbox 1850 5525 3208 5597; baseline 0.009 -24"><span class='ocrx_word' id='word_1_936' title='bbox 1850 5529 1872 5597; x_wconf 67' lang='grc' dir='ltr'><strong>ξ</strong></span> <span class='ocrx_word' id='word_1_937' title='bbox 1903 5533 1952 5574; x_wconf 88' lang='lat' dir='ltr'><strong>tu</strong></span> <span class='ocrx_word' id='word_1_938' title='bbox 1978 5525 2227 5597; x_wconf 78' lang='lat' dir='ltr'><strong>plerisque</strong></span> <span class='ocrx_word' id='word_1_939' title='bbox 2251 5525 2376 5588; x_wconf 53' lang='lat' dir='ltr'><strong>tussi,</strong></span> <span class='ocrx_word' id='word_1_940' title='bbox 2402 5543 2460 5597; x_wconf 73' lang='lat' dir='ltr'><strong>se</strong></span> <span class='ocrx_word' id='word_1_941' title='bbox 2475 5532 2710 5597; x_wconf 70' lang='lat' dir='ltr'><strong>cognorit,</strong></span> <span class='ocrx_word' id='word_1_942' title='bbox 2731 5535 2909 5584; x_wconf 88' lang='lat' dir='ltr'><strong>omissa</strong></span> <span class='ocrx_word' id='word_1_943' title='bbox 2930 5539 3208 5597; x_wconf 79' lang='lat' dir='ltr'><strong>negatione.</strong></span> 
     </span>
    </p>
   </div>
   <div class='ocr_carea' id='block_1_116' title="bbox 1851 5589 3377 5661">
    <p class='ocr_par' dir='ltr' id='par_1_116' title="bbox 1851 5589 3377 5661">
     <span class='ocr_line' id='line_1_116' title="bbox 1851 5589 3377 5661; baseline 0.012 -27"><span class='ocrx_word' id='word_1_944' title='bbox 1851 5589 1872 5621; x_wconf 84' lang='grc'>³</span> <span class='ocrx_word' id='word_1_945' title='bbox 1906 5597 1986 5661; x_wconf 66' lang='grc' dir='ltr'><strong>κν.Δ</strong></span> <span class='ocrx_word' id='word_1_946' title='bbox 2007 5595 2060 5637; x_wconf 88' lang='lat' dir='ltr'><strong>et</strong></span> <span class='ocrx_word' id='word_1_947' title='bbox 2082 5589 2192 5661; x_wconf 58' lang='lat' dir='ltr'><strong>Lor.</strong></span> <span class='ocrx_word' id='word_1_948' title='bbox 2221 5603 2234 5638; x_wconf 89' lang='lat'><strong>:</strong></span> <span class='ocrx_word' id='word_1_949' title='bbox 2261 5598 2418 5661; x_wconf 80' lang='lat' dir='ltr'><strong>Quare</strong></span> <span class='ocrx_word' id='word_1_950' title='bbox 2440 5589 2666 5661; x_wconf 62' lang='lat' dir='ltr'><strong>Itmfetici</strong></span> <span class='ocrx_word' id='word_1_951' title='bbox 2681 5589 2850 5661; x_wconf 76' lang='lat' dir='ltr'><strong>nomen</strong></span> <span class='ocrx_word' id='word_1_952' title='bbox 2871 5589 3050 5661; x_wconf 64' lang='grc' dir='ltr'><strong>(Ἰιιςὶἑὲἱ</strong></span> <span class='ocrx_word' id='word_1_953' title='bbox 3072 5598 3377 5661; x_wconf 78' lang='lat' dir='ltr'><strong>conﬁtentur,</strong></span> 
     </span>
    </p>
   </div>
   <div class='ocr_carea' id='block_1_117' title="bbox 1784 5651 3382 5725">
    <p class='ocr_par' dir='ltr' id='par_1_117' title="bbox 1784 5651 3382 5725">
     <span class='ocr_line' id='line_1_117' title="bbox 1784 5651 3382 5725; baseline 0.008 -27"><span class='ocrx_word' id='word_1_954' title='bbox 1784 5657 1830 5725; x_wconf 68' lang='lat' dir='ltr'><strong>et</strong></span> <span class='ocrx_word' id='word_1_955' title='bbox 1853 5651 2246 5725; x_wconf 36' lang='lat' dir='ltr'><strong>nou‘tamet‘t‘</strong></span> <span class='ocrx_word' id='word_1_956' title='bbox 2266 5659 2462 5725; x_wconf 71' lang='lat' dir='ltr'><strong>propter</strong></span> <span class='ocrx_word' id='word_1_957' title='bbox 2479 5652 2642 5725; x_wconf 67' lang='lat' dir='ltr'><strong>ipsmn</strong></span> <span class='ocrx_word' id='word_1_958' title='bbox 2663 5657 2974 5725; x_wconf 52' lang='lat' dir='ltr'><strong>moriuntur?</strong></span> <span class='ocrx_word' id='word_1_959' title='bbox 2995 5668 3097 5725; x_wconf 69' lang='lat' dir='ltr'><strong>Am.</strong></span> <span class='ocrx_word' id='word_1_960' title='bbox 3124 5651 3175 5709; x_wconf 76' lang='lat' dir='ltr'><strong>ei</strong></span> <span class='ocrx_word' id='word_1_961' title='bbox 3196 5651 3382 5725; x_wconf 56' lang='lat' dir='ltr'><strong>animi);</strong></span> 
     </span>
    </p>
   </div>
   <div class='ocr_carea' id='block_1_118' title="bbox 1785 5710 3382 5784">
    <p class='ocr_par' dir='ltr' id='par_1_118' title="bbox 1785 5710 3382 5784">
     <span class='ocr_line' id='line_1_118' title="bbox 1785 5710 3382 5784; baseline 0.009 -24"><span class='ocrx_word' id='word_1_962' title='bbox 1785 5720 1918 5784; x_wconf 58' lang='lat' dir='ltr'><strong>uss,</strong></span> <span class='ocrx_word' id='word_1_963' title='bbox 1936 5719 2090 5771; x_wconf 78' lang='lat' dir='ltr'><strong>Quare</strong></span> <span class='ocrx_word' id='word_1_964' title='bbox 2105 5710 2251 5784; x_wconf 57' lang='lat' dir='ltr'><strong>facit</strong></span> <span class='ocrx_word' id='word_1_965' title='bbox 2268 5710 2318 5783; x_wconf 73' lang='lat' dir='ltr'><strong>et</strong></span> <span class='ocrx_word' id='word_1_966' title='bbox 2340 5710 2557 5764; x_wconf 70' lang='lat' dir='ltr'><strong>liceretlci</strong></span> <span class='ocrx_word' id='word_1_967' title='bbox 2577 5729 2748 5784; x_wconf 80' lang='lat' dir='ltr'><strong>nomen</strong></span> <span class='ocrx_word' id='word_1_968' title='bbox 2769 5718 2947 5784; x_wconf 62' lang='lat' dir='ltr'><strong>chriso</strong></span> <span class='ocrx_word' id='word_1_969' title='bbox 2967 5719 3268 5783; x_wconf 75' lang='lat' dir='ltr'><strong>confitentur,</strong></span> <span class='ocrx_word' id='word_1_970' title='bbox 3280 5710 3382 5777; x_wconf 62' lang='grc' dir='ltr'><strong>ἰςὶᾶ</strong></span> 
     </span>
    </p>
   </div>
   <div class='ocr_carea' id='block_1_119' title="bbox 1784 5778 3382 5843">
    <p class='ocr_par' dir='ltr' id='par_1_119' title="bbox 1784 5778 3382 5843">
     <span class='ocr_line' id='line_1_119' title="bbox 1784 5778 3382 5843; baseline 0.013 -24"><span class='ocrx_word' id='word_1_971' title='bbox 1784 5785 1878 5843; x_wconf 68' lang='lat' dir='ltr'><strong>nou</strong></span> <span class='ocrx_word' id='word_1_972' title='bbox 1901 5779 2276 5843; x_wconf 86' lang='lat' dir='ltr'><strong>propter</strong></span> <span class='ocrx_word' id='word_1_973' title='bbox 2298 5778 2462 5843; x_wconf 59' lang='lat' dir='ltr'><strong>ipsum</strong></span> <span class='ocrx_word' id='word_1_974' title='bbox 2479 5778 2793 5843; x_wconf 68' lang='lat' dir='ltr'><strong>moriuntur?</strong></span> <span class='ocrx_word' id='word_1_975' title='bbox 2832 5781 2915 5829; x_wconf 73' lang='lat' dir='ltr'><strong>Alli</strong></span> <span class='ocrx_word' id='word_1_976' title='bbox 2940 5778 3068 5843; x_wconf 66' lang='lat' dir='ltr'><strong>uss,</strong></span> <span class='ocrx_word' id='word_1_977' title='bbox 3089 5778 3266 5843; x_wconf 27' lang='lat' dir='ltr'><strong>Quare:</strong></span> <span class='ocrx_word' id='word_1_978' title='bbox 3285 5797 3382 5839; x_wconf 66' lang='lat' dir='ltr'><strong>non</strong></span> 
     </span>
    </p>
   </div>
   <div class='ocr_carea' id='block_1_120' title="bbox 1786 5834 2909 5902">
    <p class='ocr_par' dir='ltr' id='par_1_120' title="bbox 1786 5834 2909 5902">
     <span class='ocr_line' id='line_1_120' title="bbox 1786 5834 2909 5902; baseline 0.004 -17"><span class='ocrx_word' id='word_1_979' title='bbox 1786 5834 2069 5885; x_wconf 68' lang='lat' dir='ltr'><strong>crtucretici</strong></span> <span class='ocrx_word' id='word_1_980' title='bbox 2084 5834 2260 5886; x_wconf 85' lang='lat' dir='ltr'><strong>nomen</strong></span> <span class='ocrx_word' id='word_1_981' title='bbox 2283 5848 2308 5886; x_wconf 72' lang='grc' dir='ltr'>ε</span> <span class='ocrx_word' id='word_1_982' title='bbox 2320 5834 2462 5888; x_wconf 58' lang='lat' dir='ltr'><strong>Iutis-ti</strong></span> <span class='ocrx_word' id='word_1_983' title='bbox 2486 5837 2788 5902; x_wconf 74' lang='lat' dir='ltr'><strong>conﬁtentur,</strong></span> <span class='ocrx_word' id='word_1_984' title='bbox 2814 5852 2909 5890; x_wconf 83' lang='lat' dir='ltr'><strong>ctc.</strong></span> 
     </span>
    </p>
   </div>
   <div class='ocr_carea' id='block_1_121' title="bbox 2744 5929 3013 6008">
    <p class='ocr_par' dir='ltr' id='par_1_121' title="bbox 2744 5929 3013 6008">
     <span class='ocr_line' id='line_1_121' title="bbox 2744 5929 3013 6008; baseline 0 -17"><span class='ocrx_word' id='word_1_985' title='bbox 2744 5929 3013 6008; x_wconf 57' lang='grc' dir='ltr'><strong>(δεξιοὶ.)</strong></span> 
     </span>
    </p>
   </div>
   <div class='ocr_carea' id='block_1_122' title="bbox 94 5767 1678 5835">
    <p class='ocr_par' dir='ltr' id='par_1_122' title="bbox 94 5767 1678 5835">
     <span class='ocr_line' id='line_1_122' title="bbox 94 5767 1678 5835; baseline 0.008 -25"><span class='ocrx_word' id='word_1_986' title='bbox 94 5781 116 5810; x_wconf 72' lang='grc' dir='ltr'><strong>ι</strong></span> <span class='ocrx_word' id='word_1_987' title='bbox 166 5777 267 5825; x_wconf 84' lang='lat' dir='ltr'><strong>sic</strong></span> <span class='ocrx_word' id='word_1_988' title='bbox 311 5777 424 5835; x_wconf 71' lang='lat' dir='ltr'><strong>Mss.</strong></span> <span class='ocrx_word' id='word_1_989' title='bbox 458 5767 590 5820; x_wconf 89' lang='lat' dir='ltr'><strong>nullo</strong></span> <span class='ocrx_word' id='word_1_990' title='bbox 624 5768 732 5818; x_wconf 79' lang='lat' dir='ltr'><strong>fere</strong></span> <span class='ocrx_word' id='word_1_991' title='bbox 758 5776 984 5830; x_wconf 78' lang='lat' dir='ltr'><strong>excepto.</strong></span> <span class='ocrx_word' id='word_1_992' title='bbox 1012 5776 1067 5819; x_wconf 77' lang='lat' dir='ltr'><strong>At</strong></span> <span class='ocrx_word' id='word_1_993' title='bbox 1089 5767 1204 5818; x_wconf 69' lang='grc' dir='ltr'><strong>ωδ.</strong></span> <span class='ocrx_word' id='word_1_994' title='bbox 1253 5767 1373 5830; x_wconf 87' lang='lat' dir='ltr'><strong>loco,</strong></span> <span class='ocrx_word' id='word_1_995' title='bbox 1397 5767 1678 5835; x_wconf 79' lang='lat' dir='ltr'><strong>defamem,</strong></span> 
     </span>
    </p>
   </div>
   <div class='ocr_carea' id='block_1_123' title="bbox 24 5834 572 5898">
    <p class='ocr_par' dir='ltr' id='par_1_123' title="bbox 24 5834 572 5898">
     <span class='ocr_line' id='line_1_123' title="bbox 24 5834 572 5898; baseline -0.015 -11"><span class='ocrx_word' id='word_1_996' title='bbox 24 5843 278 5898; x_wconf 72' lang='lat' dir='ltr'><strong>habent,</strong></span> <span class='ocrx_word' id='word_1_997' title='bbox 310 5835 372 5884; x_wconf 86' lang='lat' dir='ltr'><strong>de</strong></span> <span class='ocrx_word' id='word_1_998' title='bbox 399 5834 572 5882; x_wconf 72' lang='lat' dir='ltr'><strong>farina.</strong></span> 
     </span>
    </p>
   </div>
   <div class='ocr_carea' id='block_1_124' title="bbox 347 5904 951 5976">
    <p class='ocr_par' dir='ltr' id='par_1_124' title="bbox 347 5904 951 5976">
     <span class='ocr_line' id='line_1_124' title="bbox 347 5904 951 5976; baseline -0.007 -1"><span class='ocrx_word' id='word_1_999' title='bbox 347 5919 622 5975; x_wconf 67' lang='lat' dir='ltr'><strong>PATRUL.</strong></span> <span class='ocrx_word' id='word_1_1000' title='bbox 659 5904 951 5976; x_wconf 76' lang='lat' dir='ltr'><strong>XXXVI.</strong></span> 
     </span>
    </p>
   </div>
  </div>
