3978 6330
551 240 654 297 ἄθῦ

552 356 806 406 honorem
847 363 1092 406 cantatur
1133 353 1313 422 sponsi
1359 362 1411 406 ct
1456 367 1668 422 sponsa:
1694 373 1705 407 :
1734 368 1799 406 an
1835 352 1970 407 forte
1998 363 2051 408 et
2086 356 2139 407 in

549 447 749 516 nuptiis
777 447 891 505 istis
912 488 925 509 ,
959 461 1064 516 quo
1084 446 1293 503 invitati
1347 460 1532 500 smnus
1552 487 1567 508 ,
1599 444 1868 499 thalamus
1892 447 2143 500 nonest?
2167 487 2170 489 μ

552 538 617 590 Ι·Ῐι
645 538 785 592 unde
806 537 936 590 dicit
965 539 1098 589 alius
1126 538 1366 606 psalmus
1390 554 1406 590 :
1439 535 1499 589 1η
1523 538 1629 589 sole
1649 538 1818 607 posuit
1844 536 2142 590 tabernacu-

548 632 651 686 lum
684 647 829 684 suum
852 673 879 693 ,7
900 639 945 682 et
971 630 1078 694 ipse
1108 640 1356 697 umquam
1381 645 1598 698 sponsus
1636 629 1908 698 procedens
1933 629 1995 682 de
2023 630 2141 682 tha-

546 723 682 774 lamo
712 738 804 780 suo
832 719 1007 788 (Psnl.
1033 734 1184 783 xvuI,
1215 719 1312 785 6)?
1343 718 1663 788 Conjuuctio
1691 721 1973 788 nuptialis,
2005 719 2140 775 Ver-

546 811 678 875 bum,
703 823 756 867 et
783 826 948 864 caro:
981 810 1139 878 hujus
1171 812 1568 879 coniunctionis
1601 810 1887 874 thalamus,
1921 812 2138 882 virginis

548 912 751 971 uterus.
785 901 996 954 Etenim
1025 915 1153 954 caro
1182 901 1292 968 ipsa
1324 901 1498 955 Verbo
1521 910 1601 955 est
1631 901 1914 970 conjuncta
1951 920 1964 954 :
1998 901 2140 955 unde

545 994 706 1044 etiam
737 993 952 1055 dicitur,
980 991 1105 1043 1am
1133 1008 1232 1044 non
1258 991 1381 1052 duo,
1409 992 1498 1044 scd
1525 1009 1605 1043 un.
1646 1009 1765 1044 caro
1797 991 2007 1060 (Matth.
2027 1009 2135 1058 xIx,

546 1084 599 1144 6,
634 1092 678 1133 et
714 1081 902 1149 Ephes.
929 1097 979 1142 v,
1005 1080 1116 1149 ΒΞ).
1149 1081 1435 1148 AsSIInIpta
1462 1093 1543 1134 est
1578 1081 1816 1140 Ecclesia
1845 1097 1912 1135 ex
1942 1096 2140 1150 genere

548 1172 814 1236 lunuano,
849 1180 908 1225 IIt
950 1181 1109 1238 caput
1157 1180 1298 1224 esset
1350 1171 1604 1236 Ecclesia:
1654 1172 1764 1239 ipsa
1807 1186 1934 1227 caro
1966 1169 2139 1230 Verbo

543 1264 848 1330 conjuncta.
879 1270 931 1315 et
959 1263 1138 1316 emtori
1168 1260 1451 1324 credentes
1491 1261 1728 1314 membra
1775 1271 1955 1315 essent
1996 1262 2138 1315 illius

545 1355 750 1422 capitis.
804 1354 932 1406 Nam
964 1353 1044 1405 vis
1076 1353 1258 1405 videre
1286 1355 1408 1422 quis
1436 1353 1642 1408 venerit
1671 1352 1737 1406 ad
1772 1353 2022 1421 nuptias?
2070 1352 2136 1406 In

547 1444 793 1513 principio
837 1452 942 1495 erat
975 1441 1224 1505 Verbum,
1269 1451 1315 1494 et
1348 1440 1562 1494 Verbum
1604 1451 1710 1507 erat
1752 1442 1892 1510 apud
1936 1441 2092 1494 Deum
2115 1484 2130 1502 ,

545 1543 588 1586 rt
631 1532 768 1595 Deus
812 1542 918 1585 erat
969 1530 1186 1593 Verbum
1233 1528 1496 1600 (10mm,
1547 1532 1626 1602 l).
1657 1530 1897 1588 Gaudeat
1938 1547 2134 1590 sponsa

544 1633 716 1676 amata
767 1637 795 1674 a
847 1622 974 1675 Deo.
1027 1621 1252 1690 Quando
1299 1625 1507 1673 amata?
1560 1622 1692 1674 Dum
1740 1623 1916 1676 adhuc
1970 1621 2130 1689 fteda.

544 1712 731 1766 Omnes
754 1714 884 1765 enim
908 1723 1259 1780 peccaverunt,
1285 1711 1357 1764 ait
1390 1711 1698 1776 Apostolus,
1730 1721 1776 1763 et
1803 1721 1945 1781 egent
1970 1712 2134 1781 gloria

544 1806 636 1859 Dei
669 1806 841 1876 (Rom.
868 1817 923 1858 ιιι
945 1845 960 1866 ,
986 1802 1118 1869 23).
1153 1803 1219 1865 Et
1251 1804 1444 1855 iterum
1477 1820 1490 1854 :
1525 1803 1726 1855 Etenim
1770 1803 2000 1859 Christus
2043 1821 2134 1874 pro

541 1900 711 1968 impiis
739 1907 970 1950 mortuus
999 1905 1067 1950 est
1099 1895 1207 1968 (Id.
1235 1911 1286 1960 v,
1319 1895 1396 1966 6).
1433 1898 1619 1948 Amata
1650 1907 1731 1957 est
1761 1895 1918 1959 fama,
1950 1913 2016 1951 ne
2046 1911 2132 1998 re-

542 1968 778 2050 maneret
814 1986 975 2041 fu-da.
1009 1986 1124 2040 Non
1157 1985 1300 2049 enim
1330 2001 1456 2039 vere
1487 1985 1625 2039 forda
1659 1997 1836 2041 amata
1862 1996 1977 2057 est,
2010 1987 2131 2055 quia

541 2097 645 2133 non
682 2079 892 2142 fagditas
913 2086 1087 2131 amata
1117 2087 1199 2130 est
1223 2094 1236 2129 :
1263 2092 1383 2129 nam
1414 2076 1456 2128 si
1491 2075 1592 2129 hoe
1618 2086 1819 2132 amaret
1845 2117 1860 2139 ,
1892 2077 1992 2135 hoc
2018 2091 2133 2138 set-

538 2180 726 2236 itaret;
759 2171 949 2234 evertit
994 2169 1286 2223 foeditatem
1310 2208 1325 2234 ,
1357 2166 1606 2220 formavit
1654 2167 2127 2234 pulchritudinem.

538 2261 617 2315 Ad
648 2260 858 2329 (Illait‘lll
889 2261 1053 2325 venit,
1081 2258 1365 2326 etqualem
1395 2258 1552 2311 fecit?
1579 2257 1766 2311 Veniat
1787 2259 1898 2328 jam
1931 2259 2044 2328 ipse
2073 2257 2127 2313 in

535 2352 713 2403 verbis
739 2348 1097 2418 propheticis;
1119 2362 1245 2400 ecce
1270 2347 1384 2416 ipse
1405 2361 1634 2415 sponsus
1662 2346 1915 2416 procedat
1937 2349 2126 2404 nobis:

532 2457 777 2498 amemus
804 2442 983 2504 illum;
1007 2448 1096 2492 aut
1123 2440 1167 2494 si
1199 2439 1560 2493 invenerimus
1589 2440 1639 2492 iu
1668 2455 1733 2492 eo
1754 2440 1949 2507 aliquid
1977 2441 2122 2503 foedi,

533 2553 639 2592 non
675 2549 938 2590 amemus.
971 2535 1109 2588 Ecce
1142 2535 1254 2602 ipse
1282 2535 1485 2587 invenit
1513 2536 1676 2589 multa
1707 2534 1865 2596 fteda.
1892 2545 1946 2590 et
1975 2553 2124 2590 ama-

532 2630 607 2681 vit
633 2645 731 2686 nos
757 2645 768 2678 :
800 2630 842 2682 si
875 2625 1072 2693 aliquid
1101 2625 1223 2681 foedi
1259 2626 1620 2689 invenerimus
1647 2627 1699 2680 iII
1728 2644 1814 2696 eo,
1845 2643 1951 2692 non
1978 2643 2124 2694 ame-

532 2737 669 2774 mus.
701 2720 832 2792 Quia
864 2728 918 2773 ct
950 2717 1052 2779 hoc
1079 2719 1250 2785 ipsum
1277 2718 1417 2786 quod
1445 2732 1660 2771 carnem
1691 2719 1903 2773 indutus
1931 2729 2032 2784 est,
2065 2730 2123 2774 ut

529 2814 598 2868 de
625 2814 713 2866 illo
742 2813 902 2866 etiam
935 2812 1225 2875 diceretur,
1265 2808 1494 2866 Vidimus
1519 2827 1636 2864 cum
1660 2853 1674 2879 ,
1705 2824 1749 2864 et
1780 2829 1881 2878 non
1906 2813 2119 2876 habebat

528 2906 742 2974 speciem
784 2919 942 2972 neque
983 2902 1214 2961 decorem
1262 2900 1413 2970 (Is-ai.
1439 2916 1562 2970 tur,
1592 2902 1693 2972 2);
1722 2903 1764 2961 si
1810 2904 2119 2971 consideres

529 2967 955 3058 misericordiam
982 3009 1084 3062 qua
1114 2991 1286 3046 factus
1307 3003 1406 3057 est,
1441 3001 1494 3043 et
1525 2993 1594 3046 ibi
1629 2993 1850 3061 pulcher
1878 3003 1978 3048 est.
2010 2994 2117 3060 Sed

524 3087 831 3151 Iuda-orum
868 3102 1146 3155 personam
1179 3085 1394 3154 gerebat
1429 3085 1706 3154 prepheta,
1731 3103 1852 3140 cum
1879 3087 2112 3142 diceret:

537 3181 762 3233 Vidinms
785 3195 896 3230 eum
919 3221 933 3240 ,
961 3189 1008 3236 et
1053 3195 1151 3234 non
1194 3177 1404 3233 habebat
1432 3179 1646 3246 speciem
1677 3195 1834 3248 neque
1862 3180 2110 3250 decorem.

521 3272 733 3337 Quare?
760 3270 889 3335 Quia
908 3286 1009 3321 uoII
1037 3270 1088 3322 in
1106 3269 1454 3328 intellectum.
1473 3257 1887 3340 Intelligcntilms
1909 3281 2111 3339 autem,

521 3373 569 3415 et
592 3361 807 3414 Varium
829 3379 946 3414 cnro
967 3365 1160 3430 factum
1181 3370 1252 3439 est
1275 3358 1450 3431 (Joau.
1469 3377 1504 3423 I,
1532 3361 1639 3430 Η),
1665 3377 1853 3432 magna
1883 3363 2114 3431 pulchri-

507 3444 649 3508 tudo
677 3465 778 3508 est.
813 3452 941 3506 Mihi
972 3463 1138 3504 autem
1165 3452 1294 3508 absit
1323 3453 1554 3524 gloriari,
1585 3453 1718 3518 dixit
1748 3473 1883 3509 Imus
1912 3458 2113 3511 amico-

523 3563 640 3614 rum
681 3545 862 3614 Sponsi
886 3586 899 3607 ,
931 3544 1028 3596 nisi
1069 3545 1123 3597 iu
1163 3560 1310 3596 cruce
1335 3543 1545 3608 Domini
1571 3546 1734 3610 nostri
1767 3544 1892 3600 Jesu
1922 3547 2109 3605 Christi

518 3635 662 3708 (Gal.
694 3649 769 3697 vt,
795 3636 816 3688 l
838 3634 916 3704 ί).
943 3634 1134 3688 Parum
1159 3642 1242 3688 est
1273 3643 1329 3691 ut
1359 3650 1472 3702 non
1498 3634 1620 3698 inde
1647 3636 1965 3700 erubescas,
2007 3641 2110 3703 nisi

515 3729 675 3790 etiam
719 3737 774 3781 et
817 3726 1083 3795 glorieris.
1111 3726 1287 3793 Quare
1316 3742 1443 3794 ergo
1491 3743 1596 3780 non
1647 3729 1830 3786 hahuit
1870 3733 2105 3798 speciem

517 3836 687 3892 neque
731 3817 1019 3874 decorem?
1063 3818 1195 3885 Quia
1246 3817 1490 3872 Christus
1536 3821 1861 3888 crucifixus,
1903 3825 2110 3890 .ludzeis~

513 3913 727 3981 quidem
771 3910 1078 3963 scandalum
1102 3950 1115 3970 ,
1149 3909 1410 3964 Gentibus
1439 3911 1681 3963 stultitia.
1720 3913 1896 3979 Quare
1925 3928 2102 3971 autem

513 4012 568 4053 et
610 4001 660 4054 in
702 4015 859 4054 cruce
907 3999 1091 4052 habuit
1119 3999 1567 4072 decoreIII?_Qui:I
1603 4002 1744 4068 quod
1777 4005 1994 4057 stultum
2021 4017 2104 4066 est

513 4093 630 4158 Dei,
661 4092 953 4161 sapientius
975 4100 1057 4146 est
1085 4107 1242 4161 quam
1277 4091 1551 4155 homines;
1583 4105 1635 4146 et
1657 4096 1796 4163 quod
1830 4098 2099 4164 infirmum

512 4193 597 4237 est
623 4184 734 4246 Dei,
767 4183 954 4240 fortius
987 4193 1069 4239 est
1096 4199 1256 4250 quam
1286 4183 1531 4238 homines
1559 4184 1610 4253 (1
1636 4183 1753 4238 Cor.
1780 4204 1795 4240 I
1818 4233 1831 4252 ,
1864 4190 1951 4251 ‘23,
1979 4192 2095 4261 ‘25).

510 4275 675 4328 Nobis,
699 4289 826 4344 ergo
854 4275 964 4342 jam
994 4273 1355 4335 credentibus,
1391 4273 1588 4343 ubique
1618 4290 1844 4344 Sponsus
1880 4281 2100 4349 pulcher

506 4379 770 4428 occurrat.
798 4369 1026 4424 Pulcher
1053 4369 1210 4434 Deus,
1233 4369 1463 4422 Verbum
1488 4370 1625 4438 apud
1658 4372 1854 4425 Deum:
1877 4374 2099 4444 pulcher

508 4461 558 4512 in
593 4469 743 4515 utero
773 4460 1008 4527 virginis,
1046 4457 1132 4511 ubi
1166 4474 1267 4512 neu
1297 4461 1476 4514 amisit
1497 4461 1852 4530 divinitatem,
1876 4473 1931 4519 et
1951 4482 2094 4520 sum-

506 4552 610 4618 psit
656 4552 1038 4606 humanitatem
1079 4569 1092 4603 :
1135 4550 1355 4618 pulcher
1407 4562 1561 4614 natus
1609 4553 1781 4607 infans
1824 4555 2089 4623 Verbum;

503 4643 625 4708 quia
656 4649 710 4694 et
737 4656 856 4695 cum
885 4649 1027 4703 esset
1059 4638 1254 4703 infans,
1287 4655 1406 4693 cum
1434 4655 1666 4710 sugerct,
1695 4658 1815 4696 cum
1848 4647 2093 4704 manibus

503 4743 827 4800 portaretur,
855 4731 975 4790 εαξΙί
1011 4732 1170 4784 locuti
1206 4745 1358 4795 sunt,
1387 4735 1574 4804 Angvli
1608 4734 1791 4790 laudes
1818 4737 2086 4805 dixerunt,

503 4825 682 4891 Magos
703 4824 853 4875 stella
878 4823 1094 4886 direxit,
1126 4823 1377 4876 adoraIus
1408 4833 1489 4878 est
1524 4826 1573 4876 in
1604 4827 1830 4896 prteSCpi
1853 4870 1866 4888 ,
1891 4830 2088 4885 cibaria

499 4925 898 4968 IIIaIIsuetorIInI
929 4913 1077 4983 (Luc.
1107 4930 1163 4975 It,
1192 4915 1339 4974 8-H.
1369 4927 1413 4968 et
1447 4915 1631 4973 Matth.
1659 4933 1693 4970 ll
1717 4959 1731 4982 ,
1758 4919 1834 4988 l).
1863 4920 2089 4977 Pulcher

495 5023 624 5075 ergo
655 5009 705 5059 iII
734 5007 906 5066 coelo,
955 5005 1173 5073 pulcher
1218 5009 1269 5060 iII
1320 5017 1489 5066 terra;
1526 5008 1746 5076 pulcher
1797 5011 1847 5063 iu
1900 5024 2083 5077 utero,

501 5100 722 5167 putt-hor
755 5101 803 5151 iII
838 5099 1082 5150 omnibus
1114 5109 1427 5165 parentum;
1463 5101 1684 5166 pulcher
1710 5102 1759 5154 in
1792 5104 2010 5165 miracul
2037 5123 2080 5169 ς,

497 5193 719 5258 pulcher
757 5191 806 5241 in
847 5189 1098 5258 flagellis;
1134 5189 1351 5257 pulcher
1379 5191 1608 5243 inritans
1639 5193 1702 5243 ad
1734 5193 1927 5261 vitam“
1964 5197 2078 5264 pul-

491 5281 624 5333 cher
652 5297 752 5332 non
781 5295 972 5333 curans
995 5289 1223 5333 mortem
1247 5295 1260 5343 ;
1282 5280 1506 5347 pulcher
1527 5281 1800 5348 deponens
1825 5285 2079 5351 animam,

498 5372 717 5437 pulcher
760 5370 1051 5436 recipiens;
1085 5367 1305 5437 pulcher
1349 5371 1399 5421 in
1443 5370 1584 5434 ligno
1608 5413 1620 5430 ,
1659 5372 1876 5438 puicher
1906 5376 1956 5428 iu
1989 5391 2077 5430 se-

487 5450 712 5532 pulcro,
767 5463 990 5531 pulcher
1031 5461 1085 5514 in
1130 5462 1287 5515 cutio.
1359 5461 1412 5513 lII
1463 5463 1789 5518 intellectum
1845 5469 1858 5498 ¹
1900 5471 2077 5524 audite

551 5639 568 5666 ι
603 5639 673 5683 sic
714 5646 813 5686 uss.
858 5644 911 5695 At
944 5635 1077 5695 EdIL,
1103 5606 1304 5700 pulcher
1335 5633 1385 5686 in
1421 5631 1680 5688 intellectu.
1721 5640 1889 5692 audite
1911 5645 2072 5698 (anti-

479 5709 610 5758 cum,
638 5708 728 5746 etc.

1758 243 1816 298 S.
1859 242 2226 298 AUGL’STiNI
2270 245 2572 305 EPISCOPI

3743 273 3848 328 496

2251 359 2552 423 Canticum.
2587 380 2758 436 neque
2797 369 2980 428 oculos
3011 382 3214 428 vestros
3235 391 3264 427 :I
3291 377 3578 444 splendore
3603 385 3844 452 pulchri-

2253 450 2450 508 tudinis
2473 454 2616 508 illius
2638 473 2753 511 avet
2771 468 2842 513 tat
2869 465 3048 517 cernis
3071 466 3378 534 infirmitas.
3397 450 3617 529 Summa
3638 485 3694 532 et
3713 494 3843 534 vera

2251 541 2589 610 pulchritudo
2629 548 2834 615 justitia
2860 556 3079 610 cst:ihi
3125 560 3272 618 illum
3320 577 3425 616 non
3472 565 3678 621 videbis
3724 573 3845 640 pul-

2247 635 2460 703 chrum,
2495 639 2584 693 ubi
2605 641 2978 711 deprehendis
3009 647 3264 717 injustum
3293 657 3376 708 :si
3401 659 3598 726 ubique
3622 635 3836 729 justus,

2220 727 2442 802 'Il‘bitlue
2474 729 2720 786 decorus.
2750 734 2938 790 Veniat
2971 754 3103 808 ergo
3134 743 3289 796 nobis
3320 744 3686 814 inspiciendus
3717 769 3843 808 ocu-

2247 813 2312 888 lis
2342 819 2570 883 mentis,
2601 821 2909 890 descriptus
2938 843 2969 881 a
3009 831 3242 898 quodam
3275 813 3550 893 laudatore
3575 854 3676 894 suo
3709 857 3841 912 pro-

2245 905 2401 976 pheta
2431 927 2445 961 :
2470 926 2595 964 ecce
2626 912 2827 982 incipit.

2313 997 2368 1050 4.
2404 997 2553 1070 [τινα.
2579 1002 2659 1075 2.]
2685 1003 2947 1061 Eructavit
2966 1027 3056 1063 cor
3075 1029 3240 1066 meum
3262 1017 3685 1084 verbumhonum.
3709 1025 3841 1091 Quis

2242 1086 2391 1150 dicit,
2417 1090 2596 1158 Pater,
2623 1110 2690 1148 an
2718 1096 3025 1167 Propheta?
3046 1103 3424 1164 lutellexerunt
3449 1114 3592 1167 enim
3619 1116 3837 1192 quidam

2250 1181 2421 1237 Patris
2452 1200 2733 1254 personam
2767 1192 3012 1258 dicentis,
3045 1195 3304 1254 Eructavit
3333 1220 3422 1256 cor
3446 1222 3609 1259 meum
3630 1210 3832 1263 verbum

2242 1271 2460 1337 bonum,
2503 1283 2929 1338 commendantis
2972 1289 3127 1342 nobis
3168 1294 3498 1351 nativitatem
3550 1303 3832 1369 quamdam

2245 1363 2586 1422 ineffabilem.
2637 1371 2712 1426 Ne
2761 1375 2895 1429 forte
2947 1389 3164 1446 putares
3211 1387 3412 1454 aliquid
3459 1403 3832 1460 assumptum,

2245 1451 2383 1506 unde
2428 1454 2616 1511 Filium
2661 1476 2946 1531 generaret
2992 1468 3160 1535 Deus;
3192 1479 3640 1541 quemadmodum
3675 1483 3836 1540 homo

2242 1542 2339 1602 sibi
2384 1549 2611 1602 assumit
2654 1552 2853 1621 aliquid
2897 1558 3036 1613 unde
3081 1574 3300 1630 generet
3329 1565 3831 1643 filios,conjugimn

2240 1635 2462 1702 scilicet,
2487 1639 2603 1694 sine
2629 1657 2734 1711 quo
2763 1647 2963 1714 prolem
2989 1666 3271 1718 procreare
3299 1655 3460 1714 homo
3489 1635 3591 1715 non
3620 1673 3830 1731 potest:

2241 1746 2308 1798 ne
2349 1733 2509 1801 igitur
2550 1747 2766 1805 putares
2809 1742 2989 1812 aliquo
3025 1747 3274 1820 coniugio
3306 1750 3597 1822 indiguisse
3626 1758 3829 1824 Deum,

2240 1822 2379 1876 unde
2409 1823 2596 1880 Filium
2626 1844 2941 1899 generaret,
2984 1836 3246 1893 Eractavit
3266 1884 3280 1905 ,
3310 1843 3481 1913 inquIt
3500 1888 3514 1911 ,
3548 1865 3635 1901 cor
3663 1833 3842 1904 mcum-

2237 1916 2440 1970 verbum
2458 1918 2664 1974 bonum.
2691 1923 2860 1979 llodie
2883 1942 2978 1981 cor
3004 1938 3170 1996 tuum,
3191 1947 3224 1986 ο
3248 1936 3431 1999 Ιιοιιιυ,
3457 1952 3678 2007 generat
3701 1958 3827 1996 eou-

2236 2007 2436 2073 silium,
2465 2026 2565 2066 nec
2594 2017 2784 2080 quatrit
2814 2033 3035 2080 uxorem
3061 2040 3073 2074 :
3115 2039 3210 2098 per
3235 2027 3515 2086 consilium
3549 2045 3727 2088 natum
3759 2053 3827 2092 ex

2232 2101 2396 2156 corde
2427 2113 2516 2156 tuo
2545 2106 2777 2162 :edificas
2807 2111 3036 2180 aliquid;
3071 2125 3125 2169 et
3157 2117 3242 2170 illa
3272 2118 3471 2181 fabrica
3493 2163 3510 2190 ,
3537 2135 3825 2197 antequam

2235 2201 2343 2246 stet
2371 2194 2422 2248 in
2453 2209 2762 2265 opere,stat
2789 2202 2838 2256 in
2860 2207 3156 2274 consilio‘;
3190 2219 3243 2266 et
3273 2213 3407 2273 inest
3434 2217 3542 2284 iam
3569 2194 3709 2288 quod
3743 2221 3824 2278 fa-

2231 2296 2418 2340 cturus
2463 2305 2554 2355 es,
2601 2292 2651 2344 in
2697 2309 2763 2348 eo
2814 2312 2908 2363 per
2950 2301 3091 2368 quod
3139 2300 3373 2358 facturus
3414 2320 3599 2364 eszet
3642 2313 3825 2369 laudas

2177 2405 2180 2408 -
2234 2373 2487 2432 fabricam
2518 2383 2753 2445 nondum
2782 2388 3125 2453 existentcm,
3151 2396 3384 2451 nondum
3415 2399 3464 2452 in
3493 2403 3670 2471 specie
3696 2405 3826 2461 mdi-

2234 2470 2356 2536 fieii,
2388 2472 2479 2545 sed
2516 2476 2565 2528 in
2597 2477 2892 2544 prolatione
2917 2486 3157 2550 consilii;
3191 2503 3288 2543 nec
3317 2490 3496 2545 laudat
3524 2496 3661 2550 alius
3687 2511 3818 2563 eon-

2230 2561 2405 2616 silium
2454 2575 2637 2631 tuum,
2672 2571 2770 2624 nisi
2819 2582 2909 2627 aut
2953 2574 3304 2646 iudicaveris,
3346 2591 3437 2636 aut
3464 2586 3653 2641 viderit
3678 2591 3830 2657 quod;

2230 2651 2420 2708 fecisti.
2445 2657 2584 2726 Ergo
2604 2660 2646 2712 si
2670 2676 2768 2730 per
2786 2662 3016 2720 Verbum
3039 2673 3236 2734 omnia,
3257 2683 3310 2726 et
3339 2675 3564 2731 Verbum
3581 2679 3649 2735 de
3674 2651 3816 2747 Deo;

2229 2745 2429 2814 inSpice.
2455 2748 2708 2806 fabricam
2739 2752 2931 2809 factam
2965 2775 3062 2827 per
3089 2761 3315 2817 Verbum
3337 2807 3352 2830 ,
3383 2778 3436 2820 et
3462 2783 3528 2832 ex
3557 2745 3818 2846 istoa’di;

2228 2836 2347 2893 ficio
2390 2842 2584 2897 mirare
2630 2846 2931 2901 consilium.
2984 2851 3150 2917 Quale
3175 2853 3403 2911 Verbum
3433 2843 3814 2934 estperhqnod

2225 2931 2418 2986 factum
2466 2947 2548 2990 est
2590 2938 2784 2993 ccelum
2827 2951 2879 2995 et
2909 2952 3050 2997 terra
3073 2988 3087 3010 ,
3121 2957 3173 3000 et
3199 2949 3375 3004 omnis
3404 2965 3623 3010 ornatus
3652 2958 3772 3021 cqui
3795 3001 3810 3021 ,

2221 3027 2394 3076 omnis
2415 3025 2710 3083 fecunditas
2734 3039 2913 3098 terrte,
2934 3035 3147 3092 diffusio
3170 3040 3350 3105 maris,
3371 3042 3625 3100 distentio
3646 3051 3808 3125 aeris,

2222 3116 2392 3184 fulgor
2419 3119 2678 3184 siderum,
2708 3123 2925 3179 claritas
2950 3126 3077 3181 solis
3103 3140 3157 3182 et
3183 3132 3356 3187 luo-az?
3382 3135 3638 3193 Videntur
3663 3122 3807 3200 tunc:

2223 3209 2539 3264 Iranseeude
2571 3220 2625 3264 et
2652 3211 2796 3278 have;
2827 3217 2999 3285 cogita
3027 3220 3282 3290 Angelos,
3317 3225 3673 3296 Principatus.
3706 3232 3809 3288 Se-

2216 3298 2335 3362 des,
2372 3301 2793 3370 Domiuationes,
2828 3307 3125 3377 Potestates
3155 3330 3169 3366 :
3199 3318 3376 3370 omnia
3406 3334 3502 3387 per
3526 3323 3698 3388 ipsum
3731 3327 3808 3380 fa-

2215 3401 2298 3443 cta
2330 3401 2473 3446 sunt.
2510 3393 2660 3463 Unde
2689 3412 2816 3466 ergo
2859 3397 2960 3453 ista
2996 3401 3134 3456 bona
3167 3407 3301 3459 facta
3329 3410 3488 3464 sunt?
3515 3414 3646 3480 Quia
3676 3431 3806 3481 eru-

2172 3515 2174 3518 -
2213 3493 2411 3538 elatum
2459 3495 2542 3539 est
2588 3502 2681 3555 per
2725 3490 2865 3558 quod
2917 3494 3138 3571 tierent,
3181 3495 3395 3552 Verbum
3422 3501 3625 3558 bonum.
3666 3507 3806 3578 Ergo

2218 3575 2447 3633 Verbum
2490 3580 2686 3633 bonum
2718 3599 2730 3634 :
2761 3593 2813 3636 et
2846 3584 2946 3654 ipsi
2971 3586 3146 3642 Verbo
3175 3590 3374 3646 dictum
3406 3607 3524 3675 est,
3559 3575 3804 3675 Magium

2211 3664 2356 3719 bone.
2385 3668 2446 3720 lit
2474 3668 2646 3738 ipsum
2678 3671 2904 3728 Verbum
2932 3678 3228 3747 respondit,
3259 3685 3394 3749 Quid
3423 3705 3500 3740 me
3513 3664 3802 3760 interimas

2211 3757 2274 3821 de
2295 3759 2466 3813 bona?
2492 3759 2660 3814 Aemo
2685 3761 2867 3828 bonus,
2896 3767 2997 3822 nisi
3016 3786 3147 3823 unus
3177 3771 3314 3826 Deus
3343 3774 3553 3846 (Matth.
3579 3797 3690 3843 XIX,
3712 3757 3796 3849 i7,

2209 3861 2254 3902 ct
2290 3850 2449 3903 Marc.
2483 3869 2512 3905 χ
2540 3895 2554 3917 ,
2588 3853 2697 3924 l8).
2730 3857 2933 3911 Dictum
2985 3871 3086 3928 est,
3112 3853 3357 3934 Magister
3383 3871 3537 3932 boue;
3567 3877 3796 3942 etdieit,

2214 3943 2352 4006 Quid
2381 3963 2458 3998 me
2482 3949 2762 4017 interrogas
2788 3952 2850 4003 de
2875 3951 3043 4006 bono?
3068 3955 3284 4011 Addidit
3309 3961 3490 4023 etiam,
3520 3963 3685 4019 Nemo
3707 3967 3799 4021 bo-

2207 4051 2319 4096 nus,
2347 4035 2442 4087 nisi
2464 4055 2596 4091 unus
2630 4040 2779 4093 Deus.
2807 4042 3086 4109 Quomodo
3108 4063 3233 4116 ergo
3256 4061 3308 4113 et
3339 4051 3451 4119 ipse
3479 4053 3666 4116 bonus.
3693 4059 3795 4113 nisi

2205 4127 2325 4192 quia
2369 4126 2543 4180 Deus?
2569 4130 2683 4183 Non
2714 4115 2883 4186 solum
2914 4145 3087 4187 autem
3123 4138 3295 4206 Deus,
3331 4143 3421 4195 sed
3467 4160 3586 4200 cum
3636 4148 3797 4226 Patre

2206 4233 2341 4270 unus
2374 4219 2532 4273 Deus.
2564 4221 2678 4275 Non
2707 4226 2847 4277 enim
2872 4227 3118 4292 dicendo,
3147 4229 3314 4284 Nemo
3339 4235 3517 4296 bonus.
3539 4239 3636 4293 nisi
3658 4258 3793 4298 unus

2207 4310 2376 4374 Deus,
2420 4312 2672 4368 discrevit
2714 4332 2807 4381 se,
2847 4321 2938 4372 sed
2971 4322 3154 4386 uuivit.
3189 4325 3453 4381 Eructavit
3493 4347 3580 4406 cor
3622 4351 3794 4392 meum

2201 4401 2401 4455 verbum
2431 4403 2634 4458 bonum.
2686 4405 2888 4462 Dixerit
2918 4410 3020 4465 hoc
3050 4411 3188 4480 Deus
3214 4416 3372 4482 Pater
3396 4418 3464 4474 de
3491 4403 3791 4491 Verbosuo

2202 4491 2343 4542 hono
2383 4502 2542 4560 atque
2587 4495 2825 4551 beneﬁce
2862 4497 3004 4553 bono
3034 4516 3218 4558 nostro
3244 4547 3258 4568 ,
3294 4522 3390 4575 per
3418 4511 3561 4581 quod
3610 4515 3786 4582 solum

2200 4584 2394 4636 bonum
2427 4596 2711 4654 utcumque
2743 4590 2863 4649 boni
2893 4607 3012 4647 esse
3045 4611 3346 4663 possumus.

2267 4675 2320 4729 Β.
2353 4676 2623 4745 Sequitur,
2651 4679 2779 4736 Dico
2807 4700 2898 4752 ego
2930 4701 3084 4754 Opera
3112 4705 3222 4741 mea
3250 4693 3377 4762 regi.
3408 4694 3596 4752 Adhuc
3627 4697 3789 4766 Pater

2197 4767 2462 4836 loquitur?
2491 4769 2544 4823 Si
2577 4771 2750 4826 adhuc
2782 4775 2937 4829 Pater
2974 4780 3230 4851 loquitur,
3266 4799 3567 4853 qua-ramus
3595 4800 3650 4846 et
3683 4793 3786 4851 hoc

2195 4858 2464 4925 quomodo
2489 4869 2782 4916 secundum
2812 4864 2970 4918 fidem
2999 4884 3178 4922 veram
3201 4882 3254 4925 et
3277 4875 3593 4932 catholicam
3622 4881 3784 4937 intel-

2195 4950 2438 5017 ligamus,
2469 4949 2597 5004 Dico
2627 4969 2716 5026 ego
2744 4973 2898 5022 opera
2929 4975 3039 5010 mea
3068 4963 3191 5029 regi.
3223 4962 3278 5017 Si
3301 4967 3442 5021 enim
3476 4969 3633 5025 Pater
3653 4973 3784 5047 dicit

2194 5055 2354 5105 opera
2386 5056 2479 5095 sua
2510 5043 2647 5098 Filio
2675 5061 2773 5101 suo
2799 5049 2910 5123 regi
2943 5062 3158 5115 nostro;
3181 5072 3300 5125 quae
3325 5074 3486 5128 opera
3515 5063 3672 5120 Pater
3697 5069 3781 5123 di-

2189 5143 2372 5184 cturus
2403 5142 2483 5185 est
2510 5133 2644 5188 Filio
2665 5175 2679 5198 ,
2711 5151 2829 5189 cum
2860 5140 3040 5194 omnia
3069 5157 3228 5211 opera
3260 5147 3430 5203 Patris
3455 5167 3554 5220 per
3576 5154 3776 5214 Filium

2195 5222 2330 5275 facta
2361 5224 2502 5277 sint?
2528 5227 2610 5279 An
2639 5226 2799 5293 forte,
2837 5229 2966 5283 Dico
2994 5251 3084 5303 ego
3108 5253 3262 5305 opera
3286 5257 3397 5294 mea
3425 5247 3566 5313 regi,
3600 5249 3775 5317 ipsum

2190 5311 2318 5365 Dico
2344 5355 2358 5376 ,
2401 5320 2800 5383 generationem
2850 5322 2967 5375 Filii
3012 5326 3308 5396 significat?
3349 5332 3547 5390 Vereor
3575 5355 3644 5393 ne
3674 5341 3778 5400 hoc

2186 5403 2472 5471 aliquando
2506 5422 2534 5458 a
2578 5409 2901 5465 tardioribus
2931 5428 3038 5468 non
3068 5420 3234 5484 possit
3264 5420 3480 5495 intelligi
3507 5444 3522 5480 :
3552 5443 3775 5488 verum-

2187 5502 2359 5547 tamen
2390 5495 2597 5563 dieam;
2629 5511 2884 5569 sequatur
2916 5505 3004 5573 qui
3033 5518 3227 5575 potest,
3257 5528 3322 5567 ne
3351 5531 3456 5569 non
3487 5516 3634 5574 dicto
3664 5539 3774 5580 non

2181 5710 2214 5760 Η
2244 5651 2257 5698 .'
2295 5659 2472 5700 (nones
2499 5659 2624 5716 uss,
2661 5661 2706 5704 et
2728 5653 2814 5707 illa
2840 5657 3024 5720 ﬁtlm'ca
3054 5667 3305 5724 antequam
3340 5675 3444 5730 stet,
3481 5678 3576 5723 αυι
3612 5681 3771 5729 cani.

2215 5725 2311 5760 um.

2215 5725 2311 5760 um.
