  <div class='ocr_page' id='page_1' title='image "/cluster/home/n/w/nwhite01/storage/ocr_20150623/36/umn.319510024773307/260.png"; bbox 0 0 3978 6350; ppageno 0'>
   <div class='ocr_carea' id='block_1_1' title="bbox 134 407 232 468">
    <p class='ocr_par' dir='ltr' id='par_1_1' title="bbox 134 407 232 468">
     <span class='ocr_line' id='line_1_1' title="bbox 134 407 232 468; baseline -0.061 0"><span class='ocrx_word' id='word_1_1' title='bbox 134 407 232 468; x_wconf 78' lang='grc'><strong>501</strong></span> 
     </span>
    </p>
   </div>
   <div class='ocr_carea' id='block_1_2' title="bbox 134 518 1731 598">
    <p class='ocr_par' dir='ltr' id='par_1_2' title="bbox 134 518 1731 598">
     <span class='ocr_line' id='line_1_2' title="bbox 134 518 1731 598; baseline -0.006 -18"><span class='ocrx_word' id='word_1_2' title='bbox 134 531 392 598; x_wconf 76' lang='lat' dir='ltr'><strong>copulatis</strong></span> <span class='ocrx_word' id='word_1_3' title='bbox 424 536 611 581; x_wconf 86' lang='lat' dir='ltr'><strong>natura</strong></span> <span class='ocrx_word' id='word_1_4' title='bbox 636 524 883 580; x_wconf 81' lang='lat' dir='ltr'><strong>carnalis.</strong></span> <span class='ocrx_word' id='word_1_5' title='bbox 917 522 1002 578; x_wconf 83' lang='lat' dir='ltr'><strong>Fit</strong></span> <span class='ocrx_word' id='word_1_6' title='bbox 1025 521 1128 577; x_wconf 89' lang='lat' dir='ltr'><strong>hoc</strong></span> <span class='ocrx_word' id='word_1_7' title='bbox 1162 530 1218 576; x_wconf 91' lang='lat' dir='ltr'><strong>et</strong></span> <span class='ocrx_word' id='word_1_8' title='bbox 1239 521 1308 576; x_wconf 89' lang='lat' dir='ltr'><strong>de</strong></span> <span class='ocrx_word' id='word_1_9' title='bbox 1336 521 1443 575; x_wconf 88' lang='lat' dir='ltr'><strong>ﬁlia</strong></span> <span class='ocrx_word' id='word_1_10' title='bbox 1473 518 1731 574; x_wconf 87' lang='lat' dir='ltr'><strong>adversus</strong></span> 
     </span>
    </p>
   </div>
   <div class='ocr_carea' id='block_1_3' title="bbox 139 612 1728 686">
    <p class='ocr_par' dir='ltr' id='par_1_3' title="bbox 139 612 1728 686">
     <span class='ocr_line' id='line_1_3' title="bbox 139 612 1728 686; baseline -0.006 -16"><span class='ocrx_word' id='word_1_11' title='bbox 139 628 384 679; x_wconf 87' lang='lat' dir='ltr'><strong>matrem,</strong></span> <span class='ocrx_word' id='word_1_12' title='bbox 417 617 585 672; x_wconf 91' lang='lat' dir='ltr'><strong>multo</strong></span> <span class='ocrx_word' id='word_1_13' title='bbox 614 616 784 686; x_wconf 80' lang='lat' dir='ltr'><strong>magis</strong></span> <span class='ocrx_word' id='word_1_14' title='bbox 824 624 879 670; x_wconf 91' lang='lat' dir='ltr'><strong>et</strong></span> <span class='ocrx_word' id='word_1_15' title='bbox 925 614 992 668; x_wconf 92' lang='lat' dir='ltr'><strong>de</strong></span> <span class='ocrx_word' id='word_1_16' title='bbox 1033 629 1170 670; x_wconf 89' lang='lat' dir='ltr'><strong>nuru</strong></span> <span class='ocrx_word' id='word_1_17' title='bbox 1213 612 1472 668; x_wconf 80' lang='lat' dir='ltr'><strong>adversus</strong></span> <span class='ocrx_word' id='word_1_18' title='bbox 1493 624 1728 665; x_wconf 89' lang='lat' dir='ltr'><strong>socrum.</strong></span> 
     </span>
    </p>
   </div>
   <div class='ocr_carea' id='block_1_4' title="bbox 138 707 1734 779">
    <p class='ocr_par' dir='ltr' id='par_1_4' title="bbox 138 707 1734 779">
     <span class='ocr_line' id='line_1_4' title="bbox 138 707 1734 779; baseline -0.006 -13"><span class='ocrx_word' id='word_1_19' title='bbox 138 712 267 766; x_wconf 79' lang='lat' dir='ltr'><strong>Nam</strong></span> <span class='ocrx_word' id='word_1_20' title='bbox 297 710 586 779; x_wconf 72' lang='lat' dir='ltr'><strong>aliquando</strong></span> <span class='ocrx_word' id='word_1_21' title='bbox 633 710 685 761; x_wconf 92' lang='lat' dir='ltr'><strong>in</strong></span> <span class='ocrx_word' id='word_1_22' title='bbox 733 724 835 762; x_wconf 90' lang='lat' dir='ltr'><strong>una</strong></span> <span class='ocrx_word' id='word_1_23' title='bbox 879 707 1040 764; x_wconf 87' lang='lat' dir='ltr'><strong>domo</strong></span> <span class='ocrx_word' id='word_1_24' title='bbox 1080 721 1249 761; x_wconf 88' lang='lat' dir='ltr'><strong>nurus</strong></span> <span class='ocrx_word' id='word_1_25' title='bbox 1277 715 1331 762; x_wconf 85' lang='lat' dir='ltr'><strong>et</strong></span> <span class='ocrx_word' id='word_1_26' title='bbox 1373 719 1563 760; x_wconf 89' lang='lat' dir='ltr'><strong>socrus</strong></span> <span class='ocrx_word' id='word_1_27' title='bbox 1587 707 1734 757; x_wconf 83' lang='lat' dir='ltr'><strong>inve-</strong></span> 
     </span>
    </p>
   </div>
   <div class='ocr_carea' id='block_1_5' title="bbox 138 795 1736 867">
    <p class='ocr_par' dir='ltr' id='par_1_5' title="bbox 138 795 1736 867">
     <span class='ocr_line' id='line_1_5' title="bbox 138 795 1736 867; baseline -0.003 -12"><span class='ocrx_word' id='word_1_28' title='bbox 138 803 358 856; x_wconf 88' lang='lat' dir='ltr'><strong>niuntur</strong></span> <span class='ocrx_word' id='word_1_29' title='bbox 384 801 705 856; x_wconf 60' lang='lat' dir='ltr'><strong>lia&#39;retica-et</strong></span> <span class='ocrx_word' id='word_1_30' title='bbox 731 799 1015 855; x_wconf 89' lang='lat' dir='ltr'><strong>catholica.</strong></span> <span class='ocrx_word' id='word_1_31' title='bbox 1039 800 1106 854; x_wconf 86' lang='lat' dir='ltr'><strong>Et</strong></span> <span class='ocrx_word' id='word_1_32' title='bbox 1133 797 1454 867; x_wconf 64' lang='lat' dir='ltr'><strong>ubifortiter</strong></span> <span class='ocrx_word' id='word_1_33' title='bbox 1481 795 1736 865; x_wconf 75' lang='lat' dir='ltr'><strong>recipitur</strong></span> 
     </span>
    </p>
   </div>
   <div class='ocr_carea' id='block_1_6' title="bbox 137 885 1736 962">
    <p class='ocr_par' dir='ltr' id='par_1_6' title="bbox 137 885 1736 962">
     <span class='ocr_line' id='line_1_6' title="bbox 137 885 1736 962; baseline -0.004 -16"><span class='ocrx_word' id='word_1_34' title='bbox 137 895 238 949; x_wconf 81' lang='lat' dir='ltr'><strong>iste</strong></span> <span class='ocrx_word' id='word_1_35' title='bbox 265 892 474 962; x_wconf 87' lang='lat' dir='ltr'><strong>gladius</strong></span> <span class='ocrx_word' id='word_1_36' title='bbox 498 935 514 956; x_wconf 95' lang='lat'><strong>,</strong></span> <span class='ocrx_word' id='word_1_37' title='bbox 544 892 1020 960; x_wconf 81' lang='lat' dir='ltr'><strong>rebaptizationem</strong></span> <span class='ocrx_word' id='word_1_38' title='bbox 1068 905 1178 944; x_wconf 86' lang='lat' dir='ltr'><strong>non</strong></span> <span class='ocrx_word' id='word_1_39' title='bbox 1236 891 1507 943; x_wconf 76' lang='lat' dir='ltr'><strong>timemus.</strong></span> <span class='ocrx_word' id='word_1_40' title='bbox 1554 885 1736 942; x_wconf 90' lang='lat' dir='ltr'><strong>Potuit</strong></span> 
     </span>
    </p>
   </div>
   <div class='ocr_carea' id='block_1_7' title="bbox 134 982 1728 1048">
    <p class='ocr_par' dir='ltr' id='par_1_7' title="bbox 134 982 1728 1048">
     <span class='ocr_line' id='line_1_7' title="bbox 134 982 1728 1048; baseline -0.006 -12"><span class='ocrx_word' id='word_1_41' title='bbox 134 983 301 1040; x_wconf 83' lang='lat' dir='ltr'><strong>dividi</strong></span> <span class='ocrx_word' id='word_1_42' title='bbox 325 982 432 1036; x_wconf 90' lang='lat' dir='ltr'><strong>ﬁlia</strong></span> <span class='ocrx_word' id='word_1_43' title='bbox 457 982 712 1036; x_wconf 75' lang='lat' dir='ltr'><strong>adversos</strong></span> <span class='ocrx_word' id='word_1_44' title='bbox 741 993 963 1036; x_wconf 84' lang='lat' dir='ltr'><strong>matrem</strong></span> <span class='ocrx_word' id='word_1_45' title='bbox 1005 995 1180 1045; x_wconf 90' lang='lat' dir='ltr'><strong>suam,</strong></span> <span class='ocrx_word' id='word_1_46' title='bbox 1206 989 1260 1035; x_wconf 89' lang='lat' dir='ltr'><strong>et</strong></span> <span class='ocrx_word' id='word_1_47' title='bbox 1285 993 1390 1033; x_wconf 91' lang='lat' dir='ltr'><strong>non</strong></span> <span class='ocrx_word' id='word_1_48' title='bbox 1422 985 1599 1048; x_wconf 85' lang='lat' dir='ltr'><strong>potest</strong></span> <span class='ocrx_word' id='word_1_49' title='bbox 1629 992 1728 1029; x_wconf 86' lang='lat' dir='ltr'><strong>nu-</strong></span> 
     </span>
    </p>
   </div>
   <div class='ocr_carea' id='block_1_8' title="bbox 134 1073 957 1130">
    <p class='ocr_par' dir='ltr' id='par_1_8' title="bbox 134 1073 957 1130">
     <span class='ocr_line' id='line_1_8' title="bbox 134 1073 957 1130; baseline -0.004 -2"><span class='ocrx_word' id='word_1_50' title='bbox 134 1090 231 1128; x_wconf 90' lang='lat' dir='ltr'><strong>rus</strong></span> <span class='ocrx_word' id='word_1_51' title='bbox 255 1073 512 1130; x_wconf 85' lang='lat' dir='ltr'><strong>adversus</strong></span> <span class='ocrx_word' id='word_1_52' title='bbox 538 1090 750 1129; x_wconf 89' lang='lat' dir='ltr'><strong>socrum</strong></span> <span class='ocrx_word' id='word_1_53' title='bbox 782 1089 957 1127; x_wconf 83' lang='lat' dir='ltr'><strong>suam.</strong></span> 
     </span>
    </p>
   </div>
   <div class='ocr_carea' id='block_1_9' title="bbox 208 1163 1736 1235">
    <p class='ocr_par' dir='ltr' id='par_1_9' title="bbox 208 1163 1736 1235">
     <span class='ocr_line' id='line_1_9' title="bbox 208 1163 1736 1235; baseline -0.002 -16"><span class='ocrx_word' id='word_1_54' title='bbox 208 1166 299 1222; x_wconf 72' lang='grc'><strong>12.</strong></span> <span class='ocrx_word' id='word_1_55' title='bbox 343 1166 560 1221; x_wconf 83' lang='lat' dir='ltr'><strong>Factum</strong></span> <span class='ocrx_word' id='word_1_56' title='bbox 600 1177 680 1221; x_wconf 68' lang='lat' dir='ltr'><strong>est</strong></span> <span class='ocrx_word' id='word_1_57' title='bbox 722 1167 821 1220; x_wconf 89' lang='lat' dir='ltr'><strong>hoc</strong></span> <span class='ocrx_word' id='word_1_58' title='bbox 865 1166 1185 1235; x_wconf 88' lang='lat' dir='ltr'><strong>generaliter</strong></span> <span class='ocrx_word' id='word_1_59' title='bbox 1227 1163 1388 1219; x_wconf 89' lang='lat' dir='ltr'><strong>etiam</strong></span> <span class='ocrx_word' id='word_1_60' title='bbox 1441 1163 1492 1216; x_wconf 93' lang='lat' dir='ltr'><strong>in</strong></span> <span class='ocrx_word' id='word_1_61' title='bbox 1537 1172 1736 1231; x_wconf 78' lang='lat' dir='ltr'><strong>genere</strong></span> 
     </span>
    </p>
   </div>
   <div class='ocr_carea' id='block_1_10' title="bbox 135 1251 1736 1323">
    <p class='ocr_par' dir='ltr' id='par_1_10' title="bbox 135 1251 1736 1323">
     <span class='ocr_line' id='line_1_10' title="bbox 135 1251 1736 1323; baseline -0.003 -15"><span class='ocrx_word' id='word_1_62' title='bbox 135 1255 394 1319; x_wconf 80' lang='lat' dir='ltr'><strong>humano,</strong></span> <span class='ocrx_word' id='word_1_63' title='bbox 427 1257 631 1311; x_wconf 83' lang='lat' dir='ltr'><strong>divisus</strong></span> <span class='ocrx_word' id='word_1_64' title='bbox 668 1269 748 1309; x_wconf 77' lang='lat' dir='ltr'><strong>est</strong></span> <span class='ocrx_word' id='word_1_65' title='bbox 780 1257 918 1310; x_wconf 90' lang='lat' dir='ltr'><strong>ﬁlius</strong></span> <span class='ocrx_word' id='word_1_66' title='bbox 950 1256 1207 1310; x_wconf 80' lang='lat' dir='ltr'><strong>adversus</strong></span> <span class='ocrx_word' id='word_1_67' title='bbox 1244 1262 1468 1323; x_wconf 78' lang='lat' dir='ltr'><strong>patrem.</strong></span> <span class='ocrx_word' id='word_1_68' title='bbox 1518 1251 1736 1307; x_wconf 83' lang='lat' dir='ltr'><strong>Fuimus</strong></span> 
     </span>
    </p>
   </div>
   <div class='ocr_carea' id='block_1_11' title="bbox 132 1343 1731 1415">
    <p class='ocr_par' dir='ltr' id='par_1_11' title="bbox 132 1343 1731 1415">
     <span class='ocr_line' id='line_1_11' title="bbox 132 1343 1731 1415; baseline -0.004 -16"><span class='ocrx_word' id='word_1_69' title='bbox 132 1348 280 1400; x_wconf 70' lang='lat' dir='ltr'><strong>enim</strong></span> <span class='ocrx_word' id='word_1_70' title='bbox 305 1348 588 1415; x_wconf 55' lang='lat' dir='ltr'><strong>aliquando</strong></span> <span class='ocrx_word' id='word_1_71' title='bbox 612 1347 700 1400; x_wconf 82' lang='lat' dir='ltr'><strong>lilii</strong></span> <span class='ocrx_word' id='word_1_72' title='bbox 729 1347 946 1400; x_wconf 80' lang='lat' dir='ltr'><strong>diaboli.</strong></span> <span class='ocrx_word' id='word_1_73' title='bbox 979 1347 1166 1401; x_wconf 75' lang='lat' dir='ltr'><strong>Adhuc</strong></span> <span class='ocrx_word' id='word_1_74' title='bbox 1197 1345 1503 1400; x_wconf 80' lang='lat' dir='ltr'><strong>inﬁdelibus</strong></span> <span class='ocrx_word' id='word_1_75' title='bbox 1527 1343 1731 1398; x_wconf 87' lang='lat' dir='ltr'><strong>dictum</strong></span> 
     </span>
    </p>
   </div>
   <div class='ocr_carea' id='block_1_12' title="bbox 134 1430 1738 1508">
    <p class='ocr_par' dir='ltr' id='par_1_12' title="bbox 134 1430 1738 1508">
     <span class='ocr_line' id='line_1_12' title="bbox 134 1430 1738 1508; baseline -0.002 -17"><span class='ocrx_word' id='word_1_76' title='bbox 134 1451 217 1491; x_wconf 86' lang='lat' dir='ltr'><strong>est</strong></span> <span class='ocrx_word' id='word_1_77' title='bbox 251 1430 480 1493; x_wconf 17' lang='lat' dir='ltr'><strong>{Vasta</strong></span> <span class='ocrx_word' id='word_1_78' title='bbox 511 1449 658 1506; x_wconf 86' lang='lat' dir='ltr'><strong>patre</strong></span> <span class='ocrx_word' id='word_1_79' title='bbox 701 1438 903 1492; x_wconf 80' lang='lat' dir='ltr'><strong>diabolo</strong></span> <span class='ocrx_word' id='word_1_80' title='bbox 945 1439 1063 1492; x_wconf 86' lang='lat' dir='ltr'><strong>estis</strong></span> <span class='ocrx_word' id='word_1_81' title='bbox 1093 1437 1292 1508; x_wconf 81' lang='lat' dir='ltr'><strong>(Joan.</strong></span> <span class='ocrx_word' id='word_1_82' title='bbox 1341 1452 1456 1502; x_wconf 85' lang='lat' dir='ltr'><strong>vm,</strong></span> <span class='ocrx_word' id='word_1_83' title='bbox 1496 1436 1564 1490; x_wconf 68' lang='grc' dir='ltr'><strong>...ι</strong></span> <span class='ocrx_word' id='word_1_84' title='bbox 1583 1435 1625 1508; x_wconf 89' lang='grc'><strong>).</strong></span> <span class='ocrx_word' id='word_1_85' title='bbox 1670 1434 1738 1488; x_wconf 84' lang='grc' dir='ltr'>Ει</span> 
     </span>
    </p>
   </div>
   <div class='ocr_carea' id='block_1_13' title="bbox 134 1527 1738 1599">
    <p class='ocr_par' dir='ltr' id='par_1_13' title="bbox 134 1527 1738 1599">
     <span class='ocr_line' id='line_1_13' title="bbox 134 1527 1738 1599; baseline -0.002 -18"><span class='ocrx_word' id='word_1_86' title='bbox 134 1528 317 1584; x_wconf 90' lang='lat' dir='ltr'><strong>omnis</strong></span> <span class='ocrx_word' id='word_1_87' title='bbox 342 1529 630 1585; x_wconf 88' lang='lat' dir='ltr'><strong>inﬁdelitas</strong></span> <span class='ocrx_word' id='word_1_88' title='bbox 674 1539 875 1593; x_wconf 88' lang='lat' dir='ltr'><strong>nostra,</strong></span> <span class='ocrx_word' id='word_1_89' title='bbox 902 1530 1060 1594; x_wconf 91' lang='lat' dir='ltr'><strong>unde,</strong></span> <span class='ocrx_word' id='word_1_90' title='bbox 1091 1529 1194 1585; x_wconf 83' lang='lat' dir='ltr'><strong>nisi</strong></span> <span class='ocrx_word' id='word_1_91' title='bbox 1224 1538 1439 1599; x_wconf 68' lang='lat' dir='ltr'><strong>a&#39;patre</strong></span> <span class='ocrx_word' id='word_1_92' title='bbox 1477 1527 1738 1582; x_wconf 83' lang='lat' dir='ltr'><strong>diabolo?</strong></span> 
     </span>
    </p>
   </div>
   <div class='ocr_carea' id='block_1_14' title="bbox 137 1611 1734 1691">
    <p class='ocr_par' dir='ltr' id='par_1_14' title="bbox 137 1611 1734 1691">
     <span class='ocr_line' id='line_1_14' title="bbox 137 1611 1734 1691; baseline -0.001 -18"><span class='ocrx_word' id='word_1_93' title='bbox 137 1619 256 1674; x_wconf 80' lang='lat' dir='ltr'><strong>Non</strong></span> <span class='ocrx_word' id='word_1_94' title='bbox 295 1611 644 1683; x_wconf 35' lang='lat' dir='ltr'><strong>i&#39;lie&#39;creando</strong></span> <span class='ocrx_word' id='word_1_95' title='bbox 675 1633 844 1691; x_wconf 86' lang='lat' dir='ltr'><strong>pater,</strong></span> <span class='ocrx_word' id='word_1_96' title='bbox 874 1622 967 1677; x_wconf 88' lang='lat' dir='ltr'><strong>sed</strong></span> <span class='ocrx_word' id='word_1_97' title='bbox 993 1636 1092 1677; x_wconf 82' lang='lat' dir='ltr'><strong>nos</strong></span> <span class='ocrx_word' id='word_1_98' title='bbox 1116 1622 1264 1677; x_wconf 88' lang='lat' dir='ltr'><strong>illum</strong></span> <span class='ocrx_word' id='word_1_99' title='bbox 1287 1621 1542 1675; x_wconf 89' lang='lat' dir='ltr'><strong>imitando</strong></span> <span class='ocrx_word' id='word_1_100' title='bbox 1572 1619 1662 1674; x_wconf 92' lang='lat' dir='ltr'><strong>ﬁlii</strong></span> <span class='ocrx_word' id='word_1_101' title='bbox 1697 1621 1734 1671; x_wconf 85' lang='grc'><strong>¹.</strong></span> 
     </span>
    </p>
   </div>
   <div class='ocr_carea' id='block_1_15' title="bbox 137 1710 1733 1782">
    <p class='ocr_par' dir='ltr' id='par_1_15' title="bbox 137 1710 1733 1782">
     <span class='ocr_line' id='line_1_15' title="bbox 137 1710 1733 1782; baseline -0.003 -17"><span class='ocrx_word' id='word_1_102' title='bbox 137 1712 259 1765; x_wconf 77' lang='lat' dir='ltr'><strong>iam</strong></span> <span class='ocrx_word' id='word_1_103' title='bbox 289 1711 451 1768; x_wconf 88' lang='lat' dir='ltr'><strong>modo</strong></span> <span class='ocrx_word' id='word_1_104' title='bbox 477 1712 669 1767; x_wconf 80' lang='lat' dir='ltr'><strong>videtis</strong></span> <span class='ocrx_word' id='word_1_105' title='bbox 720 1713 883 1766; x_wconf 88' lang='lat' dir='ltr'><strong>ﬁlium</strong></span> <span class='ocrx_word' id='word_1_106' title='bbox 932 1714 1190 1767; x_wconf 76' lang='lat' dir='ltr'><strong>adversus</strong></span> <span class='ocrx_word' id='word_1_107' title='bbox 1234 1722 1440 1782; x_wconf 78' lang='lat' dir='ltr'><strong>patrem</strong></span> <span class='ocrx_word' id='word_1_108' title='bbox 1483 1710 1733 1766; x_wconf 81' lang='lat' dir='ltr'><strong>divisum.</strong></span> 
     </span>
    </p>
   </div>
   <div class='ocr_carea' id='block_1_16' title="bbox 144 1800 1736 1876">
    <p class='ocr_par' dir='ltr' id='par_1_16' title="bbox 144 1800 1736 1876">
     <span class='ocr_line' id='line_1_16' title="bbox 144 1800 1736 1876; baseline 0.001 -21"><span class='ocrx_word' id='word_1_109' title='bbox 144 1800 302 1862; x_wconf 81' lang='lat' dir='ltr'><strong>Venit</strong></span> <span class='ocrx_word' id='word_1_110' title='bbox 326 1803 538 1876; x_wconf 79' lang='lat' dir='ltr'><strong>gladius</strong></span> <span class='ocrx_word' id='word_1_111' title='bbox 580 1806 698 1870; x_wconf 87' lang='lat' dir='ltr'><strong>ilic;</strong></span> <span class='ocrx_word' id='word_1_112' title='bbox 746 1805 1014 1860; x_wconf 83' lang='lat' dir='ltr'><strong>renuntiat</strong></span> <span class='ocrx_word' id='word_1_113' title='bbox 1041 1805 1256 1860; x_wconf 83' lang='lat' dir='ltr'><strong>diabolo</strong></span> <span class='ocrx_word' id='word_1_114' title='bbox 1289 1821 1303 1858; x_wconf 89' lang='lat'><strong>:</strong></span> <span class='ocrx_word' id='word_1_115' title='bbox 1338 1803 1537 1859; x_wconf 79' lang='lat' dir='ltr'><strong>invenit</strong></span> <span class='ocrx_word' id='word_1_116' title='bbox 1574 1804 1736 1856; x_wconf 88' lang='lat' dir='ltr'><strong>alium</strong></span> 
     </span>
    </p>
   </div>
   <div class='ocr_carea' id='block_1_17' title="bbox 137 1896 1738 1968">
    <p class='ocr_par' dir='ltr' id='par_1_17' title="bbox 137 1896 1738 1968">
     <span class='ocr_line' id='line_1_17' title="bbox 137 1896 1738 1968; baseline -0.001 -15"><span class='ocrx_word' id='word_1_117' title='bbox 137 1906 370 1968; x_wconf 77' lang='lat' dir='ltr'><strong>patrem,</strong></span> <span class='ocrx_word' id='word_1_118' title='bbox 389 1898 601 1952; x_wconf 75' lang='lat' dir='ltr'><strong>invenit</strong></span> <span class='ocrx_word' id='word_1_119' title='bbox 625 1899 785 1951; x_wconf 81' lang='lat' dir='ltr'><strong>alium</strong></span> <span class='ocrx_word' id='word_1_120' title='bbox 805 1908 1050 1953; x_wconf 85' lang='lat' dir='ltr'><strong>matrem.</strong></span> <span class='ocrx_word' id='word_1_121' title='bbox 1081 1897 1174 1953; x_wconf 86' lang='lat' dir='ltr'><strong>ille</strong></span> <span class='ocrx_word' id='word_1_122' title='bbox 1202 1896 1267 1950; x_wconf 90' lang='lat' dir='ltr'><strong>ad</strong></span> <span class='ocrx_word' id='word_1_123' title='bbox 1298 1898 1650 1952; x_wconf 85' lang='lat' dir='ltr'><strong>imitationem</strong></span> <span class='ocrx_word' id='word_1_124' title='bbox 1678 1911 1738 1952; x_wconf 81' lang='lat' dir='ltr'><strong>se</strong></span> 
     </span>
    </p>
   </div>
   <div class='ocr_carea' id='block_1_18' title="bbox 140 1987 1739 2059">
    <p class='ocr_par' dir='ltr' id='par_1_18' title="bbox 140 1987 1739 2059">
     <span class='ocr_line' id='line_1_18' title="bbox 140 1987 1739 2059; baseline -0.002 -15"><span class='ocrx_word' id='word_1_125' title='bbox 140 1987 408 2059; x_wconf 73' lang='lat' dir='ltr'><strong>pnebens,</strong></span> <span class='ocrx_word' id='word_1_126' title='bbox 451 1988 740 2059; x_wconf 78' lang='lat' dir='ltr'><strong>gencmbat</strong></span> <span class='ocrx_word' id='word_1_127' title='bbox 783 1990 833 2041; x_wconf 89' lang='lat' dir='ltr'><strong>in</strong></span> <span class='ocrx_word' id='word_1_128' title='bbox 871 1988 1092 2042; x_wconf 82' lang='lat' dir='ltr'><strong>exitium</strong></span> <span class='ocrx_word' id='word_1_129' title='bbox 1122 2005 1136 2042; x_wconf 89' lang='lat'><strong>:</strong></span> <span class='ocrx_word' id='word_1_130' title='bbox 1162 2000 1414 2057; x_wconf 90' lang='lat' dir='ltr'><strong>parentes</strong></span> <span class='ocrx_word' id='word_1_131' title='bbox 1464 1988 1572 2042; x_wconf 88' lang='lat' dir='ltr'><strong>duo</strong></span> <span class='ocrx_word' id='word_1_132' title='bbox 1606 2003 1739 2054; x_wconf 82' lang='lat' dir='ltr'><strong>quos</strong></span> 
     </span>
    </p>
   </div>
   <div class='ocr_carea' id='block_1_19' title="bbox 139 2078 1743 2148">
    <p class='ocr_par' dir='ltr' id='par_1_19' title="bbox 139 2078 1743 2148">
     <span class='ocr_line' id='line_1_19' title="bbox 139 2078 1743 2148; baseline -0.001 -15"><span class='ocrx_word' id='word_1_133' title='bbox 139 2078 468 2144; x_wconf 75' lang='lat' dir='ltr'><strong>invenimus,</strong></span> <span class='ocrx_word' id='word_1_134' title='bbox 499 2079 553 2132; x_wconf 92' lang='lat' dir='ltr'><strong>in</strong></span> <span class='ocrx_word' id='word_1_135' title='bbox 593 2079 753 2132; x_wconf 88' lang='lat' dir='ltr'><strong>vitam</strong></span> <span class='ocrx_word' id='word_1_136' title='bbox 802 2088 1058 2133; x_wconf 77' lang='lat' dir='ltr'><strong>:ctemam</strong></span> <span class='ocrx_word' id='word_1_137' title='bbox 1090 2087 1371 2148; x_wconf 89' lang='lat' dir='ltr'><strong>generant.</strong></span> <span class='ocrx_word' id='word_1_138' title='bbox 1408 2078 1618 2133; x_wconf 84' lang='lat' dir='ltr'><strong>Divisus</strong></span> <span class='ocrx_word' id='word_1_139' title='bbox 1658 2079 1743 2133; x_wconf 81' lang='lat' dir='ltr'><strong>est</strong></span> 
     </span>
    </p>
   </div>
   <div class='ocr_carea' id='block_1_20' title="bbox 145 2171 1736 2240">
    <p class='ocr_par' dir='ltr' id='par_1_20' title="bbox 145 2171 1736 2240">
     <span class='ocr_line' id='line_1_20' title="bbox 145 2171 1736 2240; baseline -0.003 -13"><span class='ocrx_word' id='word_1_140' title='bbox 145 2172 289 2227; x_wconf 81' lang='lat' dir='ltr'><strong>titius</strong></span> <span class='ocrx_word' id='word_1_141' title='bbox 330 2171 589 2227; x_wconf 83' lang='lat' dir='ltr'><strong>adversus</strong></span> <span class='ocrx_word' id='word_1_142' title='bbox 610 2181 838 2240; x_wconf 82' lang='lat' dir='ltr'><strong>patrem.</strong></span> <span class='ocrx_word' id='word_1_143' title='bbox 872 2171 1043 2224; x_wconf 75' lang='lat' dir='ltr'><strong>Divisa</strong></span> <span class='ocrx_word' id='word_1_144' title='bbox 1071 2179 1154 2225; x_wconf 72' lang='lat' dir='ltr'><strong>eet</strong></span> <span class='ocrx_word' id='word_1_145' title='bbox 1183 2171 1289 2223; x_wconf 84' lang='lat' dir='ltr'><strong>tilia</strong></span> <span class='ocrx_word' id='word_1_146' title='bbox 1320 2171 1581 2224; x_wconf 89' lang='lat' dir='ltr'><strong>adversus</strong></span> <span class='ocrx_word' id='word_1_147' title='bbox 1619 2185 1736 2223; x_wconf 89' lang='lat' dir='ltr'><strong>ma-</strong></span> 
     </span>
    </p>
   </div>
   <div class='ocr_carea' id='block_1_21' title="bbox 139 2260 1740 2332">
    <p class='ocr_par' dir='ltr' id='par_1_21' title="bbox 139 2260 1740 2332">
     <span class='ocr_line' id='line_1_21' title="bbox 139 2260 1740 2332; baseline -0.002 -15"><span class='ocrx_word' id='word_1_148' title='bbox 139 2273 276 2317; x_wconf 89' lang='lat' dir='ltr'><strong>trem</strong></span> <span class='ocrx_word' id='word_1_149' title='bbox 309 2271 462 2318; x_wconf 84' lang='lat' dir='ltr'><strong>sttam</strong></span> <span class='ocrx_word' id='word_1_150' title='bbox 495 2280 509 2316; x_wconf 84' lang='lat'><strong>:</strong></span> <span class='ocrx_word' id='word_1_151' title='bbox 541 2263 688 2331; x_wconf 82' lang='lat' dir='ltr'><strong>plebs</strong></span> <span class='ocrx_word' id='word_1_152' title='bbox 713 2264 799 2317; x_wconf 83' lang='lat' dir='ltr'><strong>illa</strong></span> <span class='ocrx_word' id='word_1_153' title='bbox 824 2278 943 2332; x_wconf 69' lang='lat' dir='ltr'><strong>qua!</strong></span> <span class='ocrx_word' id='word_1_154' title='bbox 968 2263 1036 2315; x_wconf 92' lang='lat' dir='ltr'><strong>de</strong></span> <span class='ocrx_word' id='word_1_155' title='bbox 1061 2260 1256 2317; x_wconf 76' lang='lat' dir='ltr'><strong>.lttdteis</strong></span> <span class='ocrx_word' id='word_1_156' title='bbox 1300 2260 1545 2325; x_wconf 87' lang='lat' dir='ltr'><strong>credidit,</strong></span> <span class='ocrx_word' id='word_1_157' title='bbox 1572 2262 1740 2315; x_wconf 83' lang='lat' dir='ltr'><strong>divisa</strong></span> 
     </span>
    </p>
   </div>
   <div class='ocr_carea' id='block_1_22' title="bbox 139 2351 1742 2425">
    <p class='ocr_par' dir='ltr' id='par_1_22' title="bbox 139 2351 1742 2425">
     <span class='ocr_line' id='line_1_22' title="bbox 139 2351 1742 2425; baseline -0.003 -15"><span class='ocrx_word' id='word_1_158' title='bbox 139 2366 224 2410; x_wconf 76' lang='lat' dir='ltr'><strong>est</strong></span> <span class='ocrx_word' id='word_1_159' title='bbox 253 2355 515 2410; x_wconf 85' lang='lat' dir='ltr'><strong>adversus</strong></span> <span class='ocrx_word' id='word_1_160' title='bbox 543 2354 898 2425; x_wconf 77' lang='lat' dir='ltr'><strong>Synagugam.</strong></span> <span class='ocrx_word' id='word_1_161' title='bbox 937 2353 1119 2406; x_wconf 85' lang='lat' dir='ltr'><strong>Divisa</strong></span> <span class='ocrx_word' id='word_1_162' title='bbox 1163 2363 1244 2406; x_wconf 90' lang='lat' dir='ltr'><strong>est</strong></span> <span class='ocrx_word' id='word_1_163' title='bbox 1273 2361 1328 2407; x_wconf 91' lang='lat' dir='ltr'><strong>et</strong></span> <span class='ocrx_word' id='word_1_164' title='bbox 1357 2367 1522 2406; x_wconf 88' lang='lat' dir='ltr'><strong>nurus</strong></span> <span class='ocrx_word' id='word_1_165' title='bbox 1546 2351 1742 2406; x_wconf 71' lang='lat' dir='ltr'><strong>adi-er-</strong></span> 
     </span>
    </p>
   </div>
   <div class='ocr_carea' id='block_1_23' title="bbox 138 2444 1742 2516">
    <p class='ocr_par' dir='ltr' id='par_1_23' title="bbox 138 2444 1742 2516">
     <span class='ocr_line' id='line_1_23' title="bbox 138 2444 1742 2516; baseline -0.002 -17"><span class='ocrx_word' id='word_1_166' title='bbox 138 2460 233 2500; x_wconf 82' lang='lat' dir='ltr'><strong>sus</strong></span> <span class='ocrx_word' id='word_1_167' title='bbox 254 2460 469 2500; x_wconf 90' lang='lat' dir='ltr'><strong>socrum</strong></span> <span class='ocrx_word' id='word_1_168' title='bbox 500 2461 690 2500; x_wconf 86' lang='lat' dir='ltr'><strong>suam:</strong></span> <span class='ocrx_word' id='word_1_169' title='bbox 725 2446 874 2516; x_wconf 87' lang='lat' dir='ltr'><strong>plebs</strong></span> <span class='ocrx_word' id='word_1_170' title='bbox 902 2444 970 2500; x_wconf 90' lang='lat' dir='ltr'><strong>de</strong></span> <span class='ocrx_word' id='word_1_171' title='bbox 1010 2444 1274 2500; x_wconf 79' lang='lat' dir='ltr'><strong>Gentibus</strong></span> <span class='ocrx_word' id='word_1_172' title='bbox 1301 2445 1542 2508; x_wconf 86' lang='lat' dir='ltr'><strong>veniens,</strong></span> <span class='ocrx_word' id='word_1_173' title='bbox 1576 2452 1742 2496; x_wconf 79' lang='lat' dir='ltr'><strong>nurus</strong></span> 
     </span>
    </p>
   </div>
   <div class='ocr_carea' id='block_1_24' title="bbox 137 2532 1744 2608">
    <p class='ocr_par' dir='ltr' id='par_1_24' title="bbox 137 2532 1744 2608">
     <span class='ocr_line' id='line_1_24' title="bbox 137 2532 1744 2608; baseline -0.001 -19"><span class='ocrx_word' id='word_1_174' title='bbox 137 2536 376 2600; x_wconf 83' lang='lat' dir='ltr'><strong>dicitur;</strong></span> <span class='ocrx_word' id='word_1_175' title='bbox 402 2537 524 2608; x_wconf 89' lang='lat' dir='ltr'><strong>quia</strong></span> <span class='ocrx_word' id='word_1_176' title='bbox 551 2551 780 2606; x_wconf 89' lang='lat' dir='ltr'><strong>sponsus</strong></span> <span class='ocrx_word' id='word_1_177' title='bbox 810 2535 1054 2590; x_wconf 86' lang='lat' dir='ltr'><strong>Christus</strong></span> <span class='ocrx_word' id='word_1_178' title='bbox 1082 2536 1224 2589; x_wconf 78' lang='lat' dir='ltr'><strong>lii&#39;us</strong></span> <span class='ocrx_word' id='word_1_179' title='bbox 1251 2534 1566 2606; x_wconf 71' lang='lat' dir='ltr'><strong>Syuagogte.</strong></span> <span class='ocrx_word' id='word_1_180' title='bbox 1587 2532 1744 2588; x_wconf 86' lang='lat' dir='ltr'><strong>Unde</strong></span> 
     </span>
    </p>
   </div>
   <div class='ocr_carea' id='block_1_25' title="bbox 137 2624 1741 2681">
    <p class='ocr_par' dir='ltr' id='par_1_25' title="bbox 137 2624 1741 2681">
     <span class='ocr_line' id='line_1_25' title="bbox 137 2624 1741 2681; baseline -0.002 -1"><span class='ocrx_word' id='word_1_181' title='bbox 137 2628 285 2680; x_wconf 84' lang='lat' dir='ltr'><strong>enim</strong></span> <span class='ocrx_word' id='word_1_182' title='bbox 319 2635 470 2681; x_wconf 80' lang='lat' dir='ltr'><strong>natus</strong></span> <span class='ocrx_word' id='word_1_183' title='bbox 496 2636 580 2680; x_wconf 88' lang='lat' dir='ltr'><strong>est</strong></span> <span class='ocrx_word' id='word_1_184' title='bbox 608 2626 774 2680; x_wconf 80' lang='lat' dir='ltr'><strong>Filius</strong></span> <span class='ocrx_word' id='word_1_185' title='bbox 808 2627 897 2679; x_wconf 87' lang='lat' dir='ltr'><strong>Dei</strong></span> <span class='ocrx_word' id='word_1_186' title='bbox 930 2626 1228 2680; x_wconf 85' lang='lat' dir='ltr'><strong>secundum</strong></span> <span class='ocrx_word' id='word_1_187' title='bbox 1259 2625 1519 2680; x_wconf 83' lang='lat' dir='ltr'><strong>carnem?</strong></span> <span class='ocrx_word' id='word_1_188' title='bbox 1548 2624 1626 2679; x_wconf 79' lang='lat' dir='ltr'><strong>Ex</strong></span> <span class='ocrx_word' id='word_1_189' title='bbox 1654 2626 1741 2677; x_wconf 76' lang='lat' dir='ltr'><strong>illa</strong></span> 
     </span>
    </p>
   </div>
   <div class='ocr_carea' id='block_1_26' title="bbox 137 2713 1742 2788">
    <p class='ocr_par' dir='ltr' id='par_1_26' title="bbox 137 2713 1742 2788">
     <span class='ocr_line' id='line_1_26' title="bbox 137 2713 1742 2788; baseline -0.002 -16"><span class='ocrx_word' id='word_1_190' title='bbox 137 2717 439 2788; x_wconf 74' lang='lat' dir='ltr'><strong>Synagoga.</strong></span> <span class='ocrx_word' id='word_1_191' title='bbox 468 2716 562 2771; x_wconf 89' lang='lat' dir='ltr'><strong>ille</strong></span> <span class='ocrx_word' id='word_1_192' title='bbox 583 2718 675 2788; x_wconf 84' lang='lat' dir='ltr'><strong>qui</strong></span> <span class='ocrx_word' id='word_1_193' title='bbox 699 2717 901 2782; x_wconf 85' lang='lat' dir='ltr'><strong>dimisit</strong></span> <span class='ocrx_word' id='word_1_194' title='bbox 924 2727 1126 2785; x_wconf 83' lang='lat' dir='ltr'><strong>patrem</strong></span> <span class='ocrx_word' id='word_1_195' title='bbox 1145 2726 1200 2771; x_wconf 88' lang='lat' dir='ltr'><strong>et</strong></span> <span class='ocrx_word' id='word_1_196' title='bbox 1226 2726 1469 2778; x_wconf 84' lang='lat' dir='ltr'><strong>matrem,</strong></span> <span class='ocrx_word' id='word_1_197' title='bbox 1493 2713 1742 2770; x_wconf 76' lang='lat' dir='ltr'><strong>etadi..e-</strong></span> 
     </span>
    </p>
   </div>
   <div class='ocr_carea' id='block_1_27' title="bbox 137 2804 1739 2879">
    <p class='ocr_par' dir='ltr' id='par_1_27' title="bbox 137 2804 1739 2879">
     <span class='ocr_line' id='line_1_27' title="bbox 137 2804 1739 2879; baseline -0.001 -18"><span class='ocrx_word' id='word_1_198' title='bbox 137 2811 208 2862; x_wconf 69' lang='lat' dir='ltr'><strong>sit</strong></span> <span class='ocrx_word' id='word_1_199' title='bbox 239 2809 392 2863; x_wconf 77' lang='lat' dir='ltr'><strong>uxori</strong></span> <span class='ocrx_word' id='word_1_200' title='bbox 423 2822 557 2873; x_wconf 71' lang='lat' dir='ltr'><strong>sum,</strong></span> <span class='ocrx_word' id='word_1_201' title='bbox 590 2817 648 2861; x_wconf 90' lang='lat' dir='ltr'><strong>ut</strong></span> <span class='ocrx_word' id='word_1_202' title='bbox 673 2815 855 2862; x_wconf 80' lang='lat' dir='ltr'><strong>essent</strong></span> <span class='ocrx_word' id='word_1_203' title='bbox 896 2807 1003 2861; x_wconf 90' lang='lat' dir='ltr'><strong>duo</strong></span> <span class='ocrx_word' id='word_1_204' title='bbox 1033 2806 1086 2860; x_wconf 93' lang='lat' dir='ltr'><strong>in</strong></span> <span class='ocrx_word' id='word_1_205' title='bbox 1139 2822 1303 2862; x_wconf 88' lang='lat' dir='ltr'><strong>carne</strong></span> <span class='ocrx_word' id='word_1_206' title='bbox 1331 2820 1434 2861; x_wconf 88' lang='lat' dir='ltr'><strong>una</strong></span> <span class='ocrx_word' id='word_1_207' title='bbox 1469 2804 1489 2879; x_wconf 90' lang='lat'>(</span> <span class='ocrx_word' id='word_1_208' title='bbox 1521 2804 1739 2872; x_wconf 63' lang='lat' dir='ltr'><strong>Cernat,</strong></span> 
     </span>
    </p>
   </div>
   <div class='ocr_carea' id='block_1_28' title="bbox 136 2899 1736 2969">
    <p class='ocr_par' dir='ltr' id='par_1_28' title="bbox 136 2899 1736 2969">
     <span class='ocr_line' id='line_1_28' title="bbox 136 2899 1736 2969; baseline -0.003 -13"><span class='ocrx_word' id='word_1_209' title='bbox 136 2900 236 2968; x_wconf 69' lang='lat'><strong>‘24)</strong></span> <span class='ocrx_word' id='word_1_210' title='bbox 271 2919 284 2952; x_wconf 93' lang='lat'><strong>:</strong></span> <span class='ocrx_word' id='word_1_211' title='bbox 319 2915 424 2955; x_wconf 92' lang='lat' dir='ltr'><strong>non</strong></span> <span class='ocrx_word' id='word_1_212' title='bbox 451 2900 755 2968; x_wconf 77' lang='lat' dir='ltr'><strong>conjectura</strong></span> <span class='ocrx_word' id='word_1_213' title='bbox 778 2909 984 2963; x_wconf 91' lang='lat' dir='ltr'><strong>nostra,</strong></span> <span class='ocrx_word' id='word_1_214' title='bbox 1017 2900 1112 2954; x_wconf 85' lang='lat' dir='ltr'><strong>sed</strong></span> <span class='ocrx_word' id='word_1_215' title='bbox 1143 2907 1430 2954; x_wconf 81' lang='lat' dir='ltr'><strong>attestante</strong></span> <span class='ocrx_word' id='word_1_216' title='bbox 1460 2899 1736 2969; x_wconf 79' lang='lat' dir='ltr'><strong>Apostolo,</strong></span> 
     </span>
    </p>
   </div>
   <div class='ocr_carea' id='block_1_29' title="bbox 136 2991 1738 3064">
    <p class='ocr_par' dir='ltr' id='par_1_29' title="bbox 136 2991 1738 3064">
     <span class='ocr_line' id='line_1_29' title="bbox 136 2991 1738 3064; baseline -0.001 -17"><span class='ocrx_word' id='word_1_217' title='bbox 136 3004 194 3047; x_wconf 86' lang='lat' dir='ltr'><strong>et</strong></span> <span class='ocrx_word' id='word_1_218' title='bbox 214 2993 433 3048; x_wconf 86' lang='lat' dir='ltr'><strong>dicente</strong></span> <span class='ocrx_word' id='word_1_219' title='bbox 460 2992 486 3045; x_wconf 75' lang='grc' dir='ltr'><strong>ε’</strong></span> <span class='ocrx_word' id='word_1_220' title='bbox 509 2991 897 3047; x_wconf 77' lang='lat' dir='ltr'><strong>Sacrumentum</strong></span> <span class='ocrx_word' id='word_1_221' title='bbox 927 2993 1022 3045; x_wconf 81' lang='lat' dir='ltr'><strong>hoc</strong></span> <span class='ocrx_word' id='word_1_222' title='bbox 1045 3009 1283 3064; x_wconf 81' lang='lat' dir='ltr'><strong>magnum</strong></span> <span class='ocrx_word' id='word_1_223' title='bbox 1313 3002 1386 3046; x_wconf 78' lang='lat' dir='ltr'><strong>est</strong></span> <span class='ocrx_word' id='word_1_224' title='bbox 1409 3035 1422 3057; x_wconf 90' lang='lat'><strong>,</strong></span> <span class='ocrx_word' id='word_1_225' title='bbox 1455 3007 1546 3063; x_wconf 84' lang='lat' dir='ltr'><strong>ego</strong></span> <span class='ocrx_word' id='word_1_226' title='bbox 1571 3002 1738 3046; x_wconf 80' lang='lat' dir='ltr'><strong>autem</strong></span> 
     </span>
    </p>
   </div>
   <div class='ocr_carea' id='block_1_30' title="bbox 137 3080 1742 3154">
    <p class='ocr_par' dir='ltr' id='par_1_30' title="bbox 137 3080 1742 3154">
     <span class='ocr_line' id='line_1_30' title="bbox 137 3080 1742 3154; baseline 0.001 -16"><span class='ocrx_word' id='word_1_227' title='bbox 137 3084 256 3138; x_wconf 87' lang='lat' dir='ltr'><strong>dico</strong></span> <span class='ocrx_word' id='word_1_228' title='bbox 281 3085 335 3138; x_wconf 89' lang='lat' dir='ltr'><strong>in</strong></span> <span class='ocrx_word' id='word_1_229' title='bbox 362 3082 563 3138; x_wconf 79' lang='lat' dir='ltr'><strong>Christo</strong></span> <span class='ocrx_word' id='word_1_230' title='bbox 591 3093 637 3137; x_wconf 88' lang='lat' dir='ltr'><strong>et</strong></span> <span class='ocrx_word' id='word_1_231' title='bbox 662 3086 714 3136; x_wconf 86' lang='lat' dir='ltr'><strong>in</strong></span> <span class='ocrx_word' id='word_1_232' title='bbox 759 3080 989 3136; x_wconf 74' lang='lat' dir='ltr'><strong>Ecclesia</strong></span> <span class='ocrx_word' id='word_1_233' title='bbox 1021 3083 1038 3153; x_wconf 92' lang='lat'>(</span> <span class='ocrx_word' id='word_1_234' title='bbox 1068 3082 1257 3154; x_wconf 85' lang='lat' dir='ltr'><strong>Ephes.</strong></span> <span class='ocrx_word' id='word_1_235' title='bbox 1281 3099 1335 3148; x_wconf 77' lang='grc' dir='ltr'><strong>ν,</strong></span> <span class='ocrx_word' id='word_1_236' title='bbox 1365 3084 1434 3140; x_wconf 69' lang='grc'><strong>52</strong></span> <span class='ocrx_word' id='word_1_237' title='bbox 1461 3084 1501 3154; x_wconf 93' lang='grc'><strong>).</strong></span> <span class='ocrx_word' id='word_1_238' title='bbox 1532 3084 1742 3139; x_wconf 80' lang='lat' dir='ltr'><strong>Dimisit</strong></span> 
     </span>
    </p>
   </div>
   <div class='ocr_carea' id='block_1_31' title="bbox 137 3173 1741 3244">
    <p class='ocr_par' dir='ltr' id='par_1_31' title="bbox 137 3173 1741 3244">
     <span class='ocr_line' id='line_1_31' title="bbox 137 3173 1741 3244; baseline 0.001 -16"><span class='ocrx_word' id='word_1_239' title='bbox 137 3176 288 3228; x_wconf 83' lang='lat' dir='ltr'><strong>enim</strong></span> <span class='ocrx_word' id='word_1_240' title='bbox 321 3183 524 3244; x_wconf 83' lang='lat' dir='ltr'><strong>patrem</strong></span> <span class='ocrx_word' id='word_1_241' title='bbox 555 3173 950 3243; x_wconf 81' lang='lat' dir='ltr'><strong>quodammodo</strong></span> <span class='ocrx_word' id='word_1_242' title='bbox 980 3190 993 3225; x_wconf 91' lang='lat'><strong>:</strong></span> <span class='ocrx_word' id='word_1_243' title='bbox 1026 3189 1134 3228; x_wconf 89' lang='lat' dir='ltr'><strong>non</strong></span> <span class='ocrx_word' id='word_1_244' title='bbox 1165 3174 1384 3230; x_wconf 87' lang='lat' dir='ltr'><strong>omnino</strong></span> <span class='ocrx_word' id='word_1_245' title='bbox 1405 3175 1606 3229; x_wconf 89' lang='lat' dir='ltr'><strong>dimisit</strong></span> <span class='ocrx_word' id='word_1_246' title='bbox 1628 3175 1741 3230; x_wconf 79' lang='lat' dir='ltr'><strong>vel-</strong></span> 
     </span>
    </p>
   </div>
   <div class='ocr_carea' id='block_1_32' title="bbox 139 3262 1739 3336">
    <p class='ocr_par' dir='ltr' id='par_1_32' title="bbox 139 3262 1739 3336">
     <span class='ocr_line' id='line_1_32' title="bbox 139 3262 1739 3336; baseline 0.002 -17"><span class='ocrx_word' id='word_1_247' title='bbox 139 3267 219 3320; x_wconf 82' lang='lat' dir='ltr'><strong>uti</strong></span> <span class='ocrx_word' id='word_1_248' title='bbox 271 3265 340 3320; x_wconf 85' lang='lat' dir='ltr'><strong>ad</strong></span> <span class='ocrx_word' id='word_1_249' title='bbox 371 3267 787 3335; x_wconf 83' lang='lat' dir='ltr'><strong>separationent,</strong></span> <span class='ocrx_word' id='word_1_250' title='bbox 819 3265 916 3320; x_wconf 86' lang='lat' dir='ltr'><strong>sed</strong></span> <span class='ocrx_word' id='word_1_251' title='bbox 948 3266 1014 3320; x_wconf 88' lang='lat' dir='ltr'><strong>ad</strong></span> <span class='ocrx_word' id='word_1_252' title='bbox 1054 3262 1454 3336; x_wconf 67' lang='lat' dir='ltr'><strong>susceptionem</strong></span> <span class='ocrx_word' id='word_1_253' title='bbox 1492 3267 1739 3322; x_wconf 81' lang='lat' dir='ltr'><strong>humana:</strong></span> 
     </span>
    </p>
   </div>
   <div class='ocr_carea' id='block_1_33' title="bbox 136 3359 1736 3427">
    <p class='ocr_par' dir='ltr' id='par_1_33' title="bbox 136 3359 1736 3427">
     <span class='ocr_line' id='line_1_33' title="bbox 136 3359 1736 3427; baseline 0.001 -13"><span class='ocrx_word' id='word_1_254' title='bbox 136 3359 340 3414; x_wconf 86' lang='lat' dir='ltr'><strong>carnis.</strong></span> <span class='ocrx_word' id='word_1_255' title='bbox 368 3359 648 3426; x_wconf 85' lang='lat' dir='ltr'><strong>Quomodo</strong></span> <span class='ocrx_word' id='word_1_256' title='bbox 674 3359 912 3413; x_wconf 88' lang='lat' dir='ltr'><strong>dimisit?</strong></span> <span class='ocrx_word' id='word_1_257' title='bbox 955 3359 1089 3427; x_wconf 81' lang='lat' dir='ltr'><strong>Quia</strong></span> <span class='ocrx_word' id='word_1_258' title='bbox 1131 3372 1255 3414; x_wconf 90' lang='lat' dir='ltr'><strong>cum</strong></span> <span class='ocrx_word' id='word_1_259' title='bbox 1286 3370 1429 3415; x_wconf 88' lang='lat' dir='ltr'><strong>esset</strong></span> <span class='ocrx_word' id='word_1_260' title='bbox 1469 3361 1520 3414; x_wconf 92' lang='lat' dir='ltr'><strong>in</strong></span> <span class='ocrx_word' id='word_1_261' title='bbox 1568 3361 1736 3415; x_wconf 85' lang='lat' dir='ltr'><strong>turma</strong></span> 
     </span>
    </p>
   </div>
   <div class='ocr_carea' id='block_1_34' title="bbox 141 3453 1738 3524">
    <p class='ocr_par' dir='ltr' id='par_1_34' title="bbox 141 3453 1738 3524">
     <span class='ocr_line' id='line_1_34' title="bbox 141 3453 1738 3524; baseline 0.001 -16"><span class='ocrx_word' id='word_1_262' title='bbox 141 3453 260 3518; x_wconf 88' lang='lat' dir='ltr'><strong>Dei,</strong></span> <span class='ocrx_word' id='word_1_263' title='bbox 291 3468 396 3506; x_wconf 90' lang='lat' dir='ltr'><strong>non</strong></span> <span class='ocrx_word' id='word_1_264' title='bbox 425 3453 663 3521; x_wconf 83' lang='lat' dir='ltr'><strong>rapinam</strong></span> <span class='ocrx_word' id='word_1_265' title='bbox 694 3454 984 3507; x_wconf 81' lang='lat' dir='ltr'><strong>arbitratus</strong></span> <span class='ocrx_word' id='word_1_266' title='bbox 1004 3463 1228 3508; x_wconf 88' lang='lat' dir='ltr'><strong>estesse</strong></span> <span class='ocrx_word' id='word_1_267' title='bbox 1251 3455 1471 3524; x_wconf 71' lang='lat' dir='ltr'><strong>mquaiis</strong></span> <span class='ocrx_word' id='word_1_268' title='bbox 1496 3455 1624 3516; x_wconf 85' lang='lat' dir='ltr'><strong>Deo,</strong></span> <span class='ocrx_word' id='word_1_269' title='bbox 1642 3455 1738 3509; x_wconf 87' lang='lat' dir='ltr'><strong>sed</strong></span> 
     </span>
    </p>
   </div>
   <div class='ocr_carea' id='block_1_35' title="bbox 136 3533 1738 3620">
    <p class='ocr_par' dir='ltr' id='par_1_35' title="bbox 136 3533 1738 3620">
     <span class='ocr_line' id='line_1_35' title="bbox 136 3533 1738 3620; baseline 0.002 -19"><span class='ocrx_word' id='word_1_270' title='bbox 136 3547 490 3618; x_wconf 84' lang='lat' dir='ltr'><strong>semetipsum</strong></span> <span class='ocrx_word' id='word_1_271' title='bbox 520 3533 830 3612; x_wconf 78' lang='lat' dir='ltr'><strong>exinanivit,</strong></span> <span class='ocrx_word' id='word_1_272' title='bbox 854 3547 1080 3602; x_wconf 84' lang='lat' dir='ltr'><strong>formam</strong></span> <span class='ocrx_word' id='word_1_273' title='bbox 1112 3549 1253 3603; x_wconf 86' lang='lat' dir='ltr'><strong>servi</strong></span> <span class='ocrx_word' id='word_1_274' title='bbox 1283 3550 1550 3618; x_wconf 87' lang='lat' dir='ltr'><strong>accipiens</strong></span> <span class='ocrx_word' id='word_1_275' title='bbox 1579 3548 1738 3620; x_wconf 75' lang='lat' dir='ltr'><strong>(Plii-</strong></span> 
     </span>
    </p>
   </div>
   <div class='ocr_carea' id='block_1_36' title="bbox 137 3636 1737 3708">
    <p class='ocr_par' dir='ltr' id='par_1_36' title="bbox 137 3636 1737 3708">
     <span class='ocr_line' id='line_1_36' title="bbox 137 3636 1737 3708; baseline 0.001 -16"><span class='ocrx_word' id='word_1_276' title='bbox 137 3641 272 3708; x_wconf 84' lang='lat' dir='ltr'><strong>lipp.</strong></span> <span class='ocrx_word' id='word_1_277' title='bbox 304 3653 361 3700; x_wconf 87' lang='grc' dir='ltr'>ιι,</span> <span class='ocrx_word' id='word_1_278' title='bbox 388 3636 466 3708; x_wconf 85' lang='lat'><strong>6).</strong></span> <span class='ocrx_word' id='word_1_279' title='bbox 490 3636 769 3704; x_wconf 86' lang='lat' dir='ltr'><strong>Quomodo</strong></span> <span class='ocrx_word' id='word_1_280' title='bbox 788 3639 992 3692; x_wconf 77' lang='lat' dir='ltr'><strong>dimisit</strong></span> <span class='ocrx_word' id='word_1_281' title='bbox 1021 3647 1072 3694; x_wconf 91' lang='lat' dir='ltr'><strong>et</strong></span> <span class='ocrx_word' id='word_1_282' title='bbox 1095 3640 1364 3694; x_wconf 82' lang='lat' dir='ltr'><strong>matrem?</strong></span> <span class='ocrx_word' id='word_1_283' title='bbox 1389 3639 1612 3695; x_wconf 80' lang='lat' dir='ltr'><strong>Gentem</strong></span> <span class='ocrx_word' id='word_1_284' title='bbox 1641 3641 1737 3694; x_wconf 81' lang='lat' dir='ltr'><strong>Ju-</strong></span> 
     </span>
    </p>
   </div>
   <div class='ocr_carea' id='block_1_37' title="bbox 136 3725 1744 3801">
    <p class='ocr_par' dir='ltr' id='par_1_37' title="bbox 136 3725 1744 3801">
     <span class='ocr_line' id='line_1_37' title="bbox 136 3725 1744 3801; baseline 0.003 -17"><span class='ocrx_word' id='word_1_285' title='bbox 136 3729 404 3791; x_wconf 78' lang='lat' dir='ltr'><strong>dawrum.</strong></span> <span class='ocrx_word' id='word_1_286' title='bbox 422 3725 754 3801; x_wconf 60' lang='lat' dir='ltr'><strong>Synagogatn</strong></span> <span class='ocrx_word' id='word_1_287' title='bbox 783 3732 927 3784; x_wconf 85' lang='lat' dir='ltr'><strong>illam</strong></span> <span class='ocrx_word' id='word_1_288' title='bbox 949 3731 1243 3786; x_wconf 71' lang='lat' dir='ltr'><strong>haircntem</strong></span> <span class='ocrx_word' id='word_1_289' title='bbox 1272 3733 1544 3788; x_wconf 87' lang='lat' dir='ltr'><strong>veteribus</strong></span> <span class='ocrx_word' id='word_1_290' title='bbox 1563 3748 1744 3788; x_wconf 77' lang='lat' dir='ltr'><strong>Sacra-</strong></span> 
     </span>
    </p>
   </div>
   <div class='ocr_carea' id='block_1_38' title="bbox 141 3822 1744 3894">
    <p class='ocr_par' dir='ltr' id='par_1_38' title="bbox 141 3822 1744 3894">
     <span class='ocr_line' id='line_1_38' title="bbox 141 3822 1744 3894; baseline 0.002 -19"><span class='ocrx_word' id='word_1_291' title='bbox 141 3823 364 3876; x_wconf 75' lang='lat' dir='ltr'><strong>tnetttis.</strong></span> <span class='ocrx_word' id='word_1_292' title='bbox 395 3822 476 3876; x_wconf 80' lang='lat' dir='ltr'><strong>Ad</strong></span> <span class='ocrx_word' id='word_1_293' title='bbox 508 3823 675 3892; x_wconf 82' lang='lat' dir='ltr'><strong>ipsam</strong></span> <span class='ocrx_word' id='word_1_294' title='bbox 707 3823 933 3894; x_wconf 77' lang='lat' dir='ltr'><strong>ﬁguram</strong></span> <span class='ocrx_word' id='word_1_295' title='bbox 959 3822 1191 3890; x_wconf 90' lang='lat' dir='ltr'><strong>pertinet</strong></span> <span class='ocrx_word' id='word_1_296' title='bbox 1219 3825 1360 3892; x_wconf 85' lang='lat' dir='ltr'><strong>quod</strong></span> <span class='ocrx_word' id='word_1_297' title='bbox 1397 3825 1492 3888; x_wconf 85' lang='lat' dir='ltr'><strong>ait,</strong></span> <span class='ocrx_word' id='word_1_298' title='bbox 1525 3824 1652 3889; x_wconf 80' lang='lat' dir='ltr'><strong>Qua:</strong></span> <span class='ocrx_word' id='word_1_299' title='bbox 1671 3835 1744 3878; x_wconf 83' lang='lat' dir='ltr'><strong>est</strong></span> 
     </span>
    </p>
   </div>
   <div class='ocr_carea' id='block_1_39' title="bbox 140 3911 1744 3986">
    <p class='ocr_par' dir='ltr' id='par_1_39' title="bbox 140 3911 1744 3986">
     <span class='ocr_line' id='line_1_39' title="bbox 140 3911 1744 3986; baseline 0.004 -21"><span class='ocrx_word' id='word_1_300' title='bbox 140 3911 272 3966; x_wconf 74' lang='lat' dir='ltr'><strong>mihi</strong></span> <span class='ocrx_word' id='word_1_301' title='bbox 297 3920 478 3979; x_wconf 85' lang='lat' dir='ltr'><strong>mater,</strong></span> <span class='ocrx_word' id='word_1_302' title='bbox 505 3921 593 3968; x_wconf 77' lang='lat' dir='ltr'><strong>aut</strong></span> <span class='ocrx_word' id='word_1_303' title='bbox 611 3914 701 3984; x_wconf 79' lang='lat' dir='ltr'><strong>qui</strong></span> <span class='ocrx_word' id='word_1_304' title='bbox 729 3917 914 3983; x_wconf 74' lang='lat' dir='ltr'><strong>fratres</strong></span> <span class='ocrx_word' id='word_1_305' title='bbox 944 3911 1157 3984; x_wconf 77' lang='lat' dir='ltr'><strong>(Matth.</strong></span> <span class='ocrx_word' id='word_1_306' title='bbox 1193 3930 1291 3978; x_wconf 77' lang='lat' dir='ltr'><strong>xu,</strong></span> <span class='ocrx_word' id='word_1_307' title='bbox 1317 3913 1446 3986; x_wconf 67' lang='lat'><strong>48)?</strong></span> <span class='ocrx_word' id='word_1_308' title='bbox 1480 3915 1573 3970; x_wconf 88' lang='lat' dir='ltr'><strong>ille</strong></span> <span class='ocrx_word' id='word_1_309' title='bbox 1600 3917 1744 3971; x_wconf 88' lang='lat' dir='ltr'><strong>enim</strong></span> 
     </span>
    </p>
   </div>
   <div class='ocr_carea' id='block_1_40' title="bbox 143 4003 1746 4070">
    <p class='ocr_par' dir='ltr' id='par_1_40' title="bbox 143 4003 1746 4070">
     <span class='ocr_line' id='line_1_40' title="bbox 143 4003 1746 4070; baseline 0.002 -13"><span class='ocrx_word' id='word_1_310' title='bbox 143 4003 570 4070; x_wconf 66' lang='lat' dir='ltr'><strong>iutusdncehat,</strong></span> <span class='ocrx_word' id='word_1_311' title='bbox 601 4004 683 4058; x_wconf 85' lang='lat' dir='ltr'><strong>illi</strong></span> <span class='ocrx_word' id='word_1_312' title='bbox 709 4003 838 4059; x_wconf 80' lang='lat' dir='ltr'><strong>foris</strong></span> <span class='ocrx_word' id='word_1_313' title='bbox 865 4005 1100 4059; x_wconf 87' lang='lat' dir='ltr'><strong>stabant.</strong></span> <span class='ocrx_word' id='word_1_314' title='bbox 1131 4005 1321 4060; x_wconf 78' lang='lat' dir='ltr'><strong>Videte</strong></span> <span class='ocrx_word' id='word_1_315' title='bbox 1363 4007 1407 4058; x_wconf 88' lang='lat' dir='ltr'><strong>si</strong></span> <span class='ocrx_word' id='word_1_316' title='bbox 1450 4022 1555 4060; x_wconf 89' lang='lat' dir='ltr'><strong>non</strong></span> <span class='ocrx_word' id='word_1_317' title='bbox 1588 4006 1746 4062; x_wconf 87' lang='lat' dir='ltr'><strong>modo</strong></span> 
     </span>
    </p>
   </div>
   <div class='ocr_carea' id='block_1_41' title="bbox 143 4090 1749 4162">
    <p class='ocr_par' dir='ltr' id='par_1_41' title="bbox 143 4090 1749 4162">
     <span class='ocr_line' id='line_1_41' title="bbox 143 4090 1749 4162; baseline 0.002 -12"><span class='ocrx_word' id='word_1_318' title='bbox 143 4097 216 4150; x_wconf 87' lang='lat' dir='ltr'><strong>ita</strong></span> <span class='ocrx_word' id='word_1_319' title='bbox 248 4090 588 4152; x_wconf 32' lang='lat' dir='ltr'><strong>sunti&#39;Jtidari.</strong></span> <span class='ocrx_word' id='word_1_320' title='bbox 628 4097 790 4152; x_wconf 81' lang='lat' dir='ltr'><strong>Docet</strong></span> <span class='ocrx_word' id='word_1_321' title='bbox 827 4095 1074 4151; x_wconf 73' lang='lat' dir='ltr'><strong>Christus</strong></span> <span class='ocrx_word' id='word_1_322' title='bbox 1122 4096 1174 4150; x_wconf 89' lang='lat' dir='ltr'><strong>in</strong></span> <span class='ocrx_word' id='word_1_323' title='bbox 1219 4096 1481 4162; x_wconf 83' lang='lat' dir='ltr'><strong>Ecclesia,</strong></span> <span class='ocrx_word' id='word_1_324' title='bbox 1509 4098 1582 4151; x_wconf 90' lang='lat' dir='ltr'><strong>illi</strong></span> <span class='ocrx_word' id='word_1_325' title='bbox 1621 4098 1749 4154; x_wconf 80' lang='lat' dir='ltr'><strong>turis</strong></span> 
     </span>
    </p>
   </div>
   <div class='ocr_carea' id='block_1_42' title="bbox 143 4187 1749 4265">
    <p class='ocr_par' dir='ltr' id='par_1_42' title="bbox 143 4187 1749 4265">
     <span class='ocr_line' id='line_1_42' title="bbox 143 4187 1749 4265; baseline 0.002 -20"><span class='ocrx_word' id='word_1_326' title='bbox 143 4198 312 4246; x_wconf 85' lang='lat' dir='ltr'><strong>stant.</strong></span> <span class='ocrx_word' id='word_1_327' title='bbox 365 4189 565 4265; x_wconf 78' lang='lat' dir='ltr'><strong>Socrus</strong></span> <span class='ocrx_word' id='word_1_328' title='bbox 613 4205 743 4258; x_wconf 78' lang='lat' dir='ltr'><strong>ergo</strong></span> <span class='ocrx_word' id='word_1_329' title='bbox 789 4189 914 4258; x_wconf 92' lang='lat' dir='ltr'><strong>quid</strong></span> <span class='ocrx_word' id='word_1_330' title='bbox 943 4188 1065 4243; x_wconf 83' lang='lat' dir='ltr'><strong>cst?</strong></span> <span class='ocrx_word' id='word_1_331' title='bbox 1105 4187 1273 4245; x_wconf 79' lang='lat' dir='ltr'><strong>Mater</strong></span> <span class='ocrx_word' id='word_1_332' title='bbox 1319 4191 1523 4259; x_wconf 80' lang='lat' dir='ltr'><strong>Spttttsi.</strong></span> <span class='ocrx_word' id='word_1_333' title='bbox 1581 4190 1749 4248; x_wconf 85' lang='lat' dir='ltr'><strong>Mater</strong></span> 
     </span>
    </p>
   </div>
   <div class='ocr_carea' id='block_1_43' title="bbox 142 4278 1744 4352">
    <p class='ocr_par' dir='ltr' id='par_1_43' title="bbox 142 4278 1744 4352">
     <span class='ocr_line' id='line_1_43' title="bbox 142 4278 1744 4352; baseline 0 -15"><span class='ocrx_word' id='word_1_334' title='bbox 142 4282 330 4352; x_wconf 78' lang='lat' dir='ltr'><strong>sponsi</strong></span> <span class='ocrx_word' id='word_1_335' title='bbox 374 4281 582 4335; x_wconf 89' lang='lat' dir='ltr'><strong>Domini</strong></span> <span class='ocrx_word' id='word_1_336' title='bbox 605 4279 796 4334; x_wconf 57' lang='lat' dir='ltr'><strong>&#39;n‘oStri</strong></span> <span class='ocrx_word' id='word_1_337' title='bbox 850 4279 975 4336; x_wconf 84' lang='lat' dir='ltr'><strong>Jesu</strong></span> <span class='ocrx_word' id='word_1_338' title='bbox 1019 4278 1251 4346; x_wconf 88' lang='lat' dir='ltr'><strong>Christi,</strong></span> <span class='ocrx_word' id='word_1_339' title='bbox 1311 4279 1590 4351; x_wconf 73' lang='lat' dir='ltr'><strong>Synagoga</strong></span> <span class='ocrx_word' id='word_1_340' title='bbox 1643 4291 1744 4337; x_wconf 90' lang='lat' dir='ltr'><strong>est.</strong></span> 
     </span>
    </p>
   </div>
   <div class='ocr_carea' id='block_1_44' title="bbox 142 4371 1750 4442">
    <p class='ocr_par' dir='ltr' id='par_1_44' title="bbox 142 4371 1750 4442">
     <span class='ocr_line' id='line_1_44' title="bbox 142 4371 1750 4442; baseline 0 -13"><span class='ocrx_word' id='word_1_341' title='bbox 142 4372 384 4429; x_wconf 83' lang='lat' dir='ltr'><strong>Proinde</strong></span> <span class='ocrx_word' id='word_1_342' title='bbox 423 4388 591 4426; x_wconf 89' lang='lat' dir='ltr'><strong>nurus</strong></span> <span class='ocrx_word' id='word_1_343' title='bbox 627 4371 743 4442; x_wconf 88' lang='lat' dir='ltr'><strong>ejus</strong></span> <span class='ocrx_word' id='word_1_344' title='bbox 773 4371 1009 4426; x_wconf 77' lang='lat' dir='ltr'><strong>Ecclesia</strong></span> <span class='ocrx_word' id='word_1_345' title='bbox 1038 4412 1053 4436; x_wconf 93' lang='lat'><strong>,</strong></span> <span class='ocrx_word' id='word_1_346' title='bbox 1099 4388 1221 4442; x_wconf 65' lang='lat' dir='ltr'><strong>quae</strong></span> <span class='ocrx_word' id='word_1_347' title='bbox 1267 4373 1489 4428; x_wconf 80' lang='lat' dir='ltr'><strong>veniens</strong></span> <span class='ocrx_word' id='word_1_348' title='bbox 1514 4373 1581 4428; x_wconf 91' lang='lat' dir='ltr'><strong>de</strong></span> <span class='ocrx_word' id='word_1_349' title='bbox 1609 4375 1750 4430; x_wconf 87' lang='lat' dir='ltr'><strong>Geu-</strong></span> 
     </span>
    </p>
   </div>
   <div class='ocr_carea' id='block_1_45' title="bbox 144 4462 1744 4526">
    <p class='ocr_par' dir='ltr' id='par_1_45' title="bbox 144 4462 1744 4526">
     <span class='ocr_line' id='line_1_45' title="bbox 144 4462 1744 4526; baseline -0.003 -6"><span class='ocrx_word' id='word_1_350' title='bbox 144 4465 293 4522; x_wconf 88' lang='lat' dir='ltr'><strong>tibus</strong></span> <span class='ocrx_word' id='word_1_351' title='bbox 342 4463 771 4519; x_wconf 63' lang='lat' dir='ltr'><strong>nnn‘consensit‘</strong></span> <span class='ocrx_word' id='word_1_352' title='bbox 821 4462 873 4516; x_wconf 90' lang='lat' dir='ltr'><strong>in</strong></span> <span class='ocrx_word' id='word_1_353' title='bbox 923 4463 1383 4517; x_wconf 88' lang='lat' dir='ltr'><strong>circumcisionem</strong></span> <span class='ocrx_word' id='word_1_354' title='bbox 1445 4466 1744 4526; x_wconf 86' lang='lat' dir='ltr'><strong>carnalem,</strong></span> 
     </span>
    </p>
   </div>
   <div class='ocr_carea' id='block_1_46' title="bbox 143 4535 1747 4625">
    <p class='ocr_par' dir='ltr' id='par_1_46' title="bbox 143 4535 1747 4625">
     <span class='ocr_line' id='line_1_46' title="bbox 143 4535 1747 4625; baseline -0.002 -13"><span class='ocrx_word' id='word_1_355' title='bbox 143 4556 321 4613; x_wconf 74' lang='lat' dir='ltr'><strong>divisa</strong></span> <span class='ocrx_word' id='word_1_356' title='bbox 348 4566 432 4611; x_wconf 85' lang='lat' dir='ltr'><strong>est</strong></span> <span class='ocrx_word' id='word_1_357' title='bbox 469 4535 726 4610; x_wconf 85' lang='lat' dir='ltr'><strong>adversus</strong></span> <span class='ocrx_word' id='word_1_358' title='bbox 764 4569 974 4608; x_wconf 87' lang='lat' dir='ltr'><strong>socrum</strong></span> <span class='ocrx_word' id='word_1_359' title='bbox 1015 4569 1187 4609; x_wconf 90' lang='lat' dir='ltr'><strong>suam.</strong></span> <span class='ocrx_word' id='word_1_360' title='bbox 1217 4553 1492 4625; x_wconf 71' lang='lat' dir='ltr'><strong>Accingere</strong></span> <span class='ocrx_word' id='word_1_361' title='bbox 1519 4553 1747 4625; x_wconf 83' lang='lat' dir='ltr'><strong>gladium</strong></span> 
     </span>
    </p>
   </div>
   <div class='ocr_carea' id='block_1_47' title="bbox 146 4644 1748 4718">
    <p class='ocr_par' dir='ltr' id='par_1_47' title="bbox 146 4644 1748 4718">
     <span class='ocr_line' id='line_1_47' title="bbox 146 4644 1748 4718; baseline 0 -16"><span class='ocrx_word' id='word_1_362' title='bbox 146 4660 314 4702; x_wconf 75' lang='lat' dir='ltr'><strong>tm.</strong></span> <span class='ocrx_word' id='word_1_363' title='bbox 344 4647 424 4704; x_wconf 88' lang='lat' dir='ltr'><strong>De</strong></span> <span class='ocrx_word' id='word_1_364' title='bbox 451 4647 684 4718; x_wconf 87' lang='lat' dir='ltr'><strong>potentia</strong></span> <span class='ocrx_word' id='word_1_365' title='bbox 718 4646 874 4715; x_wconf 87' lang='lat' dir='ltr'><strong>imjus</strong></span> <span class='ocrx_word' id='word_1_366' title='bbox 900 4644 1062 4717; x_wconf 82' lang='lat' dir='ltr'><strong>gladii</strong></span> <span class='ocrx_word' id='word_1_367' title='bbox 1090 4645 1472 4717; x_wconf 75' lang='lat' dir='ltr'><strong>loquebamur,</strong></span> <span class='ocrx_word' id='word_1_368' title='bbox 1505 4662 1624 4701; x_wconf 89' lang='lat' dir='ltr'><strong>cum</strong></span> <span class='ocrx_word' id='word_1_369' title='bbox 1649 4649 1748 4702; x_wconf 88' lang='lat' dir='ltr'><strong>ista</strong></span> 
     </span>
    </p>
   </div>
   <div class='ocr_carea' id='block_1_48' title="bbox 144 4741 470 4798">
    <p class='ocr_par' dir='ltr' id='par_1_48' title="bbox 144 4741 470 4798">
     <span class='ocr_line' id='line_1_48' title="bbox 144 4741 470 4798; baseline -0.003 -2"><span class='ocrx_word' id='word_1_370' title='bbox 144 4741 470 4798; x_wconf 78' lang='lat' dir='ltr'><strong>diceremus.</strong></span> 
     </span>
    </p>
   </div>
   <div class='ocr_carea' id='block_1_49' title="bbox 179 4816 1743 4904">
    <p class='ocr_par' dir='ltr' id='par_1_49' title="bbox 179 4816 1743 4904">
     <span class='ocr_line' id='line_1_49' title="bbox 179 4816 1743 4904; baseline 0 -18"><span class='ocrx_word' id='word_1_371' title='bbox 179 4817 314 4892; x_wconf 32' lang='lat'><strong>&#39;1&#39;3.</strong></span> <span class='ocrx_word' id='word_1_372' title='bbox 365 4816 643 4904; x_wconf 62' lang='lat' dir='ltr'><strong>Accingere</strong></span> <span class='ocrx_word' id='word_1_373' title='bbox 693 4831 918 4902; x_wconf 79' lang='lat' dir='ltr'><strong>gladium</strong></span> <span class='ocrx_word' id='word_1_374' title='bbox 970 4842 1147 4897; x_wconf 82' lang='lat' dir='ltr'><strong>tuum,</strong></span> <span class='ocrx_word' id='word_1_375' title='bbox 1196 4846 1500 4886; x_wconf 78' lang='lat' dir='ltr'><strong>sermonem</strong></span> <span class='ocrx_word' id='word_1_376' title='bbox 1554 4842 1743 4886; x_wconf 89' lang='lat' dir='ltr'><strong>tuum:</strong></span> 
     </span>
    </p>
   </div>
   <div class='ocr_carea' id='block_1_50' title="bbox 143 4908 1745 4998">
    <p class='ocr_par' dir='ltr' id='par_1_50' title="bbox 143 4908 1745 4998">
     <span class='ocr_line' id='line_1_50' title="bbox 143 4908 1745 4998; baseline -0.001 -16"><span class='ocrx_word' id='word_1_377' title='bbox 143 4908 290 4982; x_wconf 77' lang='lat' dir='ltr'><strong>circa</strong></span> <span class='ocrx_word' id='word_1_378' title='bbox 316 4929 502 4998; x_wconf 73' lang='lat' dir='ltr'><strong>fantur,</strong></span> <span class='ocrx_word' id='word_1_379' title='bbox 525 4925 885 4995; x_wconf 73' lang='lat' dir='ltr'><strong>potentissime,</strong></span> <span class='ocrx_word' id='word_1_380' title='bbox 903 4924 1041 4977; x_wconf 80' lang='lat' dir='ltr'><strong>circa</strong></span> <span class='ocrx_word' id='word_1_381' title='bbox 1064 4924 1236 4978; x_wconf 80' lang='lat' dir='ltr'><strong>ietnur</strong></span> <span class='ocrx_word' id='word_1_382' title='bbox 1264 4923 1466 4977; x_wconf 84' lang='lat' dir='ltr'><strong>habens</strong></span> <span class='ocrx_word' id='word_1_383' title='bbox 1486 4923 1745 4993; x_wconf 86' lang='lat' dir='ltr'><strong>gladium.</strong></span> 
     </span>
    </p>
   </div>
   <div class='ocr_carea' id='block_1_51' title="bbox 145 5015 1745 5090">
    <p class='ocr_par' dir='ltr' id='par_1_51' title="bbox 145 5015 1745 5090">
     <span class='ocr_line' id='line_1_51' title="bbox 145 5015 1745 5090; baseline -0.004 -13"><span class='ocrx_word' id='word_1_384' title='bbox 145 5017 288 5090; x_wconf 78' lang='lat' dir='ltr'><strong>Quid</strong></span> <span class='ocrx_word' id='word_1_385' title='bbox 312 5027 414 5080; x_wconf 81' lang='lat' dir='ltr'><strong>est,</strong></span> <span class='ocrx_word' id='word_1_386' title='bbox 437 5017 574 5072; x_wconf 82' lang='lat' dir='ltr'><strong>circa</strong></span> <span class='ocrx_word' id='word_1_387' title='bbox 596 5017 802 5087; x_wconf 77' lang='lat' dir='ltr'><strong>femur?</strong></span> <span class='ocrx_word' id='word_1_388' title='bbox 821 5016 944 5087; x_wconf 91' lang='lat' dir='ltr'><strong>quid</strong></span> <span class='ocrx_word' id='word_1_389' title='bbox 974 5016 1237 5086; x_wconf 84' lang='lat' dir='ltr'><strong>signiﬁcat</strong></span> <span class='ocrx_word' id='word_1_390' title='bbox 1256 5015 1325 5072; x_wconf 91' lang='lat' dir='ltr'><strong>de</strong></span> <span class='ocrx_word' id='word_1_391' title='bbox 1350 5016 1590 5072; x_wconf 82' lang='lat' dir='ltr'><strong>femore?</strong></span> <span class='ocrx_word' id='word_1_392' title='bbox 1613 5017 1745 5081; x_wconf 82' lang='lat' dir='ltr'><strong>Car-</strong></span> 
     </span>
    </p>
   </div>
   <div class='ocr_carea' id='block_1_52' title="bbox 145 5106 1744 5180">
    <p class='ocr_par' dir='ltr' id='par_1_52' title="bbox 145 5106 1744 5180">
     <span class='ocr_line' id='line_1_52' title="bbox 145 5106 1744 5180; baseline -0.003 -13"><span class='ocrx_word' id='word_1_393' title='bbox 145 5127 297 5167; x_wconf 86' lang='lat' dir='ltr'><strong>nem.</strong></span> <span class='ocrx_word' id='word_1_394' title='bbox 327 5107 478 5168; x_wconf 86' lang='lat' dir='ltr'><strong>Unde</strong></span> <span class='ocrx_word' id='word_1_395' title='bbox 515 5107 645 5162; x_wconf 86' lang='lat' dir='ltr'><strong>illud</strong></span> <span class='ocrx_word' id='word_1_396' title='bbox 671 5117 754 5162; x_wconf 91' lang='lat' dir='ltr'><strong>est</strong></span> <span class='ocrx_word' id='word_1_397' title='bbox 781 5123 796 5159; x_wconf 89' lang='lat'><strong>:</strong></span> <span class='ocrx_word' id='word_1_398' title='bbox 835 5106 952 5160; x_wconf 88' lang='lat' dir='ltr'><strong>Non</strong></span> <span class='ocrx_word' id='word_1_399' title='bbox 986 5107 1184 5176; x_wconf 78' lang='lat' dir='ltr'><strong>deﬁciet</strong></span> <span class='ocrx_word' id='word_1_400' title='bbox 1206 5107 1442 5180; x_wconf 74' lang='lat' dir='ltr'><strong>princeps</strong></span> <span class='ocrx_word' id='word_1_401' title='bbox 1471 5106 1534 5161; x_wconf 87' lang='lat' dir='ltr'><strong>de</strong></span> <span class='ocrx_word' id='word_1_402' title='bbox 1563 5106 1706 5163; x_wconf 84' lang='lat' dir='ltr'><strong>Juda</strong></span> <span class='ocrx_word' id='word_1_403' title='bbox 1725 5151 1744 5177; x_wconf 92' lang='lat'><strong>,</strong></span> 
     </span>
    </p>
   </div>
   <div class='ocr_carea' id='block_1_53' title="bbox 144 5197 1747 5275">
    <p class='ocr_par' dir='ltr' id='par_1_53' title="bbox 144 5197 1747 5275">
     <span class='ocr_line' id='line_1_53' title="bbox 144 5197 1747 5275; baseline -0.001 -15"><span class='ocrx_word' id='word_1_404' title='bbox 144 5204 326 5260; x_wconf 64' lang='lat' dir='ltr'><strong>adu</strong></span> <span class='ocrx_word' id='word_1_405' title='bbox 349 5203 414 5271; x_wconf 65' lang='lat' dir='ltr'><strong>de</strong></span> <span class='ocrx_word' id='word_1_406' title='bbox 439 5200 713 5275; x_wconf 71' lang='lat' dir='ltr'><strong>feruoribus</strong></span> <span class='ocrx_word' id='word_1_407' title='bbox 753 5200 864 5270; x_wconf 85' lang='lat' dir='ltr'><strong>ejus</strong></span> <span class='ocrx_word' id='word_1_408' title='bbox 906 5199 1076 5270; x_wconf 80' lang='lat' dir='ltr'><strong>(Gen.</strong></span> <span class='ocrx_word' id='word_1_409' title='bbox 1120 5215 1268 5265; x_wconf 68' lang='grc' dir='ltr'>χιιι,</span> <span class='ocrx_word' id='word_1_410' title='bbox 1293 5201 1362 5258; x_wconf 75' lang='grc'><strong>10</strong></span> <span class='ocrx_word' id='word_1_411' title='bbox 1474 5201 1664 5256; x_wconf 84' lang='lat' dir='ltr'><strong>Nonne</strong></span> <span class='ocrx_word' id='word_1_412' title='bbox 1692 5215 1747 5258; x_wconf 88' lang='lat' dir='ltr'><strong>et</strong></span> 
     </span>
    </p>
   </div>
   <div class='ocr_carea' id='block_1_54' title="bbox 144 5289 1748 5368">
    <p class='ocr_par' dir='ltr' id='par_1_54' title="bbox 144 5289 1748 5368">
     <span class='ocr_line' id='line_1_54' title="bbox 144 5289 1748 5368; baseline -0.002 -17"><span class='ocrx_word' id='word_1_413' title='bbox 144 5289 265 5368; x_wconf 78' lang='lat' dir='ltr'><strong>ipse</strong></span> <span class='ocrx_word' id='word_1_414' title='bbox 291 5293 585 5355; x_wconf 80' lang='lat' dir='ltr'><strong>Abraham,</strong></span> <span class='ocrx_word' id='word_1_415' title='bbox 609 5293 692 5346; x_wconf 91' lang='lat' dir='ltr'><strong>cui</strong></span> <span class='ocrx_word' id='word_1_416' title='bbox 723 5293 1044 5360; x_wconf 80' lang='lat' dir='ltr'><strong>promissum</strong></span> <span class='ocrx_word' id='word_1_417' title='bbox 1068 5301 1183 5345; x_wconf 89' lang='lat' dir='ltr'><strong>erat</strong></span> <span class='ocrx_word' id='word_1_418' title='bbox 1211 5305 1394 5346; x_wconf 87' lang='lat' dir='ltr'><strong>semen</strong></span> <span class='ocrx_word' id='word_1_419' title='bbox 1426 5292 1478 5345; x_wconf 90' lang='lat' dir='ltr'><strong>in</strong></span> <span class='ocrx_word' id='word_1_420' title='bbox 1516 5309 1624 5363; x_wconf 81' lang='lat' dir='ltr'><strong>quo</strong></span> <span class='ocrx_word' id='word_1_421' title='bbox 1656 5295 1748 5348; x_wconf 86' lang='lat' dir='ltr'><strong>hc-</strong></span> 
     </span>
    </p>
   </div>
   <div class='ocr_carea' id='block_1_55' title="bbox 141 5383 1745 5451">
    <p class='ocr_par' dir='ltr' id='par_1_55' title="bbox 141 5383 1745 5451">
     <span class='ocr_line' id='line_1_55' title="bbox 141 5383 1745 5451; baseline -0.004 -7"><span class='ocrx_word' id='word_1_422' title='bbox 141 5385 529 5444; x_wconf 82' lang='lat' dir='ltr'><strong>nedicerentur</strong></span> <span class='ocrx_word' id='word_1_423' title='bbox 567 5398 757 5438; x_wconf 89' lang='lat' dir='ltr'><strong>omnes</strong></span> <span class='ocrx_word' id='word_1_424' title='bbox 789 5392 1005 5451; x_wconf 82' lang='lat' dir='ltr'><strong>gentes,</strong></span> <span class='ocrx_word' id='word_1_425' title='bbox 1056 5384 1270 5450; x_wconf 72' lang='lat' dir='ltr'><strong>Quando</strong></span> <span class='ocrx_word' id='word_1_426' title='bbox 1327 5383 1474 5436; x_wconf 89' lang='lat' dir='ltr'><strong>misit</strong></span> <span class='ocrx_word' id='word_1_427' title='bbox 1531 5399 1745 5438; x_wconf 81' lang='lat' dir='ltr'><strong>servum</strong></span> 
     </span>
    </p>
   </div>
   <div class='ocr_carea' id='block_1_56' title="bbox 141 5473 1744 5548">
    <p class='ocr_par' dir='ltr' id='par_1_56' title="bbox 141 5473 1744 5548">
     <span class='ocr_line' id='line_1_56' title="bbox 141 5473 1744 5548; baseline -0.004 -12"><span class='ocrx_word' id='word_1_428' title='bbox 141 5495 302 5536; x_wconf 76' lang='lat' dir='ltr'><strong>suum</strong></span> <span class='ocrx_word' id='word_1_429' title='bbox 328 5475 396 5532; x_wconf 82' lang='lat' dir='ltr'><strong>ad</strong></span> <span class='ocrx_word' id='word_1_430' title='bbox 418 5473 761 5548; x_wconf 80' lang='lat' dir='ltr'><strong>quaerendam</strong></span> <span class='ocrx_word' id='word_1_431' title='bbox 800 5482 852 5528; x_wconf 91' lang='lat' dir='ltr'><strong>et</strong></span> <span class='ocrx_word' id='word_1_432' title='bbox 892 5475 1187 5544; x_wconf 87' lang='lat' dir='ltr'><strong>ducendam</strong></span> <span class='ocrx_word' id='word_1_433' title='bbox 1225 5489 1446 5529; x_wconf 84' lang='lat' dir='ltr'><strong>uxorem</strong></span> <span class='ocrx_word' id='word_1_434' title='bbox 1477 5475 1585 5529; x_wconf 87' lang='lat' dir='ltr'><strong>ﬁlio</strong></span> <span class='ocrx_word' id='word_1_435' title='bbox 1611 5491 1708 5531; x_wconf 83' lang='lat' dir='ltr'><strong>suo</strong></span> <span class='ocrx_word' id='word_1_436' title='bbox 1727 5517 1744 5540; x_wconf 93' lang='lat'><strong>,</strong></span> 
     </span>
    </p>
   </div>
   <div class='ocr_carea' id='block_1_57' title="bbox 142 5566 1745 5637">
    <p class='ocr_par' dir='ltr' id='par_1_57' title="bbox 142 5566 1745 5637">
     <span class='ocr_line' id='line_1_57' title="bbox 142 5566 1745 5637; baseline -0.001 -12"><span class='ocrx_word' id='word_1_437' title='bbox 142 5569 290 5626; x_wconf 85' lang='lat' dir='ltr'><strong>unde</strong></span> <span class='ocrx_word' id='word_1_438' title='bbox 311 5569 520 5623; x_wconf 79' lang='lat' dir='ltr'><strong>veniret</strong></span> <span class='ocrx_word' id='word_1_439' title='bbox 546 5566 672 5620; x_wconf 87' lang='lat' dir='ltr'><strong>illud</strong></span> <span class='ocrx_word' id='word_1_440' title='bbox 699 5582 882 5622; x_wconf 80' lang='lat' dir='ltr'><strong>semen</strong></span> <span class='ocrx_word' id='word_1_441' title='bbox 934 5577 1175 5621; x_wconf 90' lang='lat' dir='ltr'><strong>sanctum</strong></span> <span class='ocrx_word' id='word_1_442' title='bbox 1221 5566 1273 5619; x_wconf 85' lang='lat' dir='ltr'><strong>in</strong></span> <span class='ocrx_word' id='word_1_443' title='bbox 1320 5581 1428 5637; x_wconf 87' lang='lat' dir='ltr'><strong>quo</strong></span> <span class='ocrx_word' id='word_1_444' title='bbox 1459 5568 1745 5624; x_wconf 87' lang='lat' dir='ltr'><strong>benedice-</strong></span> 
     </span>
    </p>
   </div>
   <div class='ocr_carea' id='block_1_58' title="bbox 143 5654 1747 5730">
    <p class='ocr_par' dir='ltr' id='par_1_58' title="bbox 143 5654 1747 5730">
     <span class='ocr_line' id='line_1_58' title="bbox 143 5654 1747 5730; baseline -0.002 -10"><span class='ocrx_word' id='word_1_445' title='bbox 143 5674 332 5720; x_wconf 86' lang='lat' dir='ltr'><strong>rentur</strong></span> <span class='ocrx_word' id='word_1_446' title='bbox 355 5654 547 5726; x_wconf 83' lang='lat' dir='ltr'><strong>omnes</strong></span> <span class='ocrx_word' id='word_1_447' title='bbox 575 5669 796 5730; x_wconf 84' lang='lat' dir='ltr'><strong>gentes;</strong></span> <span class='ocrx_word' id='word_1_448' title='bbox 828 5659 932 5716; x_wconf 90' lang='lat' dir='ltr'><strong>ﬁde</strong></span> <span class='ocrx_word' id='word_1_449' title='bbox 958 5668 1145 5715; x_wconf 87' lang='lat' dir='ltr'><strong>tenens</strong></span> <span class='ocrx_word' id='word_1_450' title='bbox 1175 5660 1226 5714; x_wconf 89' lang='lat' dir='ltr'><strong>in</strong></span> <span class='ocrx_word' id='word_1_451' title='bbox 1253 5660 1341 5714; x_wconf 90' lang='lat' dir='ltr'><strong>illa</strong></span> <span class='ocrx_word' id='word_1_452' title='bbox 1372 5660 1535 5714; x_wconf 86' lang='lat' dir='ltr'><strong>veluti</strong></span> <span class='ocrx_word' id='word_1_453' title='bbox 1566 5661 1747 5717; x_wconf 80' lang='lat' dir='ltr'><strong>humi-</strong></span> 
     </span>
    </p>
   </div>
   <div class='ocr_carea' id='block_1_59' title="bbox 209 5856 1627 5923">
    <p class='ocr_par' dir='ltr' id='par_1_59' title="bbox 209 5856 1627 5923">
     <span class='ocr_line' id='line_1_59' title="bbox 209 5856 1627 5923; baseline 0 -13"><span class='ocrx_word' id='word_1_454' title='bbox 209 5863 224 5894; x_wconf 78' lang='grc' dir='ltr'><strong>ι</strong></span> <span class='ocrx_word' id='word_1_455' title='bbox 262 5867 314 5909; x_wconf 83' lang='lat' dir='ltr'><strong>In</strong></span> <span class='ocrx_word' id='word_1_456' title='bbox 337 5861 430 5910; x_wconf 65' lang='lat' dir='ltr'><strong>hac</strong></span> <span class='ocrx_word' id='word_1_457' title='bbox 451 5865 702 5910; x_wconf 65' lang='lat' dir='ltr'><strong>sententia</strong></span> <span class='ocrx_word' id='word_1_458' title='bbox 725 5867 829 5909; x_wconf 72' lang='lat' dir='ltr'><strong>ius.</strong></span> <span class='ocrx_word' id='word_1_459' title='bbox 854 5856 1080 5909; x_wconf 79' lang='lat' dir='ltr'><strong>omittunt</strong></span> <span class='ocrx_word' id='word_1_460' title='bbox 1096 5871 1258 5920; x_wconf 73' lang='lat' dir='ltr'><strong>voces,</strong></span> <span class='ocrx_word' id='word_1_461' title='bbox 1285 5865 1422 5923; x_wconf 83' lang='lat' dir='ltr'><strong>pater</strong></span> <span class='ocrx_word' id='word_1_462' title='bbox 1446 5866 1497 5911; x_wconf 89' lang='lat' dir='ltr'><strong>et</strong></span> <span class='ocrx_word' id='word_1_463' title='bbox 1517 5857 1627 5920; x_wconf 78' lang='lat' dir='ltr'><strong>ﬁlii.</strong></span> 
     </span>
    </p>
   </div>
   <div class='ocr_carea' id='block_1_60' title="bbox 1238 400 2312 464">
    <p class='ocr_par' dir='ltr' id='par_1_60' title="bbox 1238 400 2312 464">
     <span class='ocr_line' id='line_1_60' title="bbox 1238 400 2312 464; baseline 0.002 -3"><span class='ocrx_word' id='word_1_464' title='bbox 1238 400 1735 462; x_wconf 70' lang='lat' dir='ltr'><strong>ENARRATIOIN</strong></span> <span class='ocrx_word' id='word_1_465' title='bbox 1782 401 2104 463; x_wconf 69' lang='lat' dir='ltr'><strong>PSALMUM</strong></span> <span class='ocrx_word' id='word_1_466' title='bbox 2152 405 2312 464; x_wconf 56' lang='grc' dir='ltr'><strong>δίων</strong></span> 
     </span>
    </p>
   </div>
   <div class='ocr_carea' id='block_1_61' title="bbox 3335 416 3448 474">
    <p class='ocr_par' dir='ltr' id='par_1_61' title="bbox 3335 416 3448 474">
     <span class='ocr_line' id='line_1_61' title="bbox 3335 416 3448 474; baseline 0.018 -2"><span class='ocrx_word' id='word_1_467' title='bbox 3335 416 3448 474; x_wconf 71' lang='lat'><strong>302</strong></span> 
     </span>
    </p>
   </div>
   <div class='ocr_carea' id='block_1_62' title="bbox 1841 517 3435 598">
    <p class='ocr_par' dir='ltr' id='par_1_62' title="bbox 1841 517 3435 598">
     <span class='ocr_line' id='line_1_62' title="bbox 1841 517 3435 598; baseline 0.012 -30"><span class='ocrx_word' id='word_1_468' title='bbox 1841 517 1987 574; x_wconf 83' lang='lat' dir='ltr'><strong>litate</strong></span> <span class='ocrx_word' id='word_1_469' title='bbox 2031 523 2250 576; x_wconf 59' lang='lat' dir='ltr'><strong>seminis</strong></span> <span class='ocrx_word' id='word_1_470' title='bbox 2285 538 2406 578; x_wconf 89' lang='lat' dir='ltr'><strong>esse</strong></span> <span class='ocrx_word' id='word_1_471' title='bbox 2449 526 2861 592; x_wconf 74' lang='lat' dir='ltr'><strong>tttaguitudiuem</strong></span> <span class='ocrx_word' id='word_1_472' title='bbox 2910 529 3140 588; x_wconf 74' lang='lat' dir='ltr'><strong>numinis</strong></span> <span class='ocrx_word' id='word_1_473' title='bbox 3174 530 3213 598; x_wconf 84' lang='grc'><strong>¹,</strong></span> <span class='ocrx_word' id='word_1_474' title='bbox 3262 532 3310 587; x_wconf 88' lang='lat' dir='ltr'><strong>id</strong></span> <span class='ocrx_word' id='word_1_475' title='bbox 3355 545 3435 587; x_wconf 79' lang='lat' dir='ltr'><strong>est</strong></span> 
     </span>
    </p>
   </div>
   <div class='ocr_carea' id='block_1_63' title="bbox 1837 607 3432 692">
    <p class='ocr_par' dir='ltr' id='par_1_63' title="bbox 1837 607 3432 692">
     <span class='ocr_line' id='line_1_63' title="bbox 1837 607 3432 692; baseline 0.016 -38"><span class='ocrx_word' id='word_1_476' title='bbox 1837 607 2029 662; x_wconf 79' lang='lat' dir='ltr'><strong>Filium</strong></span> <span class='ocrx_word' id='word_1_477' title='bbox 2084 613 2172 665; x_wconf 87' lang='lat' dir='ltr'><strong>Dei</strong></span> <span class='ocrx_word' id='word_1_478' title='bbox 2202 624 2483 668; x_wconf 85' lang='lat' dir='ltr'><strong>venturum</strong></span> <span class='ocrx_word' id='word_1_479' title='bbox 2529 633 2593 669; x_wconf 82' lang='lat' dir='ltr'><strong>ex</strong></span> <span class='ocrx_word' id='word_1_480' title='bbox 2640 617 2760 670; x_wconf 82' lang='lat' dir='ltr'><strong>ﬁliis</strong></span> <span class='ocrx_word' id='word_1_481' title='bbox 2803 618 3073 677; x_wconf 69' lang='lat' dir='ltr'><strong>Iniminunt</strong></span> <span class='ocrx_word' id='word_1_482' title='bbox 3125 639 3217 692; x_wconf 88' lang='lat' dir='ltr'><strong>per</strong></span> <span class='ocrx_word' id='word_1_483' title='bbox 3246 642 3432 679; x_wconf 63' lang='lat' dir='ltr'><strong>semen</strong></span> 
     </span>
    </p>
   </div>
   <div class='ocr_carea' id='block_1_64' title="bbox 1840 699 3432 782">
    <p class='ocr_par' dir='ltr' id='par_1_64' title="bbox 1840 699 3432 782">
     <span class='ocr_line' id='line_1_64' title="bbox 1840 699 3432 782; baseline 0.013 -30"><span class='ocrx_word' id='word_1_484' title='bbox 1840 699 2091 764; x_wconf 71' lang='lat' dir='ltr'><strong>Abraiiaa,</strong></span> <span class='ocrx_word' id='word_1_485' title='bbox 2122 703 2246 756; x_wconf 78' lang='lat' dir='ltr'><strong>fecit</strong></span> <span class='ocrx_word' id='word_1_486' title='bbox 2276 705 2446 771; x_wconf 85' lang='lat' dir='ltr'><strong>ipsum</strong></span> <span class='ocrx_word' id='word_1_487' title='bbox 2487 722 2699 762; x_wconf 83' lang='lat' dir='ltr'><strong>servum</strong></span> <span class='ocrx_word' id='word_1_488' title='bbox 2747 724 2901 764; x_wconf 90' lang='lat' dir='ltr'><strong>suum</strong></span> <span class='ocrx_word' id='word_1_489' title='bbox 2921 754 2933 774; x_wconf 88' lang='lat'><strong>,</strong></span> <span class='ocrx_word' id='word_1_490' title='bbox 2961 729 3121 782; x_wconf 86' lang='lat' dir='ltr'><strong>quem</strong></span> <span class='ocrx_word' id='word_1_491' title='bbox 3169 717 3432 782; x_wconf 74' lang='lat' dir='ltr'><strong>mittebat,</strong></span> 
     </span>
    </p>
   </div>
   <div class='ocr_carea' id='block_1_65' title="bbox 1840 791 3436 880">
    <p class='ocr_par' dir='ltr' id='par_1_65' title="bbox 1840 791 3436 880">
     <span class='ocr_line' id='line_1_65' title="bbox 1840 791 3436 880; baseline 0.011 -34"><span class='ocrx_word' id='word_1_492' title='bbox 1840 791 1910 846; x_wconf 90' lang='lat' dir='ltr'><strong>ita</strong></span> <span class='ocrx_word' id='word_1_493' title='bbox 1938 794 2036 848; x_wconf 78' lang='lat' dir='ltr'><strong>sibi</strong></span> <span class='ocrx_word' id='word_1_494' title='bbox 2065 795 2282 863; x_wconf 87' lang='lat' dir='ltr'><strong>jurare?</strong></span> <span class='ocrx_word' id='word_1_495' title='bbox 2306 793 2470 861; x_wconf 85' lang='lat' dir='ltr'><strong>Pone,</strong></span> <span class='ocrx_word' id='word_1_496' title='bbox 2498 801 2690 868; x_wconf 71' lang='lat' dir='ltr'><strong>inquit,</strong></span> <span class='ocrx_word' id='word_1_497' title='bbox 2723 819 2928 856; x_wconf 76' lang='lat' dir='ltr'><strong>mentun</strong></span> <span class='ocrx_word' id='word_1_498' title='bbox 2960 816 3098 858; x_wconf 85' lang='lat' dir='ltr'><strong>tuum</strong></span> <span class='ocrx_word' id='word_1_499' title='bbox 3124 809 3216 861; x_wconf 86' lang='lat' dir='ltr'><strong>sub</strong></span> <span class='ocrx_word' id='word_1_500' title='bbox 3246 812 3436 880; x_wconf 75' lang='lat' dir='ltr'><strong>femore</strong></span> 
     </span>
    </p>
   </div>
   <div class='ocr_carea' id='block_1_66' title="bbox 1839 886 3435 969">
    <p class='ocr_par' dir='ltr' id='par_1_66' title="bbox 1839 886 3435 969">
     <span class='ocr_line' id='line_1_66' title="bbox 1839 886 3435 969; baseline 0.013 -34"><span class='ocrx_word' id='word_1_501' title='bbox 1839 900 1968 946; x_wconf 82' lang='lat' dir='ltr'><strong>meo,</strong></span> <span class='ocrx_word' id='word_1_502' title='bbox 1993 896 2041 939; x_wconf 88' lang='lat' dir='ltr'><strong>et</strong></span> <span class='ocrx_word' id='word_1_503' title='bbox 2066 887 2139 940; x_wconf 90' lang='lat' dir='ltr'><strong>sic</strong></span> <span class='ocrx_word' id='word_1_504' title='bbox 2158 889 2281 957; x_wconf 77' lang='lat' dir='ltr'><strong>jura</strong></span> <span class='ocrx_word' id='word_1_505' title='bbox 2301 886 2446 960; x_wconf 79' lang='lat' dir='ltr'><strong>(Gen.</strong></span> <span class='ocrx_word' id='word_1_506' title='bbox 2472 907 2564 955; x_wconf 76' lang='lat' dir='ltr'><strong>stt,</strong></span> <span class='ocrx_word' id='word_1_507' title='bbox 2594 893 2647 951; x_wconf 78' lang='lat'><strong>3.</strong></span> <span class='ocrx_word' id='word_1_508' title='bbox 2673 902 2717 946; x_wconf 80' lang='lat' dir='ltr'><strong>et</strong></span> <span class='ocrx_word' id='word_1_509' title='bbox 2745 909 2888 959; x_wconf 72' lang='lat' dir='ltr'><strong>utr,</strong></span> <span class='ocrx_word' id='word_1_510' title='bbox 2920 895 2977 958; x_wconf 69' lang='grc' dir='ltr'><strong>εἰ,</strong></span> <span class='ocrx_word' id='word_1_511' title='bbox 3012 897 3063 958; x_wconf 79' lang='lat'><strong>3,</strong></span> <span class='ocrx_word' id='word_1_512' title='bbox 3092 908 3138 950; x_wconf 85' lang='lat' dir='ltr'><strong>et</strong></span> <span class='ocrx_word' id='word_1_513' title='bbox 3169 914 3323 961; x_wconf 75' lang='lat' dir='ltr'><strong>nrt.</strong></span> <span class='ocrx_word' id='word_1_514' title='bbox 3355 901 3435 969; x_wconf 77' lang='grc' dir='ltr'><strong>ι).</strong></span> 
     </span>
    </p>
   </div>
   <div class='ocr_carea' id='block_1_67' title="bbox 1839 978 3436 1053">
    <p class='ocr_par' dir='ltr' id='par_1_67' title="bbox 1839 978 3436 1053">
     <span class='ocr_line' id='line_1_67' title="bbox 1839 978 3436 1053; baseline 0.009 -24"><span class='ocrx_word' id='word_1_515' title='bbox 1839 978 1998 1043; x_wconf 80' lang='lat' dir='ltr'><strong>Quasi</strong></span> <span class='ocrx_word' id='word_1_516' title='bbox 2027 979 2250 1044; x_wconf 89' lang='lat' dir='ltr'><strong>diceret,</strong></span> <span class='ocrx_word' id='word_1_517' title='bbox 2293 981 2438 1035; x_wconf 80' lang='lat' dir='ltr'><strong>Pone</strong></span> <span class='ocrx_word' id='word_1_518' title='bbox 2474 1000 2687 1037; x_wconf 85' lang='lat' dir='ltr'><strong>tnauum</strong></span> <span class='ocrx_word' id='word_1_519' title='bbox 2727 997 2868 1037; x_wconf 86' lang='lat' dir='ltr'><strong>tuam</strong></span> <span class='ocrx_word' id='word_1_520' title='bbox 2914 987 2978 1040; x_wconf 87' lang='lat' dir='ltr'><strong>ad</strong></span> <span class='ocrx_word' id='word_1_521' title='bbox 3024 989 3225 1053; x_wconf 88' lang='lat' dir='ltr'><strong>altare,</strong></span> <span class='ocrx_word' id='word_1_522' title='bbox 3255 1001 3345 1045; x_wconf 89' lang='lat' dir='ltr'><strong>aut</strong></span> <span class='ocrx_word' id='word_1_523' title='bbox 3371 993 3436 1044; x_wconf 89' lang='lat' dir='ltr'><strong>ad</strong></span> 
     </span>
    </p>
   </div>
   <div class='ocr_carea' id='block_1_68' title="bbox 1842 1069 3438 1150">
    <p class='ocr_par' dir='ltr' id='par_1_68' title="bbox 1842 1069 3438 1150">
     <span class='ocr_line' id='line_1_68' title="bbox 1842 1069 3438 1150; baseline 0.006 -26"><span class='ocrx_word' id='word_1_524' title='bbox 1842 1069 2343 1138; x_wconf 68' lang='lat' dir='ltr'><strong>Evangeiium,‘ant</strong></span> <span class='ocrx_word' id='word_1_525' title='bbox 2373 1074 2437 1128; x_wconf 91' lang='lat' dir='ltr'><strong>ad</strong></span> <span class='ocrx_word' id='word_1_526' title='bbox 2481 1074 2826 1143; x_wconf 47' lang='lat' dir='ltr'><strong>Prophetatn,</strong></span> <span class='ocrx_word' id='word_1_527' title='bbox 2860 1091 2947 1130; x_wconf 89' lang='lat' dir='ltr'><strong>aut</strong></span> <span class='ocrx_word' id='word_1_528' title='bbox 2989 1079 3054 1130; x_wconf 89' lang='lat' dir='ltr'><strong>ad</strong></span> <span class='ocrx_word' id='word_1_529' title='bbox 3085 1079 3284 1150; x_wconf 74' lang='lat' dir='ltr'><strong>aliquid</strong></span> <span class='ocrx_word' id='word_1_530' title='bbox 3318 1097 3438 1135; x_wconf 80' lang='lat' dir='ltr'><strong>san-</strong></span> 
     </span>
    </p>
   </div>
   <div class='ocr_carea' id='block_1_69' title="bbox 1840 1162 3440 1238">
    <p class='ocr_par' dir='ltr' id='par_1_69' title="bbox 1840 1162 3440 1238">
     <span class='ocr_line' id='line_1_69' title="bbox 1840 1162 3440 1238; baseline 0.008 -23"><span class='ocrx_word' id='word_1_531' title='bbox 1840 1162 2144 1217; x_wconf 48' lang='lat' dir='ltr'><strong>cuunJSub</strong></span> <span class='ocrx_word' id='word_1_532' title='bbox 2172 1165 2373 1219; x_wconf 79' lang='lat' dir='ltr'><strong>leniore</strong></span> <span class='ocrx_word' id='word_1_533' title='bbox 2405 1181 2544 1226; x_wconf 85' lang='lat' dir='ltr'><strong>meo,</strong></span> <span class='ocrx_word' id='word_1_534' title='bbox 2575 1167 2763 1237; x_wconf 75' lang='lat' dir='ltr'><strong>inquit,</strong></span> <span class='ocrx_word' id='word_1_535' title='bbox 2785 1186 2923 1238; x_wconf 86' lang='lat' dir='ltr'><strong>pune</strong></span> <span class='ocrx_word' id='word_1_536' title='bbox 2947 1187 3159 1225; x_wconf 86' lang='lat' dir='ltr'><strong>manum</strong></span> <span class='ocrx_word' id='word_1_537' title='bbox 3189 1190 3202 1225; x_wconf 85' lang='lat'><strong>:</strong></span> <span class='ocrx_word' id='word_1_538' title='bbox 3236 1174 3440 1228; x_wconf 81' lang='lat' dir='ltr'><strong>habens</strong></span> 
     </span>
    </p>
   </div>
   <div class='ocr_carea' id='block_1_70' title="bbox 1843 1253 3437 1334">
    <p class='ocr_par' dir='ltr' id='par_1_70' title="bbox 1843 1253 3437 1334">
     <span class='ocr_line' id='line_1_70' title="bbox 1843 1253 3437 1334; baseline 0.007 -28"><span class='ocrx_word' id='word_1_539' title='bbox 1843 1253 2110 1316; x_wconf 72' lang='lat' dir='ltr'><strong>fiduciam,</strong></span> <span class='ocrx_word' id='word_1_540' title='bbox 2146 1268 2243 1309; x_wconf 89' lang='lat' dir='ltr'><strong>nec</strong></span> <span class='ocrx_word' id='word_1_541' title='bbox 2275 1272 2527 1311; x_wconf 79' lang='lat' dir='ltr'><strong>reverens</strong></span> <span class='ocrx_word' id='word_1_542' title='bbox 2558 1261 2939 1328; x_wconf 74' lang='lat' dir='ltr'><strong>tiu-pitndineni</strong></span> <span class='ocrx_word' id='word_1_543' title='bbox 2964 1304 2976 1321; x_wconf 87' lang='lat'><strong>,</strong></span> <span class='ocrx_word' id='word_1_544' title='bbox 3011 1263 3104 1318; x_wconf 87' lang='lat' dir='ltr'><strong>sed</strong></span> <span class='ocrx_word' id='word_1_545' title='bbox 3137 1265 3437 1334; x_wconf 69' lang='lat' dir='ltr'><strong>intelligens</strong></span> 
     </span>
    </p>
   </div>
   <div class='ocr_carea' id='block_1_71' title="bbox 1843 1347 3437 1424">
    <p class='ocr_par' dir='ltr' id='par_1_71' title="bbox 1843 1347 3437 1424">
     <span class='ocr_line' id='line_1_71' title="bbox 1843 1347 3437 1424; baseline 0.009 -28"><span class='ocrx_word' id='word_1_546' title='bbox 1843 1347 2141 1402; x_wconf 77' lang='lat' dir='ltr'><strong>veritatem.</strong></span> <span class='ocrx_word' id='word_1_547' title='bbox 2191 1348 2498 1416; x_wconf 75' lang='lat' dir='ltr'><strong>PrOpterea,</strong></span> <span class='ocrx_word' id='word_1_548' title='bbox 2525 1349 2808 1423; x_wconf 69' lang='lat' dir='ltr'><strong>Accingere</strong></span> <span class='ocrx_word' id='word_1_549' title='bbox 2853 1357 3079 1424; x_wconf 79' lang='lat' dir='ltr'><strong>gladium</strong></span> <span class='ocrx_word' id='word_1_550' title='bbox 3111 1367 3253 1411; x_wconf 82' lang='lat' dir='ltr'><strong>tuum</strong></span> <span class='ocrx_word' id='word_1_551' title='bbox 3301 1361 3437 1413; x_wconf 76' lang='lat' dir='ltr'><strong>circa</strong></span> 
     </span>
    </p>
   </div>
   <div class='ocr_carea' id='block_1_72' title="bbox 1842 1442 3436 1508">
    <p class='ocr_par' dir='ltr' id='par_1_72' title="bbox 1842 1442 3436 1508">
     <span class='ocr_line' id='line_1_72' title="bbox 1842 1442 3436 1508; baseline 0.009 -16"><span class='ocrx_word' id='word_1_552' title='bbox 1842 1442 2024 1508; x_wconf 68' lang='lat' dir='ltr'><strong>rentur,</strong></span> <span class='ocrx_word' id='word_1_553' title='bbox 2052 1442 2408 1508; x_wconf 77' lang='lat' dir='ltr'><strong>potentissime.</strong></span> <span class='ocrx_word' id='word_1_554' title='bbox 2437 1443 2812 1500; x_wconf 60' lang='lat' dir='ltr'><strong>Potentissimis</strong></span> <span class='ocrx_word' id='word_1_555' title='bbox 2839 1447 2997 1499; x_wconf 85' lang='lat' dir='ltr'><strong>etiam</strong></span> <span class='ocrx_word' id='word_1_556' title='bbox 3037 1451 3176 1503; x_wconf 69' lang='lat' dir='ltr'><strong>circa</strong></span> <span class='ocrx_word' id='word_1_557' title='bbox 3221 1450 3392 1505; x_wconf 82' lang='lat' dir='ltr'><strong>femur</strong></span> <span class='ocrx_word' id='word_1_558' title='bbox 3424 1471 3436 1506; x_wconf 89' lang='lat'>:</span> 
     </span>
    </p>
   </div>
   <div class='ocr_carea' id='block_1_73' title="bbox 1842 1529 3436 1602">
    <p class='ocr_par' dir='ltr' id='par_1_73' title="bbox 1842 1529 3436 1602">
     <span class='ocr_line' id='line_1_73' title="bbox 1842 1529 3436 1602; baseline 0.011 -22"><span class='ocrx_word' id='word_1_559' title='bbox 1842 1529 1964 1597; x_wconf 82' lang='lat' dir='ltr'><strong>quia</strong></span> <span class='ocrx_word' id='word_1_560' title='bbox 1993 1529 2134 1600; x_wconf 77' lang='lat' dir='ltr'><strong>quod</strong></span> <span class='ocrx_word' id='word_1_561' title='bbox 2186 1532 2458 1588; x_wconf 83' lang='lat' dir='ltr'><strong>inﬁrmum</strong></span> <span class='ocrx_word' id='word_1_562' title='bbox 2501 1543 2584 1589; x_wconf 88' lang='lat' dir='ltr'><strong>est</strong></span> <span class='ocrx_word' id='word_1_563' title='bbox 2627 1535 2743 1602; x_wconf 83' lang='lat' dir='ltr'><strong>Dei,</strong></span> <span class='ocrx_word' id='word_1_564' title='bbox 2789 1535 2980 1591; x_wconf 86' lang='lat' dir='ltr'><strong>i&#39;urtius</strong></span> <span class='ocrx_word' id='word_1_565' title='bbox 3021 1549 3104 1593; x_wconf 87' lang='lat' dir='ltr'><strong>est</strong></span> <span class='ocrx_word' id='word_1_566' title='bbox 3132 1539 3436 1597; x_wconf 79' lang='lat' dir='ltr'><strong>hominibus</strong></span> 
     </span>
    </p>
   </div>
   <div class='ocr_carea' id='block_1_74' title="bbox 1838 1606 2642 1693">
    <p class='ocr_par' dir='ltr' id='par_1_74' title="bbox 1838 1606 2642 1693">
     <span class='ocr_line' id='line_1_74' title="bbox 1838 1606 2642 1693; baseline 0.012 -23"><span class='ocrx_word' id='word_1_567' title='bbox 1838 1619 1884 1673; x_wconf 73' lang='lat' dir='ltr'><strong>ll</strong></span> <span class='ocrx_word' id='word_1_568' title='bbox 1911 1606 2090 1683; x_wconf 73' lang='lat' dir='ltr'><strong>Com,</strong></span> <span class='ocrx_word' id='word_1_569' title='bbox 2119 1621 2233 1693; x_wconf 70' lang='lat'><strong>25).</strong></span> <span class='ocrx_word' id='word_1_570' title='bbox 2270 1622 2642 1680; x_wconf 72' lang='lat' dir='ltr'><strong>Potentissime.</strong></span> 
     </span>
    </p>
   </div>
   <div class='ocr_carea' id='block_1_75' title="bbox 1921 1709 3434 1788">
    <p class='ocr_par' dir='ltr' id='par_1_75' title="bbox 1921 1709 3434 1788">
     <span class='ocr_line' id='line_1_75' title="bbox 1921 1709 3434 1788; baseline 0.009 -24"><span class='ocrx_word' id='word_1_571' title='bbox 1921 1712 2003 1765; x_wconf 71' lang='lat' dir='ltr'><strong>i4.</strong></span> <span class='ocrx_word' id='word_1_572' title='bbox 2045 1709 2197 1783; x_wconf 85' lang='lat' dir='ltr'><strong>[rers.</strong></span> <span class='ocrx_word' id='word_1_573' title='bbox 2343 1713 2526 1784; x_wconf 82' lang='lat' dir='ltr'><strong>Specie</strong></span> <span class='ocrx_word' id='word_1_574' title='bbox 2554 1726 2640 1770; x_wconf 81' lang='lat' dir='ltr'><strong>tua</strong></span> <span class='ocrx_word' id='word_1_575' title='bbox 2682 1729 2727 1772; x_wconf 81' lang='lat' dir='ltr'><strong>et</strong></span> <span class='ocrx_word' id='word_1_576' title='bbox 2773 1718 3149 1788; x_wconf 77' lang='lat' dir='ltr'><strong>pulchritudine</strong></span> <span class='ocrx_word' id='word_1_577' title='bbox 3191 1732 3297 1775; x_wconf 88' lang='lat' dir='ltr'><strong>tua.</strong></span> <span class='ocrx_word' id='word_1_578' title='bbox 3341 1721 3434 1777; x_wconf 75' lang='lat' dir='ltr'><strong>Ju-</strong></span> 
     </span>
    </p>
   </div>
   <div class='ocr_carea' id='block_1_76' title="bbox 1843 1805 3438 1888">
    <p class='ocr_par' dir='ltr' id='par_1_76' title="bbox 1843 1805 3438 1888">
     <span class='ocr_line' id='line_1_76' title="bbox 1843 1805 3438 1888; baseline 0.01 -32"><span class='ocrx_word' id='word_1_579' title='bbox 1843 1805 2041 1858; x_wconf 87' lang='lat' dir='ltr'><strong>stitiam</strong></span> <span class='ocrx_word' id='word_1_580' title='bbox 2082 1809 2293 1878; x_wconf 87' lang='lat' dir='ltr'><strong>accipe,</strong></span> <span class='ocrx_word' id='word_1_581' title='bbox 2344 1826 2446 1878; x_wconf 80' lang='lat' dir='ltr'><strong>qua</strong></span> <span class='ocrx_word' id='word_1_582' title='bbox 2488 1827 2702 1880; x_wconf 78' lang='lat' dir='ltr'><strong>semper</strong></span> <span class='ocrx_word' id='word_1_583' title='bbox 2730 1829 2789 1866; x_wconf 84' lang='lat' dir='ltr'><strong>es</strong></span> <span class='ocrx_word' id='word_1_584' title='bbox 2816 1816 3170 1885; x_wconf 68' lang='lat' dir='ltr'><strong>Speciosus&#39;et</strong></span> <span class='ocrx_word' id='word_1_585' title='bbox 3195 1816 3438 1888; x_wconf 81' lang='lat' dir='ltr'><strong>pulcher.</strong></span> 
     </span>
    </p>
   </div>
   <div class='ocr_carea' id='block_1_77' title="bbox 1849 1896 3442 1976">
    <p class='ocr_par' dir='ltr' id='par_1_77' title="bbox 1849 1896 3442 1976">
     <span class='ocr_line' id='line_1_77' title="bbox 1849 1896 3442 1976; baseline 0.009 -28"><span class='ocrx_word' id='word_1_586' title='bbox 1849 1896 1910 1948; x_wconf 61' lang='lat' dir='ltr'><strong>lit</strong></span> <span class='ocrx_word' id='word_1_587' title='bbox 1935 1896 2160 1962; x_wconf 79' lang='lat' dir='ltr'><strong>intende,</strong></span> <span class='ocrx_word' id='word_1_588' title='bbox 2211 1912 2259 1952; x_wconf 88' lang='lat' dir='ltr'><strong>et</strong></span> <span class='ocrx_word' id='word_1_589' title='bbox 2304 1915 2542 1969; x_wconf 82' lang='lat' dir='ltr'><strong>prospere</strong></span> <span class='ocrx_word' id='word_1_590' title='bbox 2570 1904 2803 1971; x_wconf 77' lang='lat' dir='ltr'><strong>procede,</strong></span> <span class='ocrx_word' id='word_1_591' title='bbox 2851 1915 2896 1958; x_wconf 81' lang='lat' dir='ltr'><strong>et</strong></span> <span class='ocrx_word' id='word_1_592' title='bbox 2938 1915 3123 1976; x_wconf 67' lang='lat' dir='ltr'><strong>regna:</strong></span> <span class='ocrx_word' id='word_1_593' title='bbox 3148 1907 3334 1963; x_wconf 84' lang='lat' dir='ltr'><strong>Nonne</strong></span> <span class='ocrx_word' id='word_1_594' title='bbox 3361 1909 3442 1962; x_wconf 83' lang='lat' dir='ltr'><strong>vi-</strong></span> 
     </span>
    </p>
   </div>
   <div class='ocr_carea' id='block_1_78' title="bbox 1845 1986 3444 2061">
    <p class='ocr_par' dir='ltr' id='par_1_78' title="bbox 1845 1986 3444 2061">
     <span class='ocr_line' id='line_1_78' title="bbox 1845 1986 3444 2061; baseline 0.008 -19"><span class='ocrx_word' id='word_1_595' title='bbox 1845 1986 2074 2045; x_wconf 85' lang='lat' dir='ltr'><strong>demus?</strong></span> <span class='ocrx_word' id='word_1_596' title='bbox 2101 1989 2261 2046; x_wconf 88' lang='lat' dir='ltr'><strong>Certe</strong></span> <span class='ocrx_word' id='word_1_597' title='bbox 2276 1993 2387 2061; x_wconf 88' lang='lat' dir='ltr'><strong>jatn</strong></span> <span class='ocrx_word' id='word_1_598' title='bbox 2414 1993 2609 2048; x_wconf 78' lang='lat' dir='ltr'><strong>factum</strong></span> <span class='ocrx_word' id='word_1_599' title='bbox 2641 2006 2742 2050; x_wconf 87' lang='lat' dir='ltr'><strong>est.</strong></span> <span class='ocrx_word' id='word_1_600' title='bbox 2775 1997 3041 2052; x_wconf 72' lang='lat' dir='ltr'><strong>Atteuditc</strong></span> <span class='ocrx_word' id='word_1_601' title='bbox 3058 1999 3245 2054; x_wconf 85' lang='lat' dir='ltr'><strong>orbem</strong></span> <span class='ocrx_word' id='word_1_602' title='bbox 3274 2009 3444 2054; x_wconf 86' lang='lat' dir='ltr'><strong>terra-</strong></span> 
     </span>
    </p>
   </div>
   <div class='ocr_carea' id='block_1_79' title="bbox 1848 2083 3443 2159">
    <p class='ocr_par' dir='ltr' id='par_1_79' title="bbox 1848 2083 3443 2159">
     <span class='ocr_line' id='line_1_79' title="bbox 1848 2083 3443 2159; baseline 0.007 -26"><span class='ocrx_word' id='word_1_603' title='bbox 1848 2097 1961 2134; x_wconf 88' lang='lat' dir='ltr'><strong>ram</strong></span> <span class='ocrx_word' id='word_1_604' title='bbox 1995 2098 2010 2145; x_wconf 89' lang='lat'><strong>;</strong></span> <span class='ocrx_word' id='word_1_605' title='bbox 2041 2083 2289 2147; x_wconf 89' lang='lat' dir='ltr'><strong>intendit,</strong></span> <span class='ocrx_word' id='word_1_606' title='bbox 2319 2099 2574 2154; x_wconf 84' lang='lat' dir='ltr'><strong>prospere</strong></span> <span class='ocrx_word' id='word_1_607' title='bbox 2602 2090 2881 2155; x_wconf 65' lang='lat' dir='ltr'><strong>processit,</strong></span> <span class='ocrx_word' id='word_1_608' title='bbox 2903 2098 3189 2159; x_wconf 76' lang='lat' dir='ltr'><strong>ctreguat;</strong></span> <span class='ocrx_word' id='word_1_609' title='bbox 3219 2090 3443 2145; x_wconf 82' lang='lat' dir='ltr'><strong>subdita:</strong></span> 
     </span>
    </p>
   </div>
   <div class='ocr_carea' id='block_1_80' title="bbox 1847 2177 3444 2253">
    <p class='ocr_par' dir='ltr' id='par_1_80' title="bbox 1847 2177 3444 2253">
     <span class='ocr_line' id='line_1_80' title="bbox 1847 2177 3444 2253; baseline 0.007 -27"><span class='ocrx_word' id='word_1_610' title='bbox 1847 2181 1971 2226; x_wconf 88' lang='lat' dir='ltr'><strong>sunt</strong></span> <span class='ocrx_word' id='word_1_611' title='bbox 1995 2177 2183 2230; x_wconf 85' lang='lat' dir='ltr'><strong>omnes</strong></span> <span class='ocrx_word' id='word_1_612' title='bbox 2212 2185 2422 2245; x_wconf 79' lang='lat' dir='ltr'><strong>gentes.</strong></span> <span class='ocrx_word' id='word_1_613' title='bbox 2453 2177 2594 2244; x_wconf 86' lang='lat' dir='ltr'><strong>Quid</strong></span> <span class='ocrx_word' id='word_1_614' title='bbox 2619 2191 2734 2232; x_wconf 88' lang='lat' dir='ltr'><strong>erat</strong></span> <span class='ocrx_word' id='word_1_615' title='bbox 2765 2179 2892 2233; x_wconf 87' lang='lat' dir='ltr'><strong>illud</strong></span> <span class='ocrx_word' id='word_1_616' title='bbox 2922 2181 3101 2235; x_wconf 85' lang='lat' dir='ltr'><strong>videre</strong></span> <span class='ocrx_word' id='word_1_617' title='bbox 3129 2183 3178 2234; x_wconf 88' lang='lat' dir='ltr'><strong>in</strong></span> <span class='ocrx_word' id='word_1_618' title='bbox 3205 2182 3392 2253; x_wconf 87' lang='lat' dir='ltr'><strong>spiritu</strong></span> <span class='ocrx_word' id='word_1_619' title='bbox 3420 2183 3444 2236; x_wconf 72' lang='grc' dir='ltr'><strong>’ἶ</strong></span> 
     </span>
    </p>
   </div>
   <div class='ocr_carea' id='block_1_81' title="bbox 1845 2263 3444 2346">
    <p class='ocr_par' dir='ltr' id='par_1_81' title="bbox 1845 2263 3444 2346">
     <span class='ocr_line' id='line_1_81' title="bbox 1845 2263 3444 2346; baseline 0.011 -30"><span class='ocrx_word' id='word_1_620' title='bbox 1845 2263 1999 2346; x_wconf 61' lang='lat' dir='ltr'><strong>Quod</strong></span> <span class='ocrx_word' id='word_1_621' title='bbox 2029 2281 2168 2320; x_wconf 90' lang='lat' dir='ltr'><strong>nunc</strong></span> <span class='ocrx_word' id='word_1_622' title='bbox 2185 2275 2267 2321; x_wconf 89' lang='lat' dir='ltr'><strong>est</strong></span> <span class='ocrx_word' id='word_1_623' title='bbox 2290 2269 2525 2336; x_wconf 83' lang='lat' dir='ltr'><strong>experiri</strong></span> <span class='ocrx_word' id='word_1_624' title='bbox 2540 2270 2594 2326; x_wconf 90' lang='lat' dir='ltr'><strong>in</strong></span> <span class='ocrx_word' id='word_1_625' title='bbox 2621 2272 2867 2326; x_wconf 82' lang='lat' dir='ltr'><strong>veritate.</strong></span> <span class='ocrx_word' id='word_1_626' title='bbox 2891 2275 3115 2342; x_wconf 78' lang='lat' dir='ltr'><strong>Quando</strong></span> <span class='ocrx_word' id='word_1_627' title='bbox 3133 2276 3444 2333; x_wconf 86' lang='lat' dir='ltr'><strong>dicebantur</strong></span> 
     </span>
    </p>
   </div>
   <div class='ocr_carea' id='block_1_82' title="bbox 1849 2350 3442 2432">
    <p class='ocr_par' dir='ltr' id='par_1_82' title="bbox 1849 2350 3442 2432">
     <span class='ocr_line' id='line_1_82' title="bbox 1849 2350 3442 2432; baseline 0.01 -24"><span class='ocrx_word' id='word_1_628' title='bbox 1849 2350 1980 2418; x_wconf 80' lang='lat' dir='ltr'><strong>lia-c,</strong></span> <span class='ocrx_word' id='word_1_629' title='bbox 2013 2357 2249 2413; x_wconf 89' lang='lat' dir='ltr'><strong>nondum</strong></span> <span class='ocrx_word' id='word_1_630' title='bbox 2280 2359 2349 2414; x_wconf 88' lang='lat' dir='ltr'><strong>ita</strong></span> <span class='ocrx_word' id='word_1_631' title='bbox 2379 2362 2636 2431; x_wconf 82' lang='lat' dir='ltr'><strong>regnabat</strong></span> <span class='ocrx_word' id='word_1_632' title='bbox 2674 2365 2918 2422; x_wconf 78' lang='lat' dir='ltr'><strong>Clu-isnts</strong></span> <span class='ocrx_word' id='word_1_633' title='bbox 2939 2410 2953 2432; x_wconf 97' lang='lat'><strong>,</strong></span> <span class='ocrx_word' id='word_1_634' title='bbox 2985 2369 3218 2423; x_wconf 78' lang='lat' dir='ltr'><strong>nomium</strong></span> <span class='ocrx_word' id='word_1_635' title='bbox 3265 2371 3442 2427; x_wconf 62' lang='lat' dir='ltr'><strong>inten-</strong></span> 
     </span>
    </p>
   </div>
   <div class='ocr_carea' id='block_1_83' title="bbox 1846 2451 3444 2527">
    <p class='ocr_par' dir='ltr' id='par_1_83' title="bbox 1846 2451 3444 2527">
     <span class='ocr_line' id='line_1_83' title="bbox 1846 2451 3444 2527; baseline 0.012 -25"><span class='ocrx_word' id='word_1_636' title='bbox 1846 2451 2018 2509; x_wconf 84' lang='lat' dir='ltr'><strong>derat,</strong></span> <span class='ocrx_word' id='word_1_637' title='bbox 2053 2453 2287 2505; x_wconf 80' lang='lat' dir='ltr'><strong>nomium</strong></span> <span class='ocrx_word' id='word_1_638' title='bbox 2313 2467 2645 2522; x_wconf 82' lang='lat' dir='ltr'><strong>processerat</strong></span> <span class='ocrx_word' id='word_1_639' title='bbox 2677 2475 2690 2508; x_wconf 86' lang='lat'>:</span> <span class='ocrx_word' id='word_1_640' title='bbox 2723 2459 3182 2527; x_wconf 68' lang='lat' dir='ltr'><strong>prardicaliantur;</strong></span> <span class='ocrx_word' id='word_1_641' title='bbox 3211 2464 3444 2521; x_wconf 75' lang='lat' dir='ltr'><strong>exhibita</strong></span> 
     </span>
    </p>
   </div>
   <div class='ocr_carea' id='block_1_84' title="bbox 1847 2535 3446 2610">
    <p class='ocr_par' dir='ltr' id='par_1_84' title="bbox 1847 2535 3446 2610">
     <span class='ocr_line' id='line_1_84' title="bbox 1847 2535 3446 2610; baseline 0.007 -15"><span class='ocrx_word' id='word_1_642' title='bbox 1847 2555 1992 2608; x_wconf 85' lang='lat' dir='ltr'><strong>sunt,</strong></span> <span class='ocrx_word' id='word_1_643' title='bbox 2017 2543 2124 2609; x_wconf 85' lang='lat' dir='ltr'><strong>jam</strong></span> <span class='ocrx_word' id='word_1_644' title='bbox 2150 2557 2212 2598; x_wconf 85' lang='lat' dir='ltr'><strong>ea</strong></span> <span class='ocrx_word' id='word_1_645' title='bbox 2239 2555 2484 2600; x_wconf 85' lang='lat' dir='ltr'><strong>tenemus</strong></span> <span class='ocrx_word' id='word_1_646' title='bbox 2509 2563 2522 2599; x_wconf 90' lang='lat'><strong>:</strong></span> <span class='ocrx_word' id='word_1_647' title='bbox 2551 2535 2605 2601; x_wconf 88' lang='lat' dir='ltr'><strong>iu</strong></span> <span class='ocrx_word' id='word_1_648' title='bbox 2639 2548 2821 2603; x_wconf 83' lang='lat' dir='ltr'><strong>multis</strong></span> <span class='ocrx_word' id='word_1_649' title='bbox 2843 2551 3165 2606; x_wconf 86' lang='lat' dir='ltr'><strong>redditorem</strong></span> <span class='ocrx_word' id='word_1_650' title='bbox 3185 2554 3446 2610; x_wconf 78' lang='lat' dir='ltr'><strong>halzemus</strong></span> 
     </span>
    </p>
   </div>
   <div class='ocr_carea' id='block_1_85' title="bbox 1851 2635 3446 2719">
    <p class='ocr_par' dir='ltr' id='par_1_85' title="bbox 1851 2635 3446 2719">
     <span class='ocr_line' id='line_1_85' title="bbox 1851 2635 3446 2719; baseline 0.009 -31"><span class='ocrx_word' id='word_1_651' title='bbox 1851 2635 2038 2702; x_wconf 87' lang='lat' dir='ltr'><strong>Deum,</strong></span> <span class='ocrx_word' id='word_1_652' title='bbox 2068 2637 2119 2690; x_wconf 88' lang='lat' dir='ltr'><strong>itt</strong></span> <span class='ocrx_word' id='word_1_653' title='bbox 2150 2638 2331 2716; x_wconf 82' lang='lat' dir='ltr'><strong>paucis</strong></span> <span class='ocrx_word' id='word_1_654' title='bbox 2357 2637 2678 2695; x_wconf 84' lang='lat' dir='ltr'><strong>debitorem.</strong></span> <span class='ocrx_word' id='word_1_655' title='bbox 2703 2641 2954 2708; x_wconf 82' lang='lat' dir='ltr'><strong>Intende,</strong></span> <span class='ocrx_word' id='word_1_656' title='bbox 2988 2655 3035 2698; x_wconf 88' lang='lat' dir='ltr'><strong>et</strong></span> <span class='ocrx_word' id='word_1_657' title='bbox 3059 2663 3299 2718; x_wconf 81' lang='lat' dir='ltr'><strong>prospere</strong></span> <span class='ocrx_word' id='word_1_658' title='bbox 3327 2665 3446 2719; x_wconf 83' lang='lat' dir='ltr'><strong>pro-</strong></span> 
     </span>
    </p>
   </div>
   <div class='ocr_carea' id='block_1_86' title="bbox 1847 2731 2254 2806">
    <p class='ocr_par' dir='ltr' id='par_1_86' title="bbox 1847 2731 2254 2806">
     <span class='ocr_line' id='line_1_86' title="bbox 1847 2731 2254 2806; baseline 0.007 -25"><span class='ocrx_word' id='word_1_659' title='bbox 1847 2731 1986 2792; x_wconf 83' lang='lat' dir='ltr'><strong>cede,</strong></span> <span class='ocrx_word' id='word_1_660' title='bbox 2010 2743 2057 2786; x_wconf 77' lang='grc' dir='ltr'>ει</span> <span class='ocrx_word' id='word_1_661' title='bbox 2077 2748 2254 2806; x_wconf 79' lang='lat' dir='ltr'><strong>regna.</strong></span> 
     </span>
    </p>
   </div>
   <div class='ocr_carea' id='block_1_87' title="bbox 1918 2823 3446 2906">
    <p class='ocr_par' dir='ltr' id='par_1_87' title="bbox 1918 2823 3446 2906">
     <span class='ocr_line' id='line_1_87' title="bbox 1918 2823 3446 2906; baseline 0.004 -26"><span class='ocrx_word' id='word_1_662' title='bbox 1918 2824 2006 2880; x_wconf 79' lang='lat' dir='ltr'><strong>i5.</strong></span> <span class='ocrx_word' id='word_1_663' title='bbox 2052 2823 2271 2906; x_wconf 84' lang='lat' dir='ltr'><strong>Propter</strong></span> <span class='ocrx_word' id='word_1_664' title='bbox 2286 2833 2562 2896; x_wconf 74' lang='lat' dir='ltr'><strong>veritatem,</strong></span> <span class='ocrx_word' id='word_1_665' title='bbox 2580 2843 2628 2888; x_wconf 88' lang='lat' dir='ltr'><strong>et</strong></span> <span class='ocrx_word' id='word_1_666' title='bbox 2646 2833 3098 2899; x_wconf 83' lang='lat' dir='ltr'><strong>mansuetudinem,</strong></span> <span class='ocrx_word' id='word_1_667' title='bbox 3120 2834 3446 2904; x_wconf 75' lang='lat' dir='ltr'><strong>etjnstitinm.</strong></span> 
     </span>
    </p>
   </div>
   <div class='ocr_carea' id='block_1_88' title="bbox 1848 2911 3438 2994">
    <p class='ocr_par' dir='ltr' id='par_1_88' title="bbox 1848 2911 3438 2994">
     <span class='ocr_line' id='line_1_88' title="bbox 1848 2911 3438 2994; baseline 0.005 -28"><span class='ocrx_word' id='word_1_668' title='bbox 1848 2913 2075 2971; x_wconf 72' lang='lat' dir='ltr'><strong>Reddita</strong></span> <span class='ocrx_word' id='word_1_669' title='bbox 2097 2931 2180 2974; x_wconf 87' lang='lat' dir='ltr'><strong>est</strong></span> <span class='ocrx_word' id='word_1_670' title='bbox 2211 2911 2428 2988; x_wconf 81' lang='lat' dir='ltr'><strong>veritas,</strong></span> <span class='ocrx_word' id='word_1_671' title='bbox 2454 2923 2671 2994; x_wconf 88' lang='lat' dir='ltr'><strong>quando</strong></span> <span class='ocrx_word' id='word_1_672' title='bbox 2696 2927 2894 2979; x_wconf 84' lang='lat' dir='ltr'><strong>veritas</strong></span> <span class='ocrx_word' id='word_1_673' title='bbox 2918 2926 2988 2980; x_wconf 90' lang='lat' dir='ltr'><strong>de</strong></span> <span class='ocrx_word' id='word_1_674' title='bbox 3012 2938 3154 2984; x_wconf 78' lang='lat' dir='ltr'><strong>terra</strong></span> <span class='ocrx_word' id='word_1_675' title='bbox 3184 2936 3298 2978; x_wconf 88' lang='lat' dir='ltr'><strong>nrta</strong></span> <span class='ocrx_word' id='word_1_676' title='bbox 3342 2941 3438 2982; x_wconf 71' lang='lat' dir='ltr'><strong>est.</strong></span> 
     </span>
    </p>
   </div>
   <div class='ocr_carea' id='block_1_89' title="bbox 1846 3011 3426 3089">
    <p class='ocr_par' dir='ltr' id='par_1_89' title="bbox 1846 3011 3426 3089">
     <span class='ocr_line' id='line_1_89' title="bbox 1846 3011 3426 3089; baseline 0.004 -25"><span class='ocrx_word' id='word_1_677' title='bbox 1846 3019 1902 3064; x_wconf 89' lang='lat' dir='ltr'><strong>et</strong></span> <span class='ocrx_word' id='word_1_678' title='bbox 1923 3011 2127 3080; x_wconf 89' lang='lat' dir='ltr'><strong>justitia</strong></span> <span class='ocrx_word' id='word_1_679' title='bbox 2157 3013 2226 3069; x_wconf 90' lang='lat' dir='ltr'><strong>de</strong></span> <span class='ocrx_word' id='word_1_680' title='bbox 2251 3017 2390 3084; x_wconf 63' lang='lat' dir='ltr'><strong>eteio</strong></span> <span class='ocrx_word' id='word_1_681' title='bbox 2413 3019 2693 3087; x_wconf 75' lang='lat' dir='ltr'><strong>prospexit</strong></span> <span class='ocrx_word' id='word_1_682' title='bbox 2720 3017 2892 3087; x_wconf 83' lang='lat' dir='ltr'><strong>(Psal.</strong></span> <span class='ocrx_word' id='word_1_683' title='bbox 2917 3035 3136 3083; x_wconf 74' lang='lat' dir='ltr'><strong>Lxxxtv,</strong></span> <span class='ocrx_word' id='word_1_684' title='bbox 3166 3021 3274 3089; x_wconf 68' lang='lat' dir='ltr'><strong>i2).</strong></span> <span class='ocrx_word' id='word_1_685' title='bbox 3312 3020 3426 3072; x_wconf 69' lang='lat' dir='ltr'><strong>Prw</strong></span> 
     </span>
    </p>
   </div>
   <div class='ocr_carea' id='block_1_90' title="bbox 1846 3107 3445 3181">
    <p class='ocr_par' dir='ltr' id='par_1_90' title="bbox 1846 3107 3445 3181">
     <span class='ocr_line' id='line_1_90' title="bbox 1846 3107 3445 3181; baseline 0.004 -27"><span class='ocrx_word' id='word_1_686' title='bbox 1846 3113 2087 3168; x_wconf 76' lang='lat' dir='ltr'><strong>seutatus</strong></span> <span class='ocrx_word' id='word_1_687' title='bbox 2113 3116 2195 3159; x_wconf 89' lang='lat' dir='ltr'><strong>est</strong></span> <span class='ocrx_word' id='word_1_688' title='bbox 2224 3107 2472 3164; x_wconf 84' lang='lat' dir='ltr'><strong>Christus</strong></span> <span class='ocrx_word' id='word_1_689' title='bbox 2502 3111 2894 3181; x_wconf 81' lang='lat' dir='ltr'><strong>exspectationi</strong></span> <span class='ocrx_word' id='word_1_690' title='bbox 2927 3113 2948 3143; x_wconf 79' lang='lat'><strong>’</strong></span> <span class='ocrx_word' id='word_1_691' title='bbox 2972 3111 3188 3181; x_wconf 89' lang='lat' dir='ltr'><strong>generis</strong></span> <span class='ocrx_word' id='word_1_692' title='bbox 3206 3113 3445 3172; x_wconf 79' lang='lat' dir='ltr'><strong>inuitaui,</strong></span> 
     </span>
    </p>
   </div>
   <div class='ocr_carea' id='block_1_91' title="bbox 1850 3198 3444 3269">
    <p class='ocr_par' dir='ltr' id='par_1_91' title="bbox 1850 3198 3444 3269">
     <span class='ocr_line' id='line_1_91' title="bbox 1850 3198 3444 3269; baseline 0.004 -19"><span class='ocrx_word' id='word_1_693' title='bbox 1850 3206 1906 3250; x_wconf 88' lang='lat' dir='ltr'><strong>ut</strong></span> <span class='ocrx_word' id='word_1_694' title='bbox 1946 3198 1997 3254; x_wconf 90' lang='lat' dir='ltr'><strong>in</strong></span> <span class='ocrx_word' id='word_1_695' title='bbox 2025 3200 2232 3256; x_wconf 87' lang='lat' dir='ltr'><strong>semine</strong></span> <span class='ocrx_word' id='word_1_696' title='bbox 2263 3202 2490 3261; x_wconf 76' lang='lat' dir='ltr'><strong>Ahralne</strong></span> <span class='ocrx_word' id='word_1_697' title='bbox 2513 3205 2968 3269; x_wconf 71' lang='lat' dir='ltr'><strong>&#39;benet&#39;iieerentnr</strong></span> <span class='ocrx_word' id='word_1_698' title='bbox 3007 3219 3197 3259; x_wconf 89' lang='lat' dir='ltr'><strong>omnes</strong></span> <span class='ocrx_word' id='word_1_699' title='bbox 3241 3217 3444 3268; x_wconf 72' lang='lat' dir='ltr'><strong>gentes.</strong></span> 
     </span>
    </p>
   </div>
   <div class='ocr_carea' id='block_1_92' title="bbox 1847 3288 3448 3362">
    <p class='ocr_par' dir='ltr' id='par_1_92' title="bbox 1847 3288 3448 3362">
     <span class='ocr_line' id='line_1_92' title="bbox 1847 3288 3448 3362; baseline 0.002 -20"><span class='ocrx_word' id='word_1_700' title='bbox 1847 3288 2200 3344; x_wconf 66' lang='lat' dir='ltr'><strong>Praadicatnm</strong></span> <span class='ocrx_word' id='word_1_701' title='bbox 2242 3299 2326 3344; x_wconf 76' lang='lat' dir='ltr'><strong>est</strong></span> <span class='ocrx_word' id='word_1_702' title='bbox 2358 3293 2739 3362; x_wconf 77' lang='lat' dir='ltr'><strong>Evangelinm;</strong></span> <span class='ocrx_word' id='word_1_703' title='bbox 2775 3295 2971 3348; x_wconf 85' lang='lat' dir='ltr'><strong>veritas</strong></span> <span class='ocrx_word' id='word_1_704' title='bbox 2997 3304 3096 3347; x_wconf 86' lang='lat' dir='ltr'><strong>est.</strong></span> <span class='ocrx_word' id='word_1_705' title='bbox 3119 3294 3265 3362; x_wconf 74' lang='lat' dir='ltr'><strong>Quid</strong></span> <span class='ocrx_word' id='word_1_706' title='bbox 3296 3310 3448 3346; x_wconf 74' lang='lat' dir='ltr'><strong>mau-</strong></span> 
     </span>
    </p>
   </div>
   <div class='ocr_carea' id='block_1_93' title="bbox 1848 3379 3448 3456">
    <p class='ocr_par' dir='ltr' id='par_1_93' title="bbox 1848 3379 3448 3456">
     <span class='ocr_line' id='line_1_93' title="bbox 1848 3379 3448 3456; baseline 0.004 -25"><span class='ocrx_word' id='word_1_707' title='bbox 1848 3379 2106 3436; x_wconf 88' lang='lat' dir='ltr'><strong>suetudu?</strong></span> <span class='ocrx_word' id='word_1_708' title='bbox 2152 3384 2296 3445; x_wconf 72' lang='lat' dir='ltr'><strong>l&#39;assi</strong></span> <span class='ocrx_word' id='word_1_709' title='bbox 2327 3392 2455 3443; x_wconf 83' lang='lat' dir='ltr'><strong>sunt</strong></span> <span class='ocrx_word' id='word_1_710' title='bbox 2483 3395 2770 3456; x_wconf 82' lang='lat' dir='ltr'><strong>martyres,</strong></span> <span class='ocrx_word' id='word_1_711' title='bbox 2797 3394 2855 3440; x_wconf 89' lang='lat' dir='ltr'><strong>et</strong></span> <span class='ocrx_word' id='word_1_712' title='bbox 2888 3385 3020 3438; x_wconf 86' lang='lat' dir='ltr'><strong>inde</strong></span> <span class='ocrx_word' id='word_1_713' title='bbox 3049 3389 3270 3438; x_wconf 73' lang='lat' dir='ltr'><strong>multum</strong></span> <span class='ocrx_word' id='word_1_714' title='bbox 3323 3401 3448 3454; x_wconf 85' lang='lat' dir='ltr'><strong>pro-</strong></span> 
     </span>
    </p>
   </div>
   <div class='ocr_carea' id='block_1_94' title="bbox 1844 3473 3445 3547">
    <p class='ocr_par' dir='ltr' id='par_1_94' title="bbox 1844 3473 3445 3547">
     <span class='ocr_line' id='line_1_94' title="bbox 1844 3473 3445 3547; baseline 0.001 -23"><span class='ocrx_word' id='word_1_715' title='bbox 1844 3473 2030 3536; x_wconf 77' lang='lat' dir='ltr'><strong>cessit,</strong></span> <span class='ocrx_word' id='word_1_716' title='bbox 2075 3483 2130 3528; x_wconf 89' lang='lat' dir='ltr'><strong>et</strong></span> <span class='ocrx_word' id='word_1_717' title='bbox 2179 3475 2445 3544; x_wconf 79' lang='lat' dir='ltr'><strong>promovit</strong></span> <span class='ocrx_word' id='word_1_718' title='bbox 2491 3490 2585 3547; x_wconf 80' lang='lat' dir='ltr'><strong>per</strong></span> <span class='ocrx_word' id='word_1_719' title='bbox 2622 3489 2813 3528; x_wconf 86' lang='lat' dir='ltr'><strong>omnes</strong></span> <span class='ocrx_word' id='word_1_720' title='bbox 2835 3475 3022 3544; x_wconf 82' lang='lat' dir='ltr'><strong>gentes</strong></span> <span class='ocrx_word' id='word_1_721' title='bbox 3054 3491 3274 3546; x_wconf 82' lang='lat' dir='ltr'><strong>regnum</strong></span> <span class='ocrx_word' id='word_1_722' title='bbox 3307 3476 3398 3530; x_wconf 80' lang='lat' dir='ltr'><strong>Dei</strong></span> <span class='ocrx_word' id='word_1_723' title='bbox 3434 3493 3445 3525; x_wconf 86' lang='lat'><strong>:</strong></span> 
     </span>
    </p>
   </div>
   <div class='ocr_carea' id='block_1_95' title="bbox 1848 3563 3446 3633">
    <p class='ocr_par' dir='ltr' id='par_1_95' title="bbox 1848 3563 3446 3633">
     <span class='ocr_line' id='line_1_95' title="bbox 1848 3563 3446 3633; baseline 0.003 -18"><span class='ocrx_word' id='word_1_724' title='bbox 1848 3565 1972 3633; x_wconf 80' lang='lat' dir='ltr'><strong>quia</strong></span> <span class='ocrx_word' id='word_1_725' title='bbox 1996 3566 2333 3633; x_wconf 87' lang='lat' dir='ltr'><strong>patiebantur</strong></span> <span class='ocrx_word' id='word_1_726' title='bbox 2365 3575 2645 3632; x_wconf 67' lang='lat' dir='ltr'><strong>martyres.</strong></span> <span class='ocrx_word' id='word_1_727' title='bbox 2693 3581 2790 3619; x_wconf 84' lang='lat' dir='ltr'><strong>nec</strong></span> <span class='ocrx_word' id='word_1_728' title='bbox 2816 3563 3156 3626; x_wconf 82' lang='lat' dir='ltr'><strong>deﬁciebant,</strong></span> <span class='ocrx_word' id='word_1_729' title='bbox 3187 3579 3287 3618; x_wconf 69' lang='lat' dir='ltr'><strong>nec</strong></span> <span class='ocrx_word' id='word_1_730' title='bbox 3312 3567 3446 3619; x_wconf 88' lang='lat' dir='ltr'><strong>resi-</strong></span> 
     </span>
    </p>
   </div>
   <div class='ocr_carea' id='block_1_96' title="bbox 1826 3655 3447 3724">
    <p class='ocr_par' dir='ltr' id='par_1_96' title="bbox 1826 3655 3447 3724">
     <span class='ocr_line' id='line_1_96' title="bbox 1826 3655 3447 3724; baseline 0.001 -15"><span class='ocrx_word' id='word_1_731' title='bbox 1826 3656 2090 3715; x_wconf 63' lang='lat' dir='ltr'><strong>~alebant:</strong></span> <span class='ocrx_word' id='word_1_732' title='bbox 2122 3656 2369 3711; x_wconf 87' lang='lat' dir='ltr'><strong>dicentes</strong></span> <span class='ocrx_word' id='word_1_733' title='bbox 2397 3659 2596 3722; x_wconf 84' lang='lat' dir='ltr'><strong>nuntia,</strong></span> <span class='ocrx_word' id='word_1_734' title='bbox 2632 3658 2762 3712; x_wconf 88' lang='lat' dir='ltr'><strong>nihil</strong></span> <span class='ocrx_word' id='word_1_735' title='bbox 2790 3655 3157 3721; x_wconf 75' lang='lat' dir='ltr'><strong>occultantes;</strong></span> <span class='ocrx_word' id='word_1_736' title='bbox 3189 3658 3356 3724; x_wconf 80' lang='lat' dir='ltr'><strong>pantti</strong></span> <span class='ocrx_word' id='word_1_737' title='bbox 3381 3658 3447 3710; x_wconf 82' lang='lat' dir='ltr'><strong>ad</strong></span> 
     </span>
    </p>
   </div>
   <div class='ocr_carea' id='block_1_97' title="bbox 1850 3746 3450 3816">
    <p class='ocr_par' dir='ltr' id='par_1_97' title="bbox 1850 3746 3450 3816">
     <span class='ocr_line' id='line_1_97' title="bbox 1850 3746 3450 3816; baseline 0.002 -18"><span class='ocrx_word' id='word_1_738' title='bbox 1850 3747 2053 3812; x_wconf 84' lang='lat' dir='ltr'><strong>omnia,</strong></span> <span class='ocrx_word' id='word_1_739' title='bbox 2078 3747 2214 3809; x_wconf 86' lang='lat' dir='ltr'><strong>nihil</strong></span> <span class='ocrx_word' id='word_1_740' title='bbox 2242 3758 2574 3802; x_wconf 70' lang='lat' dir='ltr'><strong>recusantes.</strong></span> <span class='ocrx_word' id='word_1_741' title='bbox 2601 3747 2785 3815; x_wconf 80' lang='lat' dir='ltr'><strong>Magna</strong></span> <span class='ocrx_word' id='word_1_742' title='bbox 2813 3749 3208 3802; x_wconf 72' lang='lat' dir='ltr'><strong>mansuetudo!</strong></span> <span class='ocrx_word' id='word_1_743' title='bbox 3242 3746 3450 3816; x_wconf 86' lang='lat' dir='ltr'><strong>Corpus</strong></span> 
     </span>
    </p>
   </div>
   <div class='ocr_carea' id='block_1_98' title="bbox 1851 3831 3451 3908">
    <p class='ocr_par' dir='ltr' id='par_1_98' title="bbox 1851 3831 3451 3908">
     <span class='ocr_line' id='line_1_98' title="bbox 1851 3831 3451 3908; baseline 0.002 -17"><span class='ocrx_word' id='word_1_744' title='bbox 1851 3835 2046 3891; x_wconf 85' lang='lat' dir='ltr'><strong>Christi</strong></span> <span class='ocrx_word' id='word_1_745' title='bbox 2079 3835 2181 3892; x_wconf 85' lang='lat' dir='ltr'><strong>hoc</strong></span> <span class='ocrx_word' id='word_1_746' title='bbox 2211 3836 2355 3902; x_wconf 81' lang='lat' dir='ltr'><strong>fecit,</strong></span> <span class='ocrx_word' id='word_1_747' title='bbox 2387 3838 2439 3892; x_wconf 91' lang='lat' dir='ltr'><strong>in</strong></span> <span class='ocrx_word' id='word_1_748' title='bbox 2469 3831 2644 3908; x_wconf 80' lang='lat' dir='ltr'><strong>capite</strong></span> <span class='ocrx_word' id='word_1_749' title='bbox 2669 3853 2768 3893; x_wconf 88' lang='lat' dir='ltr'><strong>suo</strong></span> <span class='ocrx_word' id='word_1_750' title='bbox 2788 3837 2996 3895; x_wconf 86' lang='lat' dir='ltr'><strong>didicit.</strong></span> <span class='ocrx_word' id='word_1_751' title='bbox 3033 3840 3122 3893; x_wconf 88' lang='lat' dir='ltr'><strong>ille</strong></span> <span class='ocrx_word' id='word_1_752' title='bbox 3151 3842 3296 3908; x_wconf 75' lang='lat' dir='ltr'><strong>prior</strong></span> <span class='ocrx_word' id='word_1_753' title='bbox 3311 3841 3451 3894; x_wconf 83' lang='lat' dir='ltr'><strong>sicut</strong></span> 
     </span>
    </p>
   </div>
   <div class='ocr_carea' id='block_1_99' title="bbox 1851 3928 3446 4006">
    <p class='ocr_par' dir='ltr' id='par_1_99' title="bbox 1851 3928 3446 4006">
     <span class='ocr_line' id='line_1_99' title="bbox 1851 3928 3446 4006; baseline 0.003 -26"><span class='ocrx_word' id='word_1_754' title='bbox 1851 3929 1968 3983; x_wconf 79' lang='lat' dir='ltr'><strong>ovis</strong></span> <span class='ocrx_word' id='word_1_755' title='bbox 1989 3928 2054 3984; x_wconf 89' lang='lat' dir='ltr'><strong>ad</strong></span> <span class='ocrx_word' id='word_1_756' title='bbox 2077 3929 2400 4006; x_wconf 85' lang='lat' dir='ltr'><strong>occisionem</strong></span> <span class='ocrx_word' id='word_1_757' title='bbox 2431 3930 2452 3963; x_wconf 85' lang='grc'><strong><em>⁸</em></strong></span> <span class='ocrx_word' id='word_1_758' title='bbox 2479 3931 2672 4004; x_wconf 80' lang='lat' dir='ltr'><strong>ductus</strong></span> <span class='ocrx_word' id='word_1_759' title='bbox 2699 3941 2802 3994; x_wconf 88' lang='lat' dir='ltr'><strong>est,</strong></span> <span class='ocrx_word' id='word_1_760' title='bbox 2831 3940 2886 3986; x_wconf 90' lang='lat' dir='ltr'><strong>et</strong></span> <span class='ocrx_word' id='word_1_761' title='bbox 2907 3933 3046 3986; x_wconf 79' lang='lat' dir='ltr'><strong>sicut</strong></span> <span class='ocrx_word' id='word_1_762' title='bbox 3067 3948 3237 4000; x_wconf 73' lang='lat' dir='ltr'><strong>agnus</strong></span> <span class='ocrx_word' id='word_1_763' title='bbox 3263 3948 3446 3986; x_wconf 83' lang='lat' dir='ltr'><strong>coram</strong></span> 
     </span>
    </p>
   </div>
   <div class='ocr_carea' id='block_1_100' title="bbox 1855 4021 3454 4099">
    <p class='ocr_par' dir='ltr' id='par_1_100' title="bbox 1855 4021 3454 4099">
     <span class='ocr_line' id='line_1_100' title="bbox 1855 4021 3454 4099; baseline 0.005 -25"><span class='ocrx_word' id='word_1_764' title='bbox 1855 4021 2109 4079; x_wconf 86' lang='lat' dir='ltr'><strong>tondente</strong></span> <span class='ocrx_word' id='word_1_765' title='bbox 2132 4037 2194 4078; x_wconf 90' lang='lat' dir='ltr'><strong>se</strong></span> <span class='ocrx_word' id='word_1_766' title='bbox 2217 4038 2325 4078; x_wconf 94' lang='lat' dir='ltr'><strong>non</strong></span> <span class='ocrx_word' id='word_1_767' title='bbox 2352 4025 2563 4092; x_wconf 85' lang='lat' dir='ltr'><strong>aperuit</strong></span> <span class='ocrx_word' id='word_1_768' title='bbox 2589 4039 2654 4080; x_wconf 84' lang='lat' dir='ltr'><strong>os</strong></span> <span class='ocrx_word' id='word_1_769' title='bbox 2673 4040 2828 4079; x_wconf 86' lang='lat' dir='ltr'><strong>suum</strong></span> <span class='ocrx_word' id='word_1_770' title='bbox 2852 4025 3005 4099; x_wconf 63' lang='grc' dir='ltr'><strong>(ισοξ.</strong></span> <span class='ocrx_word' id='word_1_771' title='bbox 3037 4023 3229 4092; x_wconf 78' lang='grc' dir='ltr'>ιιιι’.Ἶ)</span> <span class='ocrx_word' id='word_1_772' title='bbox 3254 4042 3454 4098; x_wconf 88' lang='lat' dir='ltr'><strong>:usqua</strong></span> 
     </span>
    </p>
   </div>
   <div class='ocr_carea' id='block_1_101' title="bbox 1852 4107 3452 4188">
    <p class='ocr_par' dir='ltr' id='par_1_101' title="bbox 1852 4107 3452 4188">
     <span class='ocr_line' id='line_1_101' title="bbox 1852 4107 3452 4188; baseline 0.004 -22"><span class='ocrx_word' id='word_1_773' title='bbox 1852 4114 1987 4172; x_wconf 88' lang='lat' dir='ltr'><strong>adeo</strong></span> <span class='ocrx_word' id='word_1_774' title='bbox 2013 4125 2340 4180; x_wconf 86' lang='lat' dir='ltr'><strong>mansuetus,</strong></span> <span class='ocrx_word' id='word_1_775' title='bbox 2369 4125 2425 4172; x_wconf 88' lang='lat' dir='ltr'><strong>ut</strong></span> <span class='ocrx_word' id='word_1_776' title='bbox 2467 4117 2707 4188; x_wconf 89' lang='lat' dir='ltr'><strong>pendens</strong></span> <span class='ocrx_word' id='word_1_777' title='bbox 2734 4122 2785 4172; x_wconf 89' lang='lat' dir='ltr'><strong>in</strong></span> <span class='ocrx_word' id='word_1_778' title='bbox 2824 4133 2985 4174; x_wconf 87' lang='lat' dir='ltr'><strong>cruce</strong></span> <span class='ocrx_word' id='word_1_779' title='bbox 3021 4128 3244 4184; x_wconf 76' lang='lat' dir='ltr'><strong>diceret,</strong></span> <span class='ocrx_word' id='word_1_780' title='bbox 3271 4107 3452 4188; x_wconf 67' lang='lat' dir='ltr'><strong>Pater,</strong></span> 
     </span>
    </p>
   </div>
   <div class='ocr_carea' id='block_1_102' title="bbox 1853 4199 3445 4285">
    <p class='ocr_par' dir='ltr' id='par_1_102' title="bbox 1853 4199 3445 4285">
     <span class='ocr_line' id='line_1_102' title="bbox 1853 4199 3445 4285; baseline 0.005 -26"><span class='ocrx_word' id='word_1_781' title='bbox 1853 4205 2054 4277; x_wconf 83' lang='lat' dir='ltr'><strong>ignosce</strong></span> <span class='ocrx_word' id='word_1_782' title='bbox 2076 4207 2198 4278; x_wconf 83' lang='lat' dir='ltr'><strong>illis,</strong></span> <span class='ocrx_word' id='word_1_783' title='bbox 2222 4209 2342 4281; x_wconf 78' lang='lat' dir='ltr'><strong>quia</strong></span> <span class='ocrx_word' id='word_1_784' title='bbox 2371 4210 2595 4285; x_wconf 81' lang='lat' dir='ltr'><strong>nesciunt</strong></span> <span class='ocrx_word' id='word_1_785' title='bbox 2623 4209 2748 4278; x_wconf 78' lang='lat' dir='ltr'><strong>quid</strong></span> <span class='ocrx_word' id='word_1_786' title='bbox 2762 4207 3124 4281; x_wconf 70' lang='lat' dir='ltr'><strong>facianttLuc.</strong></span> <span class='ocrx_word' id='word_1_787' title='bbox 3145 4212 3301 4276; x_wconf 73' lang='lat' dir='ltr'><strong>xi&#39;t&#39;ut,</strong></span> <span class='ocrx_word' id='word_1_788' title='bbox 3332 4199 3445 4282; x_wconf 64' lang='grc'><strong>34).</strong></span> 
     </span>
    </p>
   </div>
   <div class='ocr_carea' id='block_1_103' title="bbox 1853 4297 3450 4374">
    <p class='ocr_par' dir='ltr' id='par_1_103' title="bbox 1853 4297 3450 4374">
     <span class='ocr_line' id='line_1_103' title="bbox 1853 4297 3450 4374; baseline 0.006 -23"><span class='ocrx_word' id='word_1_789' title='bbox 1853 4299 1990 4365; x_wconf 83' lang='lat' dir='ltr'><strong>Quid</strong></span> <span class='ocrx_word' id='word_1_790' title='bbox 2035 4311 2254 4370; x_wconf 85' lang='lat' dir='ltr'><strong>propter</strong></span> <span class='ocrx_word' id='word_1_791' title='bbox 2285 4297 2546 4370; x_wconf 85' lang='lat' dir='ltr'><strong>justitiam</strong></span> <span class='ocrx_word' id='word_1_792' title='bbox 2562 4300 2599 4355; x_wconf 66' lang='grc' dir='ltr'><strong>ἳο</strong></span> <span class='ocrx_word' id='word_1_793' title='bbox 2617 4301 2807 4358; x_wconf 80' lang='lat' dir='ltr'><strong>Veniet</strong></span> <span class='ocrx_word' id='word_1_794' title='bbox 2834 4304 3016 4361; x_wconf 91' lang='lat' dir='ltr'><strong>etiam.</strong></span> <span class='ocrx_word' id='word_1_795' title='bbox 3048 4313 3106 4359; x_wconf 91' lang='lat' dir='ltr'><strong>ut</strong></span> <span class='ocrx_word' id='word_1_796' title='bbox 3136 4303 3360 4374; x_wconf 80' lang='lat' dir='ltr'><strong>jndieet,</strong></span> <span class='ocrx_word' id='word_1_797' title='bbox 3396 4315 3450 4360; x_wconf 84' lang='lat' dir='ltr'><strong>et</strong></span> 
     </span>
    </p>
   </div>
   <div class='ocr_carea' id='block_1_104' title="bbox 1855 4390 3449 4468">
    <p class='ocr_par' dir='ltr' id='par_1_104' title="bbox 1855 4390 3449 4468">
     <span class='ocr_line' id='line_1_104' title="bbox 1855 4390 3449 4468; baseline 0.003 -24"><span class='ocrx_word' id='word_1_798' title='bbox 1855 4390 2113 4445; x_wconf 85' lang='lat' dir='ltr'><strong>retribuat</strong></span> <span class='ocrx_word' id='word_1_799' title='bbox 2144 4393 2431 4463; x_wconf 81' lang='lat' dir='ltr'><strong>unicuique</strong></span> <span class='ocrx_word' id='word_1_800' title='bbox 2455 4392 2751 4468; x_wconf 78' lang='lat' dir='ltr'><strong>secundum</strong></span> <span class='ocrx_word' id='word_1_801' title='bbox 2781 4410 2944 4463; x_wconf 89' lang='lat' dir='ltr'><strong>opera</strong></span> <span class='ocrx_word' id='word_1_802' title='bbox 2958 4411 3062 4461; x_wconf 82' lang='lat' dir='ltr'><strong>sua</strong></span> <span class='ocrx_word' id='word_1_803' title='bbox 3085 4396 3260 4462; x_wconf 78' lang='lat' dir='ltr'><strong>(Boni.</strong></span> <span class='ocrx_word' id='word_1_804' title='bbox 3283 4412 3342 4460; x_wconf 87' lang='lat' dir='ltr'><strong>it,</strong></span> <span class='ocrx_word' id='word_1_805' title='bbox 3367 4398 3449 4464; x_wconf 83' lang='lat'><strong>6).</strong></span> 
     </span>
    </p>
   </div>
   <div class='ocr_carea' id='block_1_105' title="bbox 1859 4483 3453 4556">
    <p class='ocr_par' dir='ltr' id='par_1_105' title="bbox 1859 4483 3453 4556">
     <span class='ocr_line' id='line_1_105' title="bbox 1859 4483 3453 4556; baseline 0.006 -20"><span class='ocrx_word' id='word_1_806' title='bbox 1859 4484 1998 4536; x_wconf 73' lang='lat' dir='ltr'><strong>Dixit</strong></span> <span class='ocrx_word' id='word_1_807' title='bbox 2025 4483 2325 4548; x_wconf 83' lang='lat' dir='ltr'><strong>veritatem,</strong></span> <span class='ocrx_word' id='word_1_808' title='bbox 2370 4486 2588 4555; x_wconf 83' lang='lat' dir='ltr'><strong>pertulit</strong></span> <span class='ocrx_word' id='word_1_809' title='bbox 2634 4486 2966 4556; x_wconf 71' lang='lat' dir='ltr'><strong>iniquitatem</strong></span> <span class='ocrx_word' id='word_1_810' title='bbox 2997 4489 3018 4519; x_wconf 75' lang='lat'><strong>‘</strong></span> <span class='ocrx_word' id='word_1_811' title='bbox 3039 4532 3053 4550; x_wconf 92' lang='lat'><strong>,</strong></span> <span class='ocrx_word' id='word_1_812' title='bbox 3087 4491 3341 4544; x_wconf 81' lang='lat' dir='ltr'><strong>aliaturus</strong></span> <span class='ocrx_word' id='word_1_813' title='bbox 3369 4502 3453 4546; x_wconf 84' lang='lat' dir='ltr'><strong>est</strong></span> 
     </span>
    </p>
   </div>
   <div class='ocr_carea' id='block_1_106' title="bbox 1855 4566 3452 4637">
    <p class='ocr_par' dir='ltr' id='par_1_106' title="bbox 1855 4566 3452 4637">
     <span class='ocr_line' id='line_1_106' title="bbox 1855 4566 3452 4637; baseline 0.007 -11"><span class='ocrx_word' id='word_1_814' title='bbox 1855 4576 2182 4637; x_wconf 65' lang='lat' dir='ltr'><strong>aequitatem.</strong></span> <span class='ocrx_word' id='word_1_815' title='bbox 2228 4575 2290 4628; x_wconf 67' lang='lat' dir='ltr'><strong>lit</strong></span> <span class='ocrx_word' id='word_1_816' title='bbox 2315 4577 2528 4630; x_wconf 61' lang='lat' dir='ltr'><strong>deducat</strong></span> <span class='ocrx_word' id='word_1_817' title='bbox 2571 4587 2619 4631; x_wconf 88' lang='lat' dir='ltr'><strong>te</strong></span> <span class='ocrx_word' id='word_1_818' title='bbox 2647 4566 2946 4637; x_wconf 73' lang='lat' dir='ltr'><strong>mirabiliter</strong></span> <span class='ocrx_word' id='word_1_819' title='bbox 2974 4580 3180 4634; x_wconf 78' lang='lat' dir='ltr'><strong>dextero</strong></span> <span class='ocrx_word' id='word_1_820' title='bbox 3206 4593 3311 4635; x_wconf 81' lang='lat' dir='ltr'><strong>tua.</strong></span> <span class='ocrx_word' id='word_1_821' title='bbox 3343 4582 3452 4637; x_wconf 85' lang='lat' dir='ltr'><strong>Nos</strong></span> 
     </span>
    </p>
   </div>
   <div class='ocr_carea' id='block_1_107' title="bbox 1853 4666 3450 4742">
    <p class='ocr_par' dir='ltr' id='par_1_107' title="bbox 1853 4666 3450 4742">
     <span class='ocr_line' id='line_1_107' title="bbox 1853 4666 3450 4742; baseline 0.006 -22"><span class='ocrx_word' id='word_1_822' title='bbox 1853 4666 2073 4734; x_wconf 73' lang='lat' dir='ltr'><strong>dextera</strong></span> <span class='ocrx_word' id='word_1_823' title='bbox 2105 4667 2292 4736; x_wconf 53' lang='lat' dir='ltr'><strong>ipsius,</strong></span> <span class='ocrx_word' id='word_1_824' title='bbox 2323 4669 2437 4738; x_wconf 80' lang='lat' dir='ltr'><strong>ipse</strong></span> <span class='ocrx_word' id='word_1_825' title='bbox 2465 4669 2687 4742; x_wconf 76' lang='lat' dir='ltr'><strong>dextera</strong></span> <span class='ocrx_word' id='word_1_826' title='bbox 2711 4686 2829 4726; x_wconf 81' lang='lat' dir='ltr'><strong>sua.</strong></span> <span class='ocrx_word' id='word_1_827' title='bbox 2858 4672 2950 4726; x_wconf 89' lang='lat' dir='ltr'><strong>ille</strong></span> <span class='ocrx_word' id='word_1_828' title='bbox 2971 4673 3114 4727; x_wconf 89' lang='lat' dir='ltr'><strong>enim</strong></span> <span class='ocrx_word' id='word_1_829' title='bbox 3145 4673 3283 4727; x_wconf 90' lang='lat' dir='ltr'><strong>Deus</strong></span> <span class='ocrx_word' id='word_1_830' title='bbox 3308 4709 3321 4736; x_wconf 91' lang='lat'><strong>,</strong></span> <span class='ocrx_word' id='word_1_831' title='bbox 3352 4691 3450 4730; x_wconf 73' lang='lat' dir='ltr'><strong>nos</strong></span> 
     </span>
    </p>
   </div>
   <div class='ocr_carea' id='block_1_108' title="bbox 1856 4751 3446 4837">
    <p class='ocr_par' dir='ltr' id='par_1_108' title="bbox 1856 4751 3446 4837">
     <span class='ocr_line' id='line_1_108' title="bbox 1856 4751 3446 4837; baseline 0.006 -25"><span class='ocrx_word' id='word_1_832' title='bbox 1856 4751 2124 4825; x_wconf 84' lang='lat' dir='ltr'><strong>homines.</strong></span> <span class='ocrx_word' id='word_1_833' title='bbox 2174 4761 2400 4825; x_wconf 79' lang='lat' dir='ltr'><strong>Dextera</strong></span> <span class='ocrx_word' id='word_1_834' title='bbox 2431 4777 2527 4816; x_wconf 83' lang='lat' dir='ltr'><strong>sua</strong></span> <span class='ocrx_word' id='word_1_835' title='bbox 2557 4763 2821 4819; x_wconf 80' lang='lat' dir='ltr'><strong>deductus</strong></span> <span class='ocrx_word' id='word_1_836' title='bbox 2850 4777 2966 4828; x_wconf 88' lang='lat' dir='ltr'><strong>est.</strong></span> <span class='ocrx_word' id='word_1_837' title='bbox 3000 4767 3060 4820; x_wconf 70' lang='lat' dir='ltr'><strong>.id</strong></span> <span class='ocrx_word' id='word_1_838' title='bbox 3100 4778 3182 4822; x_wconf 90' lang='lat' dir='ltr'><strong>est</strong></span> <span class='ocrx_word' id='word_1_839' title='bbox 3215 4771 3446 4837; x_wconf 69' lang='lat' dir='ltr'><strong>poti-otia</strong></span> 
     </span>
    </p>
   </div>
   <div class='ocr_carea' id='block_1_109' title="bbox 1854 4849 3450 4932">
    <p class='ocr_par' dir='ltr' id='par_1_109' title="bbox 1854 4849 3450 4932">
     <span class='ocr_line' id='line_1_109' title="bbox 1854 4849 3450 4932; baseline 0.009 -28"><span class='ocrx_word' id='word_1_840' title='bbox 1854 4865 1970 4914; x_wconf 84' lang='lat' dir='ltr'><strong>sua.</strong></span> <span class='ocrx_word' id='word_1_841' title='bbox 2003 4849 2213 4917; x_wconf 84' lang='lat' dir='ltr'><strong>Etenim</strong></span> <span class='ocrx_word' id='word_1_842' title='bbox 2255 4855 2545 4922; x_wconf 81' lang='lat' dir='ltr'><strong>potentiam</strong></span> <span class='ocrx_word' id='word_1_843' title='bbox 2577 4872 2740 4922; x_wconf 82' lang='lat' dir='ltr'><strong>quam</strong></span> <span class='ocrx_word' id='word_1_844' title='bbox 2795 4858 2952 4920; x_wconf 82' lang='lat' dir='ltr'><strong>Pater</strong></span> <span class='ocrx_word' id='word_1_845' title='bbox 2995 4859 3175 4932; x_wconf 81' lang='lat' dir='ltr'><strong>habet,</strong></span> <span class='ocrx_word' id='word_1_846' title='bbox 3207 4850 3368 4915; x_wconf 83' lang='lat' dir='ltr'><strong>habet</strong></span> <span class='ocrx_word' id='word_1_847' title='bbox 3397 4875 3450 4918; x_wconf 90' lang='lat' dir='ltr'><strong>et</strong></span> 
     </span>
    </p>
   </div>
   <div class='ocr_carea' id='block_1_110' title="bbox 1857 4933 3452 5014">
    <p class='ocr_par' dir='ltr' id='par_1_110' title="bbox 1857 4933 3452 5014">
     <span class='ocr_line' id='line_1_110' title="bbox 1857 4933 3452 5014; baseline 0.008 -20"><span class='ocrx_word' id='word_1_848' title='bbox 1857 4942 1989 5014; x_wconf 82' lang='lat' dir='ltr'><strong>ipse,</strong></span> <span class='ocrx_word' id='word_1_849' title='bbox 2021 4954 2076 4999; x_wconf 91' lang='lat' dir='ltr'><strong>et</strong></span> <span class='ocrx_word' id='word_1_850' title='bbox 2100 4943 2555 5010; x_wconf 81' lang='lat' dir='ltr'><strong>immortalitatem</strong></span> <span class='ocrx_word' id='word_1_851' title='bbox 2591 4947 2765 5002; x_wconf 84' lang='lat' dir='ltr'><strong>Patris</strong></span> <span class='ocrx_word' id='word_1_852' title='bbox 2793 4945 2951 5004; x_wconf 68' lang='lat' dir='ltr'><strong>habet</strong></span> <span class='ocrx_word' id='word_1_853' title='bbox 2982 4961 3036 5004; x_wconf 91' lang='lat' dir='ltr'><strong>et</strong></span> <span class='ocrx_word' id='word_1_854' title='bbox 3079 4933 3227 5014; x_wconf 74' lang='lat' dir='ltr'><strong>ipse;</strong></span> <span class='ocrx_word' id='word_1_855' title='bbox 3259 4939 3452 5007; x_wconf 80' lang='lat' dir='ltr'><strong>divini-</strong></span> 
     </span>
    </p>
   </div>
   <div class='ocr_carea' id='block_1_111' title="bbox 1855 5036 3449 5108">
    <p class='ocr_par' dir='ltr' id='par_1_111' title="bbox 1855 5036 3449 5108">
     <span class='ocr_line' id='line_1_111' title="bbox 1855 5036 3449 5108; baseline 0.008 -19"><span class='ocrx_word' id='word_1_856' title='bbox 1855 5044 2017 5102; x_wconf 86' lang='lat' dir='ltr'><strong>tatem</strong></span> <span class='ocrx_word' id='word_1_857' title='bbox 2041 5036 2211 5090; x_wconf 83' lang='lat' dir='ltr'><strong>Patris</strong></span> <span class='ocrx_word' id='word_1_858' title='bbox 2235 5036 2413 5102; x_wconf 85' lang='lat' dir='ltr'><strong>habet,</strong></span> <span class='ocrx_word' id='word_1_859' title='bbox 2434 5042 2784 5095; x_wconf 66' lang='lat' dir='ltr'><strong>asternitatem</strong></span> <span class='ocrx_word' id='word_1_860' title='bbox 2807 5038 2975 5096; x_wconf 80' lang='lat' dir='ltr'><strong>Patris</strong></span> <span class='ocrx_word' id='word_1_861' title='bbox 2996 5043 3173 5108; x_wconf 86' lang='lat' dir='ltr'><strong>habet,</strong></span> <span class='ocrx_word' id='word_1_862' title='bbox 3199 5047 3449 5101; x_wconf 83' lang='lat' dir='ltr'><strong>virtutem</strong></span> 
     </span>
    </p>
   </div>
   <div class='ocr_carea' id='block_1_112' title="bbox 1854 5128 3445 5208">
    <p class='ocr_par' dir='ltr' id='par_1_112' title="bbox 1854 5128 3445 5208">
     <span class='ocr_line' id='line_1_112' title="bbox 1854 5128 3445 5208; baseline 0.006 -25"><span class='ocrx_word' id='word_1_863' title='bbox 1854 5128 2028 5183; x_wconf 85' lang='lat' dir='ltr'><strong>Patris</strong></span> <span class='ocrx_word' id='word_1_864' title='bbox 2056 5129 2234 5184; x_wconf 85' lang='lat' dir='ltr'><strong>habet.</strong></span> <span class='ocrx_word' id='word_1_865' title='bbox 2279 5130 2516 5184; x_wconf 84' lang='lat' dir='ltr'><strong>Deducet</strong></span> <span class='ocrx_word' id='word_1_866' title='bbox 2542 5149 2662 5184; x_wconf 87' lang='lat' dir='ltr'><strong>eum</strong></span> <span class='ocrx_word' id='word_1_867' title='bbox 2693 5133 3008 5201; x_wconf 81' lang='lat' dir='ltr'><strong>mirabiliter</strong></span> <span class='ocrx_word' id='word_1_868' title='bbox 3032 5137 3254 5192; x_wconf 59' lang='lat' dir='ltr'><strong>dextera</strong></span> <span class='ocrx_word' id='word_1_869' title='bbox 3275 5133 3445 5208; x_wconf 59' lang='lat' dir='ltr'><strong>ejus.</strong></span> 
     </span>
    </p>
   </div>
   <div class='ocr_carea' id='block_1_113' title="bbox 1856 5212 3447 5294">
    <p class='ocr_par' dir='ltr' id='par_1_113' title="bbox 1856 5212 3447 5294">
     <span class='ocr_line' id='line_1_113' title="bbox 1856 5212 3447 5294; baseline 0.006 -21"><span class='ocrx_word' id='word_1_870' title='bbox 1856 5220 2057 5274; x_wconf 80' lang='lat' dir='ltr'><strong>iaciens</strong></span> <span class='ocrx_word' id='word_1_871' title='bbox 2086 5219 2290 5282; x_wconf 75' lang='lat' dir='ltr'><strong>divina,</strong></span> <span class='ocrx_word' id='word_1_872' title='bbox 2345 5223 2552 5290; x_wconf 74' lang='lat' dir='ltr'><strong>patiens</strong></span> <span class='ocrx_word' id='word_1_873' title='bbox 2590 5212 2842 5291; x_wconf 84' lang='lat' dir='ltr'><strong>humana,</strong></span> <span class='ocrx_word' id='word_1_874' title='bbox 2891 5228 3122 5294; x_wconf 75' lang='lat' dir='ltr'><strong>ttialitias</strong></span> <span class='ocrx_word' id='word_1_875' title='bbox 3169 5228 3447 5286; x_wconf 82' lang='lat' dir='ltr'><strong>hominum</strong></span> 
     </span>
    </p>
   </div>
   <div class='ocr_carea' id='block_1_114' title="bbox 1853 5313 3418 5389">
    <p class='ocr_par' dir='ltr' id='par_1_114' title="bbox 1853 5313 3418 5389">
     <span class='ocr_line' id='line_1_114' title="bbox 1853 5313 3418 5389; baseline 0.005 -22"><span class='ocrx_word' id='word_1_876' title='bbox 1853 5321 2100 5374; x_wconf 81' lang='lat' dir='ltr'><strong>sternens</strong></span> <span class='ocrx_word' id='word_1_877' title='bbox 2143 5313 2382 5368; x_wconf 87' lang='lat' dir='ltr'><strong>bonitate</strong></span> <span class='ocrx_word' id='word_1_878' title='bbox 2415 5327 2532 5381; x_wconf 83' lang='lat' dir='ltr'><strong>sua.</strong></span> <span class='ocrx_word' id='word_1_879' title='bbox 2569 5315 2761 5389; x_wconf 78' lang='lat' dir='ltr'><strong>Adhuc</strong></span> <span class='ocrx_word' id='word_1_880' title='bbox 2791 5317 3152 5383; x_wconf 70' lang='lat' dir='ltr'><strong>dedturitur&#39;et</strong></span> <span class='ocrx_word' id='word_1_881' title='bbox 3192 5319 3280 5373; x_wconf 91' lang='lat' dir='ltr'><strong>ubi</strong></span> <span class='ocrx_word' id='word_1_882' title='bbox 3311 5337 3418 5375; x_wconf 86' lang='lat' dir='ltr'><strong>nun</strong></span> 
     </span>
    </p>
   </div>
   <div class='ocr_carea' id='block_1_115' title="bbox 1854 5405 3449 5477">
    <p class='ocr_par' dir='ltr' id='par_1_115' title="bbox 1854 5405 3449 5477">
     <span class='ocr_line' id='line_1_115' title="bbox 1854 5405 3449 5477; baseline 0.006 -17"><span class='ocrx_word' id='word_1_883' title='bbox 1854 5405 1979 5461; x_wconf 91' lang='lat' dir='ltr'><strong>dum</strong></span> <span class='ocrx_word' id='word_1_884' title='bbox 2004 5415 2108 5475; x_wconf 83' lang='lat' dir='ltr'><strong>est,</strong></span> <span class='ocrx_word' id='word_1_885' title='bbox 2137 5417 2190 5462; x_wconf 89' lang='lat' dir='ltr'><strong>et</strong></span> <span class='ocrx_word' id='word_1_886' title='bbox 2218 5407 2437 5462; x_wconf 75' lang='lat' dir='ltr'><strong>dextera</strong></span> <span class='ocrx_word' id='word_1_887' title='bbox 2465 5408 2580 5477; x_wconf 83' lang='lat' dir='ltr'><strong>ejus</strong></span> <span class='ocrx_word' id='word_1_888' title='bbox 2609 5407 2823 5463; x_wconf 72' lang='lat' dir='ltr'><strong>deducit</strong></span> <span class='ocrx_word' id='word_1_889' title='bbox 2853 5423 2994 5464; x_wconf 90' lang='lat' dir='ltr'><strong>eum.</strong></span> <span class='ocrx_word' id='word_1_890' title='bbox 3029 5413 3138 5466; x_wconf 91' lang='lat' dir='ltr'><strong>lloc</strong></span> <span class='ocrx_word' id='word_1_891' title='bbox 3156 5413 3300 5468; x_wconf 86' lang='lat' dir='ltr'><strong>enim</strong></span> <span class='ocrx_word' id='word_1_892' title='bbox 3326 5425 3449 5470; x_wconf 87' lang='lat' dir='ltr'><strong>eum</strong></span> 
     </span>
    </p>
   </div>
   <div class='ocr_carea' id='block_1_116' title="bbox 1922 5669 2667 5730">
    <p class='ocr_par' dir='ltr' id='par_1_116' title="bbox 1922 5669 2667 5730">
     <span class='ocr_line' id='line_1_116' title="bbox 1922 5669 2667 5730; baseline -0.001 -12"><span class='ocrx_word' id='word_1_893' title='bbox 1922 5673 1936 5702; x_wconf 81' lang='grc'>¹</span> <span class='ocrx_word' id='word_1_894' title='bbox 1973 5672 2045 5719; x_wconf 73' lang='lat' dir='ltr'><strong>sic</strong></span> <span class='ocrx_word' id='word_1_895' title='bbox 2069 5680 2171 5720; x_wconf 56' lang='lat' dir='ltr'><strong>vss.</strong></span> <span class='ocrx_word' id='word_1_896' title='bbox 2205 5679 2253 5721; x_wconf 80' lang='grc' dir='ltr'>Αι</span> <span class='ocrx_word' id='word_1_897' title='bbox 2282 5670 2415 5730; x_wconf 60' lang='lat' dir='ltr'><strong>wit,</strong></span> <span class='ocrx_word' id='word_1_898' title='bbox 2441 5669 2667 5720; x_wconf 64' lang='lat' dir='ltr'><strong>minutiis.</strong></span> 
     </span>
    </p>
   </div>
   <div class='ocr_carea' id='block_1_117' title="bbox 1917 5732 2745 5802">
    <p class='ocr_par' dir='ltr' id='par_1_117' title="bbox 1917 5732 2745 5802">
     <span class='ocr_line' id='line_1_117' title="bbox 1917 5732 2745 5802; baseline 0.001 -23"><span class='ocrx_word' id='word_1_899' title='bbox 1917 5732 1939 5802; x_wconf 68' lang='grc' dir='ltr'><strong>ξ</strong></span> <span class='ocrx_word' id='word_1_900' title='bbox 1972 5736 2177 5802; x_wconf 47' lang='grc' dir='ltr'><strong>ξιςριδεε</strong></span> <span class='ocrx_word' id='word_1_901' title='bbox 2207 5741 2256 5802; x_wconf 72' lang='lat' dir='ltr'><strong>At</strong></span> <span class='ocrx_word' id='word_1_902' title='bbox 2279 5733 2410 5793; x_wconf 59' lang='lat' dir='ltr'><strong>aid,</strong></span> <span class='ocrx_word' id='word_1_903' title='bbox 2429 5733 2745 5802; x_wconf 64' lang='lat' dir='ltr'><strong>exspecta-rip.</strong></span> 
     </span>
    </p>
   </div>
   <div class='ocr_carea' id='block_1_118' title="bbox 1921 5794 2875 5851">
    <p class='ocr_par' dir='ltr' id='par_1_118' title="bbox 1921 5794 2875 5851">
     <span class='ocr_line' id='line_1_118' title="bbox 1921 5794 2875 5851; baseline 0.002 -9"><span class='ocrx_word' id='word_1_904' title='bbox 1921 5794 1940 5826; x_wconf 82' lang='grc'>³</span> <span class='ocrx_word' id='word_1_905' title='bbox 1975 5795 2106 5850; x_wconf 65' lang='grc' dir='ltr'><strong>ωδ..</strong></span> <span class='ocrx_word' id='word_1_906' title='bbox 2132 5794 2389 5845; x_wconf 73' lang='lat' dir='ltr'><strong>victimam.</strong></span> <span class='ocrx_word' id='word_1_907' title='bbox 2419 5794 2546 5851; x_wconf 55' lang='grc' dir='ltr'><strong>διξάς,</strong></span> <span class='ocrx_word' id='word_1_908' title='bbox 2571 5794 2875 5845; x_wconf 68' lang='lat' dir='ltr'><strong>occisionem.</strong></span> 
     </span>
    </p>
   </div>
   <div class='ocr_carea' id='block_1_119' title="bbox 1924 5855 2902 5919">
    <p class='ocr_par' dir='ltr' id='par_1_119' title="bbox 1924 5855 2902 5919">
     <span class='ocr_line' id='line_1_119' title="bbox 1924 5855 2902 5919; baseline 0.002 -13"><span class='ocrx_word' id='word_1_909' title='bbox 1924 5861 1945 5889; x_wconf 72' lang='grc' dir='ltr'>δ</span> <span class='ocrx_word' id='word_1_910' title='bbox 1958 5865 2082 5908; x_wconf 74' lang='grc' dir='ltr'><strong>συυο</strong></span> <span class='ocrx_word' id='word_1_911' title='bbox 2104 5866 2227 5917; x_wconf 60' lang='lat'><strong>$135.,</strong></span> <span class='ocrx_word' id='word_1_912' title='bbox 2250 5855 2452 5919; x_wconf 71' lang='lat' dir='ltr'><strong>protulit</strong></span> <span class='ocrx_word' id='word_1_913' title='bbox 2469 5857 2902 5914; x_wconf 65' lang='lat' dir='ltr'><strong>mansuetudinem.</strong></span> 
     </span>
    </p>
   </div>
  </div>
