1989 3174
176 260 333 289 directionis
345 265 386 288 est
400 261 477 295 virga
485 263 560 297 regni
571 261 661 297 ipsius.
670 263 722 292 Sed
738 272 791 293 non
808 266 898 300 puniat
913 275 971 301 pec-

174 311 262 333 eatum
270 305 283 332 3
293 305 346 333 Sed
360 313 412 333 non
424 311 520 341 potest.
536 307 703 336 Puniendum
713 315 756 337 est
770 316 907 345 peccatum
924 320 932 338 :
946 312 969 339 si

175 351 340 386 puniendum
360 360 414 380 non
432 359 515 385 esset,
532 361 581 381 nec
593 358 730 389 peccatum
749 360 831 383 esset.
847 356 968 385 Prmveni

173 397 248 424 illum
264 406 271 424 :
287 405 340 425 non
362 400 404 426 vis
423 403 452 426 ut
478 399 534 433 ipse
550 405 657 435 puniat,
683 405 710 428 tu
730 402 804 436 puni.
821 402 882 430 Ideo
895 403 966 431 enim

171 443 259 471 adhuc
270 444 327 478 ipse
336 445 433 479 parcit,
446 444 545 478 differt,
561 450 633 473 tenet
643 453 761 479 manum,
773 452 864 477 areum
877 448 965 476 inten-

170 487 222 517 dit.
235 489 286 516 hoc
298 493 340 516 est
351 489 438 517 minas
451 490 472 515 ί.
486 490 621 518 Clamaret
636 495 738 519 tantum
754 491 894 520 feriturum
914 501 945 521 se
955 514 964 528 ,

168 534 192 560 si
206 533 287 560 vellet
304 533 406 562 ferire?
425 534 517 562 Diliert
530 542 596 571 ergo
607 543 715 563 manum
730 542 744 563 a
759 538 874 570 peccatis
888 538 940 568 tuis
955 547 962 565 :

170 583 198 605 ιιι
212 579 266 606 ιιοΙί
278 578 397 608 diderre.
406 580 539 608 Converte
554 585 580 609 te
593 581 627 609 ad
638 582 773 617 punienda
779 587 891 621 peccata
908 589 962 617 tua,

168 625 230 660 quia
252 626 379 661 impunita
392 634 452 654 esse
466 632 574 662 peccata
591 636 642 654 non
657 632 778 662 possunt.
795 629 961 657 Puniendum

168 678 232 705 ergo
244 670 304 703 erit,
317 675 364 698 aut
383 679 398 698 ει
418 676 460 704 te,
477 677 522 698 aut
539 672 572 699 ab
589 673 646 706 ipso
666 681 672 698 :
689 678 715 699 tu
734 681 860 707 agnosce.
877 680 904 700 ut
918 675 962 702 ille

170 714 295 750 ignoscat.
313 716 426 744 Attende
439 719 590 753 exemplum
613 719 638 744 in
654 719 699 744 illo
713 720 814 753 psalmo
831 721 960 752 pcnuilen-

170 761 211 788 lite
225 769 232 788 :
249 761 337 788 Αυινιε
350 762 440 796 facient
454 767 522 789 luant
533 772 552 788 ,ιι
564 764 670 797 peccatis
687 765 746 790 uicis
757 764 841 800 (Psnl.
857 773 882 796 L,
900 766 955 800 H).

171 806 297 842 Numquid
319 809 395 840 dixit.
410 809 430 836 Α
453 814 512 836 me"!
528 810 587 837 Alio
601 812 671 837 enim
688 811 747 838 loco
761 817 852 845 aperte
871 813 934 840 dicit
950 823 957 840 :

169 851 208 879 Ne
230 859 327 881 avertas
341 855 515 888 faciemtuam
528 864 544 881 a
557 864 596 882 me
612 856 696 889 (Ρεαὶ.
720 865 791 887 xxvt.
804 858 843 892 9).
859 858 929 894 Ergo
947 881 956 893 ,

167 898 254 923 dvorte
265 899 356 932 facient
369 900 438 925 tua‘m
450 907 466 925 ιι
481 900 589 933 peccatis
605 901 664 926 uicis
682 909 690 927 .·
706 904 766 928 noto
780 902 871 929 vitians
893 910 956 937 pec-

162 949 221 970 cata
238 952 304 970 mea.
321 945 386 977 Quia
402 945 492 972 videre
507 946 562 977 Del.
583 948 798 974 animadvertere
823 954 873 975 est.
896 948 957 976 Ideo

162 995 188 1015 at
205 990 287 1023 judex
313 992 382 1025 quod
400 992 485 1025 punit,
500 992 712 1020 animadvertere
731 995 836 1026 dicitur,
855 995 879 1021 id
894 1001 935 1022 est
947 1017 954 1029 ,

157 1036 277 1061 animum
293 1036 354 1063 ill-nc
367 1037 522 1069 advertere;
540 1039 677 1066 intendere
693 1041 782 1074 utique
795 1041 829 1067 ad
844 1042 955 1076 punien-

156 1080 232 1113 dum,
247 1081 307 1115 quia
320 1081 404 1115 jndex
419 1086 471 1109 cst.
487 1083 531 1110 Sic
549 1090 591 1111 est
610 1089 637 1110 et
656 1085 735 1118 judex
760 1086 839 1113 Dens.
861 1087 950 1114 Αυει-ιε

155 1124 248 1159 [aciem
267 1129 336 1152 luam
356 1135 371 1152 a
393 1128 501 1161 peccatis
519 1129 589 1155 meis.
609 1129 646 1156 Tn
663 1133 695 1156 ub
710 1130 774 1164 ipsis
790 1132 883 1158 facient
899 1133 952 1160 noli

155 1176 290 1201 avertere.
304 1172 326 1198 si
341 1172 381 1199 vis
394 1177 422 1199 ut
435 1173 505 1200 Deus
519 1174 552 1200 ab
567 1175 630 1208 ipsis
645 1181 746 1202 avertat
756 1177 850 1203 l'acicm
863 1185 948 1204 sua-tn.

156 1215 223 1244 Vnde
243 1220 377 1252 quomodo
390 1221 440 1246 hoc
455 1219 533 1247 olle-rt
546 1220 600 1247 Deo
614 1221 638 1247 in
660 1222 717 1255 ipso
731 1223 833 1256 psalmo
850 1233 856 1250 :
875 1222 951 1251 Faci-

155 1271 203 1289 ηιμ
214 1273 238 1290 ιιι
253 1273 294 1290 um
307 1273 361 1299 rgo,
375 1266 469 1300 inquit,
484 1274 602 1300 agnosco,
620 1273 643 1293 et
660 1274 786 1299 peccatum
800 1278 882 1296 meum
892 1276 950 1297 ante

152 1318 194 1336 me
214 1315 249 1337 est
269 1319 366 1343 untper
388 1311 471 1345 (ι’-και.
490 1320 515 1343 ι,
531 1312 570 1347 5).
598 1313 653 1339 Hoc
678 1322 729 1339 non
746 1315 800 1341 vult
814 1323 874 1342 esse
889 1313 949 1343 ante

154 1356 249 1387 Iit-um,
267 1357 336 1390 quod
353 1359 406 1382 vult
421 1365 481 1384 esse
495 1363 557 1384 ante
567 1365 605 1384 se.
625 1358 700 1393 i’irgu
711 1359 866 1392 directiouis,
879 1363 947 1396 virga

150 1402 223 1436 regni
235 1403 281 1428 tui.
295 1402 379 1429 Nemo
393 1403 441 1429 sibi
453 1404 564 1429 multum
576 1403 608 1430 de
620 1404 800 1431 misericordia
814 1406 858 1432 Dei
872 1407 946 1432 blan-

150 1449 254 1480 diatur;
269 1448 341 1482 virga
357 1449 512 1476 directiouis
526 1457 576 1475 est.
591 1449 722 1483 Numquid
737 1451 849 1478 dicimus
863 1473 869 1480 ,
894 1461 945 1479 non

150 1499 213 1520 esse
237 1494 435 1520 misericordem
455 1494 559 1520 Dentri?
579 1495 646 1528 Quid
669 1496 866 1523 miscricordius
889 1506 921 1525 eo
935 1519 943 1530 ,

148 1539 194 1572 qui
218 1539 302 1573 parcit
321 1544 424 1566 tantum
450 1540 643 1573 peccatoribus,
660 1548 692 1567 eo
712 1542 756 1574 qui
779 1543 804 1568 in
819 1543 943 1570 munibus

147 1584 287 1611 conversis
301 1584 334 1611 ad
347 1588 377 1611 Se
391 1591 443 1610 non
459 1591 533 1611 curat
555 1586 707 1618 |il‘.£ltfrttﬂ?
721 1586 765 1613 Sic
780 1595 839 1614 eum
863 1589 943 1623 dilige

148 1629 361 1662 misericordem,
378 1634 406 1656 ut
420 1630 484 1656 velis
498 1638 558 1656 esse
572 1638 692 1657 von-avem
716 1640 723 1657 :
741 1640 792 1658 non
806 1634 875 1660 enim
890 1635 941 1660 mi-

146 1674 293 1702 sericordia
308 1679 394 1708 potest
409 1674 444 1701 illi
459 1675 565 1702 auferre
576 1675 716 1710 justitiam,
741 1685 826 1712 neque
839 1679 940 1712 justitia

146 1721 368 1748 miscricordiam.
389 1721 497 1748 Interim
516 1723 641 1756 quamdiu
668 1723 711 1750 ille
732 1724 828 1757 diﬂ‘crl,
845 1731 872 1752 tu
887 1727 939 1753 noli

145 1766 254 1793 dilferre
268 1775 274 1793 :
288 1767 413 1801 quoniam
423 1767 494 1802 virga
504 1767 667 1800 directionis,
678 1769 749 1801 virga
763 1772 834 1805 regni
846 1772 937 1806 ipsius.

181 1811 226 1838 19.
243 1810 359 1838 υὶιειίειί
376 1812 519 1846 justitiam,
546 1818 568 1838 et
589 1813 664 1839 odisti
684 1814 838 1848 iniquitatem
854 1824 863 1843 :
878 1826 938 1850 pro-

145 1862 230 1891 pterea
246 1858 319 1884 unxit
335 1863 372 1890 te,
390 1857 473 1891 Deus,
491 1857 558 1884 Deus
573 1863 640 1885 tuus.
659 1859 800 1894 Propterea
816 1863 890 1888 unxit
902 1868 936 1894 te,

144 1907 174 1928 ιιι
189 1902 313 1936 diligeres
324 1902 454 1936 justitiam
465 1923 472 1933 ,
488 1909 515 1929 et
530 1903 618 1930 odires
634 1904 809 1937 iniquitatem.
829 1908 859 1933 lat
879 1909 937 1935 vide

143 1948 279 1983 quomodo
291 1950 327 1975 ait
339 1957 346 1974 :
360 1948 499 1982 Propterea
513 1951 584 1976 unxit
600 1955 633 1982 te,
652 1950 728 1983 Deus,
752 1952 818 1978 Deus
833 1959 899 1980 tutis.
914 1956 936 1982 0

143 1993 268 2026 tuDeus,
286 1995 360 2020 unxit
381 1999 406 2020 te
428 1994 495 2020 Deus
519 2000 587 2021 tuus.
614 1995 682 2022 Deus
708 2000 813 2032 ungitur
834 2007 847 2025 τι
870 2000 933 2026 Deo.

143 2038 247 2065 liti-nim
263 2039 289 2065 in
305 2039 387 2065 latino
405 2044 511 2073 putatur
535 2040 602 2067 idem
616 2048 693 2068 Casus
708 2044 822 2070 nmninis
836 2047 934 2080 repeti-

141 2089 185 2111 tus
200 2094 206 2111 :
219 2085 245 2111 in
259 2089 443 2119 grzeeoautem
457 2085 653 2113 evidentissima
666 2088 799 2116 distinctio
811 2095 860 2122 est,
873 2093 932 2126 quia

140 2138 222 2158 unum
236 2137 332 2158 nomen
348 2135 390 2157 est
404 2130 473 2164 quod
488 2132 673 2165 compellatur.
690 2139 715 2160 et
729 2135 839 2162 alterum
854 2137 887 2163 ab
901 2146 933 2164 eo

139 2176 184 2210 qui
206 2176 365 2210 compellat,
389 2175 468 2203 Unxit
487 2181 520 2208 te,
544 2177 620 2203 Deus.
636 2177 657 2204 0
672 2183 698 2204 tu
715 2179 783 2205 Deus
794 2202 800 2212 ,
825 2183 895 2208 unxit
910 2188 933 2209 te

140 2224 211 2250 Deus
226 2230 284 2250 tuus
299 2231 308 2250 .'
323 2224 456 2258 quomodo
471 2224 492 2250 si
508 2225 620 2256 diceret,
638 2226 779 2259 Propterea
797 2230 870 2254 unxit
886 2234 909 2255 te
922 2251 929 2259 ,

135 2278 153 2296 ο
166 2275 192 2295 ιιι
207 2269 288 2302 Deus,
299 2269 367 2295 Deus
381 2269 502 2296 tuns.Sie
514 2270 633 2304 areipitc.
647 2271 684 2297 sic
698 2272 843 2306 mtelligite,
856 2274 927 2300 sicin

134 2322 223 2348 μαι-εί)
235 2315 465 2340 evidentissimum
480 2321 529 2340 est.
545 2315 614 2348 Ergo
628 2323 686 2349 quis
700 2323 739 2342 est
756 2317 824 2344 Deus
834 2326 928 2345 unctus

132 2369 147 2385 ιι
164 2360 236 2386 Deo?
252 2359 345 2386 Dicant
360 2361 435 2385 nobis
445 2359 538 2386 Juduti.
550 2360 692 2395 Scriplurre
704 2363 760 2388 islzc
772 2371 927 2391 communes

131 2411 204 2434 ιιιιιι.
220 2405 321 2434 Unctas
331 2410 372 2432 est
384 2406 451 2432 Dens
465 2414 478 2431 a
495 2407 549 2433 lico
563 2415 568 2432 :
583 2413 688 2433 unctum
698 2409 783 2439 audis,
794 2409 924 2436 Christum

132 2453 260 2487 intelligo.
278 2452 381 2478 Etenim
397 2451 518 2478 Christus
533 2461 546 2477 a
560 2452 705 2479 chrismate
728 2463 733 2479 :
759 2454 808 2481 hoc
828 2463 923 2482 omne“

129 2498 202 2533 quud
216 2498 365 2532 appellatur
378 2497 510 2528 Christus,
522 2498 712 2525 unctionistkt.
728 2499 780 2525 Nec
796 2501 819 2525 in
834 2502 923 2535 aliquo

128 2544 192 2571 alibi
215 2544 381 2578 ungebantnr
398 2551 477 2573 reges
505 2549 530 2570 et
557 2545 729 2576 sacerdotes,
756 2547 804 2572 nisi
828 2547 852 2572 in
879 2548 923 2574 illo

128 2597 212 2624 regno
227 2588 271 2615 ubi
285 2588 406 2615 Christus
430 2589 635 2624 prophelabatnr
656 2596 683 2616 et
709 2591 873 2625 angebatur,
896 2598 922 2619 ‹·ι

128 2635 199 2661 male
215 2638 361 2661 Venturum
377 2639 433 2660 erat
452 2632 550 2660 Christi
576 2642 670 2661 nomen
698 2644 703 2661 :
729 2644 855 2671 nusquam
881 2643 921 2664 ('31

127 2680 190 2708 alibi
205 2680 326 2712 omnino,
342 2680 367 2706 in
383 2680 453 2707 nulla
470 2686 557 2714 gente,
573 2681 598 2706 in
622 2681 693 2707 nullo
714 2690 803 2715 regno.
822 2683 920 2710 Urit-tus

127 2732 169 2752 est
181 2732 247 2760 ergo
264 2726 332 2753 Deus
341 2734 355 2751 a
367 2726 420 2752 Deo
433 2734 439 2751 :
454 2730 506 2760 (ιιιο
520 2726 590 2757 oleo,
606 2726 653 2752 nisi
664 2727 792 2761 spirituali
804 2728 815 2753 ?
826 2728 918 2755 Oleum

126 2772 199 2798 enim
214 2770 318 2798 visibile
333 2770 359 2797 in
374 2770 450 2805 signo
465 2776 515 2802 est,
529 2771 617 2796 oleum
637 2771 766 2797 invisibile
783 2772 807 2798 in
828 2781 917 2799 sacra—

125 2824 219 2847 mento
233 2823 285 2850 est,
299 2818 388 2847 oleum
407 2817 543 2853 spirituale
564 2817 634 2844 intus
658 2822 698 2844 cst
724 2819 742 2843 ‘.
765 2818 864 2845 Unctus
878 2825 918 2847 est

159 2908 168 2925 '
187 2904 382 2942 fragilia/we
391 2909 425 2931 ω
437 2906 552 2942 malm:
563 2905 747 2942 ιννιςίξνκιρπειι
761 2910 809 2932 εω-

158 2939 169 2954 ,
187 2936 238 2963 Duo
250 2935 456 2968 ιιεδείὺιϊὶςιιιυη
474 2942 509 2963 εει
523 2937 571 2964 olei
580 2936 703 2964 min
714 2943 723 2962 :
733 2936 760 2963 in
770 2943 919 2965 iuuit-teuto

875 3055 898 3068 υ

713 205 911 238 ENAIIRATIO
931 209 963 239 IN
982 210 1146 243 ρειιιιιιιι
1165 216 1256 246 XLIV.

1766 232 1819 260 506

1024 269 1101 298 nobis
1116 271 1203 306 Deus,
1222 279 1249 301 et
1274 275 1371 304 missus
1387 282 1429 306 est
1450 281 1527 309 nobis
1544 287 1590 310 :ct
1612 283 1668 319 ipse
1689 285 1774 319 Deus,
1789 294 1818 316 ut

1022 323 1166 352 angeretur
1179 339 1187 351 ,
1214 319 1295 348 homo
1307 329 1365 350 erat
1382 333 1388 351 :
1402 325 1449 352 sed
1470 327 1505 354 ita
1520 328 1601 356 homo
1618 335 1685 365 erat,
1703 338 1731 360 ut
1745 334 1815 363 Deus

1021 369 1108 397 esset;
1122 364 1156 392 ita
1170 365 1240 394 Deus
1253 373 1321 402 erat,
1336 374 1364 397 ut
1377 370 1457 399 homo
1465 380 1525 401 esse
1540 383 1591 403 non
1606 376 1813 413 dedignaretur:

1020 416 1100 436 verus
1115 410 1204 444 homo.
1222 421 1300 441 verus
1315 415 1399 449 Deus;
1425 417 1451 445 in
1476 420 1549 448 nullo
1572 421 1667 455 fallax.
1691 425 1718 453 in
1741 425 1815 454 nullo

1019 453 1116 487 falsus:
1131 458 1192 491 quia
1208 458 1304 494 ubique
1317 469 1397 490 verax
1407 484 1414 495 ,
1428 464 1524 500 ubique
1544 468 1651 497 veritas.
1667 470 1737 498 Deus
1749 480 1814 506 ergo

1019 500 1110 535 homo,
1125 509 1152 531 et
1165 504 1226 532 ideo
1238 512 1334 535 unctus
1347 508 1432 543 Deus,
1448 512 1510 547 quia
1525 512 1607 541 homo
1622 515 1710 549 Deus.
1724 522 1751 545 et
1776 517 1814 545 ia-

1016 551 1075 575 ctus
1088 553 1129 576 est
1143 546 1276 579 Christus.

1051 603 1096 631 20.
1111 604 1168 632 Iloe
1181 607 1345 642 ligurabatur
1357 610 1383 638 in
1399 619 1431 638 co
1445 613 1516 647 quod
1530 614 1613 643 .Iacob
1629 616 1743 652 lapidem
1758 619 1810 647 sibi

1014 648 1048 679 ad
1062 655 1142 684 caput
1167 659 1308 686 posuerat,
1334 660 1361 682 et
1384 656 1530 686 dormierat
1544 660 1620 696 (Gen.
1636 648 1729 696 xxVIII,
1750 665 1808 700 Il).

1012 692 1096 722 Iacob
1117 698 1268 730 patriarcha
1294 699 1408 735 lapidem
1433 704 1483 731 sibi
1506 692 1644 742 ad'eapnt
1666 692 1807 743 msuerat’;

1012 739 1149 770 dormiens
1170 748 1259 772 autem
1282 746 1328 773 illo
1347 748 1435 783 lapide
1459 750 1492 777 ad
1516 739 1606 787 caput'
1619 739 1716 788 posito,
1741 739 1805 785 vidii

1011 788 1111 821 apertis
1132 793 1208 817 «nhs
1232 792 1331 820 scalam
1346 801 1360 820 a
1375 794 1445 823 cmlo
1466 795 1492 824 in
1513 802 1626 831 terram,
1641 805 1669 827 et
1688 800 1806 837 Angelos

1011 833 1188 863 ascendentes
1205 841 1234 864 et
1253 837 1471 870 descendentes:
1491 842 1542 872 hoc
1567 845 1625 872 viso
1648 847 1803 883 evigilavit,

1010 879 1086 906 unxit
1101 880 1240 918 lapidem.
1254 889 1281 911 et
1295 884 1429 914 discessit.
1454 887 1482 915 In
1507 889 1553 916 illo
1569 889 1657 926 lapide
1672 879 1805 922 intellexit

1008 922 1164 958 Christum,
1189 927 1250 956 ideo
1272 931 1355 958 unxit.
1384 932 1478 961 Videte
1499 942 1532 962 ex
1557 922 1611 971 quo
1644 939 1804 973 praedicatur

1008 968 1139 998 Christus.
1152 972 1220 1006 Quid
1234 975 1283 1001 silui
1298 973 1352 1003 vult
1366 977 1411 1004 illa
1426 977 1517 1007 unctio
1531 968 1802 1018 lapidis-praesertim

1007 1016 1077 1048 apud
1091 1016 1267 1051 I’atriarchas,
1277 1021 1320 1055 qui
1332 1030 1415 1052 unum
1433 1024 1513 1052 Deum
1527 1016 1672 1055 colebant?
1688 1029 1801 1060 Factum

1006 1067 1051 1088 est
1061 1068 1150 1091 autem
1166 1065 1192 1092 in
1206 1065 1299 1100 ﬁgura,
1308 1072 1341 1095 .et
1354 1068 1501 1098 discessum
1513 1077 1566 1099 est.
1576 1071 1633 1101 Non
1645 1075 1714 1102 enim
1727 1078 1801 1105 unxit

996 1103 1132 1144 “lapidem,
1148 1116 1175 1152 et
1189 1112 1261 1139 venit
1282 1114 1345 1142 illuc
1363 1123 1471 1151 semper
1489 1118 1612 1153 adorare,
1629 1126 1656 1148 et
1669 1123 1798 1151 sacrificia

999 1153 1041 1181 Ibi
1055 1150 1330 1198 facercfExprcSSIIm
1341 1166 1383 1188 cst
1395 1165 1561 1197 mysterium,
1577 1174 1628 1193 non
1646 1168 1797 1198 inchoatum

1002 1197 1181 1236 sacrilegium.
1195 1196 1351 1233 ΔΕιίιίιιιειιε
1367 1196 1480 1243 lapidem
1496 1217 1503 1236 :
1518 1209 1640 1246 Lapidem
1660 1221 1733 1248 quem
1754 1196 1797 1242 re-

1003 1246 1170 1280 probaverunt
1183 1250 1348 1286 (edi/imum,
1363 1254 1404 1280 hic
1416 1254 1499 1288 [nctus
1512 1262 1549 1283 est
1563 1255 1592 1285 in
1611 1246 1686 1294 caput
1709 1262 1797 1297 anguli

1002 1291 1087 1325 (Paul.
1103 1301 1185 1328 cxvn,
1200 1292 1260 1332 22).
1275 1296 1311 1333 Et
1320 1299 1381 1333 quia
1397 1306 1476 1334 raput
1492 1302 1540 1328 viri
1551 1291 1675 1332 Christus
1689 1307 1697 1339 (
1711 1305 1721 1333 Ι
1734 1291 1798 1346 Car.

1002 1345 1037 1368 xi,
1050 1336 1089 1374 5),
1108 1345 1249 1374 propterea
1270 1342 1337 1377 lapis
1356 1344 1389 1371 ad
1409 1351 1498 1380 caput.
1514 1348 1650 1376 Attendite
1669 1336 1793 1386 maguum:

1000 1392 1195 1413 sacrarnentum
1220 1396 1227 1415 :
1249 1388 1316 1423 lapis
1339 1390 1473 1419 Christus.
1498 1393 1621 1428 Lapidem
1645 1396 1734 1429 vivum,
1756 1399 1793 1426 ait

1000 1429 1104 1463 Petrus,
1122 1432 1153 1458 alt
1168 1433 1311 1463 hominibus
1335 1435 1496 1471 reprobatqu
1507 1459 1515 1470 .
1529 1448 1546 1465 a
1560 1440 1614 1466 Deo
1636 1447 1720 1469 niuem
1741 1444 1792 1471 ele-

998 1480 1065 1502 ctum
1075 1476 1095 1512 (I
1109 1476 1179 1505 Petr.
1193 1486 1221 1511 ιι,
1236 1475 1276 1515 Α).
1288 1480 1322 1507 Ει
1335 1482 1401 1516 lapis
1418 1482 1451 1511 ad
1465 1490 1562 1519 caput,
1576 1487 1637 1521 quia
1649 1494 1728 1523 caput
1742 1490 1790 1518 viri

997 1521 1117 1551 Christus
1129 1522 1154 1559 (ι
1161 1523 1220 1551 Cor.
1232 1525 1269 1557 xi,
1280 1525 1320 1561 5).
1334 1523 1364 1554 Ei
1376 1535 1469 1555 unctus
1479 1529 1545 1565 lapis
1553 1532 1613 1567 quia
1621 1541 1635 1559 a
1647 1521 1790 1564 chrismate

995 1567 1083 1595 dicitis
1094 1575 1135 1596 est
1143 1567 1274 1598 Christus.
1287 1573 1320 1600 Et
1331 1573 1454 1602 videntur
1464 1576 1553 1610 scala),
1566 1580 1699 1607 revelante
1709 1582 1787 1609 Citri-

995 1619 1047 1645 sto,
1059 1622 1074 1641 a
1087 1620 1156 1642 terra
1172 1617 1198 1643 in
1211 1611 1318 1650 etclam.
1332 1620 1371 1647 vel
1384 1628 1399 1647 a
1414 1622 1484 1649 cado
1497 1622 1522 1650 in
1535 1628 1643 1656 terram.
1655 1632 1680 1653 et
1692 1635 1786 1656 ascen-

994 1659 1087 1687 dentes
1100 1665 1132 1687 ~et
1155 1660 1349 1691 descendentes
1367 1665 1459 1701 Augeli
1483 1666 1559 1704 (Ceu.
1579 1677 1677 1703 xxvm,
1697 1672 1747 1705 I2,
1762 1678 1786 1701 el

992 1704 1071 1732 Jaan.
1085 1714 1105 1737 ι,
1120 1707 1177 1743 5i).
1192 1708 1259 1740 Quid
1281 1710 1331 1737 hoc
1350 1711 1402 1744 sit,
1423 1713 1518 1740 melius
1540 1714 1689 1744 videbimus
1699 1739 1707 1750 ,
1722 1704 1783 1746 cum

991 1752 1172 1784 testimonium
1185 1756 1366 1790 evangelicum
1377 1757 1411 1785 ab
1423 1758 1481 1793 ipso
1496 1758 1609 1788 Domino
1619 1769 1784 1791 commento-

991 1799 1148 1826 raverimus.
1162 1799 1250 1827 Nastis
1260 1802 1321 1838 quia
1333 1802 1416 1831 .Iaeob
1427 1804 1484 1839 ipse
1498 1811 1539 1833 est
1553 1806 1644 1836 Israel.
1658 1809 1696 1837 Illi
1709 1811 1781 1839 enim

989 1849 1050 1870 cum
1066 1845 1167 1878 Angela
1182 1845 1292 1873 luctanti
1309 1851 1336 1874 et
1352 1850 1524 1884 prtevalenti,
1544 1857 1571 1879 et
1594 1852 1734 1883 hem-dicto
1748 1854 1782 1884 κει)

989 1895 1022 1915 eo
1033 1889 1076 1915 cui
1096 1891 1243 1924 prznvaluit,
1258 1899 1356 1920 nonten
1380 1899 1510 1923 mutatum
1522 1902 1574 1929 est,
1585 1903 1615 1925 ut
1630 1900 1780 1933 appellare-

989 1931 1031 1961 tur
1047 1935 1124 1963 Israel
1138 1932 1213 1972 (Gen.
1230 1945 1315 1971 xxxn,
1328 1938 1394 1975 28):
1410 1940 1478 1968 sicut
1489 1943 1604 1977 populus
1615 1931 1694 1972 Israel
1706 1942 1776 1980 pra:-

988 1980 1069 2008 valuit
1081 1981 1198 2011 Christo.
1218 1988 1246 2009 ut
1263 1984 1432 2020 cruciﬁgeret
1445 1994 1506 2014 eum
1517 1995 1525 2018 ς
1538 1992 1565 2015 et
1581 1993 1670 2017 tamen
1691 1990 1717 2018 in
1738 1992 1779 2020 his

987 2025 1031 2059 qui
1046 2025 1154 2055 Christo
1163 2027 1346 2060 crediderunt.
1361 2030 1394 2058 ab
1414 2030 1472 2066 ipso
1484 2032 1525 2060 cui
1536 2035 1684 2069 praevaluit,
1696 2037 1777 2066 bene-

985 2071 1073 2099 dictus
1085 2076 1136 2099 est.
1153 2072 1205 2100 Sed
1217 2075 1292 2101 multi
1307 2083 1359 2103 non
1373 2077 1559 2113 crediderunt,
1575 2080 1637 2109 inde
1646 2082 1778 2111 claudica—

986 2118 1023 2145 tio
1036 2117 1129 2146 Jacob.
1151 2119 1305 2149 Benedictio
1328 2127 1355 2149 et
1381 2123 1550 2154 claudicatio.
1571 2126 1724 2157 Benedictio
1748 2130 1775 2158 in

985 2163 1026 2191 his
1049 2164 1093 2199 qui
1110 2165 1281 2194 crediderunt
1302 2175 1310 2194 :
1335 2176 1396 2195 nam
1421 2176 1512 2204 postea
1531 2173 1652 2201 novimus
1678 2182 1711 2202 ex
1729 2167 1775 2205 illo

984 2210 1081 2244 populo
1104 2208 1202 2238 multos
1217 2211 1374 2241 credidisse.
1395 2213 1559 2244 Claudicatio
1578 2223 1666 2246 autem
1684 2220 1710 2247 in
1732 2220 1774 2249 his

983 2256 1026 2290 qui
1039 2263 1093 2283 non
1107 2256 1286 2285 crediderunt.
1300 2258 1334 2286 Et
1346 2260 1408 2294 quia
1420 2261 1510 2296 plures
1522 2270 1573 2290 non
1587 2257 1771 2301 crediderunt,

982 2306 1008 2326 et
1022 2300 1098 2335 pauci
1118 2302 1308 2343 Crediderunt,
1325 2304 1386 2331 ideo
1404 2310 1432 2332 nt
1449 2305 1524 2334 ﬁeret
1541 2305 1714 2344 claudicatio,
1730 2300 1772 2339 te;

982 2346 1038 2381 tigit
1050 2341 1214 2380 latitudinem
1225 2348 1335 2378 femoris
1348 2351 1406 2386 ejus
1427 2353 1496 2386 Quid
1507 2359 1547 2381 est
1565 2354 1676 2385 latitudo
1688 2341 1770 2386 lenio-

981 2393 1016 2419 ris
1029 2393 1108 2427 ejus?
1124 2394 1261 2423 Multitudo
1276 2397 1391 2431 generis.
1405 2397 1500 2426 Videte
1512 2406 1576 2435 ergo
1586 2402 1673 2430 scalas
1685 2404 1743 2432 illas
1759 2413 1767 2420 ·

981 2439 1106 2467 Dominus
1121 2441 1227 2475 quando
1237 2442 1301 2469 vidit
1315 2443 1505 2472 Natltanaelem
1517 2446 1542 2473 in
1555 2447 1699 2483 Evangelio
1709 2452 1747 2476 ait
1760 2459 1767 2478 :

979 2483 1043 2510 Ecce
1057 2492 1113 2512 vere
1126 2484 1254 2518 Israelita,
1268 2488 1294 2514 in
1307 2497 1356 2523 qtto
1366 2489 1439 2517 dolus
1452 2499 1503 2518 non
1516 2496 1553 2518 est
1568 2492 1657 2526 (Jaau.
1673 2502 1692 2528 ι,
1707 2495 1765 2530 ιῖ).

975 2529 1019 2557 Sic
1031 2530 1101 2557 enim
1112 2530 1207 2558 dicitur
1214 2531 1248 2560 de
1260 2533 1317 2567 ipso
1325 2531 1421 2568 Iacob,
1437 2536 1468 2562 Iit
1482 2543 1535 2564 erat
1546 2537 1626 2565 Iacob
1638 2540 1692 2567 sine
1705 2542 1765 2570 dolo

975 2575 1091 2603 habitans
1111 2576 1137 2603 iu
1161 2577 1237 2604 domo
1260 2577 1336 2612 (Gen.
1352 2588 1414 2614 xxv,
1427 2581 1472 2617 Ξῖ)
1487 2591 1494 2609 :
1508 2582 1559 2611 hoc
1573 2584 1694 2612 recolens
1710 2586 1762 2613 Do-

974 2621 1062 2647 minus
1074 2621 1166 2649 videns
1184 2621 1374 2651 Nathanaelcm
1394 2626 1450 2653 sine
1470 2627 1532 2654 dolo
1544 2628 1577 2655 de
1589 2635 1667 2664 gente
1680 2631 1723 2658 illa
1738 2637 1764 2659 ct

973 2666 1007 2693 de
1021 2666 1118 2701 popqu
1130 2666 1186 2699 illo,
1201 2667 1268 2695 Ecce
1277 2676 1341 2701 vero,
1366 2670 1459 2705 inquit,
1471 2671 1599 2706 Israelita,
1614 2675 1639 2701 in
1654 2684 1703 2709 quo
1716 2676 1764 2703 do-

972 2713 1012 2739 lus
1031 2721 1081 2740 non
1097 2718 1145 2740 est.
1169 2715 1318 2749 Appellavit
1335 2715 1479 2744 Israelitam
1489 2739 1497 2750 ,
1511 2718 1537 2746 in
1551 2728 1604 2755 quo
1618 2720 1695 2750 dolus
1708 2731 1761 2751 non

972 2764 1053 2793 esset,
1074 2764 1183 2794 propter
1203 2760 1295 2788 Jacob.
1321 2762 1354 2789 Et
1378 2762 1422 2790 ille
1446 2763 1602 2800 Nathanael,
1628 2766 1703 2797 Unde
1720 2778 1760 2797 mc

969 2868 1093 2906 ενιᾷιηβδιβ
1104 2868 1183 2906 Ole!!!”
1193 2869 1326 2906 animauit.
1338 2870 1456 2906 ἰηριιιβι.
1466 2872 1528 2906 Edd,
1535 2880 1667 2906 verumst,
1676 2877 1759 2903 oleum

967 2899 1105 2935 apii-uitale
1113 2900 1178 2935 intra
1196 2904 1241 2930 cat,
1256 2902 1355 2935 addunt
1370 2900 1453 2935 Isthmo
1472 2900 1557 2935 verba,
1574 2899 1760 2934 οιὶιιὶὶιίιὶὲῐὲιιὲ

958 2930 1075 2956 exterius
1083 2930 1127 2961 ul,
1135 2937 1191 2962 quae
1201 2937 1215 2956 a
1227 2933 1314 2957 nostris
1323 2930 1434 2959 ouiaitms
1444 2937 1497 2960 Mss.
1509 2930 1603 2962 absim.
