3978 6384
222 537 324 595 509

221 654 395 715 libus,
439 652 659 722 amplis,
697 650 968 723 pulchris,
1014 648 1249 715 lenibus,
1294 645 1467 716 qualia
1502 654 1623 697 sunt
1653 640 1812 694 corda

221 745 544 800 sanctorum
572 761 586 798 :
633 731 877 814 subjecit,
911 741 990 795 Ea:
1016 741 1195 804 quibus
1223 749 1270 792 te
1297 735 1666 791 delectaverunt
1695 733 1818 798 ﬁlia:

221 855 394 906 regum
413 877 437 899 ,.
458 838 510 890 in
537 836 723 889 honore
745 846 851 887 tuo.
888 830 1038 885 Filia:
1061 835 1275 900 quidem
1301 843 1503 898 regunt,
1530 825 1648 876 lilia:
1671 825 1817 892 Apo-

223 926 480 980 stolorum
512 938 720 980 tuorum
754 942 766 976 :
791 923 924 986 sed,
947 923 999 975 in
1026 922 1214 973 honore
1241 930 1325 971 tuo
1345 958 1360 982 ,
1387 915 1510 987 quia
1538 928 1718 966 semen
1743 909 1818 964 illi

224 1018 620 1072 suscitaverunt
660 1014 811 1068 fratri
837 1029 955 1067 suo.
991 1013 1112 1066 Ideo
1142 1012 1286 1080 ipsos
1310 1021 1443 1078 quos
1472 1001 1822 1060 suscitaverat

222 1097 376 1164 ιε’-τιιή
412 1108 530 1164 suo
575 1107 766 1163 Paulus
789 1147 805 1172 ,
859 1121 978 1160 cum
1018 1103 1225 1159 videret
1263 1114 1480 1156 currere
1515 1097 1580 1148 ad
1626 1110 1820 1148 nomen

225 1197 409 1266 suum,
434 1194 754 1254 exclamavit
783 1215 797 1252 :
829 1194 1095 1269 Numquid
1129 1191 1326 1248 Paulus
1350 1190 1621 1258 cruciﬁxus
1641 1197 1712 1242 est
1730 1203 1821 1256 pro

224 1286 409 1347 vobis!
453 1277 588 1358 Quid
631 1292 774 1344 enim
817 1291 892 1344 ait
933 1284 1082 1345 Lex?
1122 1288 1186 1342 Et
1225 1287 1417 1340 habeat
1442 1291 1597 1337 natus
1627 1295 1821 1334 nomen

224 1373 468 1439 dein-neti
495 1380 595 1455 (α).
627 1371 883 1438 Defuncto
915 1392 1161 1435 nascatur
1185 1421 1197 1438 .
1227 1375 1458 1432 defuncti
1488 1374 1700 1428 nomine
1723 1367 1817 1440 ap-

227 1475 471 1544 pelletur.
514 1475 703 1529 Servat
743 1472 846 1529 hoc
877 1475 1167 1543 legitimum
1195 1470 1389 1525 Paulus
1417 1485 1432 1522 :
1465 1455 1703 1521 volentes
1731 1478 1825 1530 ap-

226 1563 411 1634 pellari
438 1580 504 1619 ex
535 1557 751 1618 nomine
777 1578 906 1626 suo,
939 1572 1154 1616 revocat.
1177 1578 1190 1612 :
1217 1556 1481 1628 Numquid
1511 1554 1704 1609 Paulus
1730 1568 1824 1615 pro

227 1655 361 1708 robis
393 1655 667 1719 cruciﬁxus
693 1654 806 1707 est?
835 1653 912 1704 Ad
939 1652 1246 1708 delunctmu
1269 1647 1489 1717 aspicite
1515 1688 1529 1709 ,
1561 1643 1823 1712 Numquid

231 1748 425 1799 Paulus
455 1762 546 1814 pro
575 1741 1005 1812 vobis'cruciﬁxus
1034 1754 1104 1796 est
1125 1743 1151 1796 Ζ)
1180 1739 1246 1796 Et
1275 1739 1397 1810 quid
1418 1735 1824 1809 ergoiQuando

227 1841 346 1890 itlos
373 1826 641 1906 generaSti
667 1877 682 1902 ,
714 1835 840 1907 quid
871 1837 916 1890 si
947 1852 1142 1890 nomen
1171 1826 1318 1888 tuum
1349 1832 1458 1886 illis
1488 1827 1824 1898 imposuisti?

223 1929 363 1987 Non.
411 1928 501 1983 Ait
541 1929 681 1984 enim
732 1945 744 1976 τ
793 1930 890 1980 Aut
929 1929 989 1980 in
1019 1926 1220 1979 nomine
1251 1923 1406 1977 Pauli
1446 1912 1686 1988 baptizati
1708 1917 1826 1972 estis

230 2021 274 2092 (l
295 2021 415 2074 Cor.
461 2035 476 2075 t
503 2059 520 2085 ,
554 2018 687 2093 15)?
713 2018 1092 2073 Delectaverlmt
1124 2028 1170 2070 te
1197 2016 1320 2085 ﬁlia:
1342 2030 1517 2084 regum
1547 2012 1600 2065 in
1627 2012 1819 2063 honore

223 2127 332 2164 tuo.
373 2111 606 2177 Teneto,
626 2139 634 2146 -
653 2120 862 2166 servate
886 2151 902 2171 .
943 2109 994 2162 in
1026 2109 1214 2162 honore
1241 2118 1344 2160 tuo.
1380 2105 1492 2160 Hoc
1513 2113 1597 2159 est
1626 2101 1826 2156 habere

229 2213 434 2258 vestem
481 2202 825 2272 nuptialem,
871 2201 1015 2255 illius
1062 2201 1319 2254 honorem
1354 2196 1558 2265 ,‘illius
1603 2194 1822 2263 gloriam

221 2308 490 2362 quaerere.
537 2293 816 2362 lntelligite
840 2293 997 2347 etiam
1027 2291 1161 2344 filias
1192 2304 1371 2356 regum)
1393 2326 1409 2355 ,
1440 2287 1680 2342 civitates
1708 2299 1826 2353 qtae

223 2383 568 2439 crediderunt
609 2384 663 2437 in
687 2382 993 2448 Christum,
1019 2389 1074 2435 et
1097 2397 1124 2432 a
1158 2380 1371 2448 regibus
1399 2377 1628 2431 condiue
1656 2385 1779 2430 sunt
1805 2391 1825 2435 :

223 2486 280 2529 et
328 2493 358 2527 α
402 2473 634 2529 domibus
677 2475 939 2539 eburneis,
984 2473 1273 2538 divitibus,
1321 2469 1595 2539 superbis,
1644 2462 1823 2523 elatis.

230 2563 381 2619 Filia:
422 2582 598 2637 regum
641 2567 1010 2618 delectaverunt
1045 2572 1093 2615 te
1119 2561 1169 2613 in
1201 2561 1387 2614 honore
1411 2570 1498 2613 tuo
1525 2573 1546 2614 :
1569 2563 1690 2628 quia
1718 2573 1822 2612 non

223 2658 550 2727 qurieSierunt
573 2658 830 2714 honorem
859 2665 1067 2725 patrum
1095 2667 1316 2709 suorum
1340 2693 1356 2718 ,
1385 2650 1478 2707 sed
1498 2650 1825 2721 quaesierunt

226 2744 485 2801 honorem
535 2758 703 2802 tuum.
755 2745 1078 2800 Ostendatur
1123 2742 1251 2798 mihi
1295 2740 1477 2795 Roma:
1520 2739 1575 2794 in
1622 2739 1826 2792 honore

224 2841 376 2893 tanto
405 2839 659 2909 templum
683 2837 892 2891 Romuli
916 2878 931 2898 ,
952 2827 1014 2889 in
1044 2845 1243 2904 quanto
1271 2832 1340 2888 ibi
1367 2831 1592 2886 ostendo
1621 2844 1822 2883 memo-

224 2931 360 2986 riam
403 2924 564 2984 Petri.
599 2925 654 2984 in
689 2929 846 2982 Petro
876 2928 993 2993 quis
1017 2921 1317 2982 honoratur
1339 2966 1354 2989 ,
1387 2923 1487 2976 nisi
1517 2921 1606 2976 ille
1633 2919 1822 2974 defun-

224 3018 486 3092 ctus'pro
532 3019 726 3074 nobis?
769 3019 966 3073 Sumus
1011 3019 1152 3072 enim
1201 3013 1522 3078 Christiani,
1569 3026 1674 3065 non
1723 3008 1823 3064 Pe-

225 3111 409 3168 triani.
451 3111 562 3167 Etsi
606 3111 714 3164 nati
759 3125 852 3178 per
882 3108 1097 3162 fratrem
1123 3105 1358 3161 defuncti
1384 3145 1398 3166 ,
1427 3113 1602 3157 tamen
1628 3115 1827 3181 cogno-

226 3203 414 3259 minati
447 3203 662 3257 nomine
689 3197 948 3256 defuncti.
977 3199 1079 3254 Per
1107 3197 1257 3252 illuni
1287 3195 1393 3250 nati
1419 3235 1435 3261 ,
1464 3194 1559 3248 sed
1587 3192 1663 3246 illi
1693 3192 1823 3245 uati.

227 3296 367 3351 Ecce
389 3295 553 3348 [iouia
577 3336 590 3357 ,
619 3285 744 3347 ecce
767 3293 1052 3354 Carthago,
1081 3303 1208 3343 ecce
1234 3296 1349 3340 alue
1375 3297 1426 3341 et
1447 3285 1564 3339 alia:
1584 3283 1824 3339 civitates

225 3386 351 3440 filiae
395 3399 576 3454 regunt
619 3395 778 3447 sunt;
825 3392 882 3437 et
922 3390 1322 3434 delectaverunt
1363 3390 1542 3444 regem
1579 3390 1734 3429 suum
1771 3374 1824 3428 in

224 3475 430 3530 [tortore
472 3473 671 3544 ipsius;
713 3480 768 3527 et
791 3489 854 3528 ex
877 3472 1123 3526 omnibus
1147 3469 1204 3522 fit
1226 3483 1329 3522 una
1352 3465 1594 3536 quaedam
1620 3465 1822 3534 regina.

295 3571 388 3626 24.
431 3570 599 3637 Quale
622 3584 838 3623 carmen
871 3556 1146 3636 nuptiale?
1177 3567 1313 3620 Ecce
1340 3564 1482 3618 inter
1505 3564 1708 3616 cantica
1742 3561 1824 3614 hi-

227 3663 455 3719 laritatis
478 3662 632 3731 plena
653 3703 667 3723 ,
701 3658 1019 3729 procedit'et
1045 3657 1156 3727 ipsa
1179 3670 1396 3725 sponsa.
1424 3654 1664 3722 Sponsus
1683 3655 1823 3706 enim

227 3738 474 3806 veniebat
497 3793 510 3816 ,
544 3753 658 3821 ipse
686 3743 1091 3804 describebatur
1113 3790 1128 3812 ,
1159 3752 1210 3801 in
1244 3749 1392 3799 Illum
1419 3753 1532 3800 erat
1553 3745 1726 3797 omnis
1749 3745 1827 3796 itt-

228 3842 398 3897 tcntio
429 3853 610 3897 nostra
641 3859 656 3894 :
690 3840 941 3910 procedat
965 3850 1017 3893 et
1046 3838 1164 3891 ista.
1188 3835 1355 3890 Auitit
1384 3835 1555 3905 regina
1579 3851 1610 3886 a
1640 3833 1828 3887 dextris

226 3936 346 3988 tuis.
373 3933 502 4000 Qua:
522 3947 552 3987 a
574 3932 802 3986 sinistris
819 3971 836 3996 ,
866 3946 971 3983 non
995 3928 1199 3997 regina.
1221 3926 1393 3981 Stabit
1413 3927 1556 3980 enim
1576 3918 1821 3993 quzedaui

225 4035 285 4081 et
327 4042 359 4079 a
401 4023 666 4087 sinistris,
712 4022 795 4076 cui
835 4021 1083 4075 dicetur:
1127 4017 1264 4072 Vnde
1291 4019 1343 4071 in
1373 4018 1535 4086 ignem
1561 4026 1827 4077 (sternunt.

225 4122 272 4173 Α
298 4117 502 4172 dextris
527 4129 703 4169 autem
735 4105 1042 4178 stalut,'cni
1072 4112 1279 4165 dicetur
1309 4127 1323 4163 :
1364 4108 1559 4175 Venite,
1586 4108 1829 4161 benedicti

233 4207 407 4263 Patris
431 4208 560 4271 mei,
591 4197 829 4275 percipite
853 4220 1065 4274 regnum
1089 4203 1222 4271 quod
1247 4192 1383 4255 nobis
1414 4210 1649 4268 paratum
1672 4209 1743 4253 est
1769 4200 1832 4253 ab

225 4301 374 4354 initio
398 4299 572 4353 mundi
597 4297 811 4371 (Matth.
844 4311 976 4362 xxv,
1005 4297 1094 4357 54,
1121 4296 1238 4364 Η).
1265 4294 1434 4347 Astitit
1459 4309 1633 4363 regina
1654 4309 1686 4345 α
1710 4293 1833 4346 dea:-

228 4393 322 4447 tris
357 4391 489 4455 tuis,
527 4391 580 4444 in
617 4391 792 4443 uestitu
830 4389 1077 4441 deaurato
1098 4428 1113 4453 ,
1151 4378 1530 4439 circumamicta
1568 4384 1828 4438 varietate.

233 4487 472 4544 VeStitus
512 4485 710 4556 regina:
754 4483 910 4552 hujus
953 4480 1074 4552 quis
1099 4465 1219 4558 est?
1249 4479 1314 4534 Et
1339 4479 1605 4550 pretiosus
1630 4489 1747 4540 est,
1781 4490 1835 4532 et

230 4580 412 4634 varius
452 4588 537 4633 est
575 4595 589 4630 :
630 4583 961 4630 sacramenta
994 4574 1253 4627 doctrina:
1283 4572 1336 4652 iu
1367 4572 1560 4641 linguis
1587 4571 1835 4626 omnibus

229 4672 394 4726 variis
418 4671 435 4702 ¹
458 4709 473 4724 .
518 4670 634 4724 Alia
664 4669 839 4738 lingua
868 4668 978 4720 afra
1001 4708 1016 4729 ,
1045 4665 1148 4719 alia
1179 4680 1300 4736 syra
1325 4705 1341 4728 ,
1368 4665 1468 4718 alia
1497 4679 1670 4735 graeca
1691 4705 1705 4729 ,
1733 4667 1834 4719 alia

235 4747 444 4817 Lebrtea
470 4801 484 4824 ,
512 4761 612 4814 alia
637 4760 722 4812 illa
745 4770 798 4813 et
820 4758 904 4811 illa
929 4775 943 4810 :
969 4756 1294 4811 faciuntiste
1311 4756 1502 4825 lingth
1525 4758 1833 4811 varietatem

230 4857 398 4910 vestis
445 4855 641 4923 regitur:
683 4850 858 4920 hujus.
895 4848 1174 4918 Quomodo
1201 4857 1379 4902 autem
1405 4850 1580 4903 omnis
1604 4852 1836 4905 varietas

231 4944 398 5003 vestis
442 4949 495 5001 in
536 4946 739 5000 unitate
780 4942 1102 5007 concordat,
1148 4941 1225 4996 sic
1251 4952 1304 4995 et
1331 4957 1519 4995 omnes
1549 4942 1740 5010 linguas
1767 4944 1834 4997 ad

231 5056 392 5096 uuam
438 5039 621 5094 ﬁdem.
666 5037 722 5092 In
765 5045 913 5090 veste
950 5033 1181 5088 varietas
1206 5033 1314 5091 sit.
1344 5033 1575 5087 scissura
1607 5048 1714 5087 non
1743 5033 1832 5086 sit.

231 5130 376 5186 Ecce
413 5123 725 5184 varietatem
772 5124 1132 5181 intelleximus
1174 5122 1242 5177 de
1283 5123 1594 5178 diversitate
1629 5123 1834 5194 lingua-

231 5237 347 5277 ruu.
375 5230 432 5276 et
457 5220 662 5274 vestem
688 5216 1050 5271 intelleximus
1072 5223 1288 5284 propter
1315 5214 1571 5268 unitatem
1603 5232 1616 5266 :
1647 5214 1698 5268 in
1723 5219 1834 5282 ipsa

229 5323 414 5368 autem
433 5315 690 5366 varietate
717 5325 903 5364 aurum
931 5307 1075 5385 quod
1096 5305 1177 5360 est
1197 5307 1220 5359 ?
1244 5305 1356 5376 Ipsa
1382 5306 1661 5376 sapientia.
1680 5307 1838 5373 Quir-

233 5403 363 5461 iibct
381 5402 455 5458 sit
475 5401 706 5456 varietas
726 5395 1048 5467 linguarum,
1062 5401 1066 5404 “
1080 5413 1240 5451 unum
1268 5412 1455 5450 aurum
1481 5395 1830 5464 praedicatur:

231 5498 339 5550 tum
366 5494 633 5548 diversum
661 5490 848 5546 aurum
873 5532 888 5556 ,
922 5491 1016 5543 scd
1053 5488 1280 5542 varietas
1304 5486 1370 5541 de
1391 5502 1541 5540 auro.
1567 5487 1822 5541 Eannlem

229 5587 430 5658 quippe
470 5583 826 5652 sapientiam,
872 5579 1116 5635 eamdem
1163 5580 1457 5632 doctrinam
1507 5589 1560 5632 et
1595 5579 1833 5648 disripli-

230 5692 356 5734 nam
383 5692 571 5730 omnes
600 5669 792 5742 lingu-.1:
818 5658 1128 5743 praedicant.
1163 5670 1400 5724 \‘arietas
1433 5670 1483 5723 iu
1508 5671 1717 5740 linguis,
1740 5687 1834 5725 au—

229 5785 350 5852 rita)
376 5754 430 5828 lu
457 5768 764 5826 sententiis.

303 5920 521 5987 i'ttovom
543 5939 670 5987 διδ..
697 5942 902 5978 vannus.

390 5995 492 6048 \‘id.
517 5999 550 6043 lt
571 5986 797 6050 neti-acu,
824 6006 929 6052 cap.
957 5988 1024 6049 l2,
1055 5997 1100 6037 ut
1131 5988 1212 6036 lii).
1238 5995 1323 6047 QQ.
1349 5990 1397 6040 in
1424 5997 1643 6049 DetilCt‘.,
1664 6002 1696 6051 q
1746 5988 1822 6038 ω.

1323 527 1720 589 ENARRATIO
1761 526 1824 581 IN
1868 525 2189 583 PSALMUM
2225 527 2411 584 XLIV.

3407 536 3512 594 510

1997 641 2087 697 25.
2118 639 2268 711 [υετε.
2297 640 2412 715 1L]
2437 641 2737 712 Alloquitur
2764 643 3024 714 Pmpheta
3066 650 3305 719 reginam
3353 651 3509 708 istam

1927 729 2178 814 (libenter
2200 733 2342 786 enim
2360 733 2672 801 illicantat),
2696 746 2750 789 et
2777 752 3207 810 unumquemque
3228 727 3464 796 uestrum
3491 760 3507 808 ;

1922 821 1966 875 si
2008 832 2184 878 tamen
2223 818 2527 878 noverimus
2576 828 2664 881 ubi
2707 841 2922 904 sumus,
2963 839 3017 884 et
3053 830 3120 884 ad
3156 833 3288 889 illud
3317 849 3512 904 corpus

1926 916 2191 981 pertinere
2216 929 2491 983 conemur,
2523 926 2577 971 et
2603 917 2705 973 ﬁde
2735 929 2788 973 et
2817 934 2911 987 spe
2927 920 3286 991 pertineamus
3304 925 3434 978 uniti
3459 926 3514 978 iu

1926 1008 2179 1086 membris
2203 1007 2420 1063 Christi.
2452 1010 2558 1064 Nos
2584 1012 2724 1065 enim
2755 1013 3043 1083 alloquitur
3069 1031 3082 1066 :
3115 1012 3278 1080 Audi,
3307 1004 3435 1083 ﬁlia,
3467 1026 3518 1069 ct

1925 1087 2055 1152 uide.
2074 1094 2376 1170 Alloquitur
2389 1115 2505 1153 eam
2525 1111 2772 1171 tanquam
2798 1117 2932 1156 unus
2949 1101 3016 1157 de
3034 1104 3288 1172 patribus,
3313 1098 3434 1176 quia
3459 1107 3518 1158 li-

1926 1190 2011 1244 lize
2031 1206 2214 1260 regqu
2235 1199 2394 1245 sunt:
2422 1195 2520 1247 etsi
2539 1195 2839 1263 alloquatur
2861 1196 3136 1263 propheta,
3162 1199 3259 1252 etsi
3279 1199 3515 1268 alloqua-

1927 1291 2012 1336 tur
2030 1284 2322 1352 apostolus,
2346 1294 2593 1355 tanquam
2617 1287 2775 1340 tiliam
2796 1291 2892 1356 (sic
2909 1291 3049 1343 enim
3067 1292 3314 1356 dicimus,
3334 1292 3531 1347 Patres-

1928 1375 2092 1427 noStri
2117 1373 2418 1444 Prophelaa.
2449 1386 2624 1446 patres
2645 1379 2811 1431 nostri
2829 1378 3068 1446 Apostoli
3091 1381 3165 1432 :si
3194 1396 3292 1434 nos
3317 1381 3435 1435 illos
3463 1391 3517 1436 ut

1928 1463 2208 1533 patte-,illi
2231 1480 2327 1520 nos
2357 1473 2415 1519 ut
2433 1466 2615 1538 ﬁlios),
2643 1475 2700 1522 ct
2727 1483 2829 1522 vox
2859 1484 2957 1523 una
2987 1481 3201 1538 paterna
3231 1473 3519 1538 alloquitur

1928 1555 2142 1613 unicam
2183 1545 2362 1611 filiam.
2408 1557 2562 1620 Audi,
2585 1557 2694 1626 ﬁlia
2715 1600 2729 1622 ,
2759 1568 2806 1612 et
2828 1559 2958 1613 vide.
2989 1560 3141 1614 Prius
3165 1561 3309 1628 audi,
3335 1574 3515 1629 postea

1929 1646 2068 1700 vide.
2087 1645 2312 1701 Ventum
2337 1657 2420 1703 est
2441 1652 2583 1703 enim
2607 1656 2672 1702 ad
2703 1664 2800 1703 nos
2823 1664 2944 1704 cum
2975 1649 3281 1725 Evangelio,
3308 1665 3361 1706 et
3380 1669 3517 1721 pra:-

1930 1735 2158 1790 tlicatum
2195 1748 2277 1791 est
2298 1737 2448 1792 nobis
2470 1741 2610 1807 quod
2634 1742 2868 1795 nondum
2891 1736 3152 1805 videmus.
3176 1753 3230 1797 et
3253 1743 3520 1798 audiendo

1927 1831 2284 1897 credidimus,
2339 1831 2604 1886 ert-dendo
2646 1833 2989 1897 videbimus;
3045 1834 3182 1888 sicut
3233 1832 3362 1888 dicit
3408 1837 3521 1903 ipse

1929 1937 2158 1990 Sponsus
2184 1923 2320 1990 apud
2353 1921 2667 1990 Prouinciam
2698 1940 2713 1978 :
2746 1923 2981 1994 Populus
3005 1934 3151 1994 quem
3169 1941 3269 1978 non
3291 1925 3519 1994 cognt‘ioi.

1929 2016 2125 2069 servivit
2169 2016 2335 2080 mihi;
2378 2017 2431 2069 in
2475 2007 2719 2070 obauditu
2764 2018 2902 2070 auris
2940 2017 3152 2072 obedivit
3187 2009 3308 2071 mihi
3351 2012 3518 2089 (Psal.

1927 2121 2037 2160 xvn
2057 2148 2072 2168 ,
2118 2106 2234 2175 45).
2275 2106 2411 2172 Quid
2448 2115 2558 2170 est,
2590 2108 2642 2160 in
2670 2108 2911 2161 ohanditu
2937 2110 3074 2163 auris
3096 2109 3121 2163 2’
3143 2103 3408 2177 Quinum:
3440 2110 3520 2161 vi-

1927 2199 2025 2253 dit.
2061 2199 2316 2254 Viderunt
2353 2200 2520 2254 ]υὰευί
2546 2242 2562 2266 ,
2605 2210 2657 2254 et
2686 2195 3066 2254 crucifixerunt
3097 2218 3110 2254 :
3144 2217 3249 2256 non
3277 2201 3524 2255 viderunt

1929 2292 2128 2348 Gentes
2149 2333 2164 2355 .
2196 2303 2249 2347 et
2275 2292 2640 2347 crediderunt.
2679 2293 2863 2346 Veniat
2889 2295 3065 2362 regina
3089 2292 3156 2346 dc
3179 2292 3436 2346 Gontilms
3469 2298 3520 2345 in

1930 2385 2123 2438 vestitu
2162 2383 2417 2438 deaurato
2447 2426 2460 2446 ,
2505 2382 2897 2437 circumamicta
2937 2384 3190 2437 varietate
3213 2400 3226 2435 :
3253 2393 3424 2435 vernat
3454 2399 3518 2435 ex

1928 2475 2221 2538 Gentibus,
2262 2474 2436 2527 veniat
2471 2471 2865 2528 circumamicta
2912 2474 3158 2527 omnibus
3193 2474 3414 2542 linguis,
3467 2474 3520 2526 in

1931 2570 2129 2620 unitate
2173 2567 2446 2631 sapientia:
2475 2581 2490 2628 ;
2532 2566 2739 2620 dicatur
2779 2565 2827 2618 ei
2849 2606 2862 2627 ,
2905 2565 3036 2617 Audi
3064 2565 3171 2630 ﬁlia
3190 2607 3206 2629 ,
3234 2574 3277 2617 ct
3304 2564 3434 2616 vide.
3463 2564 3519 2618 Si

1931 2673 2033 2710 non
2078 2657 2340 2717 audieris,
2375 2671 2478 2709 non
2505 2644 2732 2709 videbis.
2765 2656 2901 2710 Audi
2929 2665 2984 2709 ut
3014 2656 3238 2709 nmndes
3263 2671 3356 2708 cor
3379 2654 3483 2712 fide
3502 2695 3517 2718 ,

1929 2751 2064 2802 sicut
2109 2748 2396 2817 Apostolus
2437 2748 2512 2802 ait
2554 2747 2607 2801 in
2646 2747 2866 2801 Actibus
2911 2747 3284 2814 Apostolorum
3332 2762 3346 2798 :
3394 2744 3523 2799 Fide

1931 2841 2180 2892 mundana
2207 2839 2360 2891 corda
2386 2855 2559 2891 eorum
2585 2835 2719 2908 (Δεῖ.
2747 2855 2812 2891 xv
2829 2879 2843 2898 .
2867 2840 2946 2904 9).
2972 2839 3050 2891 Ad
3072 2837 3171 2892 hoc
3200 2839 3341 2892 enim
3364 2837 3522 2892 audi-

1930 2949 2048 3004 mus
2085 2931 2226 3001 quod
2267 2933 2548 2985 credamus
2575 2972 2589 2994 ,
2634 2945 2918 3000 antequam
2957 2932 3267 2995 videamus,
3309 2927 3367 2985 ut
3405 2945 3522 2986 cre-

1927 3019 2102 3077 dendo
2141 3025 2241 3078 ’Cor
2278 3024 2616 3089 tnundentus,
2651 3024 2794 3076 unde
2829 3008 3008 3078 videre
3047 3024 3331 3088 possimus.
3360 3019 3520 3085 Audi,

1933 3127 1987 3169 ut
2025 3117 2246 3176 credas.
2287 3118 2482 3171 munda
2519 3132 2612 3170 cor
2642 3115 2761 3169 lide.
2793 3117 2856 3170 Et
2885 3131 3006 3169 cum
3031 3131 3125 3170 cor
3154 3116 3480 3170 mandavero
3503 3154 3520 3180 ,

1932 3209 2050 3277 quid
2079 3209 2264 3262 videbo
2283 3208 2305 3260 ?
2339 3209 2480 3261 Beati
2514 3209 2711 3261 mundo
2738 3207 2900 3261 corde
2925 3247 2941 3272 ,
2968 3208 3090 3275 quia
3123 3207 3222 3275 ipsi
3249 3208 3410 3259 [lenm
3446 3207 3522 3255 vi-

1927 3298 2126 3355 debunt
2168 3301 2377 3368 (itania.
2428 3315 2460 3350 ν
2479 3341 2491 3360 ,
2530 3300 2607 3365 8).
2645 3297 2812 3364 Audi,
2837 3297 2945 3374 ﬁlia
2963 3338 2978 3361 ,
3007 3307 3052 3349 et
3078 3295 3228 3360 vide;
3254 3307 3301 3349 et
3333 3297 3524 3349 inclina

1930 3407 2103 3443 aurem
2130 3401 2286 3444 tuum.
2319 3391 2510 3443 Parum
2541 3401 2622 3444 est
2647 3391 2792 3452 audi,
2830 3388 3099 3443 humiliter
3124 3388 3246 3443 audi
3277 3404 3291 3443 :
3318 3387 3523 3440 lnclina

1929 3498 2103 3534 aurem
2141 3491 2301 3534 tuam.
2353 3479 2418 3533 Et
2461 3481 2748 3534 obliviscere
2790 3483 3033 3550 populum
3066 3491 3207 3532 tuum
3249 3489 3294 3532 et
3320 3480 3523 3530 (Ionium

1931 3580 2092 3640 patris
2137 3574 2230 3627 tui.
2287 3573 2414 3627 Erat
2461 3572 2689 3643 papulas
2733 3572 2989 3639 quidam,
3035 3579 3091 3647 et
3125 3561 3320 3624 domus
3361 3572 3526 3638 patris

1931 3667 2174 3734 quasdam
2192 3707 2204 3724 .
2229 3665 2281 3720 in
2306 3679 2409 3734 qua
2435 3663 2556 3718 nata
2589 3678 2645 3717 es
2670 3704 2685 3728 ,
2713 3658 2937 3731 populus
2963 3662 3288 3730 llabylonim,
3323 3648 3524 3714 habens

1933 3773 2110 3820 regem
2151 3757 2440 3810 diabolum.
2487 3755 2868 3824 Undecumque
2914 3763 3172 3807 venerunt
3212 3753 3408 3806 Geutes
3433 3791 3458 3821 ,ε
3493 3770 3522 3803 a

1936 3859 2083 3918 patre
2124 3847 2336 3901 diabolo
2380 3861 2639 3900 venerunt
2673 3863 2685 3899 :
2718 3844 2810 3899 sed
2843 3846 2976 3915 patri
3009 3845 3219 3897 diabolo
3250 3842 3523 3896 renuntia-

1936 3949 2144 3993 verunt.
2178 3931 2479 3991 Obliviscere
2508 3944 2750 4006 pupulum
2777 3948 2916 3988 tuum
2943 3945 2988 3988 et
3017 3937 3220 3987 domum
3251 3936 3408 4002 patris
3429 3943 3519 3985 tu.

1937 4030 2152 4086 Foedam
2199 4040 2250 4082 te
2291 4033 2379 4082 tlte
2423 4030 2641 4096 genuit,
2679 4040 2800 4081 cum
2831 4025 3178 4096 peccatricem
3213 4024 3333 4078 fecit
3365 4040 3379 4077 :
3408 4023 3525 4086 pul-

1934 4124 2117 4177 chram
2160 4131 2210 4176 te
2239 4126 2337 4176 iste
2372 4129 2652 4189 regenerat
2679 4119 2768 4188 qui
2791 4107 3044 4190 justiilcat
3073 4117 3308 4196 impiam.
3337 4115 3522 4170 υῡιιυν

1935 4233 2072 4268 scere
2102 4216 2346 4283 populum
2372 4223 2512 4268 tuum
2536 4254 2550 4279 ,
2575 4208 2854 4267 ctdomum
2885 4213 3044 4282 patris
3073 4213 3166 4265 tui.

2006 4307 2094 4361 26.
2127 4295 2283 4380 [oers.'
2303 4306 2388 4373 η,
2419 4304 2536 4379 15.]
2568 4305 2821 4370 Quoniam
2848 4305 3134 4376 concupivit
3170 4320 3262 4359 rex
3300 4307 3518 4371 speciem

1937 4409 2093 4450 nium.
2126 4397 2295 4464 Quam
2323 4398 2557 4466 speciem
2583 4437 2598 4458 ,
2630 4396 2731 4450 nisi
2761 4411 2919 4464 quam
2949 4393 3064 4465 ipse
3090 4393 3246 4449 fecit?
3268 4394 3525 4465 Concupi-

1937 4492 2003 4542 oit
2030 4496 2259 4558 speciem.
2299 4482 2459 4556 cujus
2487 4486 2761 4556 speciem?
2785 4485 3102 4541 Peccatricis
3122 4525 3136 4548 .
3171 4472 3386 4555 iniquae,
3418 4485 3521 4548 im-

1941 4582 2075 4652 pi:e,
2102 4584 2275 4651 qualis
2318 4590 2434 4636 erat
2469 4579 2610 4649 apud
2655 4569 2883 4648 patrem.
2911 4578 3182 4650 diabolum
3215 4619 3229 4642 ,
3278 4587 3332 4632 et
3384 4577 3524 4647 apud

1941 4657 2192 4744 populum
2226 4672 2424 4727 suum?
2464 4671 2600 4732 Non.
2635 4670 2729 4725 sed
2769 4669 2837 4725 de
2877 4686 2979 4741 qua
3025 4669 3219 4724 dicitur
3251 4687 3266 4722 :
3293 4668 3420 4734 Que—
3454 4679 3526 4721 est

1939 4767 2035 4820 ista
2062 4781 2175 4834 quae
2188 4751 2415 4819 ascendit
2454 4763 2689 4816 dealbata
2713 4762 2886 4833 (Cant.
2912 4777 3001 4815 vni
3025 4801 3042 4827 ,
3073 4760 3128 4828 5)
3147 4761 3172 4813 ’ἔ
3199 4763 3368 4814 Antea
3399 4777 3526 4827 ergo

1939 4871 2045 4909 non
2086 4866 2202 4910 erat
2227 4856 2342 4907 alba
2364 4894 2380 4920 ,
2412 4864 2595 4922 postea
2639 4852 2907 4907 dealbata.
2951 4851 3085 4918 Quia
3111 4850 3155 4904 si
3180 4850 3374 4904 fuerint
3407 4867 3529 4917 pro-

1939 4960 2054 5004 Cata
2097 4958 2272 5002 vestra
2309 4946 2445 5000 sicut
2483 4946 2808 5015 pluenicium
2831 4987 2846 5011 ,
2873 4954 3122 5014 tanquam
3169 4943 3345 4998 nivem
3374 4940 3526 4995 deal-

1941 5040 2078 5095 babo
2111 5037 2264 5109 (lsai.
2291 5053 2328 5100 ι,
2359 5037 2473 5104 18).
2498 5036 2796 5106 Concupivi:
2826 5050 2917 5089 rex
2949 5034 3164 5104 speciem
3207 5043 3367 5086 luant.
3394 5030 3523 5099 Quis

1939 5133 2068 5188 rex?
2098 5131 2229 5197 Quia
2257 5130 2364 5199 ipse
2390 5137 2460 5182 est
2509 5127 2789 5181 Dominus‘
2823 5126 2957 5181 Deus
3007 5135 3144 5180 tuus.
3165 5124 3283 5178 iam
3321 5121 3445 5176 vide
3479 5122 3524 5176 si

1941 5239 2045 5277 non
2074 5223 2238 5277 debes
2264 5222 2532 5274 dimittere
2571 5229 2773 5286 patrem
2811 5228 2956 5271 tuum
2985 5218 3130 5270 illum
3151 5257 3165 5279 ,
3189 5228 3243 5270 et
3268 5214 3525 5284 populum

1944 5331 2089 5370 tuum
2118 5301 2370 5377 illum,l‘et
2397 5313 2584 5367 venire
2614 5311 2678 5364 ad
2708 5327 2883 5380 regem
2917 5313 3112 5373 istum,
3144 5308 3309 5361 Deum
3337 5315 3524 5360 tuum:

1944 5409 2084 5463 Deus
2121 5418 2242 5461 tuus
2266 5415 2382 5467 est,
2417 5402 2674 5457 rcx'tuus
2701 5412 2801 5454 est.
2848 5400 2960 5455 ilex
3002 5409 3159 5461 tuos,
3191 5408 3246 5453 et
3283 5399 3400 5473 ipse
3443 5408 3528 5450 est

1941 5514 2174 5568 sponsus
2204 5506 2344 5550 tuus.
2379 5495 2510 5564 Regi
2541 5493 2697 5547 nubis
2731 5493 2859 5556 Deo,
2893 5491 3074 5555 abillo
3103 5491 3283 5568 dotata
3304 5531 3319 5552 .
3346 5489 3414 5543 ab
3437 5489 3528 5542 illo

1939 5563 2190 5644 decorata
2211 5628 2226 5649 ,
2254 5585 2321 5638 ab
2351 5585 2441 5638 illo
2470 5563 2743 5652 redempta
2770 5623 2784 5645 ,
2810 5582 2875 5634 ab
2905 5581 2995 5634 illo
3020 5590 3222 5652 sanata.
3255 5563 3524 5648 Quidquid

1941 5681 2111 5735 hahcs
2137 5648 2278 5733 unde
2309 5679 2380 5731 illi
2410 5679 2642 5746 placeas,
2661 5648 2742 5728 ‘ab
2773 5676 2863 5728 illo
2893 5673 3080 5727 habes.
3108 5666 3109 5669 ‘
3140 5648 3148 5666 “

1975 5819 1984 5829 .
2010 5773 2099 5826 27.
2127 5771 2485 5824 Etudorabunt
2510 5784 2624 5822 eum
2651 5767 2773 5836 ﬁlia:
2797 5763 2919 5836 Tyri
2939 5766 2991 5817 in
3013 5763 3321 5842 muneribus.
3349 5764 3526 5834 Ipsum

2005 5931 2016 5956 '
2058 5925 2263 5993 Melioris
2295 5932 2422 5974 noue
2456 5929 2587 5983 £53.,
2624 5920 2743 5984 Quia
2761 5917 2866 5984 ipse
2889 5925 2958 5970 est
2984 5927 3115 5970 Deus
3153 5923 3262 5979 tuus
3306 5931 3324 5969 :
3354 5919 3528 5969 omissa

1942 6003 2080 6050 voce,
2106 5998 2343 6038 t-Otnmus.
