3978 6324
412 438 510 499 511

411 571 590 625 regem
623 564 766 610 tuum
800 553 966 607 Deum
998 559 1142 603 tuttm
1171 546 1452 601 adorabunt
1482 544 1604 614 filia:
1632 540 1757 614 Tyri
1800 542 1852 594 in
1880 555 1994 593 mu-

410 648 634 700 umibus.
665 643 820 698 Filiae
842 640 988 713 Tyri,
1021 641 1138 694 lilia:
1165 639 1415 694 Gentium
1447 654 1458 689 :
1482 651 1509 689 a
1537 643 1687 704 parte
1706 639 1772 687 ad
1800 641 1993 700 totum.

411 740 585 809 Tyrus
611 736 782 791 vicina
809 715 932 789 huic
959 742 1118 786 terrae
1148 729 1234 783 ubi
1266 727 1538 797 prOphetia
1564 732 1698 791 eral,
1725 721 2000 793 signiﬁca-

413 832 504 883 hat
532 828 733 884 Gentes
771 826 1070 881 credituros
1107 820 1341 876 Christo.
1371 817 1498 873 Inde
1525 825 1643 881 erat
1674 816 1762 870 illa
1789 813 1998 870 Chana-

416 936 551 986 nzea,
582 937 701 991 mire
733 919 906 988 primo
931 917 1080 970 canis
1108 921 1191 969 est
1215 913 1498 983 appellata.
1529 897 1660 964 Nam
1691 918 1748 962 ut
1785 904 2000 960 noveri-

418 1015 485 1068 tis
506 1014 628 1084 quia
657 1011 779 1065 inde
807 1019 942 1072 erat,
973 1005 1316 1074 Evangelium
1362 1004 1440 1057 sic
1481 1001 1751 1079 loquitur:
1781 996 1999 1051 Secessit

419 1107 468 1158 in
486 1116 656 1176 partes
681 1103 806 1174 Tyri
843 1111 889 1155 et
917 1099 1126 1164 Sidonis
1146 1139 1161 1165 ,
1182 1107 1229 1152 et
1254 1113 1366 1152 ecce
1401 1094 1584 1148 mulier
1620 1090 1910 1147 Chanamea
1935 1087 2003 1140 de

419 1200 602 1266 finibus
625 1199 727 1252 illis
755 1212 955 1266 egressa
994 1193 1271 1254 clamabat,
1297 1199 1354 1246 et
1391 1197 1583 1243 Caetera
1625 1199 1744 1255 quae
1775 1183 1845 1237 ibi
1877 1196 2002 1236 nar-

421 1299 627 1344 rantur.
657 1288 787 1355 ane
814 1286 986 1356 primo
1009 1284 1160 1338 canis
1180 1289 1295 1336 erat
1333 1278 1472 1348 apud
1510 1285 1714 1346 patrem
1743 1287 1902 1328 suum
1945 1277 2002 1326 et

419 1382 469 1434 in
491 1380 686 1451 populo
709 1393 828 1442 suo,
846 1374 1127 1430 clamando
1142 1382 1196 1428 et
1223 1369 1480 1425 veniendo
1501 1367 1564 1419 ad
1590 1369 1747 1418 istum
1774 1376 1957 1434 regem
1981 1400 1999 1428 ι

418 1475 614 1528 decora
657 1469 793 1524 facta
841 1464 1112 1523 credendo
1163 1465 1215 1518 in
1245 1464 1390 1516 illum
1418 1462 1458 1519 ⁸,
1501 1454 1856 1528 quidmernit
1899 1467 2002 1505 au-

416 1562 570 1616 dire?
594 1561 637 1614 0
664 1559 861 1622 mulier,
889 1573 1071 1628 magna
1093 1563 1163 1608 est
1189 1556 1314 1622 fides
1331 1563 1416 1604 tua
1438 1550 1648 1610 (Matth.
1670 1563 1759 1612 xv,
1779 1544 2000 1613 21-28).

418 1654 709 1723 (Σοηαῳὶυἰι
743 1667 834 1703 rex
868 1648 1080 1716 speciem
1122 1655 1279 1698 tuam.
1315 1640 1381 1696 Et
1421 1639 1702 1694 adorabunt
1729 1653 1842 1689 eum
1884 1635 2004 1686 tilia:

422 1747 545 1818 Tyri
571 1747 623 1799 in
653 1743 960 1797 muneribus.
990 1738 1192 1806 Quibus
1222 1733 1575 1790 muneribus?
1600 1730 1688 1784 Sic
1713 1729 1778 1783 ad
1806 1743 1863 1782 se
1892 1726 2006 1780 vult

423 1835 592 1891 veniri
633 1849 724 1889 rex
769 1832 870 1887 iste
893 1871 908 1892 ,
933 1839 989 1884 et
1019 1829 1297 1883 thesauros
1337 1838 1463 1883 suos
1508 1820 1714 1891 impleri
1762 1819 1874 1872 vult
1904 1834 1918 1870 :
1951 1824 2004 1870 et

423 1930 538 1996 ipse.
561 1923 779 1980 donavit
800 1921 939 1976 unde
963 1920 1302 1988 impleantur,
1320 1923 1374 1969 et
1399 1929 1427 1966 a
1447 1913 1596 1968 vobis
1621 1908 2001 1976 impleantur”.

423 2017 673 2077 Veniant,
698 2013 889 2082 inquit,
912 2010 1135 2064 adorent
1155 2021 1276 2060 eum
1299 2004 1351 2058 in
1375 2002 1704 2058 muneribus.
1738 1998 1872 2062 Ouid
1898 2005 2001 2058 est.

420 2109 474 2163 in
503 2104 856 2161 muneribus?
891 2101 1062 2154 Nolite
1084 2097 1222 2151 vobis
1246 2095 1460 2150 condere
1479 2094 1737 2146 thesauros
1766 2091 1818 2143 in
1845 2098 2003 2153 terra,

419 2200 502 2253 ubi
531 2199 663 2250 tinea
689 2204 735 2249 et
756 2195 930 2260 rubigo
972 2189 1304 2252 exterminat,
1332 2195 1378 2239 et
1402 2185 1484 2238 ubi
1515 2185 1651 2254 fures
1690 2181 1935 2248 effodiunt
1959 2187 2007 2232 et

421 2292 660 2358 furantur
681 2303 700 2341 :
729 2285 817 2340 sed
842 2283 1177 2337 tliesaurizats
1207 2280 1342 2332 vobis
1368 2278 1628 2329 thesauros
1653 2275 1703 2328 in
1731 2273 1857 2327 caelo
1875 2313 1890 2336 ,
1923 2271 2005 2326 ubi

420 2397 577 2451 neque
604 2382 690 2451 fur
731 2371 889 2447 neque
912 2374 1046 2428 tinea
1080 2371 1376 2438 corrumpit.
1423 2366 1519 2456 [ibi
1539 2366 1676 2420 enim
1709 2365 1859 2431 fuerit
1899 2364 2008 2416 lbe-

417 2489 600 2527 saurns
624 2482 738 2524 tuus
759 2509 776 2536 ,
802 2468 909 2522 illic
937 2467 1030 2522 erit
1065 2474 1112 2518 et
1132 2480 1219 2517 cor
1243 2473 1385 2515 tuum
1414 2459 1529 2528 (Id.
1559 2474 1629 2520 vr,
1658 2455 1870 2524 19-21).
1902 2455 2004 2509 Ve-

421 2570 530 2620 nite
567 2581 688 2619 cnm
733 2559 1044 2616 muneribus
1089 2575 1103 2612 :
1149 2554 1276 2609 Date
1319 2554 1700 2622 eleemosynas,
1750 2559 1797 2602 et
1837 2548 2008 2600 omnia

422 2658 614 2717 munda
636 2665 750 2708 sunt
781 2653 916 2705 vobis
946 2649 1096 2714 (Luc.
1126 2664 1175 2702 XI
1204 2689 1218 2710 ,
1252 2644 1366 2714 41).
1392 2643 1581 2699 Venite
1614 2657 1736 2696 cum
1769 2640 2009 2694 muneri-

421 2751 520 2802 lius
547 2748 612 2802 ad
641 2762 761 2801 eum
789 2745 876 2812 qui
898 2743 1027 2796 dicit
1050 2758 1064 2799 :
1100 2737 1501 2792 Misericordiam
1529 2735 1640 2787 volo
1661 2749 1824 2801 magis
1852 2748 2006 2798 quam

419 2829 724 2908 sacri/icium
768 2836 922 2901 (Osee
946 2879 952 2889 .
987 2847 1036 2884 vt
1055 2875 1070 2895 ,
1099 2831 1134 2886 6
1156 2871 1172 2896 ,
1200 2839 1246 2884 et
1277 2827 1460 2880 Matth.
1487 2843 1534 2878 Ix
1556 2867 1572 2892 ,
1601 2825 1712 2894 15).
1759 2823 1837 2878 Ad
1880 2822 2006 2877 illud

421 2933 678 3003 templum
726 2928 866 2999 quod
898 2933 1018 2980 erat
1057 2932 1183 2977 ante
1222 2919 1408 2976 umbra
1458 2917 1664 2977 lutnri,
1696 2915 2008 3003 veniebatur
2051 2957 2054 2959 Α

383 3023 388 3027 ’
419 3001 565 3079 cunt'
595 3023 758 3076 tauris
787 3029 842 3073 et
880 3018 1139 3071 arietibus
1159 3053 1174 3078 ,
1202 3027 1326 3067 cum
1370 3009 1534 3064 hircis
1558 3048 1573 3072 ,
1604 3022 1726 3063 cum
1776 3001 2007 3061 diversis

396 3117 715 3186 'qnilntsqne
743 3110 1064 3188 animalibus
1089 3103 1228 3172 aptis
1256 3101 1322 3156 ad
1349 3099 1669 3154 sacriﬁcium
1697 3139 1711 3162 ,
1738 3106 1796 3151 ut
1821 3097 1873 3151 in
1906 3094 2004 3151 illo

418 3207 674 3275 sanguine
694 3201 836 3256 aliud
860 3187 1048 3258 lieret,
1074 3195 1216 3250 aliud
1245 3192 1657 3260 signiﬁcaretur.
1701 3188 1856 3244 Modo
1891 3187 2004 3258 jam

419 3301 534 3370 ipse
557 3296 770 3364 sanguis
794 3333 808 3353 ,
835 3305 993 3362 quem
1022 3287 1317 3357 ﬁgurabant
1347 3285 1433 3337 illa
1460 3284 1660 3346 omnia,
1691 3283 1842 3334 venit
1867 3297 1882 3335 :
1908 3295 2003 3363 ve-

419 3394 498 3448 nit
542 3391 655 3445 lles
703 3388 855 3456 ipse,
900 3392 955 3439 et
995 3382 1108 3450 ipse
1145 3391 1370 3432 munera
1410 3376 1545 3428 vnlt.
1573 3375 1702 3442 Quzc
1746 3370 2008 3427 munera?

419 3486 822 3553 Eleemosynas.
852 3476 968 3545 Ipse
995 3483 1076 3552 est
1095 3487 1237 3525 cnnn
1271 3469 1598 3534 judicaturns
1618 3508 1633 3532 ,
1661 3475 1714 3520 et
1745 3466 1857 3535 ipse
1887 3481 2007 3519 tnu-

418 3593 548 3634 nera
575 3571 853 3643 imputabit
891 3563 1208 3638 quibusdam
1234 3559 1278 3615 ⁸.
1316 3559 1514 3623 Venite,
1540 3558 1740 3628 inquit,
1763 3555 2007 3610 benedicti

418 3666 593 3728 Patris
615 3667 730 3729 mei,
759 3661 1005 3735 percipitc
1024 3673 1233 3728 regnum
1260 3654 1397 3725 quod
1425 3651 1562 3707 vobis
1588 3659 1826 3721 paratum
1845 3658 1917 3703 est
1942 3648 2005 3703 ab

416 3765 562 3820 initio
591 3758 786 3814 mundi.
817 3754 1036 3824 Quare?
1065 3748 1289 3806 Esurivi.
1313 3756 1361 3801 et
1387 3745 1598 3800 dedistis
1634 3743 1758 3797 mihi
1788 3742 2008 3795 mandu-

416 3851 722 3920 care;sitivi
741 3891 756 3916 ,
778 3859 824 3904 et
850 3844 1057 3901 dedistis
1085 3841 1207 3894 mibi
1237 3840 1434 3903 bibere;
1464 3836 1631 3890 nudus
1660 3835 1757 3903 fui,
1789 3843 1835 3887 et
1855 3835 2006 3887 vesti-

416 3949 509 4004 stis
528 3962 642 4010 me;
681 3944 860 4007 hospes
884 3979 900 4002 ,
923 3946 969 3991 et
996 3931 1283 3988 adduxistis
1312 3945 1426 3992 me;
1451 3927 1684 3996 infirmus
1731 3936 1776 3980 et
1811 3926 1862 3979 in
1893 3942 2006 3978 car-

419 4056 553 4102 cere,
611 4046 658 4088 et
699 4029 937 4086 visitastis
977 4041 1076 4079 me.
1124 4022 1251 4077 llzec
1299 4028 1426 4075 sunt
1461 4031 1678 4072 munera
1720 4017 1772 4070 in
1809 4017 2006 4085 quibus

419 4135 646 4188 adorant
673 4128 791 4181 lilia:
816 4121 942 4193 Tyri
970 4133 1148 4189 regem
1173 4133 1186 4168 :
1213 4115 1336 4184 quia
1359 4128 1480 4166 cum
1501 4110 1763 4194 dicerent.
1787 4106 2005 4173 Quando

421 4236 470 4283 te
489 4217 748 4278 vidimus?
779 4216 868 4270 ille
898 4213 986 4283 qui
1014 4219 1071 4264 et
1111 4222 1320 4260 sursum
1358 4214 1439 4256 est
1479 4211 1531 4256 et
1557 4201 1806 4255 deorsum
1831 4241 1843 4262 ,
1877 4214 2002 4269 pro-

420 4327 540 4387 pter
560 4306 912 4366 ascendentes
931 4313 984 4356 et
1011 4297 1413 4361 descendentes,
1439 4285 1561 4348 Cum
1587 4294 1697 4349 uni.
1716 4293 1884 4360 inquit
1908 4333 1922 4355 ,
1943 4307 2008 4344 ex

421 4382 643 4460 minimis
663 4400 786 4454 meis
812 4394 1020 4467 fecistis,
1050 4387 1380 4454 mihifecistis
1407 4383 1615 4447 (Matth.
1643 4383 1766 4450 kxv,
1795 4382 2002 4446 Eii-40).

492 4497 582 4553 28.
615 4491 907 4549 Adorabunt
935 4501 1048 4539 eum
1079 4483 1199 4550 filia:
1221 4479 1345 4549 Tyri
1373 4481 1426 4530 in
1453 4475 1760 4529 muneribus.
1791 4474 1860 4529 Et
1887 4489 2008 4542 qua;

421 4599 548 4645 sunt
588 4586 710 4641 lilia:
736 4581 863 4652 Tyri
889 4620 904 4643 ,
930 4585 987 4632 et
1009 4572 1277 4645 quomodo
1316 4569 1609 4622 adorabunt
1651 4582 1774 4622 eum
1806 4567 1857 4618 in
1885 4581 2003 4619 mu-

423 4680 642 4737 neribus
664 4717 680 4744 ,
714 4673 921 4744 planius
955 4667 1083 4722 illud
1130 4665 1295 4718 voluit
1333 4661 1516 4716 dicere
1548 4677 1561 4712 :
1615 4657 1821 4711 Vultum
1862 4666 2004 4710 tuum

423 4770 824 4844 deprecabuntur
851 4763 1029 4816 divites
1063 4756 1240 4828 plebis.
1285 4753 1379 4808 lite
1408 4751 1529 4806 lilia:
1553 4749 1678 4844 Tyri
1723 4748 2008 4844 adorantes

425 4841 841 4922 invmuneribus,
866 4853 1057 4907 divites
1077 4857 1200 4902 sunt
1230 4844 1422 4916 plebis,
1450 4857 1586 4913 quos
1613 4841 1700 4894 ille
1722 4841 2009 4908 alloquitur

423 4959 628 5014 amicus
655 4949 837 5020 sponsi
869 4966 884 5002 :
928 4944 1158 5012 Prwripe
1197 4938 1432 4992 divitibus
1472 4935 1622 5004 liujus
1667 4937 1875 4995 mundi,
1908 4950 2007 4984 non

425 5048 635 5120 superbe
658 5055 856 5112 sapere,
879 5051 1039 5106 neque
1062 5046 1268 5101 sperare
1291 5029 1343 5082 in
1357 5029 1546 5081 incerto
1569 5025 1894 5078 divitiarum:
1920 5023 2008 5076 sed

426 5115 622 5199 invneo
655 5136 795 5194 vivo,
827 5131 914 5201 qui
953 5134 1155 5193 praestat
1191 5121 1331 5176 nobis
1368 5119 1539 5171 omnia
1578 5116 1897 5169 abundanter
1939 5115 2007 5166 ad

426 5234 696 5310 fruendum
725 5245 740 5281 :
766 5228 939 5280 divites
957 5223 1054 5275 sint
1075 5222 1126 5271 in
1143 5215 1372 5284 operibus
1392 5211 1573 5300 bonis,
1589 5209 1737 5280 facile
1767 5209 2007 5272 tribuant,

426 5300 813 5385 communicent.
856 5318 1093 5370 Adoreus
1133 5311 1185 5362 in
1229 5305 1577 5367 muneribus;
1607 5300 1700 5356 sed
1746 5315 1849 5353 non
1883 5314 2009 5367 per-

493 5483 507 5514 ³
677 5461 811 5524 nullo
833 5469 938 5520 fere
972 5469 1196 5523 excepto,
1231 5459 1347 5520 Quia
1384 5457 1540 5521 primo
1576 5453 1708 5526 canis
1738 5458 1842 5502 erat
1878 5450 2012 5513 apud

493 5548 614 5572 ιη...
642 5549 792 5572 mum
820 5529 901 5572 ml
926 5524 1179 5572 clamando
1191 5519 1481 5572 etveniendo
1497 5517 1562 5567 ad
1585 5526 1730 5568 istum
1747 5525 1906 5572 regem
1925 5509 2012 5562 de-

427 5525 630 5609 patrem“
639 5549 795 5593 suum,
819 5529 901 5582 sed
926 5525 1179 5577 clamando
1191 5525 1481 5591 etzvem'endo
1497 5525 1561 5567 att
1585 5525 1730 5568 istum
1747 5525 1834 5576 reg.

427 5615 594 5656 οοναπι
615 5596 881 5663 facika
902 5596 947 5640 ει
969 5583 1579 5663 ξναξοξξιίξϐξειξὲἕτέίττνηεῖις·
1600 5643 1642 5663 -.
1815 5633 1834 5663 ε

494 5634 991 5722 arei
1012 5634 1143 5699 vobis
1160 5634 1572 5708 implenturXDuo,
1594 5643 1642 5690 et
1661 5637 1794 5688 nobis
1815 5634 2016 5700 itnplen-

427 5734 525 5822 ωτι.
550 5785 676 5842 1283.,
699 5779 758 5843 [εἰ
783 5773 891 5843 ipsa
922 5756 2016 5843 munerainmutabit

431 5817 676 5899 denti-1::
692 5817 1101 5898 itio'iiiuiidiiiu
1114 5817 1291 5894 (quibus
1313 5817 1450 5887 dicit,
1477 5817 1851 5887 animum,
1875 5823 2016 5870 bene-

430 5907 565 5971 dicti,
587 5914 682 5958 etc.

1647 427 1704 484 S.
1734 417 2101 482 AUGUSTINI
2132 416 2430 473 EPlSCOPl

3495 415 3686 492 *δῖε

2105 534 2241 589 dunt
2268 553 2282 589 :
2312 535 2485 589 securi
2519 546 2714 603 ponant
2742 536 2829 592 ubi
2867 551 3078 606 semper
3120 537 3406 591 int/eniam.
3453 531 3682 591 Thesau-

2104 626 2260 678 rizent
2285 625 2380 680 sibi
2404 625 2792 696 fundamentum
2818 628 3002 681 bonum
3034 628 3088 681 in
3124 630 3351 698 futurum
3371 635 3469 694 ,‘ut
3495 631 3685 698 appre-

2105 718 2329 771 [tendant
2366 733 2537 773 veram
2575 719 2728 774 vitam
2754 719 2795 793 (ι
2830 719 2961 774 Tim.
3007 721 3346 790 vt,l7-l9).
3397 718 3687 776 Adorando
3747 703 3751 706 ’

2107 808 2158 863 in
2190 810 2517 872 muneribus,
2541 811 2732 864 vultum
2762 821 2900 866 tuum
2930 811 3349 884 deprecabuntur.
3393 812 3472 867 Ad
3499 812 3685 867 Eccle-

2104 900 2238 955 siam
2277 903 2419 956 enim
2468 915 2836 970 concurrunt,
2865 913 2918 959 et
2942 905 3011 958 ibi
3055 893 3424 978 eleemosynas
3463 905 3686 961 faciunt.

2104 989 2183 1045 Ne
2209 1001 2356 1045 extra
2385 997 2532 1056 liattt,
2559 1000 2606 1045 ut
2639 1007 2738 1052 est.
2765 1013 2830 1048 ne
2856 1009 3008 1050 extra
3039 998 3192 1066 positi
3223 998 3352 1051 liaut
3371 1038 3388 1063 ,
3423 997 3474 1052 in
3502 997 3690 1054 Eccle-

2104 1081 2180 1134 sia
2235 1081 2450 1136 t'aeiant.
2506 1085 2692 1140 Vultus
2733 1088 2873 1140 enim
2925 1102 3137 1154 spOnstc
3187 1088 3345 1158 hujus
3390 1099 3446 1142 ct
3490 1089 3689 1157 regina:

2108 1173 2345 1243 proderit
2373 1175 2706 1230 facientibus.
2748 1178 3034 1246 Propterea
3067 1180 3139 1233 illi
3167 1181 3254 1249 qui
3291 1196 3377 1233 res
3401 1195 3524 1234 suas
3553 1196 3689 1234 ven-

2104 1264 2321 1331 debant,
2351 1266 2552 1320 vultum
2586 1270 2782 1339 reginze
2814 1270 2972 1336 hujus
2993 1270 3342 1340 deprecantes
3371 1272 3421 1324 in
3454 1271 3687 1324 muneri-

2104 1350 2205 1411 bus
2229 1359 2546 1423 veniebant;
2579 1373 2632 1416 et
2660 1378 2721 1415 ea
2758 1378 2877 1432 qua:
2903 1358 3212 1433 portabant,
3241 1363 3308 1416 ad
3351 1364 3511 1432 pedes
3541 1364 3688 1432 Ape-

2105 1449 2363 1518 stolorum
2395 1450 2818 1524 ponebant(Act.
2843 1467 2917 1516 tv,
2943 1451 3056 1524 51).
3088 1450 3350 1507 Fervebat
3390 1452 3606 1506 dilectio
3635 1451 3688 1504 in

2108 1539 2385 1606 Ecclesia,
2409 1544 2586 1597 vultus
2629 1553 2744 1599 erat
2784 1545 2981 1615 regina:
3034 1544 3269 1598 Ecclesia
3296 1585 3312 1609 ,
3359 1545 3537 1598 vultus
3575 1552 3689 1597 erat

2106 1633 2306 1701 regina:
2361 1638 2677 1705 obsequium
2725 1633 2951 1690 [illarum
3015 1635 3162 1706 Tyri,
3215 1634 3266 1689 id
3323 1646 3427 1698 est,
3463 1634 3689 1689 divitum

2106 1724 2442 1779 adorantium
2466 1728 2517 1778 in
2545 1728 2876 1781 muneribus.
2913 1726 3120 1780 Vultum
3166 1738 3308 1781 tuum
3335 1727 3684 1799 deprecabun-

2108 1825 2192 1870 tur
2229 1816 2404 1870 divites
2449 1817 2625 1885 plebis.
2679 1819 2743 1872 Et
2784 1822 2873 1887 qui
2909 1819 3338 1887 deprecabunttIr
3376 1819 3601 1884 vultum,
3637 1828 3688 1874 et

2107 1907 2260 1974 cujus
2321 1908 2520 1961 vultum
2589 1893 3058 1982 deprecabuntur,
3113 1923 3302 1965 omnes
3343 1924 3445 1964 una
3471 1914 3688 1979 spansa,

2107 2013 2296 2062 omnes
2345 2015 2447 2052 una
2507 2002 2708 2069 regina.
2771 2011 2943 2056 mater
2975 2000 3148 2055 etlilii
3201 2002 3361 2056 simul
3403 2010 3571 2055 totum
3623 2000 3690 2054 ad

2107 2088 2377 2153 Christum
2416 2092 2703 2159 pertinens,
2725 2093 2789 2144 ad
2820 2102 2976 2162 caput
3000 2093 3292 2160 pertinens.

2127 2219 2130 2223 -
2177 2174 2267 2237 29.
2295 2182 2404 2248 Sed
2431 2183 2549 2252 quia
2572 2184 2702 2238 liu'nt
2731 2185 2827 2238 ista
2858 2200 3020 2254 opera
3038 2197 3092 2239 et
3117 2186 3231 2239 ista:
3251 2187 3606 2256 elecmosyutn
3624 2186 3691 2244 ad

2103 2273 2412 2343 jactantiam
2439 2275 2742 2338 hominum,
2759 2275 2881 2330 inde
2908 2276 3036 2331 dicit
3063 2279 3172 2343 ipse
3195 2277 3452 2332 Dominus
3475 2296 3488 2331 :
3513 2276 3695 2332 Cavete

2109 2367 2278 2436 facere
2295 2369 2541 2440 justitiam
2569 2381 2780 2423 vestram
2801 2382 2973 2425 coram
3006 2375 3292 2426 hominibus
3322 2382 3376 2426 ut
3422 2371 3690 2427 videamini

2107 2461 2170 2514 ab
2194 2462 2264 2515 eis
2285 2460 2497 2530 (Matth.
2522 2478 2594 2527 vt,
2625 2463 2700 2528 l).
2730 2461 3012 2528 Quomodo
3045 2471 3226 2518 autem
3265 2472 3321 2518 et
3363 2463 3572 2532 publice
3596 2462 3693 2518 de-

2109 2552 2238 2607 bent
2267 2555 2380 2608 tleri
2402 2564 2620 2623 propter
2648 2554 2850 2608 vultum
2877 2569 3113 2625 sponsae,
3140 2556 3216 2608 ait
3244 2571 3259 2609 :
3291 2553 3514 2610 Luceant
3538 2570 3694 2625 opera

2109 2658 2271 2699 vestra
2285 2663 2456 2699 coram
2481 2646 2783 2709 hominibus,
2806 2659 2862 2700 ut
2901 2647 3101 2701 videant
3140 2647 3272 2701 bona
3315 2651 3452 2718 facta
3485 2656 3692 2716 vestra,

2109 2744 2156 2788 et
2171 2737 2450 2804 glorificent
2496 2736 2702 2788 Patrem
2738 2747 2954 2791 vestrum
2987 2738 3073 2806 qui
3093 2739 3146 2790 in
3192 2736 3333 2792 caelis
3371 2748 3444 2791 est
3491 2735 3604 2807 (Id.
3636 2751 3693 2803 v,

2111 2827 2201 2896 16)
2232 2845 2245 2882 :
2280 2843 2384 2881 non
2423 2837 2481 2883 ut
2526 2829 2747 2898 gloriam
2794 2840 3024 2883 vestram
3055 2829 3307 2899 quieratis
3360 2828 3413 2883 in
3444 2828 3696 2900 operibus

2109 2919 2265 2975 bauis
2315 2935 2435 2990 quae
2484 2921 2694 2990 publice
2737 2919 2930 2984 facitis,
2976 2919 3068 2975 sed
3117 2927 3174 2973 ut
3201 2919 3426 2990 gloriam
3482 2919 3599 2975 Dei.
3631 2920 3696 2975 Et

2108 3012 2230 3079 quis
2272 3012 2452 3075 novit,
2489 3011 2701 3089 inquit,
2743 3022 2921 3067 utrum
2959 3011 3184 3082 gloriam
3229 3012 3323 3066 Dei
3353 3026 3579 3082 vquzero,
3626 3026 3695 3067 an

2107 3101 2328 3171 gloriam
2351 3101 2558 3157 meam?
2584 3101 2715 3169 Quia
2738 3102 2810 3157 do
2837 3102 3052 3172 pauperi
3081 3143 3094 3166 ,
3129 3101 3353 3157 videor:
3383 3118 3488 3172 quo
3514 3103 3697 3156 animo

2109 3194 2263 3258 dem,
2292 3195 2411 3264 quis
2459 3193 2638 3249 videt?
2674 3193 2918 3250 Sttﬂlciat
2955 3195 3046 3249 tibi
3084 3195 3173 3265 qui
3209 3193 3389 3260 videt;
3422 3195 3511 3250 ille
3551 3195 3696 3250 videt

2110 3285 2196 3355 qui
2246 3283 2525 3340 retribuet.
2565 3284 2718 3340 Intus
2756 3294 2900 3338 amat
2945 3283 3038 3354 qtti
3091 3285 3235 3345 intus
3289 3284 3433 3338 videt
3478 3301 3493 3337 :
3553 3285 3696 3341 intus

2109 3389 2286 3440 amat.
2319 3381 2463 3435 intus
2510 3387 2721 3433 ametur
2761 3378 2850 3450 qui
2883 3378 3196 3433 lnterioreut
3247 3378 3371 3434 facit
3417 3386 3472 3432 et
3524 3378 3695 3449 ipsam

2111 3473 2578 3545 pulchritudinem.
2619 3470 2740 3528 Noli
2785 3471 2935 3542 quasi
2976 3471 3148 3526 oculis
3202 3468 3557 3528 estet-iaribus
3603 3471 3695 3528 de-

2109 3565 2453 3638 lectari,-quia
2465 3565 2680 3630 videris,
2711 3565 2900 3638 etquia
2930 3563 3198 3630 laudaris;
3221 3564 3438 3619 attende
3461 3564 3585 3634 quid
3612 3563 3698 3620 hic

2109 3671 2362 3731 sequatur
2398 3677 2413 3715 :
2462 3659 2641 3713 Omnis
2684 3659 2846 3730 gloria
2875 3661 2988 3725 eius
3027 3658 3153 3726 file
3197 3659 3331 3730 regis
3371 3659 3693 3713 intrinsecus.

2109 3753 2458 3808 Extrinsecus
2489 3767 2593 3805 non
2621 3752 2790 3805 solum
2817 3751 2983 3806 vestis
3001 3762 3082 3804 est
3109 3766 3268 3804 attrea
3301 3760 3355 3804 et
3381 3751 3524 3804 varia
3551 3793 3566 3818 ,
3600 3751 3694 3805 sed

2108 3844 2252 3900 intus
2282 3843 2558 3914 pulchram
2588 3843 2754 3908 novit,
2777 3843 2866 3910 qui
2896 3836 3127 3909 Speciem
3159 3841 3274 3912 ejus
3301 3843 3522 3897 amavit.
3565 3843 3696 3910 Quae

2109 3945 2236 3990 sunt
2261 3935 2512 3989 interiora
2557 3933 3002 4003 pulchrittulinis?
3029 3925 3408 3988 Conscientite.
3451 3934 3522 3988 lbi
3555 3935 3698 3989 videt

2104 4026 2370 4089 Christus,
2400 4026 2469 4079 ibi
2500 4033 2643 4079 amat
2667 4025 2911 4100 Christus
2931 4065 2945 4086 ,
2985 4021 3067 4076 ibi
3102 4023 3390 4093 “alloquitur
3414 4024 3654 4080 Christus
3679 4068 3695 4089 ,

2115 4122 2188 4174 ibi
2247 4119 2402 4189 punit
2452 4115 2717 4174 Christus.
2768 4115 3090 4170 ibicoronat
3131 4113 3399 4169 Christus.
3448 4115 3528 4170 Sit
3569 4131 3699 4183 ergo

2108 4212 2444 4281 eleemosyna
2501 4219 2586 4261 tua
2627 4207 2682 4262 in
2727 4201 2961 4270 occulit);
3006 4206 3128 4276 quia
3174 4205 3336 4259 omnis
3381 4206 3547 4276 gloria
3590 4207 3699 4277 t'jltS

2111 4301 2233 4371 ﬁlice
2257 4302 2388 4364 regis
2413 4298 2713 4352 intrinsecus
2763 4294 2827 4349 In
2869 4297 3082 4364 ﬁmbriis
3105 4296 3293 4357 aureis,
3324 4297 3700 4349 rircumamictu

2110 4394 2365 4449 varietate.
2395 4389 2736 4453 Pulchritndo
2784 4382 3100 4442 intrinsecus
3131 4407 3144 4441 :
3177 4390 3229 4443 in
3264 4387 3491 4442 ﬁmbriis
3516 4399 3696 4442 autem

2109 4485 2287 4539 aureis
2346 4483 2576 4536 varietas
2641 4480 2978 4554 linguarum.
3027 4480 3284 4539 doctrinae
3335 4478 3522 4536 decus.
3595 4478 3698 4535 Ista
3769 4483 3773 4485 ’

2110 4579 2234 4648 quid
2280 4585 2534 4649 prosunt,
2561 4575 2608 4630 si
2635 4590 2738 4628 non
2767 4577 2838 4628 sit
2859 4572 3194 4643 pulchritudo
3225 4572 3312 4626 illa
3343 4572 3701 4628 intrinsecus?

2183 4673 2270 4729 50.
2292 4670 2582 4736 Aﬂ'erentur
2623 4669 2727 4740 regi
2764 4666 2980 4736 virgines
3006 4676 3117 4734 post
3159 4681 3290 4717 eam.
3323 4663 3462 4719 Vere
3501 4662 3698 4719 factum

2112 4773 2216 4821 est.
2245 4763 2487 4831 credidit
2532 4759 2771 4816 Ecclesia
2798 4799 2812 4823 ,
2844 4757 2981 4810 facta
3015 4766 3097 4810 est
3129 4754 3365 4810 Ecclesia
3394 4769 3486 4823 per
3511 4769 3700 4809 omnes

2111 4868 2318 4927 gentes.
2347 4853 2504 4908 Modo
2541 4847 2993 4921 quemadmodum
3038 4845 3418 4915 conettpiscunt
3462 4846 3696 4916 virgines

2115 4949 2324 5018 placere
2360 4944 2433 4997 illi
2477 4942 2627 5012 regi?
2668 4938 2816 4995 Unde
2862 4935 3193 4992 incitantur?
3239 4936 3372 5001 Quia
3427 4937 3701 5005 praecessit

2115 5036 2372 5093 Ecclesia.
2419 5031 2710 5100 A/Terentur
2733 5028 2840 5100 regi
2874 5027 3089 5096 virgines
3125 5035 3238 5095 post
3263 5042 3372 5078 eam
3396 5040 3416 5078 :
3457 5026 3703 5096 proximae

2113 5132 2225 5200 ejus
2255 5125 2530 5194 afferentur
2578 5121 2686 5175 tibi.
2721 5121 2833 5174 Non
2864 5118 3006 5173 enim
3035 5131 3154 5187 quae
3179 5115 3473 5170 all'eruntur
3514 5117 3701 5170 aliena

2115 5230 2259 5284 sunt,
2288 5218 2378 5273 sed
2404 5217 2657 5284 proxima:
2682 5213 2798 5284 ejus
2818 5253 2832 5276 ,
2855 5211 2922 5265 ad
2953 5226 3071 5265 eam
3101 5210 3452 5279 pertinentes.
3486 5210 3551 5264 l‘lt
3579 5212 3700 5279 quia

2117 5298 2248 5368 dixit
2270 5355 2285 5377 ,
2314 5311 2457 5382 regi;
2485 5307 2551 5362 ad
2595 5321 2718 5362 eum
2762 5313 3054 5358 converSus
3095 5302 3267 5369 dixit,
3298 5301 3427 5355 tibi:
3457 5301 3706 5371 proximat

2116 5408 2228 5477 ejus
2256 5402 2531 5471 afferentur
2557 5398 2666 5461 tibi.

2154 5510 2156 5513 ’
2191 5501 2278 5555 51.
2297 5496 2445 5570 [vers.
2472 5490 2592 5564 '16.]
2613 5490 2901 5558 A/ferentur
2916 5488 2968 5541 in
2985 5486 3160 5542 (attitia
3177 5495 3220 5539 et
3242 5484 3595 5549 exsultatione,
3615 5487 3708 5539 ad.

2121 5593 2432 5646 ducenturin
2462 5589 2701 5657 templum
2727 5583 2878 5652 regis.
2911 5577 3189 5648 Templum
3220 5577 3358 5646 regis
3386 5578 3496 5646 ipsa
3522 5577 3705 5632 Eccle-

2121 5685 2224 5745 sia,
2252 5683 2409 5735 intrat
2431 5679 2484 5733 in
2512 5676 2766 5745 templum
2791 5673 2901 5742 ipsa
2926 5669 3183 5726 Ecclesia.
3213 5665 3365 5722 Unde
3384 5668 3712 5722 construitur

2123 5771 2406 5841 templum?
2421 5771 2494 5825 De
2507 5763 2908 5834 hominibusqni
2923 5765 3119 5818 intrant
3134 5760 3185 5813 in
3199 5758 3472 5828 templum.
3488 5757 3712 5828 Lapides

2125 5871 2227 5923 vivi
2255 5866 2343 5937 qui
2365 5872 2508 5932 sunt,
2538 5860 2640 5917 nisi
2669 5856 2851 5914 lidel'es
2879 5854 2971 5912 Dei
2996 5853 3020 5908 l
3045 5847 3372 5907 Atlducen'tur
3387 5849 3442 5904 in
3467 5849 3655 5922 templa
3667 5871 3715 5905 ut
