3978 6486
317 448 428 507 ’813

316 565 475 635 regis.
502 563 800 620 Suntenim
829 560 1058 630 virgines
1085 570 1233 614 extra
1265 559 1519 628 templum
1542 557 1700 625 regis,
1730 555 1904 608 barre-

323 660 442 712 ticzc
471 655 902 710 sanctimoniaies
934 672 947 706 :
981 661 1104 706 sunt
1130 651 1342 721 quidem
1372 650 1628 718 virgines,
1656 646 1748 701 sed
1780 644 1905 714 quid

326 746 562 815 proderit
585 752 663 801 eis
695 745 794 799 nisi
823 745 1149 798 adducantur
1182 743 1234 796 in
1263 740 1516 809 templum
1548 738 1688 807 regis
1706 737 1730 791 ’1
1749 737 1909 792 Tem-

326 842 468 915 plum
519 839 659 908 regis
705 841 756 892 in
799 838 1000 892 unitate
1044 845 1125 890 cst
1158 853 1169 888 :
1200 833 1455 903 templum
1505 832 1644 901 regis
1691 838 1910 883 nonest

326 932 632 991 ruinosam,
684 945 788 982 non
833 927 1113 982 di:cissum
1140 967 1155 989 ,
1198 939 1302 978 non
1346 923 1596 977 divisum.
1656 920 1909 975 Junctura

327 1023 560 1092 lapidum
603 1021 893 1075 viventium
927 1018 1158 1074 charitas
1188 1027 1286 1070 est.
1328 1015 1651 1068 Adducentur
1698 1014 1750 1065 in
1781 1025 1908 1064 ωηι-

327 1115 468 1184 plum
493 1115 643 1184 regis.

400 1205 486 1257 δε.
536 1203 684 1275 [νει-ε.
725 1200 834 1272 17.)
864 1199 963 1254 Pro
994 1199 1219 1270 patribus
1261 1197 1360 1252 tuis
1404 1195 1512 1249 nati
1540 1204 1657 1247 sunt
1688 1193 1776 1246 tibi
1792 1192 1905 1260 ﬁlii.

329 1295 468 1355 Nihil
496 1295 812 1349 evaleinius.
857 1290 1128 1344 Attendite
1147 1291 1256 1358 jam
1299 1289 1471 1356 ipsum
1520 1297 1772 1356 templum
1821 1303 1909 1338 rc-

330 1367 428 1456 iris,
452 1387 573 1457 quia
606 1385 726 1438 inde
758 1387 985 1453 loquitur
1017 1391 1229 1450 propter
1252 1380 1506 1434 unitatem
1530 1379 1770 1432 dill‘nsam
1800 1385 1911 1430 toto

329 1479 462 1542 orbe
505 1487 762 1530 terrarum
795 1494 808 1528 :
842 1477 958 1544 quia
1009 1475 1111 1528 illa:
1157 1489 1274 1542 qua:
1318 1473 1547 1541 virgines
1585 1487 1703 1524 esse
1735 1472 1912 1524 ioluc-

332 1579 478 1634 runt,
512 1568 609 1622 nisi
637 1567 964 1622 addut-antur
991 1566 1042 1620 in
1083 1565 1336 1632 templum
1374 1564 1535 1634 regis,
1566 1578 1762 1633 Sponsa
1796 1564 1910 1627 pla-

330 1681 456 1720 cere
487 1680 589 1718 non
615 1672 854 1732 possunt.
887 1659 991 1714 Pro
1026 1662 1252 1728 putribus
1280 1660 1377 1711 tuis
1404 1658 1513 1712 nati
1541 1644 1659 1710 sunt
1685 1655 1772 1709 tibi
1793 1656 1908 1724 ﬁh’i.

331 1744 641 1809 (tenuerunt
674 1765 724 1808 te
765 1753 1003 1821 Apostoli
1040 1769 1054 1807 :
1083 1753 1181 1820 ipsi
1225 1751 1370 1805 missi
1401 1762 1556 1814 sunt,
1589 1749 1687 1819 ipsi
1720 1744 1914 1818 prmali-

333 1857 607 1911 caverunt,
640 1845 736 1914 ipsi
765 1854 959 1912 patres.
990 1843 1095 1897 Sed
1122 1842 1375 1910 numquid
1403 1841 1680 1896 nobiseum
1711 1854 1910 1908 corpo-

335 1943 517 1994 raliter
557 1932 766 2004 semper
807 1949 926 1997 esse
974 1928 1298 2004 pomernnt‘?
1330 1932 1442 1987 Etsi
1496 1946 1630 1986 unus
1675 1922 1910 2000 ipsorum

333 2017 467 2087 dixit
490 2051 503 2086 :
532 2029 691 2100 Cupio
715 2030 918 2081 dissolvi
945 2069 960 2088 ,
985 2038 1033 2078 ct
1059 2044 1164 2078 esse
1189 2043 1303 2079 eum
1340 2022 1539 2078 Christo
1572 2025 1726 2078 multo
1751 2025 1915 2090 magis

333 2127 580 2192 Optimum
607 2129 679 2174 est
704 2136 720 2180 ;
744 2135 944 2172 manere
968 2117 1019 2170 in
1045 2133 1198 2170 carne
1236 2115 1569 2169 necessarium
1597 2125 1800 2183 prapter
1827 2131 1915 2167 vos

333 2214 594 2283 (Philipp.
625 2210 777 2274 1,23,
808 2208 923 2278 24).
962 2209 1099 2262 Dixit
1130 2207 1230 2261 hoc
1253 2208 1466 2275 quidem
1489 2247 1506 2269 ,
1537 2206 1634 2259 sed
1662 2206 1913 2277 quamdiu

335 2283 424 2361 liic
453 2320 668 2360 manere
694 2304 863 2374 potuit
889 2311 903 2353 ί
935 2300 1199 2370 Numquid
1228 2314 1396 2369 usque
1434 2300 1498 2352 ad
1537 2298 1638 2352 hoc
1665 2298 1915 2367 tempus?

333 2396 592 2467 numquid
623 2410 790 2464 usque
829 2394 878 2446 in
908 2391 1224 2462 posterum?
1251 2391 1392 2460 Ergo
1419 2390 1629 2444 illorum
1662 2390 1914 2444 abscessu

326 2492 546 2546 deserta
574 2498 654 2542 est
677 2485 952 2541 Ecclesia?
977 2484 1148 2538 Absit.
1180 2481 1286 2536 Pro
1307 2481 1529 2549 patribus
1550 2481 1647 2533 tuis
1668 2484 1774 2533 nati
1798 2491 1918 2534 sunt

331 2564 425 2637 tibi
445 2581 560 2650 ﬁlii.
589 2578 726 2646 Quid
751 2587 856 2641 est,
890 2575 995 2636 pro
1023 2573 1245 2646 patribus
1269 2573 1366 2628 tuis
1390 2574 1497 2626 nati
1514 2581 1631 2626 sunt
1659 2571 1746 2624 tibi
1773 2569 1868 2639 ﬁlii
1891 2571 1918 2626 ει

331 2676 534 2731 Patres
571 2672 716 2726 missi
747 2681 869 2728 sunt
902 2667 1140 2737 Apestuli
1169 2707 1184 2730 ,
1215 2681 1311 2734 pro
1359 2663 1630 2735 Apostolis
1675 2661 1767 2718 ﬁlii
1807 2659 1916 2716 nati

327 2775 460 2820 sunt
491 2764 617 2824 tibi.
641 2753 912 2820 constituti
953 2751 1078 2814 sunt
1116 2755 1375 2826 episcopi.
1407 2754 1574 2810 Hodie
1617 2753 1762 2808 enim
1805 2751 1921 2821 epi-

327 2859 513 2927 scopi,
535 2855 622 2924 qui
651 2864 777 2908 sunt
813 2839 1095 2921 perlatum
1125 2851 1379 2902 mundum
1407 2888 1422 2911 ,
1451 2847 1592 2900 unde
1618 2845 1726 2898 nati
1755 2843 1918 2897 sunt?

327 2950 365 3010 l;
391 2965 452 3002 sa
485 2947 719 3002 Ecclesia
764 2955 942 3016 patres
968 2943 1085 2998 illos
1110 2941 1379 3010 appellat,
1408 2939 1518 3008 ipsa
1549 2937 1668 3014 illos
1690 2937 1916 3007 genuit,

322 3057 382 3097 et
415 3043 531 3110 ipsa
551 3039 670 3093 illos
688 3035 961 3091 constituit
988 3027 1040 3088 in
1070 3034 1284 3088 sedibus
1316 3041 1540 3098 patrum.
1569 3028 1685 3084 Non
1711 3043 1836 3097 ergo
1866 3036 1919 3083 te

322 3143 493 3204 putes
528 3129 831 3192 desertam,
859 3128 980 3198 quia
1030 3141 1136 3180 non
1167 3123 1314 3176 vides
1359 3122 1611 3183 Petrum,
1638 3125 1759 3190 quia
1813 3136 1919 3174 non

317 3222 488 3277 vides
513 3221 754 3281 Paulum,
783 3217 902 3292 quia
932 3231 1038 3271 non
1065 3214 1213 3268 vides
1242 3213 1363 3268 illos
1388 3229 1481 3280 per
1507 3226 1642 3279 quos
1668 3221 1790 3265 nata
1817 3226 1876 3265 es
1901 3227 1917 3265 :

315 3295 393 3369 de
426 3311 587 3383 prole
629 3320 714 3364 tua
747 3309 838 3362 tibi
873 3307 1042 3366 erevit
1072 3304 1382 3376 paternitas.
1422 3302 1527 3357 Pro
1570 3303 1796 3373 patribus
1821 3301 1920 3355 tuis

313 3405 437 3461 nati
464 3411 588 3457 sunt
611 3400 698 3453 tibi
725 3400 818 3466 ﬁlii
841 3413 861 3452 :
880 3400 1147 3452 constitues
1175 3413 1258 3456 eos
1279 3396 1529 3464 principes
1548 3411 1700 3465 super
1721 3411 1918 3448 onmem

315 3507 545 3551 terram.
579 3491 707 3546 Vide
733 3489 986 3559 templum
1019 3502 1158 3558 regis
1185 3503 1340 3556 quam
1381 3489 1485 3540 late
1511 3487 1761 3542 diﬂusum
1787 3494 1870 3539 est
1900 3502 1914 3536 :

313 3596 377 3642 ut
410 3585 670 3640 noverint
700 3582 928 3649 virgines
952 3595 1068 3645 qua:
1095 3595 1200 3633 non
1228 3578 1562 3632 adducuntur
1589 3581 1638 3631 in
1663 3571 1914 3645 templum

308 3678 495 3748 regis,
533 3663 638 3730 nun
667 3675 811 3728 sead
841 3674 967 3726 istas
999 3675 1206 3740 nuptias
1244 3672 1526 3741 pertinere.
1560 3668 1661 3723 Pro
1690 3671 1916 3738 putribus

305 3781 422 3824 tim
451 3768 571 3822 nati
608 3775 725 3819 sunt
766 3757 852 3818 tibi
896 3764 1031 3832 ﬁlii:
1062 3764 1333 3816 constitues
1366 3778 1450 3815 eos
1490 3761 1738 3831 principes
1765 3778 1918 3820 super

303 3877 534 3917 omnem
563 3868 768 3910 terram.
811 3854 936 3910 llarc
970 3849 1053 3908 est
1080 3850 1340 3907 catholica
1369 3841 1604 3906 Ecclesia
1639 3843 1775 3905 :‘titii
1800 3869 1917 3918 ejus

302 3951 612 4009 t‘t-lls‘liltlli
650 3959 776 4004 sunt
815 3946 1082 4016 principes
1107 3961 1266 4013 super
1308 3960 1519 3997 onlnem
1565 3957 1759 3998 terrain
1785 3984 1798 4006 ,
1823 3931 1918 3998 filii

297 4065 431 4116 ejus
461 4042 747 4100 constituti
776 4047 899 4095 sunt
929 4051 1025 4109 pro
1054 4036 1309 4106 patribus.
1338 4039 1641 4102 Agnoscunt
1664 4037 1752 4117 qui
1774 4052 1917 4101 pra:-

297 4143 410 4199 cisi
465 4145 606 4192 sunt
631 4177 646 4200 ,
677 4133 891 4189 veniant
929 4130 993 4184 ad
1025 4130 1280 4184 unitatem
1308 4170 1323 4192 ,
1347 4127 1678 4181 adducantur
1705 4130 1753 4179 in
1783 4135 1916 4180 tem-

295 4236 461 4304 plum
501 4226 674 4295 rcgis.
703 4225 978 4292 Templum
1006 4236 1159 4274 suum
1195 4221 1331 4274 Deus
1361 4217 1556 4288 ubique
1586 4219 1864 4271 collocavit
1889 4259 1906 4284 ,

293 4324 678 4380 fitiidamcnta
718 4313 1100 4383 Prophetarum
1127 4321 1181 4364 cl
1207 4310 1578 4378 Apostolorum
1609 4310 1802 4378 ubique
1828 4308 1916 4361 ﬁr-

288 4415 501 4473 mavit.
583 4408 750 4464 Filios
809 4407 990 4475 genuit
1039 4404 1310 4481 Ecclesia,
1360 4401 1633 4455 constituit
1683 4415 1776 4455 eos
1821 4415 1918 4470 pro

287 4505 573 4581 patribus
600 4499 714 4554 suis
742 4497 1004 4566 principes
1032 4479 1193 4561 super
1218 4479 1428 4546 omnem
1462 4501 1676 4546 terram.

366 4598 472 4654 2,5.
525 4592 694 4666 [τετε.
742 4585 853 4659 18.)
896 4586 1144 4639 Memores
1185 4595 1329 4638 erunt
1359 4584 1575 4636 nominis
1599 4584 1671 4636 tui
1699 4581 1751 4635 in
1781 4581 1919 4638 omni

283 4684 658 4762 generatione
678 4687 724 4731 et
744 4675 1078 4747 generatione.
1108 4673 1379 4739 Promerea
1401 4671 1576 4740 populi
1602 4674 1918 4740 confitebun-

281 4761 375 4836 tur
405 4761 534 4832 tibi.
575 4767 724 4838 Quid
749 4782 874 4836 ergo
906 4765 1119 4833 prodest
1137 4763 1397 4828 conﬁteri,
1420 4772 1473 4818 et
1492 4773 1637 4818 extra
1661 4762 1917 4832 templum

275 4863 607 4928 conﬁteri?
641 4861 779 4928 Quid
803 4859 1019 4928 prodest
1045 4858 1272 4927 precari,
1297 4865 1350 4911 et
1380 4857 1430 4910 in
1454 4864 1634 4910 monte
1661 4871 1764 4910 non
1793 4872 1917 4925 pre-

271 4965 398 5023 cari
418 4964 444 5017 ιζ
493 4957 653 5012 Vuae
671 4968 804 5016 mea,
831 4951 1017 5021 inquit,
1050 4950 1117 5002 ad
1141 4948 1412 5002 Dominum
1432 4949 1664 5011 clamavi,
1687 4959 1734 5001 et
1759 4935 1918 5002 exau-

271 5063 412 5111 dtett
471 5065 568 5104 me
617 5049 690 5098 de
733 5054 901 5095 monte
937 5051 1110 5095 sancto
1144 5057 1234 5093 suo
1265 5037 1432 5118 (Psal.
1466 5057 1542 5104 ιιι,
1572 5041 1650 5113 5).
1700 5042 1776 5095 De
1812 5057 1918 5112 quo

272 5144 521 5205 monte?
559 5143 649 5196 De
676 5150 784 5206 quo
804 5131 998 5188 dictum
1019 5144 1134 5187 est:
1161 5132 1280 5186 Non
1300 5143 1457 5202 potest
1480 5134 1653 5186 civitas
1679 5135 1918 5188 abscondi

266 5255 447 5307 supra
477 5238 737 5289 montem
754 5225 1020 5279 constituta
1038 5223 1247 5295 (Matth.
1271 5240 1323 5286 v,
1351 5224 1461 5294 H).
1484 5227 1558 5278 De
1578 5241 1683 5294 quo
1704 5229 1917 5280 monte?

264 5335 457 5400 Quem
497 5309 661 5378 vidit
706 5315 888 5369 Daniel
933 5330 999 5369 ex
1040 5328 1204 5383 parvo
1227 5313 1402 5382 lapide
1427 5315 1680 5380 crevisse,
1723 5325 1776 5370 et
1804 5314 1915 5371 fre-

260 5425 423 5490 gisse
470 5411 690 5471 omnia
736 5419 894 5474 regna
939 5413 1221 5467 terrarum,
1270 5411 1325 5457 et
1358 5403 1660 5472 implevisse
1701 5418 1915 5462 omnem

263 5499 478 5568 faciem
520 5513 711 5559 terra:
752 5495 912 5554 (Dan.
942 5510 996 5558 ιι,
1038 5492 1153 5562 55).
1205 5493 1278 5547 lbi
1309 5491 1494 5548 adoret
1520 5497 1610 5563 qui
1639 5497 1914 5551 vultacei-

260 5621 428 5679 pero,
479 5603 563 5654 ibi
602 5597 768 5662 petat
794 5589 882 5656 qui
918 5585 1031 5640 vult
1058 5586 1318 5649 exaudiri,
1358 5587 1428 5640 ibi
1467 5589 1782 5642 conﬁteatur
1823 5595 1915 5656 qui

257 5675 384 5755 ﬁ,"
413 5691 530 5749 sibi
568 5679 819 5758 ignosci.
852 5675 1128 5744 Propterea
1154 5678 1330 5745 populi
1361 5678 1730 5745 conﬁtebuntur
1752 5680 1840 5731 tibi
1861 5680 1913 5734 in

257 5801 565 5845 a-terrmm.
627 5781 687 5828 el
749 5770 800 5822 in
851 5767 1090 5821 siccatum
1128 5767 1323 5821 steculi.
1368 5767 1500 5834 Quia
1530 5777 1585 5822 et
1619 5769 1669 5822 in
1697 5768 1780 5822 illa
1808 5771 1912 5825 vita

251 5892 481 5939 acterna
505 5884 635 5931 non
658 5871 776 5921 erit
799 5855 908 5924 iam
931 5857 1140 5928 quidem
1170 5857 1397 5935 gemitus
1425 5867 1783 5928 peccatorum,
1813 5862 1907 5918 sed

1412 441 1804 517 assmulo
1845 437 1909 495 tu
1946 436 2272 497 PSALMUM
2318 441 2475 497 xcv.

3493 455 3597 512 5M

2015 561 2190 606 tamen
2223 555 2272 607 in
2299 555 2491 609 divinis
2520 559 2758 611 laudibus
2788 576 3033 626 superna:
3072 562 3211 616 illius
3241 579 3304 618 ac
3327 579 3598 634 perpetuas

2013 641 2242 697 civitatis
2273 662 2377 699 non
2407 646 2578 700 deerit
2605 653 2925 717 sempiterna
2956 652 3222 709 confessio
3249 663 3405 709 tanta‘:
3431 657 3599 712 felici-

2016 734 2155 788 tatis.
2200 733 2301 802 Ipsi
2336 739 2477 791 enim
2526 739 2766 805 civitati,
2813 742 2895 795 cui
2938 743 3072 796 alius
3121 746 3354 812 psalmus
3390 757 3595 812 cantat,

2015 823 2248 880 Gloriosa
2268 825 2401 879 dictu
2425 838 2540 882 sunt
2567 829 2629 889 de
2654 838 2719 896 te,
2747 831 2919 885 civitas
2942 833 3034 885 Dei
3056 833 3224 902 (I’sal.
3256 846 3475 902 Lxxxvt,
3499 841 3557 905 ὅ)
3579 856 3597 903 ;

2017 916 2117 984 ipsi
2137 918 2695 990 sponsmeristinsi
2727 924 2923 992 regina:
2971 924 3093 979 lilia:
3123 929 3285 997 regis,
3317 940 3371 984 et
3386 931 3602 1000 αοηῇυεί

2016 1007 2184 1074 regis;
2209 1008 2330 1077 quia
2355 1011 2618 1080 principes
2643 1015 2758 1078 ejus
2784 1024 2908 1068 sunt
2941 1031 3205 1072 memores
3236 1021 3466 1074 nominis
3486 1021 3604 1089 ejus

2018 1097 2067 1150 in
2096 1099 2241 1153 omni
2271 1105 2615 1168 generatione
2641 1115 2696 1157 et
2735 1107 3097 1172 generatione,
3135 1109 3183 1162 id
3213 1117 3315 1170 est,
3349 1111 3600 1179 quamdiu

2017 1197 2252 1243 transeat
2294 1191 2395 1244 hoc
2434 1195 2710 1258 sutculuni,
2766 1198 2904 1262 quod
2954 1200 3133 1250 multis
3170 1202 3602 1267 generationibus

2014 1280 2205 1351 agitur,
2236 1294 2482 1351 gerentes
2511 1301 2606 1353 pro
2632 1289 2720 1340 illa
2756 1288 3030 1350 charitatis
3059 1307 3262 1355 curam,
3308 1304 3363 1347 ut
3393 1293 3461 1348 de
3491 1293 3612 1346 ista

2014 1373 2210 1426 saeculo
2239 1376 2458 1428 liberata
2505 1393 2556 1429 ιιι
2587 1388 2843 1430 aeternum
2877 1381 2985 1433 lico
3019 1393 3337 1451 coni-egiict;
3385 1394 3602 1451 preptrr

2018 1469 2118 1519 hoc
2163 1467 2335 1521 eidem
2388 1469 2481 1534 ipsi
2534 1471 2925 1525 conﬁtebuntur
2974 1475 3147 1542 populi
3208 1478 3258 1528 in
3315 1488 3597 1539 aeternum,

2014 1559 2312 1626 conspicuis
2337 1572 2386 1613 et
2406 1562 2696 1615 manifestis
2714 1564 2816 1615 illic
2832 1557 3081 1617 cordibus
3104 1565 3338 1617 omnium
3369 1568 3599 1634 perfecta

2015 1649 2270 1703 charitate
2292 1651 2584 1714 luniiuosis,
2617 1664 2748 1707 utse
2777 1657 3075 1710 universam
3105 1657 3406 1725 plenissime.
3434 1672 3600 1712 nove-

2017 1739 2105 1798 rit.
2134 1757 2250 1809 qua:
2290 1741 2374 1796 hic
2404 1742 2454 1796 in
2485 1744 2664 1797 multis
2704 1745 2814 1798 suis
2849 1745 3085 1814 partibus
3121 1748 3326 1801 occulta
3358 1749 3460 1802 sibi
3495 1756 3598 1802 est.

2021 1831 2170 1886 Unde
2212 1832 2556 1888 admooeniur
2594 1836 2660 1890 ab
2688 1837 2945 1905 Apostolo
2975 1838 3104 1892 nihil
3133 1849 3255 1892 ante
3279 1848 3486 1908 tempus
3508 1839 3600 1908 ju-

2018 1921 2218 1989 dicare,
2257 1923 2427 1977 donec
2455 1924 2627 1979 veniat
2665 1925 2940 1993 Dominus,
2992 1938 3047 1984 et
3083 1927 3346 1984 illuminet
3372 1930 3601 1984 abscon-

2018 2014 2124 2068 dita
2159 2017 2516 2084 tenebrarum,
2549 2030 2602 2072 et
2630 2020 2933 2074 manifestet
2951 2017 3296 2086 cogitationes
3322 2023 3520 2089 cordis,
3549 2031 3603 2076 et

2016 2110 2084 2164 sit
2129 2110 2243 2164 laus
2293 2111 2572 2172 unicuique
2618 2127 2649 2166 a
2694 2112 2805 2166 Deo
2847 2113 2889 2186 (l
2921 2112 3038 2169 Cor.
3072 2131 3143 2180 tv,
3172 2115 3250 2185 ὅ).
3299 2117 3411 2184 Ipsa
3458 2116 3601 2170 enim

2017 2211 2200 2256 saneta
2260 2202 2445 2256 civitas
2490 2203 2591 2257 sibi
2636 2203 3029 2275 quodammodo
3079 2207 3434 2274 confitebitur,
3479 2222 3600 2262 cum

2019 2293 2198 2362 populi
2223 2293 2341 2362 ejus
2370 2293 2562 2363 quibus
2588 2303 2811 2358 constat,
2861 2295 2960 2364 ipsi
2988 2296 3183 2352 civitati
3211 2298 3603 2354 eontitelnmtur

2019 2367 2074 2438 in
2097 2395 2391 2451 :eternum;
2427 2394 2482 2439 ut
2518 2401 2584 2440 ex
2609 2387 2751 2441 nulla
2789 2395 2938 2456 parte
2974 2403 3033 2442 se
3058 2389 3236 2451 lateat,
3280 2390 3422 2441 nullo
3456 2390 3508 2442 in
3542 2404 3604 2444 se

2018 2470 2282 2531 existente
2306 2475 2458 2545 cujus
2477 2463 2673 2548 aliquid
2700 2477 2880 2531 lateat.

3258 2604 3597 2617 ————-_

2429 2673 2508 2734 IN
2551 2673 2936 2739 PSALMUM
2978 2677 3148 2746 XLV

2622 2797 3035 2855 ENARRATIO.

2541 2925 2715 2966 εεωιο
2752 2929 2821 2966 Αἰ)
2859 2929 3083 2970 Ριεεεκ.

2098 3020 2148 3076 1.
2187 3019 2337 3093 (vers.
2388 3020 2459 3095 1.]
2498 3023 2614 3078 Jam
2653 3023 2908 3083 Charitati
2937 3030 3139 3086 Vestra:
3177 3035 3418 3100 qumdam
3467 3038 3603 3092 sicut

2023 3115 2295 3169 notissima
2317 3117 2600 3187 loquimur,
2619 3119 2669 3173 in
2687 3121 2878 3190 quibus
2894 3123 3163 3180 immorari
3189 3142 3288 3178 non
3311 3125 3599 3185 «labamus:

2022 3209 2143 3278 quia
2187 3224 2247 3262 ea
2287 3225 2406 3279 qua:
2442 3211 2624 3279 scitis,
2666 3213 2899 3269 breviter
2939 3221 3348 3274 commemorari
3385 3221 3600 3277 debent.

2026 3288 2187 3355 Filios
2207 3300 2345 3356 Core
2379 3317 2477 3356 nos
2512 3317 2632 3359 esse
2660 3303 3032 3375 intelligamus.
3061 3311 3430 3366 commemoro
3458 3314 3601 3368 enint

2024 3406 2118 3446 vos
2138 3391 2384 3455 scientes,
2415 3392 2552 3448 Core
2587 3395 2920 3465 interpretari
2944 3396 3258 3463 Calvitinni;
3290 3403 3602 3458 Dominum-

2024 3496 2126 3550 que
2175 3491 2437 3548 nostrum,
2494 3486 2743 3553 quoniam
2790 3485 2843 3540 in
2872 3486 3128 3543 Calvaria:
3171 3493 3288 3545 loco
3316 3494 3602 3551 cruciﬁxus

2022 3583 2104 3627 est
2128 3576 2167 3638 ¹,
2213 3575 2494 3630 adduxisse
2523 3576 2620 3630 sibi
2650 3577 2864 3644 multos,
2910 3591 3157 3651 tanquam
3190 3584 3314 3638 illud
3351 3601 3596 3663 granum,

2021 3665 2161 3733 quod
2194 3665 2292 3719 nisi
2324 3668 2695 3721 mortiﬁcatum
2717 3679 2877 3731 esset.
2903 3672 3072 3726 Solum
3096 3687 3389 3730 remanere!
3418 3676 3597 3733 (Joun.

2023 3773 2114 3820 xu,
2141 3756 2267 3828 24);
2323 3766 2378 3820 et
2420 3773 2514 3813 eos
2559 3758 2650 3829 qui
2696 3759 2906 3816 adducli
2948 3772 3102 3823 sunt.
3145 3767 3430 3834 appellatos
3465 3769 3601 3823 (ilius

2021 3851 2157 3904 Core
2187 3869 2199 3903 :
2246 3850 2345 3905 hoc
2371 3853 2420 3904 in
2451 3853 2720 3916 invsterio.
2752 3854 3010 3910 Caeterum
3058 3861 3268 3911 luerunt
3304 3861 3482 3914 nescio
3511 3863 3599 3930 qui

2023 3942 2117 3996 lilii
2135 3943 2268 3997 Core
2288 3945 2376 3997 illo
2398 3953 2652 4013 tempore,
2678 3947 2887 4015 quando
2917 3948 3012 4000 ista
3042 3952 3387 4004 cantahantur
3410 3957 3446 4024 (l
3472 3955 3597 4006 ναν.

2023 4051 2175 4098 nvr,
2208 4039 2260 4106 1)
2289 4052 2302 4088 :
2334 4037 2426 4089 sed
2471 4038 2684 4105 spiritus
2727 4054 2822 4091 nos
2853 4040 3115 4094 virilicare
3153 4042 3330 4106 delu-t,
3374 4060 3477 4097 non
3512 4044 3600 4098 lif-

2023 4137 2135 4181 tera
2168 4112 2447 4198 \°elare'(a)
2477 4129 2541 4195 (ll
2570 4133 2686 4181 Cor.
2724 4115 2904 4197 nuli).
2931 4130 3040 4184 Nos
3068 4148 3194 4201 ergo
3220 4137 3307 4188 hic
3335 4135 3599 4205 intelliga-

2023 4234 2161 4279 mus,
2189 4228 2242 4272 et
2268 4218 2439 4272 videte
2461 4220 2502 4272 si
2528 4235 2586 4272 ea
2608 4237 2724 4290 quae
2746 4231 3063 4290 sequuntur,
3090 4215 3266 4288 idest,
3295 4241 3412 4294 quze
3441 4225 3600 4281 habet

2024 4311 2207 4378 psalmi
2242 4310 2405 4379 ipsius
2430 4320 2729 4373 contextus,
2762 4325 3056 4382 eongruunt
3090 4302 3243 4368 nobis
3274 4332 3287 4368 :
3316 4327 3370 4370 et
3397 4318 3600 4372 inveni-

2021 4416 2141 4454 mus
2167 4401 2252 4455 hic
2289 4416 2408 4465 nos,
2459 4402 2502 4455 si
2544 4410 2718 4456 tamen
2769 4405 3119 4458 nilum-eamus
3167 4409 3418 4460 membris
3457 4409 3596 4478 ejus,

2023 4509 2174 4564 cujus
2225 4495 2462 4564 corporis
2503 4506 2661 4563 caput
2706 4499 2755 4548 in
2787 4497 2923 4550 (celo
2967 4509 3069 4560 est,
3115 4514 3179 4552 ex
3223 4499 3309 4552 illa
3353 4501 3599 4570 passione

2020 4587 2334 4646 ascendens,
2378 4597 2433 4639 ut
2461 4601 2554 4640 eos
2592 4589 2677 4656 qui
2707 4588 2754 4638 in
2789 4589 3080 4643 humilitate
3111 4589 3376 4656 jaeohant,
3417 4606 3597 4646 secant

2023 4675 2075 4729 in
2104 4679 2339 4730 ubertate
2367 4677 2608 4738 adducat,
2665 4681 2886 4729 t’ruetnm
2929 4682 3157 4733 terentes
3199 4680 3250 4733 in
3297 4682 3596 4737 tolerantia.

2025 4767 2232 4822 Dictum
2261 4776 2342 4820 est
2370 4777 2545 4821 autem
2572 4785 2585 4820 :
2621 4767 2680 4819 In
2709 4769 2858 4834 ﬁnem
2887 4787 2976 4830 pro
3003 4771 3120 4838 [iiiis
3145 4770 3290 4836 Core,
3316 4790 3408 4842 pro
3432 4775 3584 4828 occul.

2023 4845 2106 4919 tis,
2140 4857 2393 4911 Psalmus.
2431 4860 2706 4912 ()ceultum
2743 4869 3007 4928 estergo;
3038 4863 3131 4914 sed
3167 4863 3254 4916 ille
3285 4863 3398 4932 ipse
3425 4866 3512 4935 qui
3546 4867 3600 4928 ip

2022 4950 2279 5005 Calvaria:
2302 4950 2418 5003 loco
2442 4953 2725 5006 cruciﬁxus
2754 4961 2854 5016 est,
2896 4955 3064 5005 nostis
3090 4955 3208 5021 quia
3237 4956 3412 5009 velum
3436 4957 3593 5012 disci.

2022 5046 2119 5121 dit,
2152 5055 2206 5096 ut
2231 5043 2414 5105 templi
2456 5053 2657 5099 secreta
2689 5053 3018 5113 patescerent
3047 5046 3259 5113 (Matth.
3286 5064 3450 5116 xxvn,
3482 5050 3588 5122 51).

2023 5136 2254 5191 Proinde
2294 5137 2415 5204 quia
2460 5151 2589 5189 crux
2641 5137 2846 5190 Domini
2887 5139 3052 5192 nostri
3101 5139 3267 5194 clavis
3313 5140 3430 5201 fuit.
3495 5159 3596 5212 qua

2022 5229 2200 5283 clausa
2226 5229 2596 5296 aperirentur;
2640 5229 2917 5297 credamus
2945 5230 3247 5285 adfuturum
3271 5248 3392 5287 eum
3421 5233 3596 5301 nobis,

2024 5329 2082 5374 ut
2108 5321 2204 5372 ista
2231 5318 2438 5372 ocrulta
2467 5319 2788 5372 revelentur.
2819 5317 2884 5371 In
2911 5321 3064 5388 ﬁnem
3084 5321 3223 5391 quod
3253 5322 3429 5385 habet,
3459 5338 3598 5377 sem.

2025 5427 2118 5480 per
2143 5411 2408 5465 Christum
2458 5409 2750 5478 intelligere
2792 5409 3066 5464 debemus.
3118 5411 3263 5466 Finis
3294 5412 3426 5466 enim
3452 5413 3599 5482 Legit

2022 5501 2269 5565 Christus,
2301 5498 2368 5551 ad
2380 5499 2630 5566 justitiam
2655 5499 2792 5551 omni
2810 5498 3030 5552 credenti
3050 5499 3225 5568 (Rom.
3247 5518 3299 5564 ι,
3326 5501 3425 5571 1.).
3453 5502 3600 5572 Finis

2022 5601 2197 5646 autem
2227 5591 2435 5654 dicitur,
2481 5608 2586 5645 non
2616 5594 2736 5662 quia
2772 5591 3056 5648 consumit.
3103 5591 3196 5645 sed
3223 5593 3341 5660 quia
3369 5594 3594 5662 perlicit.

2084 5728 2099 5758 ⁸
2137 5732 2200 5794 Ita
2221 5731 2326 5794 uss.
2346 5733 2408 5794 .At
2430 5725 2559 5783 uid,
2587 5723 2937 5794 Dominamque
2949 5731 3168 5794 nosti-itm
3189 5723 3482 5791 signiﬁcare,
3512 5726 3596 5792 qui

2017 5788 2068 5842 in
2084 5786 2318 5837 (falsario:
2340 5783 2442 5835 loco
2462 5786 2726 5849 crucifixus
2747 5783 2957 5837 adduxit
2973 5786 3162 5838 multos.

2087 5870 2159 5933 (ti)
2183 5876 2341 5930 Forte,
2363 5880 2554 5918 nccare.
