3968 6342
453 312 555 372 515

452 428 584 484 Nam
609 433 665 482 et
699 423 904 480 finitum
929 422 1106 481 cibum
1148 419 1376 476 dicimus
1398 418 1487 488 qui
1520 422 1959 481 man‘ducabatur,
1989 427 2046 474 et

453 521 656 575 finitam
706 519 938 572 tunicam
975 529 1097 584 qua:
1143 516 1466 568 texebatur:
1514 508 1645 568 illud
1688 521 1754 566 ad
1793 528 2047 567 consum-

446 603 714 682 pt'iouem,
753 606 854 661 hoc
892 604 958 660 ad
981 604 1394 680 perfectionem.
1444 603 1581 669 Quia
1618 607 1748 673 ergo
1777 603 1910 658 ultra
1936 618 2045 672 quo

457 707 736 759 tendatnus
773 713 878 754 non
907 699 1184 762 habemus,
1228 711 1350 752 cum
1395 698 1461 750 ad
1486 696 1758 750 Christum
1788 710 2047 765 perteue-

455 798 642 860 rimus,
675 795 790 865 ipse
815 808 1003 850 cursus
1035 791 1200 846 nostri
1223 776 1343 845 finis
1367 789 1582 846 dicitur.
1606 787 1715 844 Nec
1743 800 1928 855 putare
1947 791 2044 844 de-

449 870 666 954 bemus,
689 887 808 958 quia
830 902 950 941 eum
974 886 1038 939 ad
1061 881 1210 940 illum
1242 879 1659 953 pervenerimus,
1692 885 1890 950 aliquid
1925 899 2044 935 atu-

459 978 598 1051 plius
621 975 876 1035 debemus
903 977 994 1032 niti
1025 987 1084 1031 ut
1103 979 1159 1030 et
1182 975 1247 1029 ad
1276 974 1486 1030 Patrem
1509 981 1902 1044 perveniamus.
1932 975 2045 1028 [ioc

458 1069 601 1127 e'nitn
647 1069 851 1140 putavit
891 1077 946 1124 et
992 1066 1288 1137 Philippus,
1339 1081 1459 1119 cum
1497 1081 1546 1118 et
1575 1065 1753 1118 dixit:
1805 1063 2040 1129 Donu‘tte,

458 1144 663 1216 ostende
687 1142 830 1216 nobis
860 1157 1085 1225 Patrem,
1112 1166 1157 1211 et
1183 1158 1361 1228 stt/ﬁcit
1388 1154 1549 1210 nobis.
1578 1155 1708 1211 Cttm
1735 1153 1865 1210 dicit
1885 1195 1901 1215 .
1932 1158 2046 1232 suf-

360 1256 362 1259 ’
457 1251 564 1323 ﬁcit
588 1249 751 1321 nobis,
781 1253 937 1330 linem
966 1251 1156 1324 qttmrit
1182 1250 1442 1306 satietatis
1470 1259 1525 1304 et
1569 1249 1930 1318 perfectionis.
1980 1238 2052 1302 Et

457 1345 566 1408 ille,
595 1354 752 1410 tanta,
780 1342 970 1413 inquit.
999 1352 1219 1412 tempore
1239 1340 1491 1394 vobiscum
1513 1355 1646 1404 sunt,
1666 1349 1712 1391 ct
1731 1354 1832 1391 non
1857 1353 2042 1405 cogno-

455 1435 593 1492 ristis
610 1453 688 1490 me
706 1436 733 1490 ?
754 1434 1012 1506 Philippe,
1035 1433 1122 1505 qui
1138 1433 1266 1488 ridet
1288 1449 1385 1497 me,
1413 1431 1541 1487 videt
1562 1440 1607 1485 et
1627 1430 1836 1486 Patrem
1859 1429 2041 1501 (Jo'tm.

458 1514 570 1595 sitv,
599 1528 653 1596 8,
676 1528 756 1599 9).
787 1523 844 1584 l'n
873 1528 966 1583 illo
992 1542 1121 1599 ergo
1147 1527 1402 1582 habemus
1427 1525 1663 1590 Patrem,
1694 1524 1818 1595 quia
1849 1525 1963 1593 ipse
1989 1511 2041 1577 in

459 1608 633 1686 tiatre,
677 1628 732 1674 et
755 1609 912 1674 Patiar
936 1617 990 1673 in
1019 1618 1158 1688 ipso,
1201 1627 1256 1674 et
1291 1616 1408 1685 ipse
1447 1617 1504 1672 et
1532 1615 1690 1672 Pater
1718 1623 1880 1670 unum
1919 1622 2045 1669 sunt

458 1709 566 1781 (tu.
591 1727 640 1775 κ,
673 1695 783 1782 50).
1885 1779 1887 1781 ,

473 1786 484 1807 ί
526 1801 581 1856 2.
623 1800 775 1875 [rem
801 1799 884 1874 2.]
931 1800 1070 1869 Quid
1103 1802 1264 1872 igitur
1304 1799 1392 1855 hic
1420 1801 1674 1854 admonet
1718 1802 1806 1865 qui
1838 1786 2038 1858 cantat,

459 1894 550 1951 ubi
599 1908 784 1949 vocem
836 1906 1072 1949 nostram
1126 1908 1415 1965 agnoscere
1454 1891 1734 1955 debemus,
1790 1908 1832 1946 st
1868 1904 2040 1945 ttuncn

464 1985 622 2054 hujus
650 1985 796 2040 vocis
823 1984 1070 2042 affectum
1113 1985 1403 2040 habemus?
1441 1999 1576 2038 Ueus
1603 2000 1770 2038 noster
1794 1983 2043 2054 refugium

458 2086 504 2131 et
525 2077 698 2137 virtus.
724 2075 858 2133 Sunt
880 2069 1122 2147 quietlam
1144 2075 1343 2146 refugia
1374 2081 1460 2130 ubi
1489 2091 1593 2130 non
1620 2086 1704 2131 cst
1721 2089 1910 2141 virtus,
1939 2092 2046 2146 quo

459 2165 684 2238 quisque
708 2182 829 2222 cum
859 2158 1072 2240 fugerit,
1111 2162 1280 2239 magis
1312 2166 1610 2222 inin-unum-
1651 2156 1809 2238 quam
1849 2151 2046 2222 contire

458 2262 651 2314 tuetur.
683 2245 955 2328 Confugis,
989 2257 1137 2315 verbi
1171 2256 1362 2328 gratia,
1407 2257 1473 2312 ad
1499 2257 1728 2327 aliquem
1765 2260 1818 2311 in
1849 2258 2047 2313 smculo

460 2365 729 2420 magnum,
758 2359 817 2403 ut
843 2347 1008 2405 facias
1040 2348 1132 2404 tibi
1171 2357 1444 2420 potentem
1478 2333 1738 2414 amicum;
1784 2347 2044 2418 refugium

461 2442 556 2498 tibi
582 2432 808 2497 videtur.
849 2440 1018 2497 Tanta
1048 2448 1228 2497 tamen
1268 2437 1425 2511 hujus
1451 2439 1634 2496 saeculi
1663 2441 1863 2496 incerta
1899 2449 2043 2506 sunt,

459 2541 515 2588 et
552 2533 624 2589 ita
671 2542 943 2604 potentum
1000 2533 1168 2588 ruina:
1216 2532 1539 2604 quotidianzn
1568 2532 1934 2598 crebrescunt,
1989 2545 2048 2595 ut

461 2638 584 2680 cum
637 2622 705 2678 ad
747 2623 852 2679 tale
903 2622 1165 2693 refugium
1197 2623 1527 2693 perveneris,
1569 2623 1690 2694 plus
1733 2625 1804 2680 ibi
1857 2624 2047 2680 timere

463 2715 702 2786 incipias.
725 2714 893 2770 Antea
921 2716 1062 2770 enim
1089 2729 1266 2771 causa:
1291 2724 1394 2788 tum
1412 2725 1616 2770 tantum
1639 2717 1893 2784 timebas;
1924 2733 2044 2772 cum

462 2821 594 2863 vero
619 2806 688 2862 ad
709 2806 871 2862 talem
899 2807 1178 2887 refugeris,
1217 2818 1272 2862 et
1298 2807 1366 2862 de
1391 2807 1484 2862 illo
1513 2808 1606 2862 tibi
1637 2808 1869 2863 timebis.
1899 2810 2046 2865 Multi

462 2900 606 2954 enim
633 2913 755 2956 cum
805 2899 870 2953 ad
905 2899 1029 2956 talia
1075 2900 1275 2970 refugia
1313 2901 1695 2971 confugissent,
1734 2901 2048 2958 eadeutibus

465 2991 570 3046 illis
605 2991 671 3046 ad
713 3005 849 3063 quos
875 2986 1246 3061 confugerant,
1277 3002 1339 3065 ct_
1361 2992 1460 3063 ipsi
1486 2995 1693 3064 quatsiti
1719 3003 1884 3053 sunt:
1911 3009 2048 3067 quos

467 3096 625 3138 nemo
648 3089 930 3150 quzereret,
957 3076 1004 3137 si
1029 3097 1134 3137 non
1162 3081 1230 3136 ad
1260 3083 1383 3136 talia
1409 3085 1791 3154 confugissent.
1821 3085 1936 3141 Non
1965 3081 2050 3142 est

467 3169 726 3246 refugium
760 3180 1004 3232 nostrum
1036 3171 1159 3240 tale,
1187 3171 1281 3232 sed
1305 3171 1567 3248 refugium
1597 3185 1837 3234 nostrum
1874 3178 2048 3239 virtus

465 3269 569 3325 est.
599 3265 730 3323 Cum
762 3268 886 3324 iltuc
911 3267 1328 3339 confugerimus,
1361 3267 1499 3324 ﬁrmi
1525 3270 1750 3326 erimus.

537 3360 591 3416 ‘5.
619 3345 899 3430 Adjutorin
917 3357 1322 3414 tribulationibus
1339 3359 1858 3431 quainveneruntnos
1877 3362 2045 3416 nimis.

466 3451 643 3507 Multa:
673 3461 800 3507 sunt
823 3442 1225 3517 tribulationes,
1265 3459 1322 3506 et
1359 3451 1415 3506 in
1449 3451 1594 3506 omni
1619 3451 1958 3508 tribulatione
1979 3454 2048 3509 ad

470 3543 631 3620 Deum
657 3541 1063 3612 confugiendum
1084 3551 1199 3597 est:
1222 3542 1335 3596 sive
1362 3541 1433 3596 sit
1456 3541 1724 3596 tribulatio
1739 3542 1794 3596 in
1813 3557 1872 3598 re
1899 3541 2051 3596 fanti-

469 3628 604 3699 liari,
623 3633 733 3691 sive
744 3633 874 3688 sitiu
895 3633 1065 3688 salute
1083 3632 1346 3703 corporis,
1364 3622 1563 3690 sive'dc
1583 3631 1819 3704 periculo
1833 3625 2051 3691 carissi-

469 3743 696 3793 tuorum,
730 3726 844 3784 sive
866 3725 936 3781 de
957 3726 1132 3795 aliqua
1155 3741 1213 3780 re
1226 3724 1294 3780 ad
1315 3725 1472 3792 hujus
1489 3726 1610 3781 vitte
1630 3727 2048 3784 sustentaculum

466 3819 788 3880 necessaria,
809 3817 1028 3873 omnino
1043 3816 1189 3873 aliud
1215 3818 1474 3888 refugium
1507 3832 1611 3870 non
1635 3818 1793 3874 debet
1808 3832 1928 3876 esse
1949 3820 2049 3872 bo-

470 3908 599 3968 tninl
617 3901 908 3968 christiano
925 3922 1082 3981 quam
1106 3906 1352 3964 Salvator
1377 3907 1512 3980 ejus,
1552 3924 1714 3981 quam
1745 3910 1885 3966 Deus
1912 3910 2048 3980 ejus,

467 4017 574 4074 quo
594 4016 716 4069 eum
728 3999 1036 4073 confugerit,
1054 3998 1208 4058 fortis
1219 3999 1305 4054 sit.
1325 3997 1441 4055 Non
1459 4001 1601 4056 cuitu
1621 4001 1733 4070 ipse
1755 4001 1807 4057 in
1823 4017 1882 4058 se
1898 3999 2051 4060 furtis

469 4093 588 4157 erit,
604 4091 803 4151 autsibi
821 4091 936 4162 ipse
947 4089 1205 4148 fortitudo
1219 4092 1339 4155 erit;
1359 4091 1449 4148 sed
1470 4092 1558 4146 ille
1578 4092 1648 4146 illi
1667 4091 1914 4149 fortitudo
1924 4081 2050 4160 erit,

467 4187 558 4257 qui
585 4183 846 4257 refugium
867 4182 983 4256 ejus
1007 4182 1175 4241 factus
1202 4194 1304 4240 est.
1330 4181 1730 4249 Verumtamen,
1764 4184 2048 4250 rarissimi,

469 4281 606 4334 inter
647 4290 833 4331 omnes
875 4273 1242 4331 tribulationes
1273 4274 1518 4330 humanm
1553 4276 1766 4337 anitum,
1801 4277 1944 4331 nulla
1968 4284 2052 4331 est

466 4371 637 4439 major
665 4365 933 4423 tribulatio
961 4382 1119 4436 quam
1147 4367 1470 4421 conscientia
1503 4367 1839 4421 delictorum.
1885 4367 2050 4421 Natu-

468 4477 571 4531 que
595 4461 641 4514 si
666 4458 734 4513 ibi
757 4459 948 4512 vulnus
971 4473 1074 4512 non
1103 4459 1196 4524 sit,
1227 4472 1521 4528 sanumqne
1556 4459 1626 4512 sit
1655 4460 1798 4512 intus
1819 4461 2051 4514 hominis

468 4552 606 4622 quod
654 4551 982 4606 conscientia
1025 4561 1274 4614 vocatur;
1333 4552 1651 4621 ubicumque
1696 4554 1818 4606 alibi
1865 4568 2050 4614 passus

468 4646 627 4700 fuerit
667 4641 1052 4709 tribulationes,
1104 4644 1228 4698 illuc
1269 4645 1557 4716 confugiet,
1608 4655 1662 4700 et
1703 4646 1769 4699 ibi
1820 4647 2051 4705 inveniet

468 4737 654 4791 Deum.
700 4734 758 4789 Si
801 4745 978 4790 autem
1024 4734 1096 4790 ibi
1127 4736 1339 4809 requies
1378 4752 1484 4793 non
1513 4745 1596 4792 est
1639 4749 1851 4814 propter
1879 4743 2048 4796 abun.

468 4826 699 4879 dantiatu
746 4824 1060 4895 iniquitatis,
1117 4825 1366 4897 quoniam
1415 4834 1468 4884 et
1510 4826 1576 4884 ibi
1619 4827 1756 4884 Deus
1799 4844 1901 4884 non
1931 4842 2044 4891 est:

466 4914 589 4986 quid
616 4907 849 4989 facturus
873 4924 956 4968 est
981 4914 1174 4969 homo?
1207 4930 1314 4988 quo
1351 4915 1638 4986 confugiet,
1667 4932 1785 4972 eum
1826 4924 2047 4991 cuipcrit

468 5006 575 5079 pati
614 4993 1017 5062 tribulationes?
1069 5004 1256 5076 Fugiet
1297 5005 1364 5063 ab
1413 5021 1540 5075 agro
1584 5006 1649 5064 ad
1685 5008 1970 5071 civitatein,
2019 5027 2048 5067 a

469 5096 677 5168 publico
704 5096 771 5154 ad
796 5095 1032 5159 domum,
1065 5111 1093 5150 τι
1120 5097 1280 5151 doma
1306 5098 1355 5153 in
1384 5097 1705 5165 cubicultttu,
1731 5108 1786 5153 et
1809 5103 2051 5174 sequitur

469 5188 753 5242 tribulatio.
794 5191 833 5247 Δ
862 5190 1103 5245 cubiculo
1125 5192 1232 5260 jam
1261 5204 1365 5259 quo
1395 5181 1562 5248 ftmiat
1587 5206 1690 5248 non
1719 5193 1896 5256 habet,
1947 5194 2045 5251 nisi

471 5295 520 5331 tn
550 5281 771 5332 itttcrius
820 5280 995 5335 cubile
1044 5295 1218 5334 suum.
1269 5277 1432 5337 I‘orm
1463 5283 1506 5336 si
1556 5280 1628 5339 ibi
1661 5285 1914 5340 tumultus
1941 5297 2045 5353 est,

468 5371 511 5423 si
551 5369 724 5426 fumus
765 5371 1072 5446 iniquitatis,
1124 5370 1166 5424 si
1208 5373 1419 5430 liantttttt
1468 5376 1707 5438 sceleris,
1777 5391 1882 5433 non
1924 5377 2049 5436 iuno

467 5472 644 5536 potest
683 5465 1010 5536 confugere;
1066 5465 1278 5534 pellitur
1302 5467 1462 5540 inde;
1509 5479 1562 5528 et
1592 5483 1710 5526 cum
1746 5469 1868 5526 inde
1896 5473 2046 5540 petii.

468 5568 576 5625 tur,
601 5571 630 5610 a
660 5559 836 5633 seipse
863 5556 1090 5632 pellitur.
1141 5558 1201 5620 Et
1237 5573 1363 5617 ecce
1403 5560 1608 5620 hostem
1645 5575 1797 5617 suum
1826 5564 2046 5634 invenit,

463 5663 573 5716 quo
615 5647 964 5718 confugerat:
1013 5650 1245 5718 seipsuttt
1287 5666 1392 5719 quo
1439 5654 1696 5723 fugiturus
1739 5656 1862 5708 est?
1900 5658 2046 5720 (luo-

465 5751 692 5809 cutnquc
738 5738 948 5814 fugerit,
997 5757 1056 5800 se
1105 5742 1262 5796 trahit
1305 5755 1426 5814 post
1473 5764 1560 5805 se:
1611 5761 1662 5806 ct
1713 5765 2046 5820 quocumque

1699 303 1758 359 s.
1793 269 2160 360 'Auccsttxt
2206 301 2500 360 rptscort

3643 313 3742 370 516

2158 421 2313 502 talem
2348 427 2569 502 traxerit
2601 440 2683 487 se,
2739 425 2940 483 cruciat
2968 440 3028 480 se
3055 422 3123 483 de
3145 441 3224 481 se.
3275 426 3406 496 ipsa:
3425 439 3549 482 sunt
3575 433 3741 484 tribu-

2151 501 2412 568 lationcs’
2452 501 2874 584 qum'invemunt
2903 519 3174 573 hominem
3195 518 3395 574 nimis:
3435 522 3740 576 acerbiores

2148 605 2290 660 cnitn
2333 621 2440 660 non
2473 616 2598 662 sunt
2628 624 2642 661 :
2695 617 2841 662 tanto
2872 623 2976 662 non
3003 617 3130 664 sunt
3168 611 3498 678 acerbioreS.
3541 619 3757 682 quattto‘

2152 710 2257 749 non
2285 708 2409 750 sunt
2435 698 2732 751 interiores.
2767 697 2976 764 Videte,
3005 700 3304 766 carissimi,
3332 717 3458 756 cum
3481 684 3617 756 ligna
3643 707 3758 758 αις-δ

2146 790 2404 858 jiciuntur
2427 791 2447 820 ³
2477 798 2534 844 et
2565 788 2857 858 probantur
2882 806 2910 842 a
2939 792 3099 845 tauris
3121 791 3445 862 {aliquando
3472 795 3524 846 in
3550 808 3736 861 super-

2151 880 2269 933 licie
2322 878 2571 934 videntur
2621 895 2772 950 quaSI
2821 887 2944 935 laesa
2989 891 3043 936 et
3090 881 3316 949 putria:
3361 883 3513 938 faber
3563 895 3738 938 autem

2151 970 2364 1033 inspicit
2412 980 2662 1042 tanquam
2710 971 2997 1026 medullam
3057 974 3365 1028 interiorem
3409 973 3556 1044 ligni,
3600 986 3657 1030 et
3694 977 3737 1029 si

2148 1078 2277 1116 sana
2314 1064 2536 1116 interius
2579 1063 2717 1130 ligna
2743 1066 3076 1132 regnaverit,
3108 1065 3372 1134 promittit
3399 1078 3459 1119 ea
3489 1065 3542 1118 iu
3569 1064 3738 1118 militi-

2149 1167 2235 1207 eto
2263 1157 2553 1218 duratura;
2589 1171 2688 1208 nec
2719 1154 2870 1207 valde
2895 1153 2998 1209 erit
3028 1143 3095 1208 de
3129 1155 3411 1225 superficie
3441 1153 3565 1210 laesa
3588 1157 3739 1209 solli-

2147 1253 2304 1320 citus,
2349 1245 2559 1315 quando
2589 1244 2637 1296 irl
2669 1246 2811 1314 quod
2860 1248 3081 1300 interius
3111 1256 3196 1302 est
3232 1261 3420 1302 sanum
3451 1252 3732 1303 renuntiat.

2148 1321 2316 1408 fiorro
2371 1341 2567 1407 bonum
2625 1335 2847 1391 interius
2906 1339 3234 1392 conscientia
3275 1353 3381 1392 non
3427 1338 3737 1396 invenitur:

2146 1425 2271 1498 quid
2301 1427 2458 1497 igitur
2485 1427 2722 1496 prodest,
2765 1431 2808 1480 si
2846 1429 2989 1496 quod
3020 1439 3104 1482 est
3140 1433 3379 1483 t'\'t.8l'lllS
3407 1444 3594 1484 sanum
3633 1440 3736 1496 est,

2146 1528 2202 1595 et
2232 1520 2523 1588 putrefacta
2564 1529 2648 1575 est
2681 1505 2908 1574 medulla
2961 1525 3303 1575 conscientia:
3327 1527 3350 1572 ‘t
3391 1516 3563 1576 Arche
3601 1524 3749 1590 istae,-

2147 1618 2202 1666 ct
2249 1611 2593 1666 vehementes
2643 1613 2882 1674 omnino,
2941 1621 2995 1666 et
3023 1614 3160 1668 sicut
3198 1614 3436 1674 psalmus
3484 1616 3599 1690 ipse
3642 1613 3735 1681 ait,
3790 1654 3793 1655 ν

2146 1705 2326 1760 nimia:
2379 1706 2744 1761 tribulationes
2792 1718 2958 1783 sunt;
3008 1718 3187 1765 tamen
3231 1718 3287 1766 et
3330 1712 3382 1767 in
3423 1710 3506 1766 liis
3530 1711 3749 1782 adjutor-

2148 1798 2317 1853 factus
2363 1807 2448 1854 est
2497 1791 2752 1854 Dominus
2800 1798 3117 1854 dimittenda
3155 1791 3389 1871 peccata.
3435 1797 3738 1873 lniqttOrutu

2147 1892 2289 1946 enim
2316 1891 2672 1948 conscientias
2697 1907 2802 1949 non
2829 1901 2983 1951 sanat
3007 1893 3107 1954 nisi
3136 1894 3483 1952 indulgentia.
3511 1895 3570 1950 Si
3595 1895 3747 1949 enitu-

2149 1999 2365 2052 magnas
2389 1983 2756 2062 tribulationes
2787 1983 2982 2040 habere
3001 1999 3061 2040 se
3080 1984 3207 2038 dicit
3233 1985 3442 2040 debitor
3469 1987 3580 2040 tisci
3605 1999 3737 2041 con-

2151 2077 2320 2131 fessus
2334 2075 2376 2140 ³,
2412 2086 2467 2134 et
2494 2077 2706 2133 intuens
2739 2077 3012 2147 angustias
3043 2079 3116 2131 rei
3153 2077 3428 2132 familiaris
3455 2093 3588 2143 suae,
3614 2093 3736 2134 cum

2148 2182 2208 2223 se
2225 2156 2370 2220 videt
2389 2184 2492 2222 non
2517 2182 2674 2234 posse
2697 2183 2819 2223 esse
2839 2169 3096 2222 solvendo
3118 2185 3133 2228 ς
3163 2181 3378 2238 propter
3401 2170 3739 2225 imminentes

2148 2271 2293 2311 omni
2323 2272 2464 2312 anno
2490 2259 2876 2326 catttpulsores.
2907 2259 3277 2316 tribulatiottes
3299 2275 3518 2331 magnas
3544 2276 3605 2317 se
3634 2257 3745 2332 pati

2148 2349 2297 2412 dicit,
2349 2362 2450 2405 nec
2477 2365 2698 2420 usquam
2744 2350 2974 2421 respirat
3008 2353 3106 2405 nisi
3154 2353 3205 2405 in
3253 2367 3349 2422 spe
3393 2353 3745 2423 indulgentiar

2149 2455 2328 2493 rerum
2358 2429 2688 2501 terrenarum
2706 2439 2730 2472 ι
2755 2458 2768 2492 :
2809 2449 3008 2510 quanto
3039 2444 3209 2511 magis
3232 2445 3444 2499 debitor
3466 2458 3737 2513 pomi-arum

2149 2526 2218 2582 de
2251 2532 2572 2583 abundantia
2606 2529 2943 2595 delictorum,
2979 2530 3192 2602 quando
3245 2533 3433 2589 reddet
3459 2535 3601 2603 quod
3642 2535 3736 2591 deo

2151 2621 2241 2672 bet
2277 2633 2342 2672 ue
2377 2622 2514 2674 mala
2542 2619 2886 2682 conscientia,
2935 2623 3150 2688 quando
3199 2624 3583 2679 si'reddtderit
3628 2627 3739 2696 ipse

2149 2708 2325 2778 perit?
2355 2704 2466 2792 Hoc
2504 2710 2646 2765 enim
2690 2711 2926 2788 debitum
2955 2699 3200 2781 reddere,
3224 2729 3428 2791 prunas
3460 2715 3608 2774 luere
3635 2731 3733 2774 εει.

2149 2801 2339 2859 Restat
2366 2815 2495 2872 ergo
2522 2811 2580 2856 ut
2615 2801 2685 2858 de
2714 2803 2881 2873 ipsius
2907 2803 3227 2873 indulgentia
3266 2806 3441 2862 securi
3468 2821 3590 2863 esse
3616 2812 3736 2877 pits-

2149 2893 2362 2961 simus:
2407 2897 2454 2948 si
2501 2907 2677 2954 tamen
2702 2906 2918 2964 accepta
2965 2895 3292 2968 indulgentia
3329 2899 3738 2959 nonrursusad

2150 2984 2328 3041 debita
2351 2985 2712 3041 contrahenda
2739 2986 3041 3043 redeamus.
3152 3058 3154 3060 ν

2221 3078 2275 3131 4.
2314 3077 2404 3133 Isti
2433 3093 2561 3149 ergo
2592 3077 2685 3133 filii
2710 3077 2849 3134 Core
2872 3084 3095 3136 fortasse
3117 3080 3482 3152 intelliguntur
3502 3097 3622 3136 esse
3640 3081 3735 3148 illi,

2149 3162 2344 3243 quibus
2382 3170 2588 3228 locutus
2630 3184 2711 3229 εει
2757 3173 2946 3224 ίιυιι-ιις
2983 3171 3036 3226 in
3076 3173 3297 3247 Actibus
3337 3174 3736 3250 Apostolorum.

2149 3281 2273 3321 cum
2308 3266 2497 3320 intenti
2525 3266 2648 3329 facti
2687 3277 2870 3323 essent
2890 3269 2958 3322 ad
2989 3267 3539 3338 mirabiliaadventus
3563 3268 3741 3344 Spiri-

2153 3367 2238 3412 tus
2261 3365 2466 3425 sanctt,
2490 3372 2615 3414 cum
2641 3373 2829 3416 omnes
2860 3361 2911 3414 in
2937 3375 3072 3430 quos
3107 3360 3543 3434 vettcratlingttis
3561 3363 3729 3420 omni-

2151 3451 2252 3505 bus
2304 3453 2667 3524 loqitercntur.
2717 3452 3065 3507 Annuntittvit
3108 3453 3252 3510 enim
3291 3453 3396 3510 illis
3440 3451 3732 3522 Christum,-

2152 3555 2273 3594 eutu
2293 3540 2384 3608 qui
2407 3549 2550 3596 tanta
2567 3540 2823 3610 potuistzet
2835 3542 3092 3598 mittendo
3107 3540 3358 3622 Spiritum
3375 3557 3642 3615 sanctum.
3662 3547 3737 3603 Illi

2153 3647 2310 3697 quem
2337 3632 2437 3702 ipsi
2465 3633 2835 3691 crucifixcraut
2858 3648 3100 3690 ltlttllllme
3122 3639 3254 3705 suis,
3269 3638 3563 3708 cogitantes
3576 3654 3736 3711 quam

2152 3712 2565 3791 enutetuptibitls
2578 3733 2738 3780 esset.
2755 3738 2876 3779 eum
2888 3724 2958 3780 ab
2969 3726 3048 3781 eis
3061 3726 3412 3798 occideretur,
3429 3743 3587 3800 quam
3599 3733 3739 3787 altus

2153 3823 2208 3864 et.
2236 3817 2478 3868 excelsus
2488 3814 2626 3885 apud
2642 3816 2806 3881 Deum
2827 3813 2998 3872 factus
3015 3828 3177 3881 esset,
3200 3818 3289 3894 qui
3305 3819 3501 3891 Spiritu
3517 3823 3740 3897 sancto'

2156 3915 2345 3980 tutotas
2373 3905 2637 3973 impleret.
2663 3912 2714 3961 et
2745 3907 2947 3976 linguas
2974 3908 3251 3966 infantium
3270 3908 3467 3969 facet-ct
3485 3911 3737 3983 disertae,

2154 3996 2458 4053 emuntutcti
2478 3999 2657 4065 corde,
2681 4000 2954 4053 dixerunt:
2984 4000 3118 4064 Quid
3139 4000 3418 4072 faciemus?
3444 4000 3564 4059 Istat
3587 4014 3740 4061 erant

2155 4087 2331 4143 nimia:
2362 4084 2745 4155 triliniationcs,
2783 4103 2901 4159 quae
2931 4087 3050 4143 illos
3073 4089 3412 4161 invenerant.
3447 4091 3562 4149 Non
3593 4091 3740 4151 enim

2157 4177 2254 4251 ipsi
2284 4177 2600 4232 invetwrunt
2631 4185 2845 4248 peccata
2874 4191 2992 4239 sua,
3035 4179 3131 4235 sed
3165 4181 3378 4238 inventa
3417 4182 3470 4239 in
3497 4200 3575 4238 eis
3617 4195 3742 4246 sunt

2155 4266 2661 4322 commemoratione
2687 4271 3089 4338 Apostolorum.
3115 4271 3240 4326 ideo
3264 4270 3580 4332 invenerunt
3621 4251 3743 4332 illos

2159 4357 2543 4422 tt-ibulationes,
2575 4374 2679 4415 non
2712 4360 2811 4429 ipsi
2841 4360 3158 4420 invenerunt
3177 4363 3575 4422 tubulationes.‘
3604 4368 3739 4422 Nam

2154 4449 2366 4518 qnattdo
2393 4464 2509 4507 Siue
2533 4450 2758 4516 alicuius
2785 4451 3145 4521 admonitione
3168 4454 3282 4524 ipse
3308 4455 3469 4512 hoino
3496 4460 3745 4517 consido-

2155 4550 2238 4596 rat
2266 4539 2459 4597 factum
2482 4556 2658 4606 suum,
2689 4549 2745 4598 et
2764 4553 2914 4612 rogat
2933 4543 3121 4615 Deum,
3143 4543 3266 4616 quid
3292 4534 3463 4605 dicit?
3501 4546 3739 4613 Tritici/tt;

2156 4633 2339 4689 tionem
2383 4643 2430 4688 et
2465 4631 2688 4691 dolorem
2718 4634 2903 4699 inveni,
2958 4643 3004 4691 et
3042 4651 3222 4693 nomen
3265 4635 3474 4697 Domini
3512 4639 3743 4700 invocavi

2156 4720 2326 4794 (Paul.
2351 4739 2492 4792 CXIV,
2519 4723 2573 4790 '5,
2595 4724 2675 4796 ει).
2706 4724 2819 4780 Alia
2845 4735 2926 4782 est
2951 4741 3080 4798 ergo
3108 4729 3375 4786 tribulatio
3397 4746 3560 4804 quam
3583 4742 3635 4788 tu
3662 4735 3744 4790 in~

2153 4828 2324 4882 venis,
2346 4814 2446 4870 alia
2466 4829 2594 4888 qum
2620 4823 2670 4871 te
2691 4816 2911 4872 invenit.
2943 4816 2998 4875 ln
3030 4828 3254 4893 utraque
3275 4823 3590 4891 tamett‘sive
3617 4841 3743 4899 qua

2157 4915 2207 4964 te
2238 4905 2454 4973 invenit,
2480 4907 2593 4964 sive
2615 4922 2770 4981 quam
2804 4915 2856 4964 tu
2883 4908 3109 4973 invenis,
3158 4918 3213 4966 ut
3244 4921 3524 4986 utramque
3547 4914 3739 4990 depel-

2156 4998 2245 5059 lat,
2300 4999 2387 5056 ille
2423 4997 2688 5080 rogandus
2722 5008 2806 5055 est
2830 4999 2917 5071 qui
2958 5011 3040 5056 est
3065 4999 3277 5074 adiutor
3301 5006 3353 5061 in
3381 5001 3740 5063 tribulationi-

2156 5090 2271 5146 bus.
2301 5088 2433 5148 Nam
2464 5097 2516 5144 et
2543 5089 2632 5148 ille
2655 5103 2776 5146 cum
2807 5089 3088 5160 ltit’eturet,
3123 5093 3224 5151 hoc
3247 5092 3397 5162 dixit,
3453 5090 3519 5152 Et
3558 5115 3739 5156 item

2217 5268 2252 5339 '_
2269 5267 2557 5339 §ic.in_.l\tss.
2593 5273 2657 5339 _At
2694 5267 2746 5321 in
2777 5267 2912 5331 ωδ..
2950 5276 3249 5339 Quacumque
3267 5271 3456 5339 .ptgertt
3485 5277 3739 5339 se,_,tah:m

2153 5327 2301 5396 trahit
2320 5327 2495 5396 postea
2519 5340 2538 5382 :
2559 5333 2607 5381 et
2627 5327 2920 5396 quocumque
2942 5327 3087 5386 totout
3108 5327 3315 5391 traxerit
3330 5327 3421 5396 "se,
3445 5327 3630 5389 cruciat
3665 5327 3734 5390 si;

2153 5392 2246 5457 564
2267 5389 2472 5457 “ﬁcit!”
2487 5396 2592 5455 ﬁt"!
2610 5389 2956 5457 ιΐὲυαιςιεέόπμο
2975 5400 3072 5447 οω-

2220 5443 2240 5516 f
2271 5443 2356 5516 sle:
2380 5443 2493 5516 itas.
2511 5453 2565 5506 At
2587 5443 2720 5516 ωιι.
2740 5443 3065 5516 militiai;

2219 5515 2241 5578 ἦ
2271 5513 2559 5578 Qubtdeoiut
2579 5513 2988 5578 ιιβςητοηῖοδδω.
3022 5523 3141 5576 Duo,
3163 5517 3401 5578 conpara.
3434 5519 3573 5578 Tres,
3606 5533 3738 5571 (ωη-

2153 5573 2630 5683 ειςξῒεέἔὶιέιιὲειεςιηιί
2661 5573 2782 5625 vero
2811 5573 2994 5627 habent
3021 5585 3077 5627 ut
3109 5573 3157 5626 iu
3181 5573 3313 5640 κω,
3339 5573 3621 5643 carminata:
3647 5594 3739 5634 nec

2191 5651 2201 5682 Ι
2241 5671 2252 5681 .
2472 5667 2486 5681 ο

2155 5648 2315 5684 minus
2334 5648 2486 5684 bene.

2217 5697 2241 5791 ζ
2551 5703 2677 5757 Mss,
2712 5709 2884 5763 regum
2905 5705 3223 5751 terrenarum.

2273 5764 2399 5816 uss,
2420 5771 2521 5808 suo.
