3968 6346
406 377 507 436 51⁸7

394 1049 490 1102 est,
522 1054 678 1109 quem
710 1052 806 1092 nos
834 1037 1144 1101 occidimus,
1177 1049 1274 1088 nos
1302 1035 1386 1087 ubi
1409 1034 1646 1088 erimus?
1674 1033 1739 1085 Et
1763 1033 1968 1098 Petrus,

394 1130 537 1203 Agite
558 1129 919 1197 penitentiam,
948 1136 994 1204 et
1018 1126 1296 1193 baptisetur
1325 1124 1658 1193 unusquisque
1676 1133 1891 1175 vestrum
1917 1123 1970 1174 in

392 1219 592 1272 nomine
615 1218 816 1271 Domini
841 1217 998 1270 nostri
1026 1215 1150 1270 Iesu
1180 1214 1384 1276 Christi,
1431 1223 1476 1266 et
1497 1213 1815 1266 dimittuntur
1834 1211 1969 1265 vobis

390 1318 594 1374 peccata
617 1320 776 1362 vestra
800 1307 934 1379 (Act.
967 1323 1024 1370 tt,
1052 1307 1104 1369 6,
1129 1306 1219 1368 37,
1395 1303 1532 1356 Nihil
1561 1302 1700 1356 enim
1726 1301 1827 1354 hoc
1849 1316 1968 1370 pec-

389 1413 508 1457 cato
533 1401 745 1472 gravius
766 1403 997 1470 cogitare
1027 1407 1327 1468 potuerunt.
1352 1396 1504 1463 Quod
1533 1394 1746 1466 gravius
1773 1409 1963 1462 pecca-

391 1503 499 1550 tum
549 1493 696 1562 trgri,
741 1508 901 1562 quam
945 1489 1134 1545 medici
1186 1487 1519 1544 interfectio?
1581 1486 1704 1555 quid
1753 1487 1966 1555 gravius

389 1595 562 1652 potest
593 1599 734 1653 aeger
756 1583 946 1647 facere,
990 1598 1146 1652 quam
1177 1581 1222 1636 si
1253 1580 1514 1634 medicum
1545 1595 1696 1632 suum
1725 1579 1964 1634 occidat?

385 1676 516 1746 Cum
563 1674 663 1728 hoc
699 1674 1001 1738 dimittitur,
1051 1673 1175 1742 quid
1221 1687 1325 1724 non
1379 1670 1701 1725 dimittitur?
1741 1669 1822 1724 Ab
1873 1670 1964 1724 illo

385 1783 514 1833 ergo
566 1767 647 1819 cui
692 1766 889 1820 dictum
925 1773 1028 1830 est,
1072 1764 1337 1834 ltefugium
1363 1767 1602 1827 etrirtus,
1645 1770 1964 1828 acceperunt

385 1876 629 1929 magnam
671 1859 1025 1913 securitatem.
1060 1857 1353 1927 Baptizatur
1385 1857 1727 1926 unusquisque
1743 1864 1960 1909 vestrum

381 1954 436 2005 in
463 1955 661 2005 nomine
685 1952 884 2006 Domini
909 1953 1064 2004 nostri
1081 1950 1205 2004 Iesu
1232 1949 1418 2004 Christi
1443 1966 1460 2003 :
1509 1951 1558 2002 in
1587 1948 1724 2002 illius
1747 1949 1960 2002 nomine

381 2059 543 2112 quem
567 2043 855 2108 occidistis,
885 2041 1244 2112 baptizamini,
1271 2050 1318 2095 et
1339 2041 1658 2096 dimittuntur
1677 2041 1811 2093 vobis
1838 2056 1956 2108 pec-

381 2145 695 2210 eatorestra.
734 2135 993 2190 Medicum
1024 2133 1102 2189 vel
1144 2143 1324 2204 postea
1351 2133 1690 2203 cognovistis,
1721 2132 1831 2202 jam
1872 2146 1958 2187 se-

379 2226 494 2279 curi
518 2225 678 2286 bibite
700 2226 1007 2295 sanguinem
1036 2239 1193 2296 quem
1217 2224 1442 2279 fudisds.

452 2318 506 2370 ὅ.
547 2314 704 2386 [vet-s.
747 2313 837 2388 3.]
896 2315 1128 2381 Denique
1167 2326 1394 2384 ,acccpta
1457 2323 1598 2368 tanta
1647 2313 1952 2381 securitate,

378 2407 505 2476 quid
546 2405 763 2460 dicunt?
810 2405 1085 2474 Propterea
1123 2423 1222 2459 non
1265 2404 1561 2472 timebimus,
1590 2422 1706 2459 cum
1745 2415 1953 2460 contur-

378 2498 579 2556 b‘obitur
627 2508 779 2550 terra.
826 2497 987 2551 Paulo
1031 2506 1156 2551 ante
1196 2496 1428 2560 solliciti,
1465 2496 1640 2550 subito
1664 2498 1860 2563 seCuri,
1884 2512 1951 2551 ex

379 2591 805 2645 tribulationibus
834 2589 1012 2644 nimiis
1041 2590 1091 2644 in
1124 2605 1310 2659 magna
1341 2589 1721 2659 tranquillitate
1769 2589 1950 2658 positi.

378 2683 684 2737 Dormicbat
736 2683 876 2739 enim
929 2683 1035 2737 iliis
1079 2681 1347 2746 Christus,
1398 2682 1518 2738 ideo
1570 2682 1946 2738 turbabantur:

375 2778 636 2846 excitatus
688 2783 771 2828 est
817 2773 1084 2837 Christus,
1137 2773 1273 2829 sicut
1333 2773 1492 2828 modo
1539 2772 1837 2828 audivimus
1893 2773 1946 2828 in

375 2867 681 2934 Erangclio,
728 2866 1007 2935 imperavit
1047 2867 1239 2931 ventis,
1282 2871 1337 2919 et
1375 2865 1691 2934 quieverunt
1730 2863 1945 2935 (Matth.

375 2974 486 3021 vtu,
527 2955 741 3025 25-26).
791 2957 1052 3024 Quoniam
1093 2955 1336 3012 Christus
1385 2957 1438 3010 in
1481 2956 1741 3027 cujusque
1788 2955 1949 3010 cordo

375 3065 471 3119 per
510 3049 662 3102 iidem
701 3056 802 3110 est,
840 3047 1194 3116 signiﬁcatum
1231 3055 1316 3101 est
1342 3045 1515 3110 nobis,
1541 3047 1662 3116 quia
1695 3045 1815 3115 ejus
1854 3059 1948 3101 eor

374 3151 621 3210 tanquam
653 3140 797 3192 tiaris
833 3139 883 3192 in
913 3137 1068 3206 hujus
1092 3135 1269 3193 s:eculi
1299 3145 1611 3207 tempestate
1640 3137 1941 3204 turbatur‘,

371 3230 461 3298 qui
494 3229 649 3284 fidem
690 3243 839 3282 suam
879 3227 1251 3283 obliviscitur:
1297 3237 1542 3298 tanquam
1583 3227 1797 3284 Christo
1820 3225 1945 3284 dor-

371 3321 571 3376 miente
619 3321 887 3383 turbatur;
930 3321 1159 3374 excitato
1195 3329 1372 3375 autem
1411 3317 1646 3385 Christo,
1690 3319 1746 3374 tit
1789 3330 1941 3375 tran-

369 3410 623 3478 qnillitas.
660 3409 892 3480 Denique
920 3419 972 3464 et
1006 3409 1122 3480 ipse
1148 3410 1402 3463 Dominus
1425 3408 1548 3479 quid
1588 3407 1702 3463 ait?
1743 3409 1840 3464 Ubi
1869 3419 1945 3464 est

370 3503 496 3568 ﬁdes
524 3511 682 3554 vestra
722 3501 869 3571 (Luc.
899 3515 1011 3566 vm,
1044 3499 1181 3570 ‘25)?
1228 3500 1501 3578 Excitatus
1534 3500 1774 3556 Christus
1799 3501 1944 3556 exei-

371 3593 499 3646 lavit
544 3592 699 3645 [idem
729 3607 742 3645 :
785 3599 842 3645 ut
877 3591 1017 3661 quod
1062 3591 1112 3644 in
1143 3590 1262 3647 navi
1306 3591 1499 3646 factum
1525 3599 1660 3658 erat,
1691 3591 1844 3648 ﬂeret
1885 3593 1940 3649 in

367 3681 615 3736 cordibus
653 3697 857 3736 eorum.
884 3680 1102 3751 Adjutor
1134 3682 1188 3734 in
1228 3679 1626 3736 tribulationibus
1652 3697 1766 3752 quat
1804 3682 1940 3754 ince-

368 3781 547 3825 uerunt
589 3789 678 3824 nos
727 3771 915 3825 nimis:
949 3769 1002 3826 id
1044 3773 1150 3843 egit
1193 3782 1250 3825 ut
1279 3771 1351 3826 ibi
1398 3780 1542 3827 esset
1585 3773 1938 3843 tranquillitas

370 3877 576 3927 "Ligna.

437 3955 487 4008 6.
532 3952 717 4009 Videte
748 3954 912 4022 ipsam
945 3952 1376 4024 tranquillitatem
1410 3970 1424 4007 :
1455 3951 1731 4025 Propterea
1751 3970 1848 4009 non
1875 3955 1940 4008 ti-

365 4045 622 4102 mebimus.
637 4059 750 4096 cum
761 4043 1048 4097 conturbabi
1053 4053 1133 4097 tur
1142 4053 1296 4105 terra.
1309 4053 1356 4097 et
1369 4046 1732 4115 transferentur
1746 4053 1937 4098 montes

363 4139 415 4188 in
442 4151 528 4188 cor
556 4135 726 4189 muris.
747 4135 896 4190 Tunc
921 4149 1024 4190 non
1051 4135 1376 4189 timebimus.
1395 4133 1704 4202 Quaeramus
1726 4143 1933 4191 montes

364 4224 684 4288 translatos;
713 4207 776 4278 (et
821 4223 866 4277 si
915 4223 1153 4296 invenire
1201 4223 1549 4291 potuerimus,
1595 4222 1929 4278 manifestum

360 4317 588 4387 estquia
633 4316 740 4382 ipsa
783 4323 864 4369 est
904 4316 1161 4370 securitas
1201 4325 1400 4368 nostra.
1444 4315 1698 4369 Dominus
1737 4315 1934 4386 quippe

359 4408 494 4461 dixit
513 4407 825 4476 discipulis:
862 4405 922 4460 Si
951 4406 1220 4460 habueritis
1260 4406 1411 4474 ﬁdem
1452 4407 1576 4462 sicut
1619 4423 1830 4477 granum
1857 4407 1930 4460 si-

359 4499 526 4568 napis,
556 4498 728 4551 dicetis
757 4498 913 4551 monti
957 4497 1094 4561 huic.
1139 4496 1335 4552 Tollere
1381 4507 1427 4551 et
1464 4499 1656 4553 mittere
1681 4499 1734 4551 in
1774 4515 1930 4566 mare,

359 4600 403 4642 et
430 4590 515 4656 ﬁet
549 4586 763 4654 (Matth.
796 4603 924 4648 xvu.
957 4588 1070 4656 l9).
1104 4586 1285 4652 Forte,
1315 4589 1471 4642 monti
1503 4589 1638 4651 huic,
1661 4588 1728 4641 de.
1751 4589 1932 4657 seipso

354 4679 522 4740 dixit;
554 4677 726 4732 dictus
755 4688 836 4731 est
861 4677 1001 4732 enim
1041 4692 1193 4734 mons
1219 4696 1232 4732 :
1264 4676 1374 4732 Erit
1416 4679 1468 4731 in
1497 4679 1776 4731 novissimis
1807 4691 1931 4730 tem-

357 4750 565 4834 poribus
588 4767 881 4835 manifestus
908 4783 1049 4819 mons
1073 4767 1294 4821 Dontini.
1318 4758 1419 4823 Sed
1457 4769 1556 4822 iste
1591 4783 1742 4823 mons
1767 4784 1930 4839 super

354 4862 488 4914 alios
510 4872 719 4915 montes
747 4860 1036 4912 collocatus
1063 4869 1172 4914 est:
1199 4861 1320 4931 quia
1347 4869 1400 4914 et
1431 4861 1664 4928 Apostoli
1696 4873 1924 4925 nmntes,

353 4962 626 5022 portantes
649 4963 880 5006 montem
911 4951 1068 5004 hunc.
1101 4950 1222 5004 Ideo
1250 4950 1506 5019 sequitur,
1539 4949 1648 5004 Erit
1680 4951 1731 5007 in
1757 4951 1926 5003 uouis-

353 5047 493 5099 simis
532 5042 855 5113 temporibus,
887 5043 1180 5115 manifestus
1207 5059 1348 5098 mons
1377 5041 1598 5106 Domini,
1629 5054 1836 5113 paratus
1874 5043 1928 5100 in

350 5138 614 5190 cacumine
643 5136 884 5188 montium
911 5133 1062 5201 (lsai.
1096 5150 1149 5192 tt.
1181 5133 1259 5203 2).
1290 5132 1639 5190 Transcendit
1677 5147 1805 5202 ergo
1831 5149 1924 5187 ca-

350 5226 562 5279 cumina
610 5227 864 5277 montium
896 5224 1152 5280 omnium.
1184 5233 1238 5277 et
1281 5224 1332 5276 in
1373 5225 1647 5278 cacumine
1687 5225 1921 5277 omnium

351 5315 612 5367 montium
649 5313 938 5366 collocatus
975 5323 1086 5372 est;
1117 5310 1364 5380 quoniam
1415 5321 1621 5366 montes
1662 5324 1783 5365 sunt
1825 5330 1924 5366 an-

353 5405 657 5458 nuntiantes
680 5414 936 5457 montem.
969 5402 1111 5456 Mare
1136 5411 1311 5454 autem
1339 5401 1598 5468 signiﬁcat
1627 5403 1727 5458 hoc
1755 5418 1925 5458 saecu-

351 5495 482 5557 lum,
511 5496 560 5550 in
590 5495 742 5564 cujus
770 5497 932 5548 maris
954 5493 1346 5564 comparatione
1376 5503 1624 5564 tanquam
1672 5505 1812 5552 terra
1843 5496 1920 5550 vi-

415 5645 430 5680 ι
470 5652 534 5710 tta
557 5656 658 5710 uss.
688 5653 738 5696 Αι
761 5645 894 5704 ωδ..
919 5643 977 5710 in
996 5645 1341 5710 cujusctunque
1363 5645 1509 5694 corde
1542 5659 1628 5707 per
1661 5645 1811 5710 fidem
1832 5661 1925 5700 non

349 5713 437 5773 est.
461 5706 783 5773 signi/iratum
805 5717 873 5760 est
901 5706 1033 5760 nobis
1057 5707 1170 5773 quia
1189 5706 1294 5769 ejus
1326 5720 1408 5773 cor
1433 5706 1671 5773 tanquam
1709 5709 1841 5760 naris
1872 5713 1924 5760 in

350 5769 496 5837 Ιιιιιιιι
507 5765 680 5820 iaculi
703 5775 976 5838 tempestate
1000 5765 1236 5822 turbatur.
1261 5769 1349 5826 oui
1373 5765 1522 5823 ﬁdem
1535 5765 1690 5823 somn.
1711 5780 1805 5826 etc.

1510 365 1906 430 ΕΝᾹΒΒΑἹἹΟ
1947 363 2015 422 ΙΝ
2054 366 2370 432 PSALMUM
2399 379 2555 434 XLV.

405 491 609 556 Domini
629 487 898 544 invocari:
925 497 978 543 et
1009 485 1062 540 lti
1095 487 1144 545 in
1176 483 1618 546 tribulationibus,
1648 497 1680 536 ε
1703 481 1894 549 quibus
1921 495 1980 536 se

403 587 644 640 inventos
672 597 792 638 esse
817 581 1081 642 dixerunt,
1111 578 1212 648 hoc
1239 577 1506 632 dixerunt.
1550 574 1680 628 Deus
1716 583 1982 632 nostern-

401 676 597 746 {ugium
619 684 663 728 et
684 673 862 739 virtus,
891 670 1097 741 adjutor
1121 672 1172 722 in
1201 667 1602 721 tribulationibus
1639 680 1752 734 qua:
1773 653 1977 718 invene-

398 775 515 819 runt
559 782 649 819 nos
696 765 864 818 nimis.
917 761 1020 818 Sed
1067 762 1190 832 quia
1229 758 1439 828 adjutor
1490 756 1658 811 lactus
1691 766 1792 818 est,
1838 757 1977 813 unde

398 858 576 912 laetus
600 857 718 914 est?
750 856 1070 925 Compuncti,
1108 854 1297 923 inquit,
1339 853 1488 906 corde
1521 850 1798 904 dixerunt:
1842 848 1979 912 Quid

397 949 681 1019 faciemus?
714 948 985 1017 Tanquam
1025 961 1211 1015 magna
1237 941 1626 1013 desperatione.
1667 941 1756 994 Ille
1796 947 1975 992 tantus

3565 401 3670 458 318

2090 484 2311 541 debatnr
2335 509 2463 561 grais
2493 495 2815 555 Judzeorum.
2851 504 2962 559 Non
2994 508 3133 564 enim
3177 511 3487 570 idololatria:
3513 533 3664 575 ama-

2088 575 2315 667 ritudine
2344 585 2634 652 tegebatur.
2665 593 2757 644 sed
2787 605 2902 648 erat
2947 606 3193 667 tauquam
3225 605 3370 657 arida
3399 614 3660 663 amaritu-

2085 663 2210 720 dine
2235 668 2485 727 Gentium
2531 685 2778 748 tanquam
2826 686 2955 738 mari
3000 689 3344 747 circumdata.
3396 695 3655 752 Futurqu

2085 765 2202 810 erat
2225 767 2283 812 ut
2311 761 2612 820 turbaretur
2635 776 2795 836 terra,
2824 773 2873 826 id
2894 784 2982 838 est
3026 777 3109 829 illa
3141 779 3249 848 ipsa
3283 797 3416 851 gens
3447 785 3654 853 judaza;

2082 857 2136 944 et
2163 854 2578 909 trausterrentur
2604 870 2810 914 montes
2837 862 2888 916 in
2927 881 3024 920 cor
3063 871 3244 934 maris,
3273 873 3322 926 id
3356 887 3439 929 est
3482 878 3655 944 primo

2083 937 2196 1006 ipse
2241 957 2395 998 mons
2439 963 2660 1019 magnus
2707 965 2920 1021 paratus
2963 958 3014 1011 in
3057 964 3330 1018 cacumine
3371 937 3654 1021 montium.

2079 1030 2324 1087 Deseruit
2344 1035 2486 1091 enim
2523 1050 2733 1108 gentem
2757 1044 3010 1110 jndantm,
3036 1061 3087 1101 et
3125 1049 3289 1104 t'actus
3315 1064 3396 1108 est
3435 1057 3484 1110 in
3511 1056 3657 1112 Gen-

2081 1119 2251 1186 tibus;
2301 1125 2585 1183 trattslatus
2624 1141 2704 1184 cst
2732 1134 2797 1187 de
2829 1144 2965 1187 terra
2996 1140 3058 1187 ad
3103 1157 3268 1195 mare.
3313 1146 3657 1200 transferen-

2077 1207 2216 1264 tibus
2241 1213 2432 1280 quibus
2449 1215 2474 1267 ?
2511 1220 2798 1287 Apostolis,
2821 1225 3013 1292 quibus
3034 1230 3258 1286 dixerat.
3289 1235 3348 1287 Si
3378 1238 3652 1290 habueritis

2073 1300 2226 1368 ﬁdem
2252 1303 2303 1357 in
2333 1309 2468 1360 vobis
2511 1318 2748 1380 tanquam
2788 1331 3003 1386 granum
3047 1322 3258 1390 sinapis,
3289 1326 3462 1380 dicetis
3489 1330 3651 1380 monti

2071 1391 2206 1489 huic,
2236 1393 2438 1454 Tollere
2462 1409 2509 1454 et
2552 1404 2745 1459 mittere
2786 1407 2838 1459 in
2871 1426 3026 1475 mare,
3061 1423 3109 1464 et
3148 1416 3232 1477 [iet
3269 1431 3290 1469 :
3328 1417 3379 1470 id
3423 1431 3522 1480 est.
3553 1437 3649 1489 per

2071 1480 2428 1541 ﬁdelissimam
2447 1502 2676 1547 vestram
2700 1498 3126 1564 prmdicationem
3156 1506 3245 1560 lict
3267 1515 3320 1559 ιιι
3349 1525 3501 1566 mons
3526 1480 3642 1575 iste,

2070 1574 2192 1671 hoe‘
2221 1586 2303 1631 est
2356 1594 2456 1650 ego
2509 1582 2620 1653 ipse
2676 1588 2931 1653 pr:cdicer
2971 1593 3023 1645 in
3064 1594 3339 1663 Gentibus,
3375 1603 3648 1671 glorificer

2068 1664 2120 1720 in
2153 1667 2427 1735 Gentibus,
2457 1689 2712 1743 agnosear
2741 1679 2792 1733 in
2815 1681 3091 1751 Gentibus,
3115 1695 3168 1742 et
3194 1691 3282 1742 ιίςιι
3300 1664 3440 1761 quod
3463 1695 3530 1748 de
3556 1711 3642 1750 me

2068 1759 2376 1850 prmdietum
2400 1776 2500 1830 est,
2524 1764 2756 1836 Populus
2771 1788 2917 1837 quem
2934 1792 3033 1830 non
3049 1782 3276 1850 cognovi,
3296 1759 3491 1837 servivit
3517 1785 3639 1840 mihi

2064 1849 2238 1918 (Psal.
2268 1868 2396 1915 xvtt.
2426 1857 2776 1926 45).Quando
2804 1877 2980 1920 autem
3015 1879 3069 1922 et
3110 1849 3180 1924 illi
3218 1882 3427 1928 montes
3458 1885 3634 1930 trans-

2065 1939 2154 2032 lati
2183 1944 2343 1996 sunt?
2373 1944 2436 1999 lit
2464 1947 2560 2001 hoc
2583 1950 2776 2006 indicet
2803 1957 2953 2008 nobis
2977 1957 3244 2028 Scriptura
3275 1963 3386 2017 Dei.
3411 1964 3636 2032 Quando

2063 2030 2348 2122 Apostolus
2397 2037 2716 2103 prazdieabat
2750 2041 2969 2108 Judaris,
3014 2063 3330 2119 respuerunt
3382 2030 3634 2122 verbum;

2063 2129 2114 2175 et
2153 2121 2226 2175 ait
2265 2127 2537 2192 apostolus
2581 2131 2772 2185 Paulus
2810 2151 2823 2186 :
2856 2135 2935 2189 Ad
2979 2153 3066 2192 vos
3107 2141 3246 2196 missi
3291 2159 3508 2210 eramus,
3549 2121 3637 2201 sed

2059 2211 2180 2278 quia
2208 2215 2465 2280 respuistis
2506 2221 2706 2272 verbum
2755 2222 2868 2290 Dei,
2898 2225 3029 2282 imus
3052 2230 3120 2282 ad
3145 2230 3322 2286 Gentes
3353 2234 3485 2298 (Act.
3522 2252 3629 2301 xttt,

2059 2302 2179 2371 ιϐ».
2201 2302 2463 2359 Trattslali
2492 2319 2614 2362 sunt
2655 2323 2860 2366 montes
2888 2315 2938 2369 in
2979 2332 3074 2372 cor
3101 2323 3278 2373 maris.
3314 2321 3450 2378 Vere
3490 2327 3631 2380 enim

2059 2389 2253 2447 Gentes
2305 2398 2645 2453 crediderunt
2697 2406 3000 2470 montibus,
3048 2419 3106 2462 ut
3159 2410 3210 2464 in
3262 2415 3422 2467 corde
3471 2431 3634 2471 maris

2059 2495 2234 2538 essent
2265 2497 2468 2540 montes
2501 2490 2573 2543 illi
2599 2508 2611 2543 :
2646 2508 2747 2545 non
2770 2495 2904 2548 sicut
2929 2496 3117 2560 Juda-i,
3137 2500 3204 2554 de
3223 2502 3412 2571 quibus
3432 2505 3630 2562 dictum

2056 2585 2157 2642 est,
2193 2575 2419 2647 Populus
2461 2579 2542 2634 hic
2586 2583 2728 2637 labiis
2759 2603 2836 2638 me
2875 2589 3104 2653 Ιιοιιηνηι,
3135 2609 3222 2647 cor
3263 2605 3428 2650 autem
3456 2617 3630 2654 eorum

2056 2665 2203 2764 longe
2228 2680 2300 2722 cst
2327 2687 2357 2722 τι
2401 2689 2478 2725 me
2506 2673 2652 2735 (ιδιά.
2687 2693 2833 2737 xxtx.
2877 2680 2962 2744 15,
2991 2692 3036 2734 ct
3069 2683 3250 2738 Matth.
3283 2704 3368 2754 xv,
3403 2691 3480 2764 8).
3521 2692 3632 2749 Hoc

2053 2759 2192 2812 enim
2228 2769 2281 2813 ct
2305 2761 2371 2816 de
2396 2761 2548 2818 Novo
2574 2765 2913 2823 Testamento
2942 2776 3199 2840 promittit
3239 2759 3512 2848 Dominus,
3536 2799 3631 2854 per

2053 2849 2364 2918 prophetam
2387 2853 2605 2909 dicens:
2638 2855 2781 2910 Dabo
2806 2862 2936 2929 leges
2968 2881 3100 2917 ineas
3128 2867 3177 2917 in
3200 2869 3434 2923 cordibus
3457 2849 3630 2927 eorum

2053 2938 2264 3013 (larem.
2303 2957 2448 3011 xxxi,
2485 2945 2575 3011 33,
2617 2957 2664 3026 et
2702 2948 2855 3004 Hebr.
2889 2969 2998 3008 rm.
3036 2957 3142 3014 to).
3188 2958 3278 3011 lla:
3323 2959 3483 3029 leges,
3515 2962 3630 3019 hmc

2051 3039 2311 3100 prtecepta
2345 3048 2437 3102 per
2466 3038 2750 3105 Apostolus
2778 3042 2936 3092 llltlilzt
2970 3046 3202 3099 omnium
3226 3047 3473 3104 Gentium
3502 3051 3625 3108 ﬁdei

2049 3124 2106 3174 et
2130 3121 2452 3187 crcdulitati,
2472 3136 2679 3182 montes
2697 3130 2820 3183 dicti
2847 3143 2967 3186 Sunt
2995 3136 3230 3190 translati
3256 3139 3304 3189 in
3323 3154 3418 3193 cor
3444 3144 3625 3198 maris.

2048 3210 2199 3267 Tunc
2242 3228 2339 3270 nos
2377 3231 2481 3270 non
2532 3219 2850 3273 timebimue.
2884 3226 2984 3289 Qui
3031 3241 3134 3279 non
3181 3230 3522 3286 timebimus?
3549 3232 3625 3290 Illi

2047 3303 2134 3372 qui
2164 3309 2466 3372 contpuncti
2506 3321 2688 3362 smnus
2723 3313 2902 3372 corde.
2935 3329 3002 3366 ne
3041 3319 3286 3372 heremus
3309 3324 3376 3376 de
3405 3338 3628 3378 numero

2047 3393 2392 3461 reproborum
2441 3396 2774 3465 Judmorum,
2821 3413 3064 3470 tauquam
3109 3422 3375 3464 ramorum
3426 3413 3624 3468 fracto-

2046 3495 2186 3538 rum.
2231 3482 2580 3542 Crediderunt
2625 3487 2767 3543 cnim
2812 3493 3027 3559 quidam
3081 3497 3314 3562 illorum,
3345 3512 3398 3554 et
3435 3496 3620 3558 adha-

2045 3582 2230 3627 serunt
2280 3575 2550 3644 Apostolis
2589 3580 3050 3648 praadicantibns'.
3094 3586 3335 3642 Timeant
3376 3607 3503 3660 ergo
3543 3593 3618 3648 illi

2043 3676 2177 3733 quos
2205 3663 2552 3722 deseruerunt
2583 3679 2789 3725 montes
2819 3689 2832 3724 :
2878 3689 2974 3727 nos
3003 3690 3031 3725 a
3069 3678 3335 3732 montibus
3380 3683 3484 3734 non
3529 3699 3617 3737 re-

2042 3757 2328 3822 cessimus;
2360 3769 2412 3815 et
2429 3759 2638 3831 quando
2665 3767 2899 3819 translati
2925 3778 3048 3821 sunt
3069 3769 3119 3822 in
3137 3785 3231 3825 eor
3253 3775 3434 3840 maris,
3453 3778 3616 3831 secuti

2042 3865 2244 3907 sumus.

2114 3943 2166 3997 7.
2207 3940 2363 4012 [ειη.
2386 3940 2466 4018 4.]
2503 3943 2637 4012 Quid
2675 3947 2784 4016 jam
2824 3951 3062 4020 sequitur
3085 3967 3149 4006 ex
3178 3968 3243 4006 eo
3270 3955 3410 4023 quod
3443 3965 3618 4010 trans-

2042 4031 2133 4086 lati
2174 4042 2299 4090 sunt
2342 4045 2550 4092 montes
2595 4039 2646 4091 in
2688 4054 2783 4094 cor
2827 4043 3024 4098 maris?
3067 4032 3337 4101 Attemlite
3361 4059 3414 4102 et
3445 4052 3615 4101 videto

2041 4121 2340 4179 veritatem.
2389 4124 2512 4180 llarc
2550 4129 2691 4181 enim
2737 4131 2946 4199 quando
3006 4134 3333 4200 dicebautur,
3391 4139 3612 4195 obscura

2039 4222 2208 4276 erant,
2253 4217 2373 4284 quia
2420 4218 2652 4273 nondum
2696 4225 3064 4292 contigerant:
3101 4245 3238 4282 ltttllt‘.
3275 4241 3448 4285 autem
3496 4237 3613 4304 quis

2034 4303 2142 4373 jam
2167 4304 2298 4360 facta
2327 4322 2430 4364 non
2452 4312 2768 4376 cognoscat?
2801 4313 2954 4370 Liber
2984 4316 3074 4370 tibi
3103 4320 3171 4371 sit
3203 4322 3384 4388 pagina
3413 4303 3609 4390 divina,

2038 4402 2097 4449 ut
2123 4395 2235 4448 haec
2263 4396 2445 4452 audias
2474 4416 2486 4450 :
2519 4399 2651 4454 liber
2690 4401 2778 4454 tibi
2821 4403 2887 4456 sit
2914 4406 3058 4460 orbis
3087 4416 3365 4467 terrarum.
3397 4424 3452 4464 ut
3497 4415 3608 4470 haec

2040 4483 2240 4540 videas.
2272 4485 2327 4540 ltt
2350 4487 2465 4543 istis
2483 4488 2752 4545 codicibus
2780 4508 2881 4545 non
2913 4509 2972 4548 ea
3003 4497 3196 4562 legunt,
3223 4500 3320 4552 nisi
3351 4503 3439 4569 qui
3471 4503 3610 4559 litte~

2039 4589 2125 4628 ras
2155 4586 2446 4630 noverunt:
2476 4578 2525 4631 itt
2551 4587 2660 4631 toto
2679 4581 2873 4633 mundo
2896 4584 3098 4651 legatet
3125 4586 3301 4640 idiota.
3323 4589 3456 4656 Quid
3483 4609 3610 4650 eruo

2040 4664 2230 4719 factum
2257 4674 2357 4730 est,
2381 4667 2505 4721 dum
2535 4670 2772 4723 translati
2803 4683 2926 4725 suut
2959 4687 3165 4730 montes
3206 4679 3253 4729 in
3286 4695 3378 4732 eor
3413 4685 3611 4736 maris?

2039 4754 2328 4809 Sonuerunt
2353 4767 2398 4808 et
2427 4759 2638 4812 turbate
2664 4771 2781 4812 sunt
2826 4778 2970 4830 aqua?
3005 4765 3132 4832 ejus.
3165 4765 3386 4833 Quanth
3416 4772 3607 4838 ιιι-λιτώ-

2036 4844 2254 4901 cabatur
2293 4845 2628 4918 Evangelinm
2653 4847 2749 4920 (α).
2785 4852 2920 4918 Quid
2948 4865 3018 4906 cst
3047 4855 3180 4907 hoc?
3220 4855 3605 4925 Peregrinarum

2036 4934 2396 4990 dmmoniorum
2436 4938 2628 4993 ridetur
2657 4941 2749 4994 iste
2794 4945 3121 4997 aununtiator
3158 4962 3264 5000 esse
3305 4949 3436 5016 (Act.
3479 4966 3607 5019 xvu,

2038 5029 2165 5096 {8):
2201 5026 2300 5083 hoc
2345 5028 2714 5088 Athenienses.
2758 5033 2974 5103 Ephesii
3015 5044 3189 5090 autem
3235 5053 3340 5108 quo
3382 5043 3610 5098 tumultu

2032 5118 2277 5173 occidere
2313 5120 2593 5192 Apostolus
2620 5123 2921 5190 voluerunt,
2945 5129 3155 5197 quando
3190 5131 3240 5188 in
3267 5131 3473 5189 theatro
3513 5149 3611 5202 pro

2035 5210 2196 5264 Diana
2229 5228 2319 5264 sua
2350 5221 2551 5268 tantum
2593 5217 2868 5284 strepitum
2917 5217 3170 5285 fecerunt,
3200 5233 3254 5275 ιιι
3279 5224 3606 5282 clamarent:

2038 5299 2228 5369 Magna
2267 5298 2434 5352 Diana
2466 5299 2687 5370 Ephesia
2718 5299 2824 5370 (Id.
2858 5323 2966 5370 xix,
2988 5307 3120 5378 28)?
3165 5297 3305 5366 inter
3332 5330 3468 5383 quos
3512 5317 3609 5370 Du.

2033 5402 2150 5444 etus
2178 5400 2231 5444 et
2257 5391 2461 5445 sonitus
2501 5393 2661 5444 maris
2700 5408 2802 5445 non
2835 5395 3107 5464 timebant,
3135 5400 3222 5469 qui
3250 5405 3313 5454 ad
3347 5403 3604 5473 refugium

2097 5525 2340 5602 '“Qttattu’ir
2362 5532 2488 5581 Mss,
2533 5523 2853 5602 (rea'ithruul
2882 5528 3030 5602 enim,
3068 5540 3110 5580 et
3155 5544 3454 5586 accesserunt
3481 5552 3612 5602 .rpos

2285 5586 2398 5663 fere
2420 5587 2931 5663 ornnes’qrcdirtqrunt
2954 5593 3079 5640 enim
3102 5601 3145 5641 et
3167 5584 3467 5663 accesserunt
3481 5584 3606 5663 ἦιξ-

2321 5645 2515 5708 habent,
2540 5647 2736 5710 quidam
2781 5649 3002 5710 illorum;
3044 5667 3135 5702 nec
3159 5645 3599 5724 vm'mi'n,"ﬁrii-7R-

2033 5722 2261 5758 cautious.

2100 5769 2172 5825 (ni
2195 5769 2399 5821 subaud.
2446 5769 2692 5820 dixerunt.
