3968 6358
88 330 206 386 5‘21

89 461 262 514 super
289 463 398 501 eam
427 447 657 502 imbrem.
680 448 922 517 Denique
944 449 1055 519 ipsa
1085 465 1214 520 gens
1239 451 1420 504 Judma
1452 451 1612 505 modo
1631 452 1707 506 sic

89 541 390 606 remansit,
440 549 691 610 tanquam
723 541 893 595 vellus
931 541 1132 596 siccum
1179 543 1232 594 in
1285 557 1427 596 area.
1480 542 1611 596 Nam
1656 553 1710 596 et

87 628 205 689 hoc
237 633 408 686 nostis
439 633 726 703 contigisse
754 635 803 686 in
829 634 1058 703 quodam
1087 635 1368 688 miraculo.
1399 636 1536 689 Area
1567 637 1706 691 sicca

85 732 238 787 erat,
281 725 457 780 vellus
501 730 674 780 solum
719 727 1012 782 madebat:
1046 728 1139 782 sed
1190 728 1366 796 pluvia
1411 730 1463 783 in
1510 731 1708 786 vellere

88 823 208 870 non
255 819 554 887 apparebat
579 818 771 888 (Judir.
806 835 877 881 γι,
914 811 1003 884 57,
1036 820 1149 890 58).
1180 821 1270 875 Sic
1307 830 1361 876 et
1398 835 1706 878 sacramen-

87 920 212 963 tum
243 909 378 963 Novi
412 912 738 966 Testamcnti
773 929 875 966 non
903 913 1195 984 apparebat
1223 915 1274 968 in
1302 923 1459 985 gente
1487 915 1706 972 Iudaeo-

83 1018 242 1055 rum.
273 1004 430 1065 Quod
452 1005 559 1058 illic
589 1005 774 1068 vellus,
801 1005 887 1060 hic
911 1007 1085 1060 velum
1113 1024 1126 1058 :
1155 1007 1385 1061 velatum
1417 1008 1559 1063 enim
1589 1018 1708 1064 erat

83 1106 502 1151 sacrm-mutum
549 1099 600 1152 in
632 1099 848 1155 vellere.
900 1100 954 1152 ln
1003 1115 1126 1154 area
1157 1116 1306 1166 vero,
1355 1102 1406 1154 in
1456 1102 1705 1157 omnibus

83 1187 369 1242 Gentibus
397 1199 542 1254 patet
572 1190 915 1259 Evangelium
946 1191 1141 1247 Christi
1170 1211 1183 1248 :
1217 1194 1390 1260 pluvia
1422 1194 1701 1249 manifesta

82 1291 197 1343 est,
236 1282 383 1336 nuda
410 1293 491 1336 est
517 1284 683 1352 gratia
715 1282 987 1338 Christi‘:
1027 1299 1132 1337 non
1154 1283 1296 1339 enim
1331 1285 1528 1354 tegitur
1554 1286 1701 1340 vcla-

81 1383 305 1429 mento.
341 1374 410 1430 Ut
451 1387 628 1430 autem
670 1377 843 1431 exiret
873 1375 995 1431 inde
1037 1377 1232 1443 pluvia,
1265 1392 1577 1447 expressum
1620 1390 1703 1433 est

81 1467 290 1521 vellus.
347 1467 446 1520 Per
467 1465 774 1538 pressuram
807 1469 949 1522 enim
982 1483 1011 1521 a
1061 1483 1120 1523 se
1163 1469 1506 1524 excluserunt
1543 1466 1698 1523 Cbri-

79 1567 263 1628 stum,
312 1569 371 1616 et
411 1559 666 1614 Dominus
710 1559 820 1630 jam
871 1561 940 1615 de
992 1561 1222 1616 nubibus
1275 1563 1387 1616 suis
1443 1562 1700 1632 compluit

78 1665 302 1717 arcam,
329 1650 500 1705 vellus
519 1650 718 1706 siccum
749 1653 1026 1706 remansit.
1060 1651 1186 1707 inde
1209 1668 1336 1722 ergo
1364 1653 1502 1706 dedit
1531 1669 1697 1706 vocem

79 1759 240 1795 suam
272 1743 586 1805 Altissimus,
630 1741 698 1797 dc
735 1741 852 1798 istis
880 1740 1131 1808 nubibus,
1163 1757 1261 1812 per
1301 1759 1460 1812 quam
1510 1759 1694 1798 vocem

79 1848 252 1902 regna
289 1834 699 1899 inclinarentur,
739 1843 795 1888 et
820 1834 1125 1887 adorarent.

155 1926 251 1981 Η.
298 1924 454 1998 [vers.
495 1924 574 1999 8.]
615 1926 863 1980 Dominus
910 1924 1152 1979 virtutum
1205 1924 1485 1988 nobiscum,
1526 1942 1696 1980 susce-

77 2025 206 2089 ptor
249 2025 426 2070 noster
469 2017 603 2072 Deus
629 2015 812 2071 Jacob.
843 2015 963 2072 Non
1007 2017 1328 2086 quicumque
1360 2017 1541 2082 homo,
1583 2034 1690 2071 non

76 2116 337 2177 potestas
369 2108 641 2179 quaelibet,
690 2123 796 2163 non
826 2108 1057 2178 denique
1092 2109 1335 2177 angelus,
1378 2124 1482 2162 non
1513 2110 1690 2179 aliqua

74 2207 363 2266 creatura,
410 2198 523 2253 sive
568 2210 801 2264 terrena,
855 2199 968 2253 sive
1009 2200 1268 2264 ctelestis,
1317 2199 1411 2252 sed
1446 2199 1692 2255 Dominus

72 2289 335 2342 uirtutum
373 2289 652 2355 nobiscum,
697 2299 960 2359 susceptor
987 2299 1157 2343 noster
1196 2288 1331 2343 Deus
1363 2288 1546 2343 Jacob.
1587 2289 1689 2357 Qui

75 2379 232 2434 misit
271 2380 529 2450 Angelos,
568 2383 716 2435 venit
743 2391 862 2450 post
888 2381 1140 2451 Angelos,
1166 2374 1313 2436 venit
1356 2392 1413 2436 ut
1442 2383 1488 2435 ei
1522 2385 1689 2437 servio

71 2481 204 2526 rent
243 2471 459 2542 Angeli,
484 2464 633 2525 venit
660 2471 994 2526 tit-homines
1023 2472 1219 2526 faceret
1243 2473 1480 2541 aequales
1509 2473 1688 2543 Ange-

75 2562 165 2617 lis.
194 2562 389 2634 Magna
417 2564 608 2632 gratia.
634 2563 693 2618 Si
717 2562 855 2617 Deus
880 2578 977 2632 pro
995 2562 1176 2627 nobis,
1199 2564 1316 2633 quis
1337 2573 1525 2618 contra
1556 2564 1688 2617 nos?

73 2651 347 2707 Dominus
388 2652 629 2706 virtutum
673 2654 952 2708 nobiscum.
999 2652 1130 2720 Quis
1169 2651 1419 2708 Dominus
1445 2656 1685 2709 virtutum

71 2743 370 2815 nobiscum.
426 2743 483 2799 Si
515 2744 657 2800 Deus
701 2760 799 2814 pro
839 2745 1014 2810 nobis,
1060 2747 1297 2816 inquam,
1335 2747 1458 2815 quis
1499 2755 1684 2802 contra

69 2838 219 2892 nos?
245 2836 352 2904 Qui
383 2834 518 2892 Filio
543 2851 642 2892 suo
669 2839 888 2907 proprio
915 2854 1020 2892 non
1052 2837 1314 2907 pepercit,
1342 2838 1437 2894 sed
1472 2854 1570 2909 pro
1597 2855 1685 2894 no-

66 2928 155 2985 bis
187 2919 449 2984 omnibUS
475 2928 690 2983 tradidit
718 2930 889 2996 illum,
919 2929 1187 2999 quomodo
1216 2943 1322 2984 non
1349 2940 1404 2985 et
1429 2945 1552 2985 cum
1593 2933 1684 2987 illo

68 3023 257 3076 omnia
289 3020 447 3075 nobis
473 3020 689 3075 donavit
716 3021 889 3093 (Rom.
921 3037 1036 3088 vin,
1061 3023 1152 3087 '51,
1173 3023 1304 3094 Si)?
1334 3023 1477 3094 Ergo
1505 3025 1680 3080 securi

68 3111 268 3176 siinns,
297 3112 354 3166 in
386 3111 767 3182 tranquillitate
793 3110 971 3165 cordis
996 3113 1298 3166 nutriamus
1329 3113 1522 3167 bonam
1553 3129 1682 3168 con-

67 3205 362 3260 scientiam
410 3205 477 3257 de
525 3219 658 3272 pane
712 3203 943 3257 Domini.
1007 3201 1258 3256 Dominus
1304 3205 1541 3258 virtutum
1582 3223 1680 3259 no-

69 3299 295 3361 biscum,
342 3305 602 3364 susceptor
640 3304 807 3348 noster
852 3292 992 3348 Deus
1027 3293 1209 3348 Iacob.
1238 3294 1680 3366 Quantacnmqne

67 3390 141 3443 sit
185 3388 478 3442 infirmitas
527 3395 634 3451 tua,
684 3386 804 3441 vide
849 3385 969 3456 quis
1013 3394 1065 3440 te
1109 3388 1386 3456 suscipiat.
1432 3387 1682 3458 Egrotat

71 3482 263 3536 nescio
290 3480 435 3549 quis,
461 3477 745 3533 adhibetur
769 3478 1012 3533 medicus
1035 3495 1049 3542 ;
1073 3489 1380 3548 susceptum
1412 3493 1568 3533 suum
1595 3483 1678 3535 dt-

69 3575 144 3626 cit
172 3571 419 3625 tnedicus
445 3579 727 3640 tegrotum.
755 3569 886 3638 Quis
905 3585 1024 3622 eum
1053 3571 1327 3640 suscepit?
1347 3568 1461 3624 Ille.
1489 3571 1674 3640 Magna

68 3679 200 3733 spes
225 3663 438 3728 salutis,
468 3676 686 3731 magnus
718 3661 957 3715 medicus
976 3675 1097 3715 eum
1126 3662 1379 3731 suscepit.
1408 3662 1539 3731 Quis
1566 3682 1675 3716 tuc-

68 3757 227 3811 dicns
246 3754 272 3808 ?
301 3753 488 3809 Omnis
509 3751 747 3808 medicus
767 3761 962 3821 prater
987 3753 1138 3806 illum
1167 3753 1329 3808 homo
1355 3765 1436 3809 est
1462 3773 1476 3808 :
1499 3759 1676 3811 omnis

69 3849 321 3904 medicus
360 3847 449 3916 qui
495 3845 641 3900 venit
680 3845 746 3900 ad
791 3846 1084 3909 infirmum,
1135 3846 1234 3898 alia
1276 3845 1364 3900 die
1413 3848 1673 3901 infirmari

73 3951 277 4012 potest,
322 3948 516 4008 praeter
562 3940 734 3993 illum.
783 3937 1062 4010 Snsceptor
1112 3947 1280 3992 noster
1308 3938 1449 3993 Deus
1488 3940 1669 3994 Iacob.

71 4031 179 4088 Fac
210 4042 265 4086 te
297 4032 549 4085 infantem
575 4030 854 4100 parvulum
897 4032 1139 4094 omnino,
1167 4030 1353 4099 quales
1377 4046 1406 4083 a
1438 4033 1672 4099 parenti-

70 4126 170 4178 bus
201 4123 590 4190 suscipiuntur.
633 4121 735 4188 Qui
766 4121 908 4174 enim
955 4136 1058 4173 non
1089 4121 1472 4190 suscipiuntur,
1503 4138 1672 4192 expo-

70 4226 282 4272 nuntur
309 4233 323 4267 :
353 4217 442 4285 qui
471 4215 860 4283 suscipiuntur,
888 4214 1218 4269 nutriuntur.
1257 4215 1486 4270 Putasne
1513 4218 1592 4271 sic
1621 4230 1673 4272 to

70 4311 315 4380 suscepit
343 4310 503 4372 Deus,
534 4307 805 4378 quomodo
840 4307 1094 4362 infantem
1142 4317 1194 4362 te
1223 4310 1458 4377 suscepit
1502 4319 1672 4364 mater

73 4404 203 4458 tua?
229 4402 348 4456 Non
375 4402 474 4464 sic,
516 4399 610 4453 sed
642 4400 696 4452 in
729 4409 1012 4453 mternum.
1047 4398 1159 4452 Tua
1201 4400 1343 4454 enim
1377 4414 1477 4453 vox
1509 4411 1590 4454 est
1617 4403 1669 4454 in

74 4496 165 4551 illo
197 4494 407 4566 psalmo
433 4511 446 4546 :
479 4492 732 4558 Quoniam
759 4500 905 4562 pater
932 4507 1072 4545 mens
1100 4502 1145 4544 et
1165 4500 1325 4544 mater
1350 4508 1461 4547 mea
1487 4492 1668 4547 dereli-

73 4595 292 4658 qucrunt
317 4602 415 4649 me,
448 4583 700 4637 Dominus
724 4593 891 4637 autem
928 4585 1199 4653 assumpsit
1229 4601 1308 4638 me
1332 4583 1504 4655 (Psat.
1524 4601 1667 4650 xxvr,

78 4680 187 4746 10).
223 4678 505 4747 Susceptor
531 4685 700 4729 noster
722 4672 859 4727 Deus
882 4673 1060 4728 Iacob.

147 4771 236 4824 12.
282 4768 433 4843 [vers.
463 4764 543 4840 9.]
595 4765 783 4827 Venite,
826 4776 874 4820 ιι
917 4767 1261 4835 υἱάειε,ορειά
1303 4767 1524 4820 Domini.
1551 4767 1667 4821 Jam

74 4863 138 4917 de
167 4863 271 4917 hac
299 4861 641 4929 susceptione
659 4859 786 4929 quid
811 4857 934 4912 fecit
968 4859 1265 4912 Dominus?
1286 4859 1670 4916 Animadverte

74 4955 261 5009 orbem
295 4963 580 5016 terrarum,
618 4951 762 5016 veni,
811 4959 866 5004 et
893 4950 1033 5003 vide.
1079 4949 1132 5006 Si
1181 4952 1324 5004 enim
1359 4967 1462 5005 non
1495 4954 1666 5014 venis,

77 5061 182 5098 non
213 5043 400 5105 vides;
429 5041 475 5095 si
501 5056 606 5096 non
652 5040 824 5104 vides,
853 5055 962 5094 non
997 5041 1206 5107 credis;
1251 5043 1296 5095 si
1337 5057 1440 5096 non
1471 5044 1666 5104 credis.

77 5135 232 5204 longe
279 5142 432 5188 stas:
465 5132 508 5187 si
538 5132 738 5196 credis,
779 5132 961 5192 venis:
1010 5133 1053 5184 si
1095 5131 1291 5194 credis,
1324 5135 1492 5190 vides.
1535 5138 1671 5203 Qut)-

75 5228 238 5283 modo
271 5228 414 5280 enim
443 5225 651 5279 venitur
676 5224 742 5278 ad
775 5231 1010 5278 montem
1052 5223 1250 5278 istum?
1279 5223 1542 5295 Numquid
1572 5243 1669 5296 pc-

73 5317 271 5373 dibns?
302 5316 560 5386 numquid
593 5314 849 5370 navibus?
877 5314 1133 5383 numquid
1162 5316 1387 5383 pennis?
1415 5319 1668 5387 nmnquid

74 5408 272 5478 equis?
297 5407 564 5473 Quantum
597 5408 786 5462 attinet
822 5404 887 5459 ad
919 5407 1158 5460 locorum
1190 5408 1379 5476 spatia,
1414 5424 1481 5462 ne
1526 5421 1668 5462 sata-

141 5605 156 5676 ξ
186 5611 252 5655 tta
278 5605 326 5653 in
353 5611 458 5676 Mss.
486 5610 536 5650 At
575 5604 624 5650 in
658 5602 791 5676 edd.,
815 5615 871 5670 eo
891 5601 1018 5676 quod
1042 5600 1143 5676 illic
1166 5601 1314 5653 vellus
1347 5610 1470 5663 erat,
1582 5603 1672 5656 hoc

78 5665 286 5717 velatum
306 5671 413 5716 erat
435 5671 791 5739 auctionatum
813 5663 864 5713 in
887 5664 1074 5739 petiere.
1109 5674 1160 5739 In
1190 5678 1305 5714 area
1321 5679 1465 5739 luero,
1506 5667 1558 5739 id_
1582 5676 1668 5739 est,

79 5727 128 5778 in
149 5729 369 5796 comins
391 5725 625 5791 gentiws,
653 5725 734 5796 ubi
770 5733 900 5796 patet
936 5727 1241 5796 euangelium
1277 5727 1470 5788 Christi,
1508 5725 1671 5792 pluvia

72 5791 320 5854 humi/esto
341 5787 431 5840 esi.
457 5798 590 5838 nuda
611 5795 680 5837 est
703 5801 822 5836 urna
841 5787 1036 5838 Christi.

391 5868 658 5926 Pnnou.
697 5864 994 5926 XXXVI.

1200 334 1594 391 ΕΝΛΠΒᾹΤῘΟ
1626 337 1689 390 IN
1729 335 2049 397 PSALMUM
2087 341 2247 399 XLV.

3309 375 3412 438 δΞᾶ

1821 469 1935 522 gas,
1983 473 2049 512 ne
2099 459 2456 529 conturberis,
2506 466 2621 535 ipse
2664 468 2729 524 ad
2771 479 2824 525 te
2866 471 3031 527 venit.
3088 474 3297 532 Etenim
3335 495 3402 534 ev

1817 546 1992 616 lapide
2023 565 2188 617 parvo
2219 555 2406 622 crevit,
2437 567 2491 610 et
2513 558 2682 614 factus
2700 573 2784 616 est
2807 579 2960 619 mons
2989 583 3228 637 magnus,
3255 571 3326 625 ita
3356 583 3411 626 nt

1817 638 2063 706 impleret
2104 645 2410 701 universam
2453 647 2644 705 faciem
2691 662 2869 709 terrte.
2912 656 3047 725 Quid
3081 661 3161 714 vis
3185 676 3313 736 ergo
3342 664 3410 718 ad

1815 744 1936 784 eum
1964 748 2058 799 per
2079 743 2253 789 terras
2279 740 2481 805 venire,
2509 742 2599 809 qui
2633 752 2801 799 terras
2828 747 3107 816 implevit?
3136 751 3275 808 Ecce
3297 754 3408 823 jam

1814 825 1999 888 venit;
2047 827 2236 897 evigila
2272 847 2286 883 :
2315 831 2612 888 crescendo
2639 845 2692 890 et
2718 837 3051 896 dormientes
3094 844 3333 911 pulsat‘:
3364 850 3407 901 si

1815 923 1990 970 tamen
2023 935 2130 974 non
2158 929 2337 976 tantus
2377 923 2429 977 in
2473 924 2554 981 eis
2582 942 2804 984 somnus
2829 939 2932 998 est,
2962 936 3052 1003 qut
3083 935 3246 991 etiam
3276 955 3410 994 con-

1815 1015 1893 1060 tra
1929 1019 2166 1066 montem
2207 1015 2513 1070 venientem
2566 1019 2949 1091 obdurescant,
2997 1026 3092 1081 sed
3141 1030 3409 1084 audiant:

1812 1096 1981 1168 Surge
2005 1101 2092 1168 qui
2120 1103 2333 1169 dormis,
2364 1116 2410 1158 ct
2439 1123 2653 1180 exsurge
2693 1128 2725 1163 α
2760 1117 2994 1183 mortuis,
3024 1127 3071 1171 et
3095 1118 3411 1175 illuminabat

1811 1197 1857 1238 te
1883 1188 2109 1244 Christus
2135 1192 2351 1264 (Ep/tes.
2379 1213 2433 1262 v,
2469 1199 2579 1270 14).
2622 1201 2842 1257 Multum
2876 1207 3017 1260 enim
3057 1217 3177 1263 erat
3201 1210 3408 1267 Judzeis

1809 1278 1993 1334 videre
2021 1282 2270 1351 lapidem.
2309 1285 2469 1357 Lapis
2501 1290 2643 1344 enim
2674 1293 2763 1348 ille
2791 1295 2966 1351 adhuc
2997 1313 3191 1367 parvus
3242 1313 3398 1358 erat:

1808 1371 2002 1426 merito
2044 1387 2098 1427 et
2137 1391 2355 1438 parvum
2387 1391 2848 1453 contempserunt,
2877 1393 3271 1447 contemnendo
3308 1397 3400 1450 of-

1806 1457 2108 1522 fenderunt.
2141 1475 2196 1518 ct
2239 1467 2561 1525 nll‘endendo
2585 1478 2822 1543 quassati
2859 1489 3016 1542 sunt;
3058 1492 3225 1537 restat
3252 1496 3307 1539 ut
3343 1495 3393 1543 et

1804 1561 2174 1610 conterantur.
2205 1558 2318 1613 Hoc
2338 1562 2479 1615 enim
2508 1564 2576 1617 de
2602 1567 2777 1634 lapide
2805 1568 2897 1624 illo
2925 1571 3126 1627 dictum
3150 1584 3266 1630 est:
3294 1577 3396 1643 Qui

1803 1641 2072 1708 olfenderit
2104 1648 2158 1700 in
2195 1647 2416 1720 tdpidem
2457 1653 2625 1715 illum,
2672 1662 3020 1727 conquassabit
3060 1681 3207 1729 eum;
3243 1641 3387 1738 super

1801 1749 1948 1802 quem
1990 1740 2199 1804 venerit,
2246 1751 2463 1797 conteret
2501 1762 2613 1798 eum
2661 1747 2809 1815 (an.
2842 1767 2940 1818 xx,
2974 1756 3086 1826 18).
3119 1758 3275 1813 Aliud
3310 1770 3394 1814 est

1799 1830 2166 1896 conquassari,
2216 1832 2361 1887 aliud
2416 1840 2618 1892 conteri
2651 1858 2664 1892 :
2692 1847 3040 1912 conquassari
3092 1849 3268 1904 minus
3311 1863 3384 1903 est

1797 1931 1960 1984 quam
2001 1922 2243 1975 conteri:
2276 1926 2372 1980 sed
2418 1930 2687 1985 neminem
2732 1937 2962 1991 conterit
3013 1942 3257 1996 excelsus
3297 1961 3383 1998 ve-

1799 2009 1994 2075 niens,
2052 2013 2154 2066 nisi
2206 2029 2367 2083 quem
2421 2023 2863 2089 conquassaverit
2917 2025 3134 2084 humilis
3183 2031 3385 2101 iacens.

1795 2098 1955 2155 Modo
1983 2103 2125 2157 enim
2152 2116 2437 2177 antequam
2461 2112 2637 2166 veniat
2659 2114 2913 2172 Dominus
2943 2129 3144 2186 noster,
3179 2125 3380 2180 bumili-

1798 2199 1880 2244 ter
1902 2192 2069 2260 jacuit
2115 2196 2334 2266 Judaeis,
2387 2209 2443 2255 et
2475 2203 2814 2261 oll'enderunt
2844 2210 2897 2263 in
2937 2211 3109 2278 illum,
3159 2226 3210 2270 et
3255 2233 3356 2272 con

1794 2290 2028 2352 quassati
2075 2301 2242 2344 sunt:
2275 2294 2456 2349 veniet
2485 2306 2669 2363 postea
2722 2299 2776 2354 in
2811 2301 3017 2370 judicio
3061 2321 3160 2361 suo
3209 2311 3388 2366 clarus

1792 2383 1956 2444 atque
1981 2378 2141 2443 altus,
2174 2396 2396 2452 magnus
2425 2395 2477 2438 et
2510 2396 2731 2452 potens;
2759 2395 2866 2444 non
2897 2392 3138 2449 infirmus
3165 2407 3222 2451 ut
3238 2399 3388 2467 judi-

1792 2476 1965 2532 cetur,
2003 2469 2098 2522 sed
2140 2472 2293 2526 fortis
2319 2484 2377 2527 ut
2403 2469 2628 2544 judiCet,
2657 2487 2712 2534 et
2751 2491 2994 2539 conterat
3019 2502 3112 2540 eos
3139 2491 3228 2559 qui
3256 2507 3387 2547 con-

1791 2561 2027 2626 quassati
2071 2573 2196 2617 sunt
2239 2566 2290 2618 in
2318 2582 2440 2621 eum
2470 2569 2812 2628 offendendo.
2858 2575 3017 2646 Lapis
3047 2581 3190 2636 enim
3218 2583 3386 2639 offen-

1789 2648 1958 2704 sionis
2005 2661 2058 2705 et
2105 2663 2253 2722 petra
2309 2659 2549 2714 scandali
2597 2675 2703 2716 non
2757 2666 3099 2724 credentibus
3145 2672 3259 2741 ipse
3299 2689 3384 2731 est

1792 2739 1834 2803 (Ι
1860 2739 2004 2794 Petr.
2039 2758 2094 2806 ιι,
2123 2746 2201 2814 8).
2235 2746 2397 2816 Ergo,
2427 2751 2710 2818 carissimi,
2750 2771 2855 2811 non
2886 2767 2968 2813 est
2988 2739 3180 2816 mirum
3209 2765 3253 2818 si
3281 2765 3380 2820 Ju-

1787 2829 1888 2886 dtei
1925 2849 2029 2888 non
2072 2849 2402 2906 agnoverunt
2437 2858 2596 2912 quem
2637 2854 2886 2918 tanquam
2931 2854 3212 2920 parvulum
3242 2857 3380 2930 lapi-

1786 2929 1908 2978 dem
1945 2938 2070 2982 ante
2111 2929 2275 2998 pedes
2317 2947 2442 2988 suos
2477 2935 2746 3004 iacentem
2792 2952 3270 3016 contempserunt:
3304 2929 3380 3008 illi

1786 3015 2014 3070 mirandi
2045 3029 2170 3073 sunt
2197 3022 2285 3091 qui
2312 3023 2485 3080 adhuc
2511 3034 2616 3081 tam
2646 3045 2896 3100 magnum
2926 3015 3162 3092 montem
3192 3042 3382 3098 nolunt

1784 3121 2099 3178 agnoscere.
2146 3112 2315 3168 Judaei
2358 3117 2409 3169 in
2457 3117 2685 3187 lapidem
2735 3137 2956 3191 parvum
3001 3143 3108 3183 non
3148 3131 3381 3189 videndo

1785 3198 2145 3267 otlenderunt,
2172 3204 2407 3260 bmretici
2426 3207 2477 3260 in
2508 3220 2743 3266 montem
2767 3212 3065 3271 oti‘endunt.
3091 3219 3209 3275 1am
3231 3226 3375 3278 enim

1783 3290 1954 3342 crevit
1984 3291 2074 3345 ille
2103 3292 2267 3360 lapis;
2294 3295 2400 3360 jam
2440 3297 2670 3352 dicimus
2706 3302 2833 3371 illis,
2864 3290 3001 3361 Ecce
3038 3309 3251 3380 impleta
3291 3325 3377 3369 est

1784 3382 2062 3448 prophetia
2104 3383 2357 3446 Danielis,
2400 3385 2558 3455 Lapis
2605 3389 2693 3444 ille
2730 3394 2820 3460 qui
2864 3405 2982 3450 erat
3023 3414 3236 3466 parvus,
3287 3407 3375 3474 [a-

1781 3482 1890 3526 ctns
1932 3484 2003 3525 est
2041 3491 2184 3528 mons
2230 3493 2458 3545 magnus,
2508 3490 2555 3532 et
2597 3481 2820 3550 implevit
2862 3487 3147 3544 universam
3187 3502 3374 3548 terram

1787 3562 1944 3635 (Dan.
1979 3582 2035 3628 ιι,
2063 3567 2178 3638 35).
2215 3571 2391 3634 Quare
2418 3572 2468 3624 in
2501 3573 2647 3628 illum
2685 3575 2976 3646 offenditis,
3008 3592 3061 3636 et
3089 3599 3192 3638 non
3225 3585 3276 3640 in
3305 3588 3372 3642 il—

1782 3658 1890 3710 lum
1922 3660 2257 3716 ascenditis?
2285 3663 2415 3727 Quis
2448 3674 2555 3718 tam
2597 3683 2773 3722 cmcus
2812 3680 2896 3725 est
2935 3685 2990 3726 ut
3040 3675 3275 3731 oﬂ'endat
3314 3683 3366 3735 in

1782 3760 2017 3804 montem
2036 3752 2058 3805 ?
2079 3753 2239 3819 Quasi
2273 3755 2393 3809 ideo
2414 3757 2480 3810 ad
2513 3766 2565 3812 te
2587 3762 2794 3814 venerit
2826 3773 2880 3816 ut
2911 3763 3111 3821 habeas
3134 3769 3185 3821 in
3210 3786 3366 3838 quem

1779 3843 2037 3909 offendas,
2089 3857 2140 3900 et
2183 3863 2288 3901 non
2337 3850 2532 3903 habeas
2576 3853 2630 3904 in
2675 3869 2832 3922 quem
2857 3858 3134 3913 ascendas.
3175 3858 3369 3927 Venite,

1778 3936 2112 3989 accendamus
2138 3938 2206 3989 ad
2230 3951 2448 3992 montem
2477 3939 2680 3994 Domini
2710 3942 2861 4006 (lsai.
2890 3962 2946 4007 ll,
2975 3949 3050 4016 5).
3085 3949 3245 4006 Isaias
3274 3953 3373 4009 hoc

1778 4027 1945 4080 dicit:
1986 4027 2180 4095 Venite,
2207 4032 2559 4087 ascendimus.
2593 4035 2732 4102 Quid
2758 4044 2860 4097 est,
2904 4037 3096 4104 Venite,
3125 4049 3375 4100 ascendo-

1780 4120 1942 4174 mus?
1979 4120 2175 4186 Venite,
2217 4133 2300 4178 est
2338 4126 2581 4189 credite;
2623 4130 2975 4199 ascendamus,
3007 4134 3367 4201 proficiamus-

1778 4209 1870 4266 isti
1917 4220 2093 4266 autem
2139 4228 2238 4268 nec
2277 4217 2461 4270 venire
2507 4217 2713 4282 volunt,
2768 4235 2870 4275 nec
2914 4225 3225 4291 ascendere,
3270 4244 3373 4284 nec

1777 4303 2021 4368 credere,
2051 4321 2150 4361 nec
2175 4309 2455 4375 proficere.
2489 4310 2708 4366 Latrant
2745 4325 2929 4369 contra
2961 4329 3216 4374 montem.
3248 4321 3366 4376 .lam

1780 4394 1830 4446 in
1874 4394 2022 4449 illum
2067 4399 2226 4452 toties
2267 4399 2591 4455 offendendo
2619 4405 2852 4472 quassati
2902 4417 3046 4472 sunt,
3090 4419 3144 4464 et
3182 4414 3372 4469 nolunt

1777 4485 2091 4548 ascendere,
2120 4501 2336 4557 semper
2354 4490 2614 4559 eligentes
2646 4493 2938 4551 offendere.
2973 4499 3221 4556 Dicamus
3244 4504 3368 4564 illis,

1791 4575 1980 4640 Venite,
2009 4588 2055 4630 et
2077 4579 2234 4632 videte
2263 4596 2419 4650 opera
2443 4582 2670 4642 Domini.
2693 4602 2808 4655 qua!
2827 4589 2995 4658 posuit
3023 4593 3257 4664 prodigia
3283 4614 3357 4650 ευ.

1777 4685 1866 4738 per
1891 4678 2097 4723 terram.
2139 4672 2384 4742 Prodigia
2413 4674 2685 4739 dicuntur,
2717 4680 2860 4747 quod
2910 4683 3108 4753 atiquid
3143 4697 3369 4756 porten-

1777 4764 1926 4829 dant,
1959 4765 2110 4834 signa
2144 4766 2231 4819 illa
2273 4769 2650 4825 miraculorum
2681 4789 2801 4842 quae
2842 4775 2976 4831 facta
3004 4789 3128 4833 sunt
3154 4785 3369 4851 quando

1775 4854 2008 4908 mundus
2046 4856 2293 4913 credidit.
2338 4859 2408 4912 Et
2435 4861 2560 4930 quid
2608 4863 2732 4918 inde
2782 4864 2976 4921 factum
3018 4879 3120 4936 est,
3161 4882 3215 4926 et
3241 4877 3368 4944 quid

1778 4946 2205 5016 portendebant?

1848 5041 1935 5094 15.
1960 5039 2111 5113 [verm
2141 5040 2254 5116 10.]
2282 5041 2528 5115 Auferens
2546 5047 2675 5101 bella
2689 5065 2844 5121 usque
2858 5052 2928 5104 ad
2937 5052 3062 5121 [ξιτεδ
3075 5064 3238 5110 terrae.
3257 5057 3370 5114 Hoc

1778 5131 2014 5185 nondum
2044 5132 2282 5211 v‘idemus
2311 5147 2431 5190 esse
2465 5137 2819 5207 completum:
2847 5154 2970 5197 sunt
2997 5145 3174 5201 adhuc
3208 5147 3363 5213 bella,

1778 5233 1900 5276 sunt
1917 5223 2054 5276 inter
2069 5235 2254 5293 gentes
2276 5241 2371 5293 pro
2389 5243 2590 5296 regno;
2614 5230 2749 5284 inter
2765 5244 2957 5299 sectas,
2981 5235 3120 5291 inter
3131 5237 3364 5306 Judmos,

1772 5313 2041 5383 ,Paganns,
2083 5314 2435 5379 Christianos,
2467 5317 2767 5386 haereticos,
2807 5334 2931 5377 sunt
2962 5327 3119 5394 bella,
3148 5331 3368 5384 crebre-

1777 5417 1926 5458 scunt
1946 5407 2078 5460 bella
2101 5423 2115 5469 ;
2134 5409 2252 5467 aliis
2270 5427 2362 5477 pro
2377 5414 2617 5478 veritate,
2635 5415 2751 5467 aliis
2769 5431 2866 5484 pro
2884 5416 3108 5476 falsitate
3121 5427 3369 5479 certanti-

1843 5607 1859 5637 ι
1886 5605 2192 5672 Edd._,etigi10
2207 5608 2467 5672 credendo,
2481 5609 2755 5672 et'igiltmtes
2771 5612 2948 5672 pulsa.
2962 5619 3066 5662 uss.
3094 5630 3205 5666 vero
3217 5621 3368 5670 ωιιιυρ

1777 5669 1887 5734 cim,
1914 5667 2451 5734 c_t_dormientes_pntsnt
2481 5685 2498 5720 :
2520 5667 2670 5734 atque
2701 5667 2848 5722 iidem
2871 5687 2980 5723 cum
3004 5691 3059 5724 ea
3078 5685 3199 5726 teris
3220 5667 3363 5732 veni.

1777 5731 1867 5807 stis
1887 5730 1995 5778 cdd.
2022 5727 2147 5807 loco,
2168 5727 2429 5804 credendo,
2457 5727 2673 5807 babent,‘
2695 5736 2956 5807 crescendo
2988 5750 3002 5785 :
3024 5740 3151 5807 quod
3176 5727 3365 5796 saliéét

1781 5793 1995 5841 refertur
2017 5793 2076 5840 ad
2100 5795 2352 5854 superiora
2377 5797 2543 5847 verba.
2570 5808 2634 5845 ea:
2657 5796 2820 5856 luptde
2846 5810 2992 5848 parvo
3009 5793 3174 5850 derit.

2667 5878 3076 5948 {lux—sent.)
