3968 6330
605 294 713 351 ω

607 414 725 468 ints.
744 407 987 465 Nondum
1005 422 1133 483 ergo
1147 406 1473 478 completum
1490 414 1591 467 est.
1617 404 1862 475 Auferens
1887 402 2017 457 bella
2037 417 2190 473 usque

603 504 674 556 ad
698 501 825 571 ﬁnes
847 499 1139 557 terrte:sed
1166 497 1394 555 fortasse
1432 497 1807 568 compleliitur.
1838 497 1919 550 An
1946 504 2003 549 et
2038 495 2197 548 mmlo

603 574 929 664 completum
973 591 1094 649 est?
1142 591 1201 648 In
1243 589 1559 662 quibusdam
1615 581 1937 658 cdmpletum
1988 580 2108 641 cst:
2143 588 2195 640 in

604 683 783 741 tritico
801 686 1123 753 completum
1150 692 1255 749 est,
1285 683 1343 737 in
1366 681 1585 736 zizaniis
1612 680 1845 733 nondum
1868 678 2193 748 completum

602 782 709 830 est.
735 771 876 842 Quid
910 781 999 829 est
1023 771 1129 828 hoc
1153 787 1303 844 ergo,
1344 771 1592 842 Auferens
1620 768 1754 824 bella
1791 784 1947 839 usque
1973 767 2041 821 ad
2066 770 2195 837 ﬁnes

605 866 789 921 terra?
817 862 965 920 Bella
1002 862 1154 931 dicit,
1191 862 1386 933 quibus
1433 862 1659 918 bellator
1690 860 1949 916 adversus
1988 859 2195 913 Deum?

604 956 737 1026 Quis
776 955 922 1013 enim
948 955 1114 1012 ικιιει
1142 955 1401 1011 adversus
1427 952 1631 1009 Deum?
1662 952 1930 1022 Impietas.
1978 952 2042 1006 Et
2067 952 2193 1022 quid

606 1057 783 1117 potest
810 1047 986 1105 facere
1027 1047 1141 1104 Deo
1186 1045 1476 1118 impietas?
1510 1041 1673 1101 Nihil.
1700 1043 1836 1113 Quid
1879 1042 2005 1098 facit
2032 1043 2194 1097 ﬁctile

605 1155 701 1195 vas
724 1140 914 1196 elisum
937 1138 1007 1195 ad
1029 1148 1257 1211 petram,
1287 1137 1527 1209 quamvis
1557 1137 1902 1192 vehementer
1926 1134 2194 1190 elidatur?

603 1232 778 1289 Tanto
811 1232 1013 1302 majore
1038 1231 1179 1287 malo
1207 1245 1306 1287 suo
1330 1231 1492 1296 venit,
1523 1238 1728 1300 quanto
1751 1228 1955 1298 majore
1990 1229 2192 1297 impetu

604 1325 832 1380 venerit.
867 1322 995 1379 Haec
1020 1322 1159 1379 bella
1196 1336 1386 1393 magna
1410 1330 1586 1388 erant,
1632 1320 1820 1375 crebra
1850 1332 2022 1376 erant.
2052 1320 2193 1375 Con-

602 1424 683 1470 tra
710 1415 876 1471 Deum
904 1414 1150 1485 impietas
1176 1413 1483 1479 dimicabat,
1513 1420 1567 1467 et
1585 1425 1713 1466 vasa
1740 1411 1920 1466 ﬁctilia
1951 1421 2194 1467 contere-

600 1504 831 1561 bantur:
858 1503 1237 1579 prtesumendo
1264 1503 1334 1560 de
1374 1518 1437 1559 se
1474 1500 1742 1570 homines,
1771 1500 1839 1557 de
1869 1502 2065 1557 virtute
2093 1516 2187 1557 sua

599 1602 825 1658 multum
882 1597 1243 1672 prmvalendo.
1293 1596 1458 1666 Cujus
1497 1596 1574 1652 rei
1624 1603 1834 1651 scutum
1881 1596 2041 1650 etiam
2088 1595 2191 1650 Job

599 1692 735 1752 dixit
776 1690 847 1747 de
882 1689 1116 1762 quodam
1158 1688 1364 1761 impio:
1396 1686 1632 1742 Cucurrit
1657 1685 1898 1741 adversus
1927 1683 2092 1740 Deum
2136 1686 2191 1741 in

598 1801 772 1844 crassa
812 1784 1000 1839 cervice
1043 1781 1173 1836 scuti
1225 1780 1305 1835 sui
1355 1776 1479 1845 (Job
1524 1776 1753 1849 xv,~26).
1794 1776 1931 1845 Quid
1979 1787 2084 1842 est,
2135 1779 2189 1833 in

598 1890 773 1930 crasso
795 1874 983 1929 ceruice
1006 1874 1131 1927 scuti
1165 1870 1285 1926 sui?
1311 1868 1541 1927 Nimium
1571 1868 1943 1939 praesumendo
1962 1868 2030 1924 de
2056 1884 2184 1939 pro-

601 1965 833 2023 tectiuno
859 1979 976 2019 sua.
1019 1959 1414 2033 Numquidnam
1454 1960 1541 2015 iSti
1569 1960 1704 2015 tales
1747 1960 2011 2028 erantqui
2037 1962 2187 2015 dicc—

599 2059 765 2115 bsnt:
794 2056 933 2111 Dens
961 2063 1130 2110 noster
1152 2053 1406 2125 refugium
1437 2060 1485 2107 et
1508 2053 1686 2115 virtus,
1708 2051 1917 2120 odjutor
1943 2052 1996 2105 in
2024 2051 2186 2105 tribu--

600 2149 868 2206 lotionibus
914 2163 1027 2216 quat
1079 2147 1377 2202 itwenerunt
1438 2161 1533 2201 nos
1582 2143 1770 2199 nimis?
1825 2152 1918 2200 aut
1968 2144 2023 2200 in
2079 2146 2187 2202 alio

597 2241 843 2313 psalmo:
873 2236 997 2294 Non
1030 2238 1162 2292 enim
1201 2238 1255 2292 in
1295 2252 1420 2291 arcu
1457 2251 1567 2291 meo
1591 2236 1827 2305 sperabo,
1854 2247 1901 2291 et
1924 2236 2186 2292 brachium

595 2347 764 2387 meum
791 2346 893 2386 non
914 2329 1128 2386 soloab“
1166 2344 1247 2383 me
1283 2326 1454 2400 (Ptol.
1479 2341 1628 2395 xum,
1659 2326 1760 2398 7)?
1783 2326 2008 2396 Quando
2034 2328 2184 2399 quis-

593 2439 698 2495 que
736 2423 1011 2494 cognoscit
1036 2422 1157 2492 quia
1197 2422 1250 2475 in
1279 2417 1456 2488 seipse
1487 2416 1621 2473 nihil
1647 2426 1752 2486 est,
1783 2426 1838 2474 et
1862 2417 2181 2489 adiutorium

592 2515 659 2567 de
680 2528 738 2567 se
768 2512 970 2566 nullum
1000 2509 1177 2576 habet,
1208 2522 1356 2563 arma
1385 2508 1436 2563 in
1466 2509 1557 2562 illo
1577 2506 1846 2563 confracta
1876 2517 2021 2576 sunt,
2046 2505 2182 2565 bella

591 2605 774 2660 sedata
818 2614 962 2658 sunt.
1007 2601 1153 2658 Talia
1197 2616 1325 2671 ergo
1356 2600 1492 2655 bella
1530 2599 1730 2656 delevit
1753 2616 1858 2655 vox
1888 2600 1973 2656 illa
2020 2602 2185 2657 Altis-

590 2696 710 2749 simi
738 2694 804 2749 de
834 2692 1061 2748 nubibus
1095 2694 1315 2758 sanctis,
1358 2706 1462 2761 qua
1498 2698 1640 2745 terra
1685 2698 1952 2745 commota
1996 2700 2097 2758 est,
2128 2701 2183 2747 et

591 2786 843 2841 inclinata
866 2791 991 2838 sunt
1022 2796 1181 2852 regna
1212 2798 1228 2836 :
1253 2780 1473 2836 abstulit
1499 2778 1615 2836 haec
1655 2779 1791 2837 bella
1815 2794 1984 2853 usque
2007 2782 2073 2836 ad
2112 2783 2178 2836 li-

588 2891 686 2930 nos
711 2886 886 2929 ιρι-ιω.
913 2872 1101 2926 Areum
1126 2878 1369 2937 conteret,
1395 2878 1443 2925 et
1459 2870 1742 2943 confringet
1764 2886 1932 2940 arma,
1960 2884 2009 2926 et
2035 2884 2180 2927 scuto

586 2966 842 3022 eombtn'et
878 2966 1007 3037 igni.
1038 2967 1229 3029 Arcus,
1274 2977 1447 3027 arma.
1476 2972 1650 3031 scuta,
1678 2963 1838 3034 ignis.
1869 2963 2043 3021 Arcus
2069 2974 2175 3032 est,

588 3058 829 3124 insidias;
881 3065 1050 3121 arma,
1098 3054 1306 3127 publica
1347 3053 1708 3127 oppugnatio;
1754 3063 1992 3124 sentum,
2040 3069 2175 3111 vana

587 3148 1021 3222 przcsumptionis
1047 3148 1366 3219 protectio‘.
1392 3145 1533 3219 Ignis
1572 3162 1680 3220 quo
1713 3148 1812 3205 ista
1851 3151 2178 3209 comburun-

584 3252 693 3306 tur,
719 3250 803 3298 est
841 3240 909 3297 de
948 3254 1057 3311 quo
1094 3238 1351 3295 Dominus
1379 3238 1453 3293 ait
1478 3255 1495 3295 :
1518 3237 1700 3311 Ignem
1739 3241 1853 3295 veni
1886 3243 2084 3298 mittere
2122 3245 2175 3300 in

584 3342 770 3389 terram
796 3332 932 3406 (Luc
983 3347 1076 3398 xu.
1102 3328 1217 3404 49).
1242 3330 1318 3387 De
1353 3344 1461 3403 quo
1493 3330 1618 3403 igne
1633 3330 1764 3388 dicit
1794 3331 2031 3403 psalmus
2059 3354 2072 3390 :
2109 3335 2174 3391 Et

581 3446 683 3483 non
718 3438 794 3483 est
819 3427 908 3498 qui
931 3442 984 3482 se
1004 3423 1281 3481 abscondat
1304 3440 1338 3479 o
1373 3424 1546 3481 calore
1568 3426 1679 3497 ejus
1698 3424 1873 3497 (Psol.
1906 3444 2059 3499 xvut,
2088 3429 2165 3503 7).

582 3519 844 3575 Fervente
889 3518 1009 3585 igne
1049 3517 1172 3581 isto,
1220 3515 1363 3571 nulla
1406 3513 1461 3571 in
1503 3513 1659 3572 nobis
1698 3516 1987 3588 impietatis
2019 3535 2166 3576 arma

577 3608 951 3673 remanebunt.
1001 3621 1223 3663 necesse
1274 3617 1357 3664 ρει
1406 3620 1463 3661 ut
1508 3606 1688 3663 omnia
1731 3608 2161 3682 confringantur,

577 3710 948 3766 conterantur,
998 3699 1401 3755 comburantur.
1453 3698 1753 3756 Remaneas
1796 3701 2016 3759 inermis
2060 3721 2167 3760 non

578 3795 783 3850 habens
812 3794 977 3847 ullum
998 3792 1321 3861 adiutorium
1352 3799 1497 3846 tuum
1528 3808 1542 3845 :
1571 3802 1625 3848 et
1654 3801 1854 3861 quanto
1883 3796 2049 3866 magis
2080 3797 2164 3851 iu-

576 3886 762 3940 tirmus
783 3898 865 3949 es,
895 3881 1045 3937 nulla
1061 3890 1149 3935 tua
1173 3896 1323 3937 arma
1353 3880 1577 3948 habens,
1598 3890 1746 3938 tanto
1770 3888 1936 3955 inagis
1964 3898 2014 3942 te
2042 3903 2164 3943 sus-

574 3978 722 4046 cipit,
752 3975 822 4032 de
869 3990 979 4045 quo
1004 3975 1202 4029 dictum
1228 3982 1311 4028 est
1338 3990 1354 4027 :
1387 3973 1668 4043 Susceptor
1696 3984 1866 4030 noster
1892 3974 2034 4032 Deus
2060 3978 2157 4031 Ja-

572 4070 684 4123 cob.
718 4065 942 4121 Valebas
975 4064 1117 4120 enim
1156 4065 1307 4136 quasi
1348 4079 1443 4135 per
1491 4076 1563 4129 te,
1610 4068 1946 4122 conturbaris
1988 4071 2041 4124 in
2086 4084 2157 4127 te.

573 4157 744 4216 Pet-de
783 4169 928 4212 arma
960 4155 1153 4225 quibus
1181 4156 1540 4225 prorsumebas
1574 4174 1587 4209 :
1620 4156 1741 4211 audi
1771 4156 2052 4214 Dominum
2080 4161 2162 4215 di-

570 4259 807 4316 centem,
830 4246 1029 4318 Suﬁict't
1050 4245 1136 4300 tibi
1164 4246 1332 4317 gratia
1358 4261 1483 4298 meo.
1520 4245 1613 4301 Dic
1632 4254 1687 4301 et
1716 4253 1792 4314 tu,
1838 4246 2055 4312 Quando
2082 4254 2161 4305 in-

571 4344 769 4412 firmor,
796 4352 915 4393 tunc
941 4339 1088 4408 [ortis
1110 4352 1243 4391 sum.
1271 4336 1508 4406 Apostoli
1531 4353 1632 4389 Vox
1664 4348 1765 4391 est.
1795 4337 1982 4393 Omnia
2010 4356 2156 4395 arma

568 4448 662 4488 sua
693 4430 1000 4506 perdiderat
1045 4439 1295 4499 tauquam
1335 4428 1658 4483 fortitudinis
1698 4445 1831 4495 suat,
1878 4434 1965 4501 qui
2012 4434 2155 4489 dice-

568 4526 680 4589 bat,
727 4523 839 4596 Ego
879 4533 1046 4577 autent
1083 4538 1184 4578 non
1222 4521 1498 4593 gloriabor,
1545 4523 1643 4577 nisi
1686 4523 1739 4577 in
1778 4523 2156 4591 ἰηβνιηὶ.’.τιὶὺιι.ς

568 4621 692 4674 meis
721 4618 787 4692 (ll
812 4616 930 4674 Cor.
955 4632 1050 4685 xu,
1075 4616 1130 4679 9,
1164 4614 1255 4686 10)
1290 4632 1303 4669 :
1334 4616 1479 4671 velut
1516 4617 1559 4669 si
1600 4617 1820 4683 diceret,
1852 4615 1967 4672 Non
1996 4636 2152 4674 curro

566 4714 821 4768 adversus
847 4711 1013 4766 Deum
1041 4709 1095 4764 in
1117 4722 1295 4764 crassa
1325 4708 1535 4763 cervice
1558 4707 1693 4763 scuti
1736 4709 1861 4771 mei,
1900 4713 1988 4778 qui
2016 4717 2157 4779 prius

571 4807 645 4867 fui
670 4803 1014 4875 blasphemus,
1055 4812 1104 4856 et
1140 4809 1449 4870 persecutor,
1494 4810 1542 4854 et
1574 4802 1889 4871 injuriosus;
1926 4805 2013 4857 sed
2040 4808 2153 4859 ideo

566 4896 964 4951 utt'serirordiom
982 4904 1275 4951 consecutus
1296 4910 1430 4959 sum,
1454 4904 1508 4949 ut
1532 4896 1584 4948 in
1610 4911 1689 4950 me
1707 4898 1984 4951 ostenderet
2010 4899 2154 4953 Chri-

562 4998 672 5042 stus
696 4986 848 5041 Iesus
884 5000 1083 5039 omnem
1122 4984 1546 5055 longanimitatem
1583 4985 1636 5039 in
1682 5000 1767 5040 eos
1792 4988 1879 5054 qui
1914 4990 2153 5044 credituri

566 5089 681 5135 sunt
706 5077 786 5133 illi
810 5078 863 5132 in
896 5077 1047 5131 vitam
1076 5086 1313 5131 aeternam
1339 5077 1379 5136 ll
1414 5075 1543 5129 Tim.
1570 5090 1606 5140 t,
1638 5078 1726 5141 l3,
1762 5077 1871 5147 16).
1903 5082 2149 5149 ΑιιῙιτεηε

564 5170 697 5224 bello
734 5184 891 5239 usque
913 5172 981 5221 ad
1009 5168 1137 5238 ﬁnes
1172 5176 1333 5222 term.
1364 5166 1590 5234 Quando
1618 5176 1796 5222 autem
1838 5185 1936 5225 nos
1976 5171 2156 5241 Domi-

566 5260 745 5314 minus
791 5258 1035 5330 suscipit,
1085 5258 1337 5325 numquid
1390 5258 1624 5312 inermes
1666 5258 1924 5314 dimittit?
1966 5261 2153 5315 Armat

565 5366 686 5411 nos.
720 5348 813 5402 sed
844 5350 960 5403 aliis
990 5347 1176 5413 armis,
1209 5348 1548 5416 evangelicis,
1579 5349 1843 5413 veritatis,
1872 5352 2150 5407 continen-

562 5441 673 5506 tizc,
700 5440 903 5503 salutis,
927 5440 1062 5509 spei,
1092 5437 1237 5504 ﬁdei,
1276 5438 1572 5492 cltaritatis.
1608 5438 1731 5492 [Lee
1760 5454 1906 5493 arma
1936 5441 2153 5497 habebi-

560 5546 702 5600 mus,
734 5532 826 5588 sed
852 5546 956 5587 non
991 5545 1020 5581 a
1049 5528 1221 5583 nobis.
1257 5530 1417 5582 Arma
1463 5537 1639 5583 autem
1676 5543 1793 5599 quae
1821 5545 1849 5583 a
1880 5531 2033 5588 nobis
2059 5534 2152 5587 ha-

612 5668 640 5771 ἱ
668 5672 740 5715 sic
776 5673 873 5714 uss.
914 5672 967 5713 Αι
1007 5661 1145 5721 edd,
1172 5670 1327 5719 scuto,
1363 5674 1487 5712 vano
1518 5661 1835 5727 prauumptio
1869 5676 1971 5715 sua
1995 5674 2149 5727 prote-

632 5739 740 5771 mis.

562 5738 740 5778 ("‘J'lis'.

1849 287 1903 344 S.
1947 286 2308 343 AUGUSTINI
2350 289 2650 348 EPISCOPI
3797 298 3886 361 ΩΙ

2306 401 2540 468 lauimus,
2581 417 2828 461 arserunt
2861 426 2872 461 :
2901 409 2945 463 si
2973 416 3151 466 tamen
3186 409 3310 483 igne
3346 411 3438 469 illo
3463 411 3700 483 Spiritus
3726 416 3890 470 saucii

2303 495 2517 547 accensi
2561 510 2770 563 sumus,
2812 499 2880 553 dc
2922 515 3032 568 quo
3077 501 3297 568 dicitur,
3340 503 3405 558 Et
3449 513 3598 571 scuta
3636 502 3891 559 corneum

2303 581 2428 652 igni.
2453 584 2555 650 Qui
2587 596 2773 655 potens
2791 589 2807 620 ¹
2842 588 2893 642 in
2918 599 2969 644 te
2997 605 3118 648 esse
3140 592 3415 662 cupiebas.
3444 593 3719 650 inﬁmum
3744 604 3799 651 te
3826 595 3874 650 lu

2301 675 2374 727 cit
2400 676 2561 743 Deus,
2593 687 2649 733 ut
2675 678 2866 735 fortem
2887 691 2941 738 te
2962 681 3164 740 laceret
3186 684 3355 750 dese,
3384 687 3509 757 quia
3536 671 3883 745 intirmdbarit

2301 764 2367 819 de
2396 775 2464 821 te.

2375 858 2459 912 Μ.
2517 857 2685 931 [υεη.
2724 861 2833 935 Η.]
2872 863 3009 933 Quid
3046 879 3176 937 ergo
3219 868 3501 938 sequitur?
3557 865 3763 927 γσωω.
3807 865 3887 926 Ad

2299 965 2456 1018 quam
2484 967 2595 1006 rem
2617 954 2640 1005 Τ
2669 952 2735 1006 Et
2760 955 2919 1010 videte
2943 958 3184 1026 quoniam
3207 975 3300 1031 ego
3323 977 3437 1015 sum
3467 962 3623 1016 Deus.
3646 960 3765 1019 Hoc
3784 974 3886 1032 est,

2298 1039 2415 1096 Non
2446 1059 2560 1107 vos,
2589 1045 2682 1100 sed
2705 1062 2805 1117 ego
2831 1063 2949 1103 sum
2976 1050 3115 1105 Deus
3139 1068 3153 1105 :
3185 1067 3285 1121 ego
3306 1053 3512 1120 creavi,
3537 1068 3639 1125 ego
3660 1069 3847 1113 recrea
3867 1072 3890 1118 ἱ

2298 1146 2400 1202 ego
2430 1133 2685 1199 formavi.
2714 1153 2815 1207 ego
2853 1139 3129 1207 reformo;
3166 1158 3267 1213 ego
3293 1142 3389 1200 foci
3410 1184 3428 1210 ,
3471 1159 3572 1214 ego
3598 1145 3802 1200 reﬁcio.
3826 1143 3886 1203 Si

2300 1241 2403 1279 non
2436 1228 2657 1296 potuisti
2702 1228 2875 1285 facere
2909 1241 2958 1286 te
2981 1273 2996 1297 ,
3047 1234 3315 1302 quomodo
3358 1244 3512 1305 potes
3550 1237 3771 1295 reﬁcere
3794 1237 3885 1296 te!

2298 1315 2412 1371 lloc
2437 1332 2545 1373 non
2572 1319 2715 1375 videt
2740 1323 2997 1378 tumultus
3022 1326 3389 1381 contcntiosus
3426 1326 3587 1382 animi
3616 1325 3832 1383 humani
3861 1342 3883 1385 ε

2297 1409 2382 1463 cui
2414 1412 2663 1465 tumuitui
2691 1417 3029 1470 contentiosa
3056 1416 3251 1472 dicitur
3272 1458 3289 1483 ,
3329 1416 3537 1485 Vocate,
3576 1419 3627 1475 id
3664 1429 3768 1488 est,
3798 1436 3883 1476 rc-

2299 1501 2511 1570 primite
2555 1506 2765 1561 animos
2814 1518 3022 1562 vestros
3060 1524 3090 1562 a
3134 1509 3665 1567 contradictionibus.
3706 1510 3885 1569 Nolite

2295 1597 2655 1665 argumentari
2689 1607 2745 1653 et
2772 1608 3021 1671 tanquam
3064 1603 3258 1657 armari
3300 1612 3483 1659 contra
3517 1605 3722 1660 Deum:
3751 1605 3887 1661 alio-

2294 1688 2420 1756 quin
2454 1688 2635 1743 vivunt
2658 1705 2805 1745 arma
2833 1691 3068 1747 nondum
3100 1694 3193 1749 illo
3220 1694 3343 1764 igne
3365 1695 3664 1751 combusta.
3695 1694 3751 1751 Si
3782 1711 3886 1752 an—

2296 1786 2403 1830 tem
2431 1776 2706 1833 combusta
2744 1790 2907 1849 sunt,
2950 1781 3172 1848 Vacate;
3212 1785 3331 1854 quia
3370 1800 3476 1841 non
3508 1786 3715 1842 habetis
3740 1790 3886 1845 unde

2297 1867 2561 1937 pugnctis.
2593 1868 2651 1926 Si
2681 1880 2859 1929 autem
2894 1875 3212 1930 vacaveritis
3244 1875 3294 1930 in
3326 1877 3500 1943 vobis,
3530 1885 3588 1933 et
3618 1892 3648 1932 ει
3676 1893 3765 1935 me
3788 1893 3886 1950 pe-

2300 1959 2491 2015 tieritis
2516 1964 2732 2030 omnia,
2768 1964 2858 2035 qui
2885 1966 2906 1997 ⁸
2938 1970 3114 2037 primo
3154 1968 3224 2024 dc
3259 1969 3411 2024 vobis
3440 1970 3885 2041 prmsumcbatis.

2301 2047 2507 2116 Vaeatc,
2532 2061 2578 2107 et
2606 2053 2853 2110 videbitis
2879 2058 3117 2123 quoniam
3144 2074 3236 2129 ego
3264 2075 3378 2114 sum
3406 2058 3567 2115 Deus.

2338 2140 2456 2195 -15,
2500 2142 2665 2215 luere.
2701 2144 2812 2219 12.]
2845 2144 3124 2202 Exaltabar
3149 2149 3202 2202 in
3229 2150 3460 2220 gentibus
3482 2190 3499 2216 ,
3528 2160 3576 2206 et
3613 2149 3884 2207 exultabat

2289 2233 2343 2287 in
2373 2244 2527 2289 terra.
2555 2236 2720 2291 Paulo
2746 2247 2873 2292 ante
2897 2240 3139 2295 dixeram
3165 2249 3322 2297 terra:
3346 2243 3562 2299 nomine
3583 2242 3887 2316 signiﬁcari

2288 2332 2500 2393 gentem
2546 2325 2877 2393 Jndtcorum.
2923 2330 3087 2387 maris
3131 2333 3349 2388 nomine
3398 2342 3623 2389 cauet-as
3669 2346 3887 2406 gentes.

2290 2414 2554 2472 Translati
2581 2433 2706 2473 sunt
2731 2430 2941 2475 montes
2969 2423 3019 2475 in
3050 2438 3144 2477 cor
3170 2422 3334 2478 maris
3363 2439 3379 2478 :
3406 2426 3739 2482 conturbata:
3756 2434 3895 2484 sunt

2287 2515 2473 2577 gentes
2494 2547 2511 2576 ,
2544 2509 2795 2565 inclinata
2823 2522 2948 2566 Sunt
2979 2529 3139 2582 regna
3164 2556 3180 2577 ,
3212 2514 3359 2569 dedit
3388 2529 3572 2573 vocem
3604 2531 3755 2571 suam
3782 2517 3884 2573 Al-

2288 2596 2558 2663 tissimus,
2590 2609 2644 2654 et
2670 2610 2812 2656 mota
2840 2612 2921 2656 cst
2948 2612 3112 2660 terra.
3160 2603 3409 2661 Dominus
3437 2606 3679 2661 virtutum
3705 2609 3885 2664 nobis-

2286 2706 2423 2758 cum,
2447 2702 2708 2763 susceptor
2736 2702 2906 2748 noster
2925 2692 3064 2750 Deus
3087 2694 3268 2750 Jacob.
3299 2695 3457 2751 Facta
3480 2708 3604 2752 sunt
3624 2699 3881 2757 miracula

2287 2780 2339 2833 in
2387 2781 2652 2850 gentibus,
2703 2783 2953 2853 impletur
2996 2785 3129 2841 ﬁdes
3169 2787 3404 2855 gentium
3429 2827 3446 2854 ,
3492 2788 3684 2843 ardent
3725 2805 3883 2845 arma

2287 2874 2718 2941 praesumptionis
2766 2874 3016 2931 humana:
3060 2895 3073 2930 :
3116 2886 3331 2933 vocatur
3382 2879 3433 2932 in
3489 2879 3883 2951 tranquillitate

2284 2963 2461 3021 cordis
2485 3005 2503 3034 ,
2543 2975 2603 3020 ut
2630 2977 2983 3037 cognoscatur
3018 2979 3207 3024 auctor
3237 2969 3373 3024 Deus
3401 2972 3642 3025 omnium
3682 2986 3880 3027 mune-

2282 3070 2400 3110 rum
2427 3071 2668 3113 suorum.
2700 3058 2768 3115 Et
2793 3068 2916 3129 post
2940 3060 3094 3115 istam
3116 3062 3583 3127 ciarilicatiouem.
3612 3065 3879 3136 numquid

2282 3146 2481 3203 deserit
2500 3156 2554 3204 et
2584 3148 2793 3219 plebem
2811 3150 3139 3218 Judaeorum,
3166 3152 3235 3208 de
3254 3170 3353 3223 qua
3381 3154 3512 3208 dicit
3538 3154 3833 3224 Apostolus
3858 3171 3877 3213 :

2280 3237 2410 3295 Dico
2434 3239 2564 3294 enim
2587 3240 2743 3305 vobis,
2769 3250 2825 3295 ut
2853 3257 2953 3296 non
2978 3242 3087 3297 sitis
3110 3243 3246 3297 vobis
3270 3244 3549 3313 sapientes,
3576 3246 3695 3315 quia
3722 3249 3879 3311 ccci-

2279 3340 2357 3384 tos
2382 3346 2447 3385 ea:
2482 3341 2626 3403 parte
2648 3330 2816 3387 Israel
2839 3334 2977 3403 facta
2999 3342 3108 3402 est,
3136 3336 3295 3391 donec
3327 3336 3589 3406 plenitudo
3634 3337 3879 3395 Canium

2277 3422 2486 3476 intraret
2508 3422 2533 3475 .7
2553 3420 2607 3477 Id
2629 3432 2729 3489 cst,
2750 3423 2922 3479 donec
2942 3435 3153 3481 montes
3171 3426 3273 3482 huc
3296 3426 3742 3496 transferrentur,
3772 3446 3876 3484 nn-

2278 3512 2372 3567 bes
2393 3512 2479 3569 hic
2506 3514 2772 3583 pluerent,
2804 3515 2888 3572 hic
2917 3517 3170 3573 Dominus
3202 3520 3434 3575 tonitruo
3458 3535 3558 3577 suo
3585 3539 3750 3593 regna
3781 3526 3871 3578 iu—

2274 3604 2518 3669 clinaret,
2562 3605 2719 3659 donec
2766 3608 3026 3676 plenitudo
3073 3608 3312 3666 Gentium
3354 3613 3587 3669 intraret.
3629 3615 3700 3670 Et
3739 3619 3873 3687 quid

2274 3705 2457 3765 postea
2479 3697 2503 3750 ?
2523 3695 2590 3751 Et
2616 3697 2689 3752 sic
2716 3700 2879 3753 omnis
2908 3698 3074 3755 Israel
3100 3703 3267 3757 salvus
3288 3702 3430 3773 ﬁeret
3460 3705 3637 3777 (liam.
3668 3724 3747 3777 ιι,
3772 3710 3868 3777 25,

2270 3787 2389 3855 26).
2423 3786 2547 3843 Ideo
2574 3796 2629 3843 et
2658 3790 2744 3844 hic
2772 3791 2942 3860 ipsum
2980 3792 3222 3848 ordinem
3250 3809 3496 3860 servans,
3536 3796 3825 3856 Exoltabor
3845 3842 3865 3867 ,

2274 3878 2463 3949 inquit,
2488 3882 2541 3933 in
2565 3881 2813 3949 gentibus,
2857 3896 2903 3936 et
2947 3883 3208 3940 exaltobor
3244 3887 3298 3940 in
3328 3896 3461 3942 terra
3490 3905 3504 3941 :
3536 3888 3585 3943 id
3616 3899 3784 3959 est,ct
3814 3893 3867 3948 iu

2269 3971 2402 4023 mari
2432 3976 2486 4024 et
2513 3970 2563 4024 in
2597 3980 2768 4043 terra;
2820 3980 2875 4025 ut
2898 3972 3011 4042 jam
3041 3973 3060 4004 ³
3089 3990 3279 4032 omnes
3303 3979 3481 4033 dicant
3505 3980 3649 4051 quod
3677 3984 3865 4052 sequi-

2270 4069 2381 4125 tur,
2415 4058 2661 4115 Domiuus
2681 4063 2921 4118 uirtutum
2945 4065 3222 4132 nobiseum,
3248 4080 3507 4139 susceptor
3531 4082 3701 4126 noster
3721 4071 3867 4129 Deus

2264 4151 2447 4206 Iacob.

2874 4312 3865 4341 ’Ἦ

2702 4383 2781 4444 ΙΝ
2824 4384 3204 4451 PSALMUM
3248 4390 3445 4455 XLVI

2853 4504 2981 4560 ENA
2995 4507 3128 4561 RRA
3138 4510 3269 4563 ΤΙΟ.

2799 4628 2967 4672 εειιυο
2987 4634 3053 4673 Αἰ)
3082 4634 3303 4676 νιειιειι.

2338 4724 2388 4778 t.
2422 4724 2681 4781 Dominus
2708 4726 2851 4784 Deus
2890 4723 3073 4786 noStcr
3101 4732 3258 4789 iidem
3288 4736 3341 4789 in
3379 4752 3481 4804 qua
3515 4742 3742 4801 vivimus
3760 4725 3862 4811 ,ἐι

2263 4829 2329 4870 ex
2359 4830 2462 4886 qua
2494 4817 2742 4881 vivimus,
2777 4835 2873 4888 per
2898 4820 3089 4876 Libros
3125 4832 3364 4891 sanctos,
3398 4827 3699 4901 Scripturas
3726 4851 3859 4893 ssu-

2262 4917 2375 4962 ctas
2402 4908 2771 4989 multipliciter
2797 4913 2950 4969 nobis
2978 4917 3229 4987 varieque
3253 4918 3489 4988 dill‘udit;
3519 4940 3859 4989 sacramenta

2261 4998 2475 5068 quidem
2517 5003 2803 5057 verborum
2836 5006 3049 5061 varians
3070 5047 3085 5070 ,
3118 5007 3277 5065 (idem
3308 5022 3485 5069 tamen
3514 5033 3673 5075 unam
3706 5036 3855 5079 cont.

2263 5091 2543 5147 mandans.
2578 5093 2690 5148 Una
2716 5098 2859 5151 enim
2885 5097 3182 5170 eademque
3212 5118 3299 5158 res
3323 5104 3444 5160 ideo
3473 5111 3653 5166 multis
3676 5118 3861 5175 modis

2260 5182 2473 5250 dicitur.
2504 5186 2561 5239 tit
2590 5186 2749 5241 modo
2780 5189 2897 5257 ipso
2929 5188 2949 5219 "
2978 5189 3191 5247 dicendi
3218 5206 3437 5266 propter
3459 5200 3729 5260 fastidium
3761 5224 3856 5257 va-

2260 5364 2437 5484 ’ἠέρ’ξὲ
2455 5364 2671 5425 qumque
2695 5370 2800 5414 ³⁸⁵8·
2825 5365 2938 5415 Βάάι
2962 5379 3099 5429 νεῖον
3117 5369 3237 5429 Quid
3258 5381 3417 5432 Postea
3433 5374 3458 5425 ?
3478 5385 3530 5428 In
3562 5384 3608 5430 te
3649 5395 3755 5434 esse
3775 5398 3859 5436 cte-

2322 5487 2341 5550 ξ
2364 5486 2543 5550 ration.
2567 5493 2708 5535 vetus
2728 5487 2905 5547 codex,
2933 5502 3058 5550 qua.

2324 5546 2343 5620 ξ
2366 5548 2437 5620 sic
2458 5546 2639 5620 aliquot
2664 5555 2771 5620 uss.
2790 5557 2845 5599 At
2868 5546 3001 5620 edd.
3017 5554 3210 5620 Autirmm
3227 5570 3388 5620 omnes
3412 5560 3598 5620 dicina.
3623 5572 3721 5615 etc.

2304 5607 2649 5689 τᾜῗῗδῗζέἔ
2681 5610 2813 5689 θὶΜέ·
2838 5617 2901 5689 ⁸1⁸,
2913 5616 3082 5689 πέυάιιδ
3120 5629 3223 5679 ipse
3242 5607 3460 5689 [licendi
3473 5607 3858 5689 ’ρἓᾕέἴτσω-

2258 5667 2394 5776 fiunt
2434 5668 2643 5719 varietur
2662 5704 2675 5729 ,
2707 5673 2791 5720 sed
2818 5682 3010 5736 propter
3045 5667 3852 5747 cortcordiontnunar'lides'te'tﬁ

2287 5741 2361 5776 ur.

2287 5741 2361 5776 ur.
