3968 6350
97 349 197 404 ses

97 467 290 530 rietur,
320 462 413 519 scd
445 474 658 536 propter
688 465 1027 521 concordiam
1062 481 1163 519 una
1194 475 1457 520 teneatur.
1493 463 1675 533 Itaque

96 560 146 612 in
176 557 277 612 hoc
306 561 510 628 psalmo
554 577 715 628 quem
743 568 1016 613 cantatum
1044 559 1344 613 audivimus
1368 598 1384 620 ,
1426 557 1509 611 cui
1549 572 1680 609 can-

97 651 254 702 tando
281 651 680 723 respondimus,
713 665 776 705 ea
805 663 989 703 sumus
1014 647 1204 702 dicturi
1234 664 1352 716 qua:
1381 647 1550 700 nostis
1581 663 1594 700 :
1627 654 1682 700 ct

95 749 268 795 tamen
290 742 791 812 fortassisaliqnant,
809 741 1091 810 adiuvante
1108 749 1163 794 et
1182 740 1412 793 donante
1430 739 1676 802 Domino,

93 832 408 885 suavitatem
430 831 640 885 allaturi
673 845 858 886 sumus
885 830 1057 896 vobis,
1080 829 1292 900 quando
1317 844 1380 885 ea
1412 845 1532 899 qum
1553 830 1676 884 alibi

91 932 144 976 et
171 921 296 975 alibi
338 923 626 986 noveratis,
667 924 828 977 etiam
867 922 1176 976 commoniti
1207 923 1507 976 ruminatis.
1544 920 1676 975 Nam

91 1012 143 1064 el
173 1012 287 1080 ipsa
315 1013 668 1066 rmninationc
692 1055 706 1075 ,
751 1014 801 1066 in
844 1028 947 1082 qua
992 1013 1254 1082 signiﬁcat
1302 1012 1441 1067 Deus
1478 1011 1674 1066 munda

90 1103 360 1170 animalia,
384 1103 487 1158 huc
507 1105 671 1158 Voluit
698 1105 988 1170 insinuare,
1011 1105 1131 1174 quia
1153 1106 1326 1158 omnis
1350 1105 1509 1159 homo
1531 1104 1673 1174 quod

89 1196 238 1250 audit
261 1198 338 1250 sic
362 1195 522 1252 debet
548 1198 598 1250 in
629 1212 723 1251 cor
742 1196 972 1259 mittere,
1008 1207 1063 1250 ut
1093 1211 1198 1251 non
1226 1199 1373 1267 piger
1395 1197 1465 1251 sit
1489 1207 1673 1266 postea

89 1287 213 1343 inde
257 1289 492 1357 cogitare
520 1307 534 1343 ε
560 1298 618 1342 ut
655 1288 866 1357 quando
903 1288 1070 1350 audit,
1112 1288 1183 1342 sit
1219 1289 1408 1344 similis
1451 1289 1673 1342 mandu-

89 1379 265 1442 cauti;
293 1393 414 1432 cum
457 1388 632 1432 autem
661 1379 837 1432 audita
871 1380 921 1431 in
959 1379 1270 1432 memoriam
1317 1386 1569 1442 revocat,
1617 1389 1670 1433 et

87 1467 408 1535 cngitatiouc
435 1469 742 1522 dulcissima
773 1469 990 1533 recolit,
1025 1467 1113 1521 liat
1141 1469 1330 1524 similis
1360 1470 1666 1524 ruminanti.

87 1560 209 1612 Alio
234 1575 363 1629 ergo
385 1559 545 1614 modo
571 1560 755 1614 eadem
788 1561 1056 1625 dicuntur,
1084 1571 1140 1615 et
1161 1561 1359 1616 faciunt
1385 1577 1482 1616 nos
1502 1562 1668 1616 dulci-

86 1659 166 1701 tcr
211 1649 445 1718 Cogitan
490 1664 608 1719 quae
651 1651 933 1714 novimus,
973 1660 1025 1705 ct
1068 1650 1252 1721 eadem
1299 1652 1410 1722 ipsa
1442 1650 1668 1707 libenter

84 1739 266 1792 audire
291 1755 307 1801 ;
335 1740 454 1807 quia
495 1741 682 1794 modus
720 1741 927 1796 dicendi
961 1743 1196 1797 variatur
1217 1782 1233 1807 ,
1259 1752 1312 1797 et
1337 1758 1425 1799 res
1450 1745 1664 1815 antiqua

85 1830 198 1897 ipso
225 1831 386 1884 modo
410 1831 616 1886 dicendi
650 1845 951 1885 renovatur.

150 1919 206 1971 9..
241 1918 393 1991 [vers.
430 1919 501 1993 l.]
532 1921 736 1975 Titulus
775 1923 967 1976 Psalmi
1006 1924 1084 1978 sic
1123 1939 1184 1978 se
1230 1923 1390 1979 habet
1428 1941 1444 1978 :
1486 1923 1556 1979 In
1595 1927 1664 1994 ﬁ-

82 2028 190 2064 nem
233 2029 327 2081 pro
356 2013 476 2080 [iliis
517 2013 679 2080 Core,
722 2012 961 2068 Psalmus
995 2015 1096 2083 ipsi
1123 2013 1307 2069 David.
1336 2015 1503 2071 Filios
1532 2018 1664 2073 istos

81 2107 214 2157 (lore
246 2104 443 2159 habent
470 2105 605 2159 tituli
644 2105 978 2160 Psalmorum
1007 2107 1167 2161 etiam
1195 2107 1283 2161 alii
1310 2108 1570 2174 nonnulli,
1609 2119 1664 2163 et

79 2196 316 2249 iudicant
342 2195 494 2249 dulce
525 2197 833 2266 mysterium
857 2237 872 2259 ,
910 2196 1177 2250 insinuant
1203 2211 1450 2267 magnum
1477 2215 1661 2252 sacra-

78 2296 322 2342 mentum
351 2305 366 2341 :
397 2287 482 2342 ubi
509 2296 562 2342 et
590 2303 686 2341 nos
727 2289 870 2357 ipsos
915 2287 1141 2342 libenter
1185 2288 1545 2359 intelligamus
1565 2332 1579 2356 ,
1608 2298 1663 2344 et

76 2394 428 2446 agtioscamus
455 2378 506 2431 in
531 2378 685 2432 titulo
720 2394 816 2432 nos
841 2379 930 2446 qui
956 2377 1204 2432 audimus
1229 2387 1285 2432 ct
1312 2379 1536 2448 legimus
1557 2421 1572 2442 ,
1605 2391 1655 2434 cl

78 2481 326 2538 tanquam
352 2468 568 2537 specqu
593 2469 868 2537 proposito
888 2469 978 2536 qui
1000 2481 1186 2522 sumus
1217 2468 1507 2522 intuemur.
1540 2469 1656 2523 Filii

75 2559 209 2611 lJorc
227 2557 319 2626 qui
336 2557 494 2610 sunt?
519 2555 638 2611 Fuit
656 2558 814 2610 homo
829 2556 1041 2626 quidam
1062 2556 1203 2612 Core
1229 2559 1443 2612 nomine
1470 2557 1654 2630 (Num.

72 2663 180 2709 xvi,
204 2647 278 2718 l),
301 2648 376 2701 sic
400 2648 538 2701 enim
562 2647 848 2702 vocabatur
866 2648 1054 2717 aliquis
1075 2648 1234 2701 homo
1257 2658 1654 2705 :vcrumtamen

70 2757 190 2794 cum
230 2741 478 2810 leguntur
504 2757 622 2810 qua:
650 2741 844 2810 scripta
873 2752 1025 2807 sunt,
1064 2750 1120 2796 et
1163 2743 1429 2797 invenitur
1477 2757 1655 2797 sermo

69 2833 440 2902 divinusloqui
467 2832 532 2888 ad
561 2833 842 2904 quosdam,
866 2835 953 2903 qui
976 2850 1082 2888 non
1109 2833 1264 2889 valde
1288 2835 1656 2905 intelliguntur

66 2926 160 2980 ﬁlii
190 2940 316 2980 esse
343 2925 486 2979 illius
515 2927 668 2980 unius
689 2925 920 2981 hominis
943 2929 1033 2997 qui
1057 2929 1345 2982 vocabatur
1367 2929 1540 2993 Core;
1567 2945 1653 2984 rc-

64 3016 235 3070 currit
259 3016 470 3070 animus
494 3016 559 3070 ad
585 3018 915 3086 mysterium,
940 3027 997 3071 ut
1019 3027 1222 3086 quazrat
1243 3019 1369 3088 quid
1389 3020 1652 3088 signiﬁcet

63 3109 224 3162 Core.
253 3107 385 3175 Quia
413 3110 552 3161 enim
583 3109 801 3162 verbum
831 3108 1099 3162 hebrazum
1125 3118 1226 3171 est,
1250 3109 1443 3163 dicitur
1470 3111 1651 3179 utique

64 3210 113 3251 et
143 3199 530 3265 interpretatur
549 3199 601 3250 in
627 3212 854 3267 grarcam
882 3198 1113 3267 linguam
1141 3208 1196 3252 et
1225 3201 1276 3252 in
1305 3201 1522 3254 latinam
1553 3203 1653 3255 liu-

62 3307 242 3360 guam.
279 3289 343 3342 Et
384 3288 578 3343 factum
610 3296 692 3343 est
712 3290 854 3357 jam;
886 3291 1046 3343 multa
1075 3290 1290 3344 nomina
1325 3292 1532 3345 hebrum
1565 3293 1646 3345 in-

62 3393 354 3453 terpretata
380 3392 502 3436 sunt
547 3383 700 3436 nobis
731 3399 743 3435 :
773 3391 827 3436 et
853 3383 1167 3450 impie-imus
1189 3425 1204 3448 ,
1251 3392 1306 3437 et
1349 3384 1646 3440 invenimus

61 3476 198 3530 Core
241 3471 860 3547 interpretari‘Calvum.
893 3461 1054 3528 Multo
1104 3474 1271 3544 magis
1319 3475 1641 3529 attendistis.

61 3569 361 3622 Obscurum
390 3572 506 3619 erat
533 3579 652 3618 cum
675 3563 977 3619 dicerentur
1004 3565 1092 3618 lilii
1136 3566 1305 3632 Core,
1340 3582 1517 3621 nonne
1543 3569 1643 3620 ob-

59 3658 270 3712 seurins
295 3666 380 3710 est
402 3669 524 3709 cum
560 3655 809 3708 dicuntur
840 3655 927 3707 lilii
953 3656 1131 3708 calvi?
1158 3657 1259 3721 Qui
1283 3669 1405 3710 sunt
1435 3657 1520 3711 isti
1554 3658 1645 3710 lilii

59 3751 235 3804 calvi?
265 3751 345 3802 An
393 3747 527 3801 forte
568 3748 656 3801 lilii
701 3747 927 3816 Sponsi?
972 3747 1102 3813 Quia
1148 3763 1378 3816 spon--us
1432 3752 1480 3803 in
1528 3751 1647 3805 loco

60 3842 322 3895 tjnlvarite
359 3836 644 3893 cruciﬁxus
687 3848 788 3891 est.
835 3838 1072 3891 llecolite
1126 3838 1466 3910 Evangelium
1492 3884 1507 3908 ,
1556 3843 1644 3897 ubi

66 3935 350 3988 Dominum
377 3929 770 3994 cruciﬁseront,
795 3937 847 3982 et
871 3930 1149 3982 invenietis
1169 3945 1288 3984 eum
1313 3933 1363 3984 in
1393 3933 1509 3986 loco
1527 3931 1645 3987 Cal-

62 4028 224 4077 varize
272 4022 582 4076 cruciﬁxum
631 4019 846 4088 (illium.
895 4035 1066 4081 nvn,
1115 4021 1225 4090 55).
1275 4022 1504 4078 Proinde
1551 4026 1638 4095 qui

59 4128 276 4170 uiticem
309 4111 424 4179 ejus
453 4109 689 4169 irrident,
721 4127 748 4162 a
779 4111 1110 4164 dzemonibus
1133 4121 1380 4182 tanquam
1404 4130 1432 4167 a
1460 4115 1644 4170 chtiis

57 4210 407 4259 devorantur.
447 4200 578 4254 Nam
625 4199 942 4268 signiﬁcavit
981 4211 1036 4255 et
1073 4200 1176 4256 hoc
1211 4204 1453 4272 quaedam
1494 4206 1641 4261 Scri-

59 4311 236 4366 ptura.
265 4294 398 4348 Cum
423 4292 737 4346 ascenderet
767 4292 1023 4361 propheta
1050 4294 1140 4347 Dei
1170 4295 1416 4363 Elismus,
1444 4297 1639 4353 clama-

57 4391 185 4442 bant
216 4393 340 4455 post
357 4399 477 4438 eum
502 4384 647 4451 pueri
675 4384 976 4450 irridentes,
1000 4385 1225 4440 Ascende
1249 4388 1405 4453 calve,
1432 4392 1644 4445 ascende

59 4482 198 4531 calve
226 4495 241 4529 :
272 4477 360 4530 ille
385 4483 561 4528 autem
603 4487 705 4527 non
737 4482 844 4526 tam
877 4476 1164 4530 crudeliter
1189 4493 1345 4547 quam
1377 4481 1599 4550 mystice
1623 4522 1638 4544 ,

60 4570 182 4622 fecit
227 4567 350 4621 illos
377 4580 568 4635 pueros
605 4566 672 4617 ab
711 4564 848 4617 ursis
883 4567 1199 4621 exeuntibus
1244 4567 1491 4623 devorari
1537 4571 1629 4633 (IV

63 4663 188 4730 Reg.
211 4675 271 4721 ll,
296 4659 389 4720 23,
413 4655 530 4710 ω.
562 4655 616 4710 Si
647 4671 751 4709 non
777 4655 1164 4712 devorarentur
1189 4657 1260 4712 illi
1285 4661 1456 4728 pueri,
1488 4677 1642 4714 num-

57 4751 182 4820 quid
215 4765 385 4816 usque
420 4748 593 4800 adhuc
618 4747 896 4801 viverent?
924 4757 1016 4800 aut
1054 4763 1159 4803 non
1190 4758 1406 4816 possent
1435 4763 1636 4805 morta-

60 4848 134 4895 Ισις
166 4844 274 4895 nati
311 4841 469 4894 etiam
497 4838 646 4894 febre
687 4839 972 4908 intercipi?
998 4840 1311 4911 Mysterium
1357 4843 1409 4896 in
1453 4845 1532 4899 eis
1559 4855 1640 4899 la-

58 4951 178 4987 men
211 4948 317 4986 non
344 4931 735 4990 ostenderetur,
762 4931 850 4984 ubi
878 4933 1074 5000 posteri
1099 4942 1446 4988 terrerentur.
1468 4935 1639 4992 Nemo

55 5040 184 5094 ergo
211 5023 432 5076 irrideat
456 5036 669 5076 crucem
703 5021 910 5076 Domini
940 5038 954 5075 :
985 5021 1155 5077 Judaei
1191 5035 1316 5079 sunt
1347 5030 1579 5095 possessi
1605 5044 1635 5083 a

54 5113 394 5166 ιΙςιιιιιουίιὶιΙϐ
418 5119 472 5164 et
495 5111 752 5164 devorati.
785 5110 917 5165 Nam
946 5111 997 5166 in
1023 5110 1283 5169 Calvarim
1313 5116 1432 5171 loco
1457 5121 1637 5174 cruci-

56 5208 284 5274 ligentes
309 5202 602 5266 Christum,
634 5210 688 5256 et
712 5203 945 5258 levantes
968 5204 1022 5258 in
1046 5219 1226 5272 cruce,
1258 5213 1506 5278 tanquam
1539 5212 1638 5280 ipsi

53 5297 307 5349 dicebant
333 5309 495 5349 sensu
527 5295 712 5362 puerili
732 5334 748 5358 ,
777 5309 881 5347 non
909 5294 1271 5366 intelligentes
1294 5300 1418 5368 quid
1446 5302 1635 5372 loque-

55 5397 265 5448 rentur,
294 5383 522 5437 Ascende
545 5389 701 5437 calve.
733 5383 868 5450 Quid
898 5394 981 5439 est
1001 5388 1149 5441 enim
1167 5428 1184 5451 ,
1216 5388 1442 5444 Ascende
1461 5394 1487 5446 Ρ
1508 5391 1639 5449 Cru-

51 5479 222 5547 (πέρθε,
243 5475 485 5546 cruci/Ege
506 5474 658 5547 (Luc.
681 5491 830 5541 xxnt,
856 5474 970 5548 2|).
1001 5477 1319 5549 Proponitur
1339 5483 1482 5538 enim
1511 5500 1638 5554 pue-

54 5569 171 5621 ritia
196 5567 264 5622 ad
296 5567 613 5622 imitandum
651 5567 1037 5637 humilitatem,
1074 5579 1131 5625 et
1167 5572 1292 5627 item
1321 5578 1635 5645 proponitur

55 5658 278 5726 pueritia
315 5656 384 5712 ad
411 5657 709 5713 cavendum
748 5658 1065 5716 fatuitatem.
1097 5663 1370 5733 Proposita
1403 5672 1632 5737 pueritia

53 5751 117 5804 ad
145 5749 461 5805 imitandum
492 5749 842 5807 humilitatem
872 5767 901 5807 a
925 5753 1150 5811 Domino
1174 5766 1278 5822 est,
1301 5759 1514 5824 quando
1537 5778 1634 5818 v0-

1146 350 1538 407 EN.\ltll.\T|0
1577 350 1642 404 IN
1682 349 2001 407 esu..ku
2043 353 2224 414 XLVI.

3272 377 3377 433 5Ξὸ

1791 466 1931 519 cavit
1967 464 2032 520 ad
2062 483 2121 521 se
2150 484 2338 538 pueros
2361 512 2375 536 ,
2425 483 2478 530 ct
2520 489 2639 533 rum
2682 481 3092 548 prohiberentur
3126 490 3195 546 ab
3235 494 3327 549 illo
3349 537 3366 556 .

1788 554 1920 609 dixit
1950 574 1962 608 :
1997 557 2162 613 Sinite
2181 576 2264 614 eos
2289 565 2455 618 venire
2476 567 2546 621 ad
2574 586 2671 637 me,
2694 573 2872 626 talium
2903 589 2975 630 est
3001 581 3132 634 enim
3160 601 3372 655 regnum

1785 647 2024 701 metarum
2070 650 2284 719 (Matth.
2327 651 2476 723 itvut,
2525 658 2583 725 2,
2633 670 2682 714 et
2711 679 2820 725 xtx,
2869 669 2979 736 il).
3031 647 3368 743 Propositum

1784 742 2083 809 excinplum
2123 746 2363 813 pueritia:
2390 749 2455 802 ad
2483 753 2774 808 cavendam
2806 757 3100 817 fatuitatem
3126 742 3193 819 ab
3221 772 3368 839 Apo-

1785 829 1894 880 tolo
1923 843 2005 884 est
2032 849 2045 882 :
2074 831 2300 901 Fratres,
2326 839 2479 892 nolite
2501 842 2644 908 pueri
2667 861 2772 897 esse
2797 850 3038 903 sensibus.
3070 855 3135 908 Et
3158 829 3366 914 rursum

1785 922 2034 988 proponit
2070 923 2136 977 ad
2167 923 2480 982 imitandum
2518 949 2531 984 :
2564 930 2672 985 Sed
2701 937 2895 990 malitia
2922 941 3144 1011 infantes
3175 959 3328 1002 estote
3351 991 3367 1012 ,

1784 1017 1840 1103 ut
1865 1012 2111 1066 mentibus
2142 1018 2348 1086 perfecti
2388 1019 2498 1073 sitis
2531 1021 2571 1093 (i
2616 1023 2734 1077 Cor.
2777 1043 2898 1093 xw,
2930 1029 3047 1102 20).
3099 1033 3202 1090 Pro
3249 1042 3368 1103 ﬁliis

1781 1097 1930 1154 Core.
1980 1103 2220 1160 Psalmus
2248 1112 2457 1166 canitur
2485 1131 2498 1166 :
2532 1131 2660 1187 ergo
2696 1133 2792 1185 pro
2821 1097 3140 1182 Christianis
3183 1097 3367 1188 canta-

1780 1199 1863 1246 tus
1904 1203 2004 1248 cst.
2035 1198 2329 1256 Audiamus
2367 1219 2488 1259 cum
2539 1213 2788 1278 tanquam
2836 1212 2927 1268 ﬁlii
2970 1222 3151 1285 spuiisi
3182 1221 3322 1278 illius
3348 1267 3362 1289 ,

1779 1297 1937 1350 quem
1968 1287 2114 1352 pueri
2149 1289 2401 1346 insensati
2431 1295 2483 1348 in
2513 1294 2768 1354 Calvaria:
2817 1303 2936 1358 loco
2961 1287 3362 1370 cruciﬁxerunt.

1777 1370 1852 1423 lili
1881 1374 2022 1427 enim
2058 1391 2367 1435 meruerunt
2404 1400 2432 1436 a
2464 1385 2649 1443 bestiis
2675 1390 2958 1458 devorari,
3002 1414 3098 1451 nos
3141 1405 3208 1457 ab
3253 1409 3361 1460 An-

1771 1463 1905 1530 gelis
1931 1467 2193 1522 coronari.
2227 1474 2579 1542 Agnoscimus
2599 1482 2742 1536 enim
2769 1485 3114 1545 humilitatem
3151 1497 3357 1552 Dmniui

1772 1554 1959 1642 nostri,
1991 1566 2043 1609 ct
2077 1573 2179 1612 non
2216 1561 2283 1615 tle
2309 1563 2396 1617 illa
2423 1568 2809 1628 erubescimus.
2839 1576 2951 1631 Non
2993 1584 3356 1642 erubescimus

1771 1640 1838 1695 de
1869 1643 1956 1697 illo
1985 1649 2254 1715 appellato
2279 1655 2503 1724 mystice
2532 1660 2705 1728 calvo,
2752 1677 2970 1735 propter
2989 1669 3248 1731 Calvaria:
3279 1640 3357 1732 lo;

1769 1746 1910 1785 cum.
1960 1735 2074 1803 Ipsa
2121 1740 2263 1794 enim
2307 1758 2466 1802 cruce
2502 1748 2556 1802 in
2605 1766 2707 1821 qua
2761 1754 2836 1809 illi
2882 1759 3188 1819 insultatum
3230 1784 3310 1823 εει
3337 1813 3351 1834 ,

1771 1838 1878 1877 non
1908 1830 2147 1894 permisit
2172 1834 2376 1891 calvam
2402 1853 2522 1894 esse
2544 1843 2774 1901 frontem
2801 1859 3060 1921 nostram,
3093 1862 3214 1928 quia
3236 1830 3353 1919 eam

1768 1932 1867 2020 suo
1897 1921 2038 1991 ligno
2072 1928 2086 1956 ¹
2114 1927 2362 1997 signavit.
2393 1933 2632 2004 Dettique
2661 1948 2718 1994 ut
2742 1947 3016 2013 noveritis,
3042 1921 3163 2020 quia
3196 1957 3350 2013 nobis

1767 2008 2018 2066 dicuntur
2044 2013 2179 2081 haec,
2213 2020 2390 2076 videte
2415 2025 2540 2092 quid
2567 2027 2778 2086 dicitur.

1838 2099 1891 2193 3.
1931 2099 2080 2174 [vers
2105 2105 2186 2178 2.]
2203 2107 2388 2166 Omnes
2416 2125 2604 2184 gentes,
2637 2123 2863 2190 plaudite
2899 2131 3150 2187 manibus.
3188 2136 3353 2193 Nunt-

1771 2191 1893 2259 quid
1915 2195 2138 2261 pOpulus
2155 2198 2458 2257 Jlldllml'llm
2486 2221 2672 2264 omnes
2695 2223 2880 2280 gentes
2902 2224 3094 2276 erant?
3117 2225 3218 2280 Sed
3246 2191 3349 2281 cai-

1766 2281 1896 2334 citas
1921 2300 1984 2337 ex
2014 2296 2162 2354 parte
2191 2289 2347 2346 Israel
2373 2292 2508 2348 facta
2537 2308 2618 2352 est
2642 2341 2656 2364 ,
2691 2310 2745 2355 ut
2777 2308 2925 2373 pueri
2965 2311 3216 2370 insensati
3239 2319 3349 2372 cla-

1766 2385 1991 2440 marent,
2016 2377 2184 2445 Calve,
2202 2383 2372 2449 calve;
2397 2396 2554 2458 atque
2577 2391 2646 2445 ita
2679 2393 2932 2453 Dominus
2952 2406 3350 2476 cruciﬁgeretur

1765 2463 1817 2516 in
1846 2464 2104 2523 Calvaria:
2135 2470 2274 2538 loco,
2307 2482 2364 2527 ut
2391 2479 2647 2548 sanguine
2673 2481 2791 2539 fuso
2815 2499 3000 2557 gentes
3027 2463 3344 2565 rediineret,

1763 2561 1818 2656 et
1860 2555 2166 2623 impleretur
2205 2564 2342 2629 quod
2382 2567 2456 2619 ait
2494 2570 2780 2636 Apostolus
2808 2555 3066 2634 ελίωείιαε
3106 2603 3170 2638 ea:
3209 2555 3350 2656 parte

1760 2640 1929 2747 Israel
1950 2647 2086 2747 facta
2109 2661 2214 2716 est,
2249 2661 2301 2703 ut
2339 2655 2596 2722 plenitudo
2637 2661 2872 2720 Gentium
2909 2670 3119 2727 intraret
3150 2676 3169 2747 (
3195 2640 3343 2733 itaut:

1759 2749 1831 2798 xu,
1859 2733 1928 2788 23
1949 2736 1987 2804 ).
2020 2735 2275 2794 lnsnltcnt
2301 2759 2430 2814 ergo
2460 2751 2576 2802 vaui
2606 2762 2658 2805 et
2685 2753 2938 2824 hebetes,
2975 2770 3029 2815 et
3068 2733 3345 2837 insensati,

1758 2837 1811 2880 et
1838 2829 2035 2896 dicant,
2059 2830 2228 2898 Calve,
2257 2837 2397 2890 calve
2427 2840 2563 2894 :vos
2582 2853 2759 2900 autem
2777 2853 3032 2921 sanguine
3061 2857 3200 2913 illius
3227 2829 3346 2916 red;

1756 2919 1953 3022 empti,
1995 2923 2083 2989 qui
2121 2922 2267 2979 lusus
2292 2936 2373 2982 est
2404 2929 2454 2982 in
2478 2933 2732 2991 Calvariae
2770 2919 2908 3006 loco,
2943 2943 3128 3001 Omnes
3172 2963 3346 3022 gentes

1757 3007 1985 3076 plautb’te
2004 3013 2248 3074 manibus.
2269 3022 2575 3085 pervenisse
2596 3025 2660 3078 ad
2682 3043 2775 3081 vos
2795 3033 3017 3099 gratiam
3043 3037 3154 3093 Dei.
3172 3007 3343 3094 “I’lau;

1755 3099 1858 3151 dite
1880 3100 2292 3200 manibus-Quid
2321 3117 2425 3174 est,
2456 3112 2718 3178 plaudite?
2759 3119 3015 3178 Gaudete.
3042 3126 3147 3181 Sed
3176 3145 3343 3200 quam

1754 3190 2021 3246 manibus?
2056 3193 2188 3262 Quia
2229 3196 2382 3253 bouis
2410 3204 2680 3270 operibus.
2711 3207 2786 3262 Ne
2812 3213 3086 3280 gaudeatis
3110 3190 3205 3273 ore
3225 3262 3238 3284 ,
3285 3234 3342 3278 et

1752 3284 1972 3338 cessetis
2000 3286 2261 3342 manibus.
2293 3289 2347 3344 Si
2377 3294 2651 3360 gaudetis,
2684 3299 2908 3365 plaudite
2932 3309 3182 3364 manibus.
3226 3312 3342 3368 Ma-

1753 3387 1854 3427 nus
1881 3376 2113 3443 gentium
2142 3378 2353 3448 videat,
2389 3385 2478 3452 qui
2517 3389 2700 3452 gaudia
2732 3391 2932 3449 donare
2960 3397 3204 3467 dignatus
3233 3414 3335 3459 est.

1751 3461 1888 3529 Quid
1930 3475 2046 3530 est,
2084 3482 2272 3523 manus
2307 3475 2583 3537 gentimu?
2621 3476 2777 3532 Facta
2809 3483 2946 3538 bene
2975 3461 3334 3558 operantium.

1755 3554 1940 3610 Omnes
1960 3569 2149 3628 gentes,
2191 3561 2417 3630 plaudite
2452 3569 2684 3622 manibus
2712 3588 2731 3623 :
2750 3575 2970 3643 jubilate
3009 3554 3117 3633 beo
3142 3582 3194 3636 in
3220 3596 3339 3639 noce

1749 3648 2118 3703 exsultationis.
2151 3651 2218 3706 Et
2248 3669 2396 3716 voce,
2429 3666 2481 3710 et
2525 3662 2786 3716 manibus.
2828 3664 2881 3721 Si
2925 3679 3126 3725 tantum
3169 3689 3333 3743 voce,

1751 3753 1855 3793 non
1883 3740 2048 3806 bene;
2091 3743 2212 3811 quia
2245 3745 2406 3813 pigra:
2434 3757 2560 3801 sunt
2593 3766 2781 3807 manus
2814 3773 2828 3808 :
2856 3756 2900 3810 si
2929 3767 3130 3814 tantum
3161 3740 3334 3820 mani;

1749 3829 1870 3895 bus,
1903 3845 2003 3886 nec
2025 3832 2125 3886 hoc
2148 3833 2310 3900 bene;
2343 3838 2466 3906 quia
2494 3850 2634 3893 muta
2665 3855 2748 3898 est
2774 3846 2946 3916 lingua
2974 3857 3334 3914 :concordeut

1749 3936 1938 3976 manus
1962 3930 2016 3976 et
2037 3923 2242 3993 lingua;
2275 3927 2358 3979 illa
2393 3931 2728 3998 conﬁteatur,
2761 3936 2865 3991 illae
2894 3953 3202 4009 Opercntur.
3229 3946 3331 4001 Ju-

1747 4012 1896 4065 bilate
1920 4012 2023 4067 Deo
2044 4015 2094 4068 in
2115 4031 2230 4071 voce
2253 4021 2618 4077 exsultationis.

1821 4104 1873 4157 4.
1908 4101 2056 4174 Iners.
2087 4103 2166 4175 5.]
2214 4105 2467 4173 Quoniam
2515 4112 2761 4168 Dominus
2803 4119 3031 4175 excelsus
3076 4127 3330 4183 terribilis.

1750 4190 2006 4247 Excelsus
2051 4195 2158 4258 ille,
2199 4198 2351 4266 quasi
2399 4201 2662 4257 irrisibilis
2705 4206 3094 4275 descendendo,
3146 4232 3331 4274 ascen.

1747 4282 1921 4338 dendo
1946 4284 1996 4338 iu
2022 4285 2216 4341 caelum
2248 4287 2414 4343 factus
2444 4302 2524 4345 est
2552 4295 2820 4350 terribilis.
2866 4300 2977 4353 Rea:
3001 4321 3211 4374 magnus
3247 4327 3334 4362 su-

1748 4391 1836 4443 per
1863 4392 2058 4430 amnam
2097 4387 2300 4433 terram.
2341 4381 2456 4436 Non
2500 4393 2702 4440 tantum
2734 4405 2894 4459 super
2926 4391 3138 4451 Jndzeos
3164 4417 3178 4452 :
3207 4415 3330 4456 nam

1749 4475 1801 4518 et
1829 4481 1989 4535 super
2017 4469 2133 4522 illos
2157 4485 2272 4525 rex.
2307 4471 2434 4526 Inde
2455 4473 2595 4528 enim
2618 4487 2670 4530 et
2700 4480 2938 4548 Apostoli
2966 4487 3327 4554 crediderunt,

1749 4555 1872 4611 inde
1899 4567 1951 4611 ct
1979 4558 2139 4614 multa
2175 4561 2336 4614 millia
2369 4562 2643 4619 hominum
2675 4583 2760 4621 res
2787 4587 2910 4624 suas
2939 4578 3286 4632 vendiderunt
3313 4625 3327 4645 ,

1747 4657 1799 4701 et
1837 4652 2001 4717 pretia
2048 4650 2112 4703 ad
2153 4653 2316 4720 pedes
2344 4655 2716 4724 Apostolorum
2748 4672 3038 4726 posuerunt
3073 4668 3221 4736 (Act.
3249 4689 3334 4740 tv,

1748 4740 1838 4806 54)
1869 4757 1881 4791 :
1912 4751 1964 4792 et
1994 4741 2265 4809 impletum
2293 4753 2376 4798 est
2404 4745 2456 4798 in
2483 4745 2613 4810 illis,
2639 4749 2779 4817 quod
2805 4763 2922 4806 erat
2950 4755 3002 4809 in
3035 4758 3187 4811 titulo
3207 4776 3328 4813 rrn~

1747 4832 1825 4886 cis
1848 4834 2229 4899 conscriptum,
2259 4834 2369 4889 Rex
2388 4835 2689 4893 Iudaeorum
2715 4848 2731 4909 (
2754 4840 2940 4899 Matth.
2971 4863 3160 4913 xxvm,
3192 4854 3258 4906 57
3285 4855 3324 4911 l.

1745 4922 1859 4976 Rex
1883 4933 1964 4975 est
1983 4924 2123 4976 enim
2147 4933 2202 4977 et
2218 4924 2544 4982 Judaaorum.
2575 4930 2678 4985 Sed
2699 4947 2885 5004 parum
2902 4938 3328 4999 estJudamrmn.

1750 5013 1935 5068 Omnes
1947 5026 2116 5084 gentes
2131 5016 2361 5085 plaudite
2374 5021 2605 5075 manibus
2617 5037 2635 5076 :
2646 5027 2885 5093 quoniam
2903 5044 2994 5083 rea:
3003 5035 3166 5086 omnis
3183 5043 3331 5089 terra

1745 5103 1905 5160 Deus.
1936 5107 2049 5160 Non
2078 5108 2222 5162 enim
2249 5109 2320 5162 illi
2348 5110 2544 5167 sufﬁcit
2570 5129 2728 5169 unam
2757 5127 2968 5187 gentem
3007 5122 3206 5181 habere
3229 5129 3328 5181 sub

1745 5213 1804 5251 se
1833 5215 1847 5250 :
1879 5197 1998 5252 ideo
2036 5207 2237 5252 tantum
2272 5201 2500 5269 pretium
2539 5217 2605 5258 ex
2647 5205 2815 5262 latere
2848 5209 3011 5276 dedit,
3042 5227 3098 5266 ut
3128 5232 3330 5275 eniteret

1744 5289 1928 5348 orbem
1960 5298 2240 5344 terrarum.
2271 5289 2386 5344 Rea:
2410 5308 2626 5364 magnus
2652 5311 2806 5365 super
2827 5315 3023 5356 omnem
3048 5313 3250 5358 terram.

1816 5380 1868 5434 5.
1897 5379 2048 5453 [κη.
2075 5377 2154 5452 4.]
2181 5381 2407 5450 Subjccit
2435 5383 2602 5451 plebes
2624 5389 2786 5450 nobis,
2805 5400 2852 5441 et
2877 5403 3044 5460 gentes
3071 5396 3163 5448 sub
3188 5401 3330 5464 pedi-

1744 5473 1836 5526 bus
1863 5473 2066 5526 nostris.
2110 5474 2252 5539 Quas
2293 5475 2554 5541 subjecit,
2583 5487 2638 5532 et
2665 5480 2894 5548 quibus?
2931 5484 3029 5550 Qui
3075 5497 3200 5542 sunt
3239 5493 3329 5558 qui

1743 5561 2062 5632 loquuntur?
2096 5561 2257 5618 Forte
2293 5563 2503 5620 Judari?
2527 5567 2688 5623 Plane
2722 5572 2767 5622 si
2808 5573 3067 5640 Apostoli,
3097 5577 3248 5642 plane
3281 5581 3330 5635 si

1742 5655 1930 5710 sancti.
1973 5655 2066 5709 llis
2101 5656 2245 5709 enim
2284 5655 2422 5711 Deus
2459 5658 2683 5728 subjecit
2723 5661 2904 5730 plebes
2946 5672 3000 5718 ct
3035 5676 3238 5736 gentes,
3277 5677 3331 5722 ut

1807 5774 1823 5805 ί
1849 5777 1968 5820 Tres
1985 5775 2114 5827 In,
2137 5779 2285 5832 signa.
