3968 6326
600 302 706 356 5'27

600 419 758 475 hodie
790 422 1116 473 honorantur
1151 413 1202 468 in
1235 408 1518 487 gentibus,
1550 408 1694 477 quia
1723 405 1836 459 suis
1866 404 2073 459 civibus
2103 417 2195 455 oe-

599 509 702 565 cidi
731 516 1038 564 meruerunt
1062 523 1075 559 :
1104 501 1371 573 quomodo
1396 497 1652 553 Dominus
1672 510 1857 549 eorum
1879 494 2090 549 occisus
2112 502 2195 547 est

599 617 629 655 a
655 602 883 666 civibus,
907 609 959 653 et
989 599 1286 650 honoratur
1309 608 1337 646 a
1370 592 1638 662 gentibus,
1664 587 1951 644 cruciﬁxus
1985 601 2015 639 a
2041 587 2153 641 suis
2176 627 2193 651 ,

597 693 856 747 adorator
879 691 947 745 ab
971 687 1183 753 alienis,
1206 684 1301 741 sed
1330 685 1499 753 pretio
1518 684 1535 713 ⁸
1563 680 1719 735 factis
1744 682 1877 733 suis.
1904 676 2029 732 Ideo
2053 676 2196 731 enim

604 781 734 837 emit
775 795 910 845 nos,
955 786 1016 833 ut
1050 775 1210 831 alieni
1238 774 1306 829 ab
1334 788 1402 828 eo
1428 786 1534 825 non
1562 782 1822 824 essemus.
1869 766 2031 823 Putas
2068 780 2199 835 ergo

600 889 763 929 voces
789 888 911 927 esse
936 869 1337 940 Apostolorum,
1366 864 1595 933 Subjecit
1623 860 1788 932 plebes
1807 860 1973 926 nobis,
2004 869 2049 913 et
2073 874 2197 928 gen-

603 976 677 1020 tes
704 966 794 1021 sub
822 962 1031 1034 pedibus
1052 959 1277 1015 nostris?
1299 956 1513 1013 Nescio.
1544 954 1733 1008 Mirum
1756 954 1800 1007 si
1820 951 2065 1021 Apostoli
2088 960 2196 1004 tam

603 1054 839 1125 superbe
876 1053 1219 1123 loquerentur
1237 1090 1254 1114 ,
1282 1058 1341 1103 ut
1367 1045 1663 1117 gauderent
1688 1051 1876 1113 gentes
1905 1056 2025 1096 esse
2054 1039 2200 1109 posi-

604 1155 687 1198 tas
724 1143 821 1198 sub
862 1142 1085 1213 pedibus
1116 1139 1261 1203 suis,
1301 1137 1352 1192 id
1383 1143 1466 1192 est
1493 1132 1822 1191 Christianos
1850 1131 1952 1188 sub
1977 1129 2199 1201 pedibus

602 1234 1001 1302 Apostolorum.
1052 1228 1262 1287 Etenim
1298 1227 1529 1297 gaudent
1574 1240 1672 1278 nos
1713 1237 1895 1304 secum
1936 1237 2055 1276 esse
2097 1222 2198 1276 sub

603 1326 834 1396 pedibus
872 1324 1011 1378 illius
1058 1322 1149 1392 qui
1193 1331 1437 1375 mortuus
1477 1328 1559 1374 est
1591 1332 1687 1386 pro
1716 1318 1888 1371 nobis.
1926 1315 2059 1370 Nam
2096 1316 2197 1369 sub

604 1415 776 1488 pedes
794 1416 944 1473 Pauli
970 1416 1279 1477 currebant,
1301 1412 1392 1482 qui
1413 1410 1663 1465 volebant
1686 1424 1805 1463 esse
1831 1406 1981 1462 Pauli
2005 1423 2020 1471 ;
2042 1414 2098 1460 et
2115 1405 2197 1460 di-

597 1510 755 1566 cebat
795 1509 910 1563 eis:
943 1504 1213 1576 Numquid
1252 1501 1452 1557 Paulus
1498 1518 1590 1570 pro
1629 1501 1766 1554 vobis
1806 1498 2084 1567 cruciﬁxus
2123 1505 2199 1549 est

602 1601 647 1666 (l
676 1598 795 1656 Cor.
825 1616 863 1666 ι,
887 1598 1020 1666 15)Ἰ
1057 1595 1198 1663 Quid
1223 1610 1351 1663 ergo
1374 1592 1501 1649 hic?
1527 1591 1652 1660 quid
1676 1589 1946 1659 accepturi
1970 1586 2198 1655 sumus?

598 1690 827 1759 Subiccit
849 1688 1015 1760 plebes
1034 1686 1198 1752 nobis,
1217 1694 1260 1738 ct
1275 1691 1444 1754 gentes
1455 1682 1546 1736 sub
1559 1680 1770 1751 pedibus
1779 1677 1985 1734 nostris.
1998 1676 2199 1732 Omnes

598 1781 927 1851 pertinentes
945 1779 1011 1833 ad
1030 1776 1395 1833 bmreditatem
1407 1773 1605 1829 Christi
1620 1775 1671 1827 in
1685 1772 1935 1827 omnibus
1947 1768 2193 1841 gentibus

597 1881 743 1939 sunt,
764 1878 823 1928 et
847 1885 1036 1927 omnes
1064 1883 1169 1923 non
1199 1866 1527 1937 pertinentes
1544 1863 1616 1943 ad
1646 1861 2011 1919 hazreditatem
2038 1858 2195 1915 Chri-

598 1964 664 2017 sti
684 1962 737 2016 in
765 1961 1013 2017 omnibus
1040 1957 1287 2029 gentibus
1316 1964 1440 2012 sunt
1468 1960 1557 2010 :‘et
1577 1952 1768 2010 videtis
1794 1952 1871 2007 sic
1891 1950 2110 2007 exaltari
2144 1950 2194 2002 in

599 2052 815 2109 nomine
842 2050 1038 2107 Christi
1068 2048 1359 2105 Ecclesium
1386 2046 1583 2102 Christi
1604 2087 1621 2112 ,
1662 2054 1721 2099 ut
1748 2058 1935 2099 omnes
1960 2040 2195 2096 nondum

598 2145 885 2200 credentes
912 2144 964 2198 in
993 2142 1228 2209 Christo,
1256 2140 1357 2195 sub
1384 2137 1607 2209 pedibus
1629 2136 1844 2207 iaceant
1865 2132 2189 2189 Christiano-

598 2252 741 2291 rum.
769 2235 963 2303 Quanti
977 2233 1122 2289 enim
1144 2231 1303 2286 modo
1322 2238 1544 2296 currunt
1562 2227 1629 2283 ad
1648 2226 1941 2284 Ecclesiam
1960 2223 2194 2280 nondum

596 2326 872 2382 christiani
897 2367 913 2389 ,
954 2332 1143 2395 rogant
1178 2321 1435 2376 auxilium
1473 2318 1766 2382 Ecclesiae;
1795 2314 2066 2372 subveniri
2092 2315 2192 2369 sibi

598 2417 965 2489 temporalitcr
1010 2418 1215 2479 volunt,
1254 2411 1468 2469 etiamsi
1508 2411 1562 2466 in
1609 2419 1869 2466 aeternum
1915 2408 2193 2463 nobiscum

597 2524 822 2577 regnare
866 2508 1043 2562 adhuc
1087 2506 1297 2560 nolunt.
1338 2503 1475 2559 Cum
1521 2516 1712 2557 omnes
1753 2510 1999 2572 quaerunt
2037 2498 2194 2554 auxi-

596 2600 728 2655 lium
761 2599 1035 2663 Ecclesize,
1063 2608 1116 2653 et
1144 2598 1233 2667 qui
1266 2595 1502 2651 nondum
1529 2602 1655 2650 sunt
1688 2594 1741 2648 in
1767 2593 2026 2659 Ecclesia,
2060 2608 2195 2646 non-

599 2707 665 2744 ne
692 2691 901 2759 subjecit
928 2690 1091 2755 plebes
1112 2698 1156 2741 et
1179 2699 1347 2759 gentes
1374 2684 1463 2740 sub
1496 2685 1704 2755 pedibus
1727 2684 1912 2738 nostris
1929 2683 1955 2737 ?

669 2782 726 2837 6.
752 2780 903 2855 [νει-ε.
934 2780 1014 2854 5.]
1046 2780 1213 2850 Elegit
1242 2780 1385 2833 nobis
1416 2779 1755 2831 hazreditatem
1777 2793 1943 2837 suam,
1977 2775 2193 2845 speciem

597 2874 757 2929 Jacob
784 2890 935 2946 quam
959 2872 1157 2927 dilexit.
1207 2870 1662 2926 Pulehritudinem
1704 2869 1986 2939 quamdam
2026 2867 2193 2921 Jaeob

597 2965 761 3035 elegit
805 2964 958 3019 nobis
1000 2961 1365 3017 lnereditatem
1414 2975 1564 3014 suam
1611 2958 1802 3014 Jacob.
1852 2959 1965 3013 Duo
2003 2958 2192 3029 fratres

598 3065 754 3112 erant
792 3057 933 3110 Esau
964 3066 1017 3110 et
1049 3053 1243 3118 Jacob;
1275 3054 1328 3108 in
1355 3064 1507 3109 utero
1545 3053 1730 3108 matris
1754 3052 1911 3106 ambo
1936 3052 2191 3125 cootligc-

597 3149 747 3215 haut,
780 3156 834 3201 et
865 3147 935 3201 de
978 3146 1228 3201 conﬂictu
1259 3146 1461 3201 viscera
1503 3155 1740 3198 materna
1767 3142 2143 3213 quatiebantur
2174 3161 2190 3198 :

586 3254 653 3299 tet
667 3243 747 3297 ibi
778 3257 899 3297 cum
951 3240 1059 3296 duo
1087 3249 1303 3305 es$ent,
1332 3239 1536 3293 electus
1563 3245 1646 3292 est
1674 3237 1868 3299 minor,
1900 3245 1955 3291 et
1987 3251 2193 3306 pracpo-

597 3335 732 3389 situs
758 3343 842 3388 est
869 3330 1081 3401 majori,
1108 3340 1165 3386 et
1190 3330 1391 3385 dictum
1434 3337 1519 3385 est
1542 3370 1557 3393 ,
1595 3327 1713 3382 Duo
1758 3328 1939 3396 populi
1984 3338 2099 3381 sunt
2138 3336 2193 3381 in

596 3438 739 3479 utero
764 3432 872 3494 tuo,
900 3431 949 3478 et
974 3423 1139 3492 major
1154 3422 1335 3476 seruiet
1357 3420 1545 3474 minori
1568 3418 1588 3492 (
1610 3418 1739 3473 Gen.
1776 3434 1896 3478 xxv,
1928 3417 2059 3489 ‘23).
2091 3417 2193 3472 Per

597 3531 787 3571 omnes
821 3524 1011 3580 gentes
1046 3512 1240 3582 major,
1272 3528 1369 3582 per
1393 3525 1583 3566 omnes
1623 3519 1810 3581 gentes
1854 3510 2067 3563 minor:
2098 3510 2191 3563 sed

598 3607 774 3660 minor
818 3603 870 3658 in
920 3603 1074 3658 bonis
1109 3601 1465 3663 Christianis,
1501 3600 1719 3663 electis,
1752 3600 1888 3669 piis,
1917 3598 2190 3663 ﬁdelibus;

599 3697 771 3765 major
799 3696 853 3749 in
882 3692 1146 3764 superbis,
1172 3692 1421 3762 indignis,
1442 3691 1836 3761 peccatoribus,
1860 3692 2191 3744 contumaci-

601 3785 720 3851 bus,
744 3797 839 3838 sua
871 3790 1086 3852 peccata
1112 3780 1523 3835 defendentibus
1544 3780 1716 3850 magis
1744 3795 1903 3849 quam
1931 3780 2191 3835 conﬁteno

604 3877 773 3939 tibus;
798 3876 972 3947 qualis
996 3874 1157 3930 etiam
1180 3874 1294 3943 ipse
1323 3874 1549 3944 populus
1569 3871 1873 3927 Judtnornm
1904 3872 2018 3935 fuit,
2045 3872 2194 3941 igno-

600 3984 726 4023 rans
757 3965 853 4023 Dei
876 3966 1160 4036 justitiam,
1191 3973 1246 4021 ct
1268 3979 1418 4019 suam
1445 3963 1632 4018 volens
1656 3962 1980 4018 constituere
2009 3960 2189 4030 (Rom.

600 4077 656 4121 x,
689 4060 768 4129 5).
798 4056 905 4113 Sed
934 4056 1058 4128 quia
1085 4056 1283 4110 dictum
1310 4061 1413 4120 est,
1442 4051 1615 4124 Major
1638 4052 1816 4107 seruiet
1840 4052 2043 4118 minori,
2075 4067 2189 4106 ma-

602 4151 850 4205 nifestum
878 4150 1108 4219 estquia
1143 4147 1243 4217 piis
1279 4147 1574 4201 subdentur
1609 4145 1789 4214 impii,
1819 4154 1877 4201 et
1902 4145 2193 4201 humilibus

601 4241 898 4299 subdentur
921 4240 1157 4311 superbi.
1200 4239 1351 4294 Prior
1374 4248 1527 4294 natus
1553 4248 1635 4293 est
1660 4238 1822 4302 Esau,
1849 4247 1904 4292 et
1928 4238 2194 4307 posterior

603 4346 759 4392 natus
781 4347 864 4397 est
888 4333 1053 4388 Iacob
1085 4350 1100 4386 :
1128 4332 1224 4388 sed
1251 4331 1338 4403 qui
1366 4330 1634 4401 posterius
1660 4338 1814 4384 natus
1839 4337 1957 4396 est,
1999 4328 2191 4398 praela-

594 4436 688 4483 tus
707 4437 792 4483 est
817 4427 989 4498 primo
1019 4436 1165 4490 nato,
1194 4425 1282 4495 qui
1321 4439 1419 4495 per
1453 4421 1632 4493 gulam
1665 4420 1896 4489 perdidit
1921 4422 2190 4492 primoge-

601 4520 709 4573 nita
738 4533 851 4573 sua.
883 4518 972 4573 Sic
1003 4517 1165 4570 babes
1192 4514 1451 4584 scriptum
1486 4530 1501 4567 :
1536 4510 1853 4565 Desideravit
1878 4512 2189 4577 lenticulam,

602 4624 647 4664 et
679 4613 749 4663 ait
778 4611 855 4665 illi
880 4609 1039 4679 frater
1066 4608 1197 4677 ejus,
1221 4606 1283 4662 Si
1310 4607 1384 4660 vis
1412 4614 1466 4659 ut
1489 4604 1603 4659 dem
1625 4604 1732 4671 tibi,
1755 4604 1823 4657 da
1852 4604 1977 4657 milii
2002 4604 2193 4675 primo-

602 4704 769 4775 genita
801 4711 908 4754 tua.
936 4698 1032 4755 ille
1056 4699 1175 4769 plus
1199 4698 1395 4752 amavit
1422 4697 1565 4767 quod
1591 4696 1877 4751 carnaliter
1903 4697 2192 4766 concupie-

603 4806 704 4861 rat,
725 4809 881 4863 «piam
903 4790 1044 4861 quod
1066 4790 1410 4861 spiritualiter
1430 4788 1576 4859 prius
1597 4788 1868 4849 nascendo
1884 4798 2152 4843 meruerat
2175 4806 2189 4844 :

600 4898 656 4940 et
689 4883 935 4953 deposuit
970 4881 1323 4953 primogenita
1363 4896 1482 4947 sua,
1508 4889 1569 4936 ut
1591 4878 1938 4935 manducaret
1963 4879 2192 4935 lenticu-

600 4978 706 5031 iam
736 4973 890 5045 (Gen.
920 4988 1045 5038 xxv,
1070 4973 1283 5043 30-34).
1330 4971 1659 5026 Lenticulam
1687 4980 1864 5026 autem
1890 4970 2192 5026 invenimus

601 5067 778 5123 cibum
798 5079 917 5120 esse
936 5062 1336 5134 «Egyptiorum;
1362 5077 1481 5115 nam
1508 5060 1577 5115 ibi
1604 5060 1836 5116 abundat
1861 5062 1913 5115 in
1935 5060 2191 5131 Egypto.

602 5156 759 5215 Unde
806 5154 1178 5225 magniﬁcatur
1227 5150 1474 5208 lenticula
1523 5151 1901 5217 alexandrina,
1946 5162 2001 5206 et
2047 5153 2195 5207 venit

604 5263 772 5317 usque
811 5247 877 5301 ad
915 5255 1084 5300 terras
1116 5252 1345 5309 nostras,
1375 5244 1524 5312 quasi
1552 5242 1639 5297 hic
1668 5258 1773 5296 non
1804 5252 2052 5298 nascatur
2076 5244 2193 5298 len-

605 5338 786 5393 ticula.
829 5336 974 5407 Ergo
1009 5334 1366 5391 desiderando
1393 5333 1572 5387 cibum
1609 5335 1931 5404 mgyptium,
1965 5335 2193 5404 perdidit

607 5428 912 5499 primatum.
944 5425 1033 5482 Sic
1062 5434 1117 5479 et
1143 5426 1369 5495 populus
1395 5424 1726 5490 Iudaeorum,
1758 5425 1825 5479 de
1860 5440 1965 5495 quo
1989 5427 2190 5483 dictum

603 5529 705 5582 est,
736 5516 969 5573 Conversi
1005 5525 1121 5570 sunt
1158 5516 1309 5571 corde
1340 5516 1392 5570 in
1425 5515 1715 5587 Aigyptum
1746 5518 1763 5585 (
1792 5517 1904 5570 Act.
1937 5533 2028 5580 vn,
2057 5518 2187 5589 59),

671 5632 691 5663 τ
709 5626 788 5678 Sic
808 5628 924 5677 edit.
950 5634 1025 5689 Er.
1048 5627 1126 5677 cui
1162 5629 1474 5677 consentiunt
1519 5625 1686 5689 plures
1724 5633 1833 5676 Mss.
1876 5635 1930 5677 Αι
1953 5634 2081 5681 ιον..
2108 5632 2194 5679 sed

605 5691 759 5801 motio
793 5688 1034 5754 sanguinis
1055 5688 1151 5741 sui.
1187 5696 1288 5738 Duo
1314 5697 1419 5739 Mss.
1438 5722 1453 5749 ,
1487 5689 1571 5739 scd
1602 5698 1755 5752 pretto
1783 5690 2030 5754 sanguinis
2051 5691 2192 5753 luetis

590 5774 593 5775 ν
664 5768 729 5803 ts.

1823 293 1881 348 S.
1916 288 2286 348 AUGUSTlNl
2328 289 2635 345 EPISCOPi

3802 306 3897 364 523

2309 403 2615 471 lenticulam
2660 404 3052 480 quodammodo
3099 409 3553 478 desideraverunt,
3598 424 3656 472 et
3701 419 3899 489 prima-

2310 503 2418 547 tum
2444 495 2812 562 perdidernnt.
2853 495 3022 570 Elegit
3045 501 3188 555 nobis
3226 504 3566 561 hereditatem
3593 528 3765 577 suam,
3792 532 3899 584 speb

2307 602 2433 639 ciem
2457 586 2620 642 Iacob
2648 605 2799 659 quam
2819 589 3016 646 dilexit.

2381 680 2435 734 7.
2463 677 2614 752 [vers.
2645 678 2725 753 6.]
2754 683 2990 737 Ascendit
3023 682 3161 739 Deus
3199 685 3255 739 in
3278 686 3602 757 jubilatione.
3654 690 3775 762 Ipse
3815 696 3901 750 illc

2308 773 2448 828 Deus
2474 784 2657 829 noster
2687 774 2943 830 Dominus
2971 776 3211 832 Christus
3243 781 3468 835 ascendit
3495 782 3548 837 in
3565 784 3899 853 jubilatione.

2308 863 2557 920 Dominus
2571 866 2625 921 in
2645 883 2764 921 voce
2788 867 2938 923 tubae.
2965 868 3241 925 Ascendit:
3259 886 3385 942 quo,
3409 873 3509 927 nisi
3535 891 3643 945 quo
3662 878 3902 933 scimus?

2305 953 2423 1021 Quo
2449 972 2571 1011 eum
2600 956 2769 1012 Judaei
2796 974 2903 1013 non
2933 968 3057 1014 sunt
3080 962 3272 1027 secuti,
3304 978 3403 1018 nec
3426 966 3615 1020 oculis.
3648 967 3709 1023 In
3740 984 3900 1024 cruce

2304 1048 2450 1103 enim
2494 1049 2785 1105 exaltatum
2836 1050 3149 1119 irriserunl,
3186 1054 3237 1108 in
3280 1056 3476 1111 ctelum
3514 1060 3898 1117 ascendentem

2304 1156 2411 1195 non
2437 1141 2703 1199 viderunt.
2734 1142 2973 1199 Ascendit
3000 1145 3141 1201 Deus
3178 1148 3231 1201 in
3264 1149 3591 1218 jubilatione.
3633 1155 3775 1220 Quid
3818 1167 3899 1211 est

2298 1232 2564 1302 jubilatio,
2596 1235 2697 1289 nisi
2719 1235 3002 1291 admiratio
3028 1237 3229 1308 gaudii,
3250 1255 3369 1309 qua:
3393 1242 3568 1297 verbis
3592 1260 3698 1300 non
3722 1258 3897 1317 potest

2304 1325 2599 1394 explicari?
2647 1326 2925 1393 Quomodo
2967 1328 3216 1385 admirati
3255 1341 3380 1386 sunt
3408 1333 3701 1403 gaudentes
3727 1338 3892 1393 disci-

2303 1416 2433 1485 puli,
2453 1415 2692 1473 videntes
2715 1418 2793 1475 ire
2808 1419 2862 1474 in
2881 1418 3077 1475 cmlum
3101 1419 3237 1494 (Act.
3260 1438 3299 1488 ι,
3322 1422 3377 1495 9)
3393 1439 3550 1494 quem
3576 1426 3897 1495 planxerunt

2302 1518 2572 1564 mortuum
2598 1527 2613 1564 :
2639 1524 2821 1566 revera
2852 1510 3046 1582 gaudio
3067 1511 3191 1567 huic
3217 1513 3379 1570 verba
3404 1530 3509 1571 non
3530 1514 3887 1583 sufﬁciebant,

2304 1598 2540 1655 restabat
2560 1600 2791 1670 jubilare
2836 1601 2980 1672 quod
3026 1618 3186 1659 nemo
3230 1615 3441 1675 poterat
3483 1607 3776 1679 explicare.
3818 1610 3890 1667 lbi

2303 1702 2417 1748 erat
2446 1702 2502 1748 et
2526 1708 2632 1747 vox
2673 1693 2846 1759 tubas,
2886 1688 2995 1749 vox
3042 1695 3129 1749 illa
3178 1698 3520 1768 Angelorum.
3570 1699 3779 1757 Dictum
3813 1713 3892 1759 est

2301 1786 2444 1839 enim
2466 1826 2479 1846 .
2509 1784 2655 1840 Sicut
2692 1784 2811 1839 tuba
2842 1789 3012 1841 exalto
3038 1802 3207 1842 vocem
3241 1799 3376 1843 tuam
3413 1791 3581 1862 (lsai.
3612 1809 3760 1862 ιδιιι,
3794 1796 3819 1850 1
3847 1793 3888 1862 ).

2301 1875 2737 1932 Praedieaverunt
2759 1878 2948 1949 Angeli
2973 1881 3340 1936 ascensionem
3369 1858 3577 1939 Domini
3607 1858 3893 1943 :viderunt

2300 1967 2592 2039 discipulos
2607 1969 2929 2026 ascendente
2950 1971 3178 2027 Domino
3196 1973 3213 2004 ⁸
3236 1972 3520 2043 haerentes,
3540 1977 3891 2043 admirantes,

2301 2067 2598 2128 stupentes,
2622 2060 2752 2115 nihil
2773 2062 3034 2127 dicentes,
3059 2064 3152 2119 sed
3181 2066 3343 2121 corde
3358 2067 3649 2137 jubilantes
3673 2088 3687 2123 :
3708 2080 3766 2125 et
3779 2086 3884 2127 vox

2296 2149 2406 2217 jam
2433 2149 2573 2205 tuba:
2600 2152 2654 2205 in
2682 2152 2827 2208 clara
2848 2169 2981 2210 voce
3002 2156 3350 2226 Angelorum,
3395 2159 3500 2214 Viri
3521 2160 3742 2227 Gulilm',
3763 2166 3892 2234 quid

2298 2241 2499 2327 statis?!
2517 2241 2617 2297 Hic
2644 2254 2719 2299 est
2754 2243 2929 2301 Iesus.
2967 2248 3129 2314 Quasi
3160 2249 3235 2304 illi
3265 2266 3370 2305 non
3402 2254 3598 2308 scirent
3622 2256 3744 2323 quia
3778 2257 3892 2327 ipse

2299 2335 2443 2380 esset
2468 2324 2648 2382 Iesus.
2695 2330 2835 2385 Ante
2870 2345 2932 2385 se
2978 2332 3134 2401 paulo
3176 2343 3299 2387 ante
3328 2351 3448 2390 cum
3480 2353 3584 2391 non
3609 2324 3891 2396 viderant?

2298 2430 2480 2471 secum
2510 2418 2815 2489 loquentem
2842 2436 2950 2477 non
2973 2423 3288 2479 audierant?
3327 2426 3528 2497 Nempe
3568 2444 3673 2483 non
3712 2432 3888 2487 solum

2298 2510 2530 2578 speciem
2560 2511 2811 2568 viderunt
2846 2516 3128 2584 praesentis
3146 2557 3159 2577 ,
3207 2518 3300 2571 sed
3326 2528 3381 2573 et
3411 2520 3648 2575 membra
3673 2532 3893 2579 contre-

2296 2609 2575 2657 ctaverunt
2598 2601 2763 2675 (Luc.
2795 2621 2938 2671 xxiv,
2967 2605 3038 2662 59
3056 2606 3099 2677 ).
3129 2606 3232 2676 ipsi
3258 2624 3387 2679 ergo
3413 2612 3724 2667 nesciebant
3746 2616 3893 2683 quod

2297 2692 2387 2748 ille
2425 2702 2567 2749 esset
2605 2694 2797 2750 Iesus?
2837 2696 2945 2753 Sed
2990 2697 3340 2755 admiratione
3384 2700 3496 2771 ipsa
3543 2717 3652 2769 prae
3692 2704 3892 2774 gaudio

2291 2784 2638 2854 jubilationis,
2668 2795 2917 2858 tanquam
2946 2799 3126 2844 mente
3159 2791 3433 2859 alienatis,
3462 2792 3751 2864 loquuntur
3775 2797 3892 2850 An-

2297 2879 2421 2947 geli,
2455 2879 2575 2950 Ipse
2593 2891 2666 2937 est
2682 2881 2857 2938 Iesus.
2887 2883 3072 2952 Quasi,
3102 2886 3160 2940 Si
3186 2887 3405 2943 creditis
3430 2889 3527 2954 illi,
3556 2891 3648 2946 ille
3674 2900 3760 2947 est
3780 2908 3891 2962 quo

2296 2973 2550 3029 cruciﬁxo
2564 2982 2885 3032 notaverunt
2906 2977 3056 3033 vobis
3074 2979 3261 3047 pedes,
3284 2996 3389 3050 quo
3408 2983 3585 3038 occiso
3603 2992 3655 3039 et
3677 2984 3891 3053 sepulto

2296 3079 2444 3134 spem
2467 3065 2619 3120 vobis
2648 3066 2944 3136 perdidisse
2973 3069 3253 3139 putabitis;
3297 3086 3423 3127 ecce
3459 3059 3573 3141 ipse
3598 3084 3680 3129 est
3703 3074 3885 3130 Jesus.

2297 3158 2548 3212 Ascendit
2570 3166 2695 3213 ante
2717 3174 2843 3223 vos;
2871 3159 2944 3214 sic
2976 3161 3133 3214 veniet
3160 3161 3580 3230 quemadmodum
3602 3180 3719 3218 cum
3752 3171 3893 3219 ride-

2296 3253 2359 3306 tis
2387 3263 2584 3306 euntem
2606 3252 2658 3306 in
2684 3252 2866 3306 caelum
2896 3250 3032 3325 (Act.
3065 3270 3103 3318 ι,
3134 3253 3222 3325 ιι)
3251 3273 3266 3310 :
3296 3255 3497 3310 tollitur
3520 3257 3733 3326 quidem
3761 3275 3888 3313 cor-

2295 3360 2397 3415 pus
2425 3344 2492 3398 ab
2515 3346 2685 3400 oculis
2713 3332 2906 3403 vestris
2929 3388 2946 3414 ,
2972 3347 3066 3403 sed
3095 3364 3202 3403 non
3226 3360 3503 3419 separatur
3531 3352 3674 3407 Deus
3702 3369 3731 3407 τι
3763 3370 3891 3410 cur-

2296 3436 2454 3491 dibus
2474 3437 2665 3491 vestris
2696 3454 2711 3492 :
2741 3438 2917 3493 videte
2940 3439 3338 3506 ascendentem,
3368 3442 3570 3499 credite
3600 3445 3650 3498 in
3682 3445 3889 3501 absen-

2298 3536 2405 3581 tem
2425 3537 2657 3598 ,sperate
2676 3529 2974 3584 venientem
2996 3546 3011 3595 ;
3040 3530 3132 3584 sed
3148 3538 3327 3586 tamen
3352 3548 3445 3601 per
3463 3533 3888 3590 misericordiam

2296 3618 2559 3673 occultam
2608 3619 2770 3674 etiam
2816 3620 3011 3676 sentite
3062 3632 3399 3691 przesentem.
3463 3624 3556 3679 Ille
3607 3625 3751 3680 enim
3797 3630 3888 3696 qui

2296 3709 2537 3766 ascendit
2582 3713 2633 3764 in
2673 3711 2889 3777 coelum,
2936 3721 2994 3766 ut
3045 3712 3321 3770 tolleretur
3363 3717 3430 3770 ab
3470 3718 3639 3772 oculis
3667 3721 3889 3786 vestris,

2297 3800 2543 3870 promisit
2566 3801 2716 3857 vobis
2742 3802 2927 3858 dicens
2956 3819 2970 3856 :
3002 3800 3138 3858 Ecce
3168 3822 3259 3875 ego
3299 3808 3547 3861 vobiscum
3578 3826 3692 3862 sum
3726 3828 3892 3881 usque

2294 3892 2350 3945 in
2374 3892 2855 3947 consummationem
2876 3894 3054 3949 stcculi
3083 3894 3295 3967 (Matth.
3329 3912 3513 3962 xxvnt,
3543 3899 3658 3971 20).
3691 3901 3890 3958 Merito

2296 3992 2351 4036 et
2372 3982 2655 4051 Apostolus
2679 3983 2758 4039 sic
2783 3999 2881 4039 nos
2908 3985 3280 4054 alloquebatur
3305 4005 3319 4042 :
3345 3986 3598 4046 Dominus
3621 3993 3677 4045 in
3700 3997 3887 4062 proxi-

2296 4088 2378 4126 mo
2398 4082 2492 4138 est,
2523 4073 2653 4128 nihil
2679 4074 2885 4129 solliciti
2907 4076 3105 4148 fueritis
3133 4077 3393 4148 (Philipp.
3423 4096 3496 4145 Iv,
3524 4082 3579 4147 5,
3606 4082 3687 4153 6).
3720 4084 3887 4141 Sedet

2297 4181 2459 4235 super
2480 4167 2647 4223 cmlos
2675 4164 2951 4236 Christus,
2980 4177 3037 4224 et
3066 4170 3220 4241 longe
3244 4179 3369 4226 sunt
3393 4174 3538 4240 celi,
3565 4184 3619 4229 et
3650 4175 3769 4245 ipse
3794 4180 3883 4247 qui

2297 4257 2369 4313 ibi
2403 4257 2555 4315 sedet
2586 4274 2751 4330 prope
2787 4269 2888 4316 est.
2921 4259 3168 4316 Dominus
3192 4265 3247 4317 in
3272 4280 3390 4319 voce
3425 4265 3574 4321 tubae.
3620 4267 3766 4339 Ergo
3790 4287 3884 4327 vos

2297 4348 2389 4404 ﬁlii
2430 4349 2728 4419 Core,‘jam
2770 4349 2817 4405 si
2863 4352 3201 4409 intellexistis
3230 4369 3365 4422 vos,
3412 4366 3468 4411 et
3512 4357 3774 4429 inspicitis
3800 4360 3885 4417 hic

2295 4454 2413 4502 vos,
2441 4446 2498 4493 et
2525 4454 2621 4492 vos
2644 4439 2907 4509 gaudetis,
2930 4440 3055 4515 quia
3084 4443 3274 4498 videtis
3299 4443 3387 4499 hic
3412 4461 3526 4501 vos.

2368 4530 2421 4585 8.
2453 4528 2600 4602 [vers.
2637 4527 2713 4603 7.]
2742 4528 2956 4586 Psallite
2983 4530 3091 4587 Deo
3111 4544 3302 4601 nostra,
3325 4536 3541 4606 psallite.
3571 4538 3737 4607 Quem
3763 4550 3887 4594 tan-

2298 4636 2455 4691 quam
2486 4620 2757 4677 bominem
2792 4621 3072 4678 irriserunt
3119 4625 3208 4695 qui
3256 4641 3287 4680 a
3338 4628 3443 4683 Deo
3481 4629 3693 4684 alienati
3733 4643 3885 4697 sunt,

2299 4714 2501 4784 psallite
2540 4710 2650 4768 Deo
2694 4722 2886 4769 nostro.
2928 4715 3043 4770 Non
3083 4717 3225 4772 enim
3256 4718 3417 4774 homo
3442 4730 3665 4789 tantum,
3695 4724 3791 4777 sed
3833 4735 3888 4780 et

2299 4805 2456 4859 Deus.
2494 4803 2666 4859 llomo
2693 4820 2757 4860 ex
2786 4805 2991 4861 semine
3021 4807 3185 4862 David
3216 4808 3391 4881 (Rom.
3421 4828 3469 4879 ι,
3492 4810 3570 4885 5),
3604 4814 3743 4868 Deus
3777 4817 3885 4871 Do-

2299 4895 2476 4949 minus
2508 4895 2691 4960 David,
2710 4911 2775 4951 ex
2799 4894 2999 4952 Iudaeis
3025 4912 3239 4954 carnem
3270 4900 3474 4957 habens
3500 4920 3516 4957 :
3541 4920 3757 4973 quorum
3785 4926 3883 4977 pa-

2298 4998 2419 5054 tres,
2442 4988 2515 5041 ait
2538 4988 2845 5057 Apostolus,
2874 4998 2921 5043 et
2944 5005 3006 5043 ea:
3022 4989 3201 5057 quibus
3222 4990 3450 5046 Christus
3474 4996 3746 5050 secundum
3772 5015 3887 5051 car-

2299 5094 2432 5131 nem.
2462 5076 2539 5130 Ex
2559 5077 2760 5133 Judreis
2784 5093 2911 5148 ergo
2932 5078 3197 5148 Christus,
3216 5081 3310 5136 sed
3334 5083 3621 5139 secundum
3642 5101 3884 5142 carnem.

2299 5167 2429 5235 Quis
2449 5177 2626 5222 autem
2652 5169 2750 5223 iste
2770 5170 3036 5235 Christus,
3058 5172 3252 5242 quiest
3273 5188 3338 5228 ex
3363 5174 3565 5232 ludatis
3589 5180 3888 5236 secundum

2298 5260 2550 5315 carnem?
2578 5260 2678 5326 Qui
2697 5271 2767 5313 est
2796 5277 2949 5331 super
2966 5265 3138 5317 omnia
3166 5263 3300 5318 Deus
3320 5265 3605 5323 benedictus
3628 5270 3679 5322 in
3698 5274 3889 5325 secula

2304 5350 2324 5419 (
2347 5349 2433 5403 1d.
2460 5366 2535 5414 ut,
2560 5351 2593 5406 5
2617 5351 2654 5418 ).
2700 5351 2840 5406 Deus
2862 5361 2988 5408 ante
3011 5369 3247 5424 carnem,
3278 5352 3417 5411 Deus
3446 5359 3498 5411 in
3533 5373 3715 5424 carne,
3747 5361 3888 5417 Deus

2299 5459 2421 5498 cum
2449 5459 2630 5499 carne.
2674 5444 3000 5501 Ncc‘solum
3032 5457 3156 5501 ante
3190 5463 3406 5504 carnem
3437 5450 3597 5517 Deos,
3629 5453 3722 5508 sed
3762 5466 3889 5513 ante

2302 5546 2497 5590 terram
2525 5536 2661 5590 Deus
2681 5577 2700 5603 ,
2744 5536 2885 5592 unde
2919 5537 3055 5592 facta
3098 5550 3178 5593 est
3217 5553 3375 5605 caro;
3406 5556 3505 5596 nec
3534 5551 3738 5598 tantum
3764 5558 3889 5604 ante

2300 5694 2381 5804 nu:
2407 5700 2583 5743 Novem
2624 5701 2763 5753 Mss,
2808 5696 3027 5745 viderunt
3069 5695 3295 5759 discipuli
3330 5696 3670 5751 ascendentem
3721 5704 3889 5755 Domi-

2383 5769 2431 5805 ιι.

2383 5770 2400 5804 ι
