3968 6332
87 404 199 460 529

84 611 199 665 lum
228 613 392 676 Deus,
423 611 566 681 quod
597 613 738 681 prius
761 612 952 668 factum
978 623 1090 679 est;
1115 625 1236 669 ante
1261 615 1402 670 diem
1431 618 1569 671 Deus
1593 619 1683 687 qui

86 704 298 770 primus
337 703 508 757 {actus
545 713 654 766 est;
702 714 825 758 ante
871 719 1059 760 omnes
1105 706 1337 776 Angelos
1379 707 1535 771 Deus,
1567 708 1682 776 ipse

81 793 336 848 Christus
378 794 514 848 Deus
547 810 560 845 :
590 796 839 863 quoniam
884 795 935 848 in
981 796 1238 866 principio
1266 807 1382 852 erat
1411 799 1640 855 Verbum
1660 844 1676 868 ,

85 896 139 940 ει
169 885 403 940 Verbum
444 893 561 940 erat
595 885 734 953 apud
776 887 962 952 Deum,
991 898 1045 942 et
1089 889 1225 943 Deus
1255 901 1372 944 erat
1399 892 1628 948 Verbum
1661 912 1675 947 :

83 981 266 1033 omnia
300 996 394 1049 per
419 980 591 1049 ipsum
632 979 764 1032 facta
794 990 937 1044 sunt,
963 990 1016 1035 et
1054 982 1169 1036 sine
1205 984 1320 1052 ipso
1360 983 1554 1038 iactum
1594 995 1678 1039 est

78 1069 214 1123 nihil
247 1067 446 1139 (Joan.
477 1085 515 1133 t,
553 1065 710 1141 1-5).
758 1069 851 1125 Ille
891 1079 973 1126 est
999 1081 1121 1126 ante
1149 1074 1322 1126 omnia
1344 1114 1359 1140 ,
1388 1090 1484 1144 per
1516 1093 1674 1144 quem

79 1160 222 1214 tincta
272 1170 398 1214 sunt
439 1159 642 1216 omnia.
688 1159 903 1216 Psallite
947 1177 1074 1232 ergo
1130 1163 1238 1217 Deo
1282 1178 1491 1231 nostra,
1532 1168 1669 1236 psal-

76 1253 165 1305 lite
187 1250 290 1321 (α).

147 1342 205 1398 9.
237 1341 388 1414 [vers.
418 1341 496 1416 8.]
527 1343 779 1411 Quoniam
819 1362 912 1400 rea:
945 1349 1108 1402 omnis
1149 1358 1296 1403 terra:
1338 1349 1496 1405 Deus.
1533 1351 1669 1420 Quid

69 1433 220 1486 enim
240 1433 265 1485 ?
297 1433 366 1487 Et
392 1445 535 1501 ante,
563 1451 667 1489 non
693 1437 868 1491 omnis
888 1443 1046 1492 terra:
1067 1438 1242 1494 Dens?
1269 1439 1456 1498 Nonne
1474 1452 1530 1497 et
1549 1447 1668 1499 εαξη

70 1535 123 1577 et
142 1536 308 1578 terra:
326 1526 484 1590 Deus,
509 1542 628 1580 eum
654 1527 833 1598 utique
854 1544 948 1598 per
971 1529 1119 1584 illum
1145 1530 1284 1586 facta
1308 1543 1432 1588 sunt
1451 1538 1670 1589 omnia?

68 1618 203 1684 Quis
251 1629 436 1686 posset
468 1619 647 1675 dicere
691 1636 796 1676 non
840 1637 959 1676 esse
1003 1624 1168 1678 Deum
1212 1628 1401 1680 suum?
1429 1628 1531 1682 Sed
1562 1646 1667 1684 non

66 1728 263 1765 omnes
293 1711 536 1769 homines
557 1723 884 1783 agnoverunt
906 1717 1070 1772 Deum
1094 1734 1281 1781 suum;
1312 1730 1366 1775 ct
1393 1723 1483 1776 ubi
1511 1739 1669 1793 agno.

67 1803 345 1867 scebatur,
375 1805 526 1873 quasi
552 1806 620 1860 ibi
650 1815 850 1860 tantum
876 1807 1016 1861 Deus
1041 1819 1176 1863 erat.
1204 1810 1372 1865 Notus
1403 1814 1453 1866 in
1482 1815 1663 1869 Judaja

70 1894 216 1947 Deus
242 1893 419 1963 (Psal.
450 1912 608 1963 Lxxv,
637 1897 694 1966 2)
725 1914 737 1950 :
769 1899 1004 1953 nondum
1038 1901 1157 1956 [iliis
1186 1901 1322 1957 Core
1351 1903 1662 1974 dicebatur,

69 1985 263 2038 Omnes
302 1996 494 2055 gentes,
533 1988 759 2055 plaudite
778 1991 1024 2045 manibus.
1054 1991 1148 2047 llle
1171 1993 1314 2047 enim
1342 1995 1476 2050 Deus
1508 2007 1664 2051 notus

66 2075 122 2124 in
153 2074 363 2133 Judara.
388 2092 480 2130 rex
512 2078 685 2132 omnis
714 2088 870 2134 terrai
901 2081 1039 2134 Deus
1059 2092 1160 2136 est.
1190 2083 1306 2138 lam
1335 2085 1403 2139 ab
1419 2089 1664 2143 omnibus

61 2167 400 2233 agnoscitur,
431 2167 552 2236 quia
585 2168 856 2237 impletum
879 2183 962 2226 est
991 2173 1130 2241 quod
1166 2175 1293 2228 dicit
1321 2176 1479 2231 lsaias
1499 2218 1514 2244 ,
1543 2177 1665 2249 Ipse

62 2255 210 2309 Deus
241 2265 358 2309 tuus
390 2258 476 2326 qui
504 2259 630 2310 eruit
659 2269 732 2322 te,
775 2259 1016 2316 universa:
1048 2272 1194 2318 terra?
1236 2264 1373 2320 Deus
1407 2267 1663 2324 vocabitur

60 2350 116 2416 (Ι
125 2350 226 2402 sai.
251 2366 358 2415 uv,
389 2350 468 2422 5).
505 2352 754 2416 Quoniam
783 2371 872 2408 rea;
898 2357 1060 2410 omnis
1084 2368 1230 2411 teme
1259 2358 1396 2414 Deus
1422 2376 1441 2414 :
1462 2363 1663 2432 psallite

58 2446 425 2513 intelligenter.
465 2445 630 2500 Docet
666 2461 765 2500 nos
799 2456 853 2501 et
881 2448 1132 2503 admonet
1163 2466 1260 2506 nos
1292 2463 1347 2504 ut
1373 2453 1660 2521 psallamus

59 2535 466 2604 intelligenter:
497 2551 600 2590 non
631 2552 930 2606 quaeramus
954 2553 1143 2593 sonum
1171 2542 1336 2606 auris,
1364 2543 1455 2597 sed
1477 2544 1658 2600 lumen

55 2625 263 2679 cordis.
304 2623 540 2690 Psallite,
567 2627 754 2696 inquit,
783 2629 1131 2699 intelligenter.
1160 2630 1380 2698 Gentes,
1404 2633 1543 2690 unde
1562 2651 1659 2690 vo-

54 2715 166 2769 cali
194 2715 330 2769 estis
356 2726 413 2769 ut
445 2716 720 2771 christiani
747 2718 956 2784 essetis,
987 2720 1281 2776 adorabant
1325 2723 1454 2779 deos
1497 2742 1658 2781 manu

53 2808 258 2874 factos,
289 2817 345 2863 et
386 2807 684 2878 psallebant
729 2809 870 2876 illis;
916 2812 1008 2866 sed
1038 2827 1142 2866 non
1175 2814 1555 2884 intelligenter.
1599 2819 1656 2874 Si

54 2898 426 2969 intelligenter
444 2907 738 2964 cantarent,
756 2899 961 2970 lapides
980 2919 1082 2956 non
1102 2903 1264 2958 adora
1274 2914 1407 2960 rent.
1433 2907 1657 2974 Quando

53 2990 229 3046 homo
277 2999 526 3046 mnsatus
565 2992 813 3046 cantabat
854 2991 1015 3063 lapidi
1059 2993 1350 3062 insensato,
1400 3002 1653 3072 numquid

51 3084 423 3153 intelligenter
450 3085 741 3139 cantabat?
767 3085 926 3140 Modo
953 3096 1152 3156 autem,
1181 3091 1402 3158 fratres,
1435 3107 1542 3147 non
1569 3093 1653 3148 vi—

51 3177 252 3230 demus
296 3175 466 3230 oeulis
503 3191 661 3246 quem
701 3175 1011 3242 adoramus,
1061 3188 1117 3234 et
1161 3191 1337 3237 tamen
1376 3186 1649 3240 correcti’

52 3267 364 3323 adoramus.
412 3267 574 3323 Multo
617 3270 788 3338 magis
827 3271 980 3326 nobis
1010 3272 1148 3327 Deus
1178 3277 1647 3344 commendatur”,

51 3362 178 3433 quia
209 3378 335 3417 eum
365 3361 535 3416 oculis
564 3377 669 3416 non
703 3362 961 3418 videmus.
995 3364 1049 3419 Si
1079 3381 1199 3420 eum
1238 3369 1407 3423 oculis
1433 3370 1648 3424 videre-

52 3468 208 3518 mus,
239 3452 380 3507 [οι-ιε
404 3461 893 3509 contemneremus.
935 3453 1067 3509 Nam
1100 3464 1154 3510 et
1181 3456 1451 3514 Christum
1478 3460 1648 3516 Judaei

54 3546 232 3598 visum
253 3553 710 3614 contempserunt,
727 3560 831 3600 non
854 3545 1024 3600 visum
1047 3545 1247 3602 Gentes
1265 3550 1644 3610 adoraverunt.

51 3637 91 3689 ll
101 3637 166 3691 lis
187 3637 334 3692 enim
357 3636 554 3691 dictum
575 3645 678 3700 est,
702 3636 918 3692 Psallite
942 3637 1295 3709 intelligenter.
1324 3641 1500 3698 Nolite
1527 3660 1648 3698 esse

49 3729 195 3782 sicut
233 3741 403 3797 equus
438 3737 493 3782 et
531 3727 726 3791 mulus,
759 3728 813 3783 in
848 3729 1042 3798 quibus
1082 3746 1189 3784 non
1228 3741 1311 3786 est
1349 3731 1647 3791 intellectus

53 3817 231 3890 (Psal.
263 3833 411 3884 χιιι,
441 3814 518 3889 9).

125 3911 214 3967 10.
249 3907 402 3984 [vers.
424 3909 502 3982 9.]
534 3910 779 3982 Regnabit
799 3910 1052 3968 Dominus
1088 3930 1240 3984 super
1265 3931 1434 3971 omnes
1453 3929 1640 3988 gentes.

48 4005 149 4072 Qui
195 4001 454 4072 regnabat
493 4017 654 4072 super
691 4019 847 4058 unam
881 4014 1126 4074 gentem.
1157 4009 1420 4077 regnabit,
1453 4011 1640 4080 inquit,

46 4111 202 4165 super
247 4110 418 4148 omnes
461 4103 651 4165 gentes.
695 4093 919 4161 Quando
965 4095 1277 4153 dicebantur
1316 4099 1447 4166 ista,
1484 4117 1646 4172 super

49 4201 210 4240 unam
251 4193 465 4254 gentem
506 4184 758 4254 regnabat
786 4185 926 4241 Deus
954 4203 968 4240 :
999 4186 1274 4256 prophetia
1319 4200 1466 4256 erat,
1508 4208 1642 4248 non-

47 4279 173 4330 dum
217 4291 308 4331 res
350 4275 832 4330 demonstrabatur.
871 4277 976 4330 Deo
1004 4279 1231 4347 gratias,
1255 4278 1364 4347 jam
1401 4281 1643 4338 videmus

51 4367 260 4435 impleri
284 4366 426 4436 quod
452 4375 574 4419 ante
597 4364 1032 4435 prophetabatur.
1055 4367 1477 4440 Cliirographum
1505 4374 1642 4430 Deus

50 4469 169 4513 ante
198 4467 409 4526 tempus
438 4457 651 4526 scripsit
680 4457 864 4521 nobis,
894 4457 1110 4527 impleto
1141 4469 1378 4529 tempore
1415 4464 1643 4520 reddidit

52 4554 226 4606 nobis.
258 4549 506 4621 Regnabit
550 4549 682 4604 Deus
725 4566 877 4620 super
915 4565 1086 4605 omnes
1124 4562 1327 4621 gentes,
1360 4556 1641 4622 promissio

51 4655 148 4697 est.
181 4643 323 4698 Deus
351 4646 487 4697 sedet
516 4659 666 4712 super
689 4645 857 4696 sedem
883 4653 1110 4697 sanctam
1137 4661 1302 4698 suam.
1333 4647 1484 4714 Quod
1515 4657 1641 4705 tunc

52 4734 285 4788 futurum
322 4733 755 4802 promittebatur,
786 4749 929 4787 nunc
956 4733 1231 4802 impletum
1259 4739 1561 4806 agnoscitur
1585 4749 1642 4796 et

52 4833 282 4880 tenetur.
311 4823 452 4878 Deus
475 4824 610 4878 sedet
637 4841 788 4895 super
823 4824 993 4879 sedem
1029 4837 1256 4880 sanctam
1296 4847 1462 4884 suam.
1509 4833 1639 4899 Quae

49 4918 205 4972 sedes
225 4916 342 4985 ejus
365 4916 584 4970 sancta?
612 4914 855 4969 Forsitan
880 4916 1039 4982 caeli;
1067 4926 1122 4971 et
1145 4918 1282 4974 bene
1305 4921 1635 4993 intelligitur.

52 5013 86 5061 Α
99 5008 304 5062 scendit
332 5008 472 5062 enim
499 5005 774 5072 Christus,
800 5005 938 5061 sicut
963 5009 1206 5063 novimus
1223 5051 1237 5075 ,
1266 5025 1386 5066 cum
1414 5029 1639 5084 corpore

53 5100 102 5150 i..
142 5114 252 5169 quo
296 5097 581 5152 cruciﬁxus
626 5107 742 5164 est,
785 5106 839 5153 et
876 5097 1029 5154 sedet
1067 5099 1136 5154 ad
1162 5101 1434 5158 dexteram
1465 5106 1639 5163 Patris

51 5194 184 5252 (Act.
216 5206 270 5256 ι,
297 5191 358 5261 2)
387 5207 401 5244 :
432 5191 555 5244 inde
583 5205 704 5244 eum
739 5198 1020 5245 venturum
1055 5204 1427 5262 exspectamus
1456 5198 1521 5251 ad
1545 5199 1637 5268 ju-

49 5284 305 5339 dicandos
335 5285 484 5337 vivos
521 5293 576 5336 et
612 5292 849 5338 mortuos
889 5281 963 5354 (11
993 5281 1128 5338 Tim.
1164 5284 1262 5358 tv).
1298 5287 1448 5343 Sedet
1487 5308 1638 5359 super

48 5378 214 5431 sedem
239 5385 467 5431 sanctam
492 5392 654 5428 suam.
679 5373 813 5430 Caeli
840 5384 962 5429 sunt
986 5375 1140 5430 sedes
1166 5386 1345 5431 sancta
1367 5379 1520 5447 ejus?
1545 5383 1636 5438 Vis

49 5481 100 5524 et
125 5481 181 5524 tu
207 5484 327 5525 esse
357 5467 515 5523 sedes
539 5468 694 5536 ejus?
718 5467 834 5521 Noli
864 5481 1049 5536 putare
1078 5478 1129 5522 te
1154 5484 1274 5524 esse
1308 5486 1408 5523 non
1442 5487 1632 5540 posse:

113 5606 128 5636 ι
156 5605 301 5652 vatie.
327 5610 432 5659 Ms,
455 5600 604 5651 corde
629 5599 766 5650 recti.

108 5667 128 5696 ’
154 5668 235 5714 ttlc
257 5667 306 5713 in
330 5663 443 5712 add.
463 5663 670 5731 additur,
691 5661 925 5731 potentior
949 5674 968 5711 :
991 5663 1040 5731 in
1063 5661 1245 5731 aliquot
1269 5672 1394 5723 Mss,
1431 5677 1585 5731 major
1615 5678 1633 5714 .'

50 5736 272 5775 neutrum
298 5738 418 5774 vero
443 5732 522 5796 est
539 5725 586 5772 in
610 5723 825 5796 melioris
847 5735 972 5796 n_ot:e
996 5723 1158 5796 libris.’
1277 5786 1286 5796 _

110 5790 182 5848 (α)
204 5789 445 5838 omittitur
467 5787 624 5835 altera
659 5797 769 5847 pars
789 5785 838 5844 ᾗ.
866 5787 891 5833 '2
913 5800 927 5846 ;
954 5784 1148 5837 l‘sallite
1184 5786 1286 5849 regi
1308 5796 1482 5846 nostro,
1508 5790 1630 5850 psal-

57 5850 128 5903 lite

1174 407 1574 468 ENARRATlO
1614 411 1678 468 IN
1715 412 2039 476 PSALMUM
2079 423 2256 482 XLVI.

86 531 290 575 terram
320 520 478 585 Deus,
511 520 652 575 unde
681 535 806 576 caro
829 520 962 576 iacta
990 531 1090 586 cst,
1121 538 1214 578 sea
1235 525 1396 579 etiam
1423 536 1546 580 ante
1573 540 1694 584 eccs

3289 452 3396 507 530

1793 545 1922 599 para
1947 535 2017 589 illi
2040 536 2212 593 locum
2244 539 2296 595 in
2323 542 2485 598 corde
2507 553 2630 614 tuo;
2660 551 2839 618 venit,
2870 554 3183 613 etlibenter
3210 561 3383 615 sedet.

1792 621 1909 719 ipse
1949 635 2093 682 certe
2134 639 2217 684 cst
2251 630 2345 686 Dei
2374 631 2550 691 Virtus
2586 650 2638 693 et
2678 641 2766 712 Dei
2797 643 3069 714 Sapientia
3113 648 3161 719 (1
3189 648 3304 705 Cor.
3333 668 3383 713 ι,

1788 711 1900 803 2t).
1933 716 1998 769 Et
2021 719 2146 787 quid
2174 721 2302 776 dicit
2327 721 2600 794 Scriptura
2627 729 2695 784 de
2720 731 2833 801 ipsa
2859 711 3165 803 Sapientia?
3192 711 3400 793 Anima-

1782 802 1940 871 justi,
1965 808 2121 864 sedes
2156 811 2432 882 sapientia:
2480 817 2634 888 (Sap.
2656 822 2775 891 vn).
2808 822 2865 878 Si
2895 802 3021 895 ergo
3049 828 3224 882 anima
3249 829 3392 898 justi

1785 895 1940 950 sodes
1980 909 2063 953 est
2097 903 2406 972 sapientiae;
2435 907 2504 961 sit
2530 911 2706 965 anima
2738 922 2824 967 tua
2851 913 3026 982 justa,
3057 929 3111 972 et
3148 895 3263 974 eris.
3296 937 3381 974 re-

1783 986 1918 1053 galis
1939 989 2070 1044 sella
2095 993 2390 1059 sapientiai.
2423 997 2491 1052 Et
2517 1013 2724 1067 revera,
2753 1002 2966 1070 fratres,
2994 1023 3182 1065 omnes
3207 1010 3382 1064 Ιιοιιιὶο

1784 1091 1878 1130 nes
1901 1081 1989 1148 qui
2018 1081 2156 1137 bene
2181 1084 2385 1151 vivunt,
2411 1089 2503 1159 qui
2529 1090 2665 1148 bene
2693 1105 2886 1164 agunt,
2920 1099 3211 1154 secundum
3240 1101 3378 1155 cha-

1779 1167 1990 1224 ritatem
2020 1173 2159 1241 piam
2190 1175 2206 1207 ⁸
2237 1192 2622 1237 conversantur
2643 1226 2656 1249 ,
2691 1200 2869 1242 nonne
2897 1189 3040 1244 Deus
3071 1191 3120 1244 in
3151 1193 3254 1247 illis
3280 1208 3371 1247 se.

1777 1258 1900 1325 det,
1931 1272 1987 1316 et
2015 1265 2128 1332 ipse
2159 1266 2354 1335 jubet?
2391 1270 2735 1344 Obtemperat
2763 1280 2940 1333 anima
2974 1281 3178 1335 sedenti
3222 1283 3272 1336 in
3309 1297 3371 1340 se

1778 1351 1888 1407 Deo
1909 1397 1922 1418 ,
1951 1364 2006 1410 et
2050 1358 2162 1426 ipsa
2204 1359 2357 1429 jubet
2399 1365 2673 1422 membris.
2707 1370 2896 1425 Anima
2927 1373 3068 1427 enim
3102 1383 3186 1429 tua
3216 1376 3368 1445 jubet

1775 1446 2019 1502 membro
2051 1457 2170 1518 tuo,
2216 1469 2322 1523 quo
2363 1469 2640 1515 moveatur
2677 1478 2799 1531 pes,
2850 1480 2956 1534 quo
2997 1461 3217 1532 manus,
3258 1485 3366 1539 quo

1774 1537 1979 1601 oculus,
2007 1554 2114 1609 quo
2141 1545 2305 1609 auris,
2338 1555 2394 1601 et
2413 1548 2565 1616 jubet
2589 1551 2701 1620 ipsa
2730 1555 2982 1610 membris
3011 1566 3258 1625 tanquam
3277 1537 3364 1612 Via-

1774 1627 1932 1683 mulis
1968 1631 2079 1686 suis
2112 1649 2126 1686 :
2165 1635 2258 1690 sed
2297 1647 2351 1691 et
2379 1638 2491 1706 ipsa
2517 1643 2686 1698 servit
2716 1645 2942 1700 interius
2971 1647 3214 1702 insidenti
3257 1649 3361 1704 sibi

1774 1717 1999 1774 Domino
2030 1736 2151 1776 suo.
2200 1725 2314 1780 Non
2354 1737 2526 1797 potest
2553 1731 2790 1788 inferiori
2821 1750 2880 1789 se
2906 1735 3042 1791 bene
3071 1739 3357 1807 imperare,

1771 1810 1872 1864 nisi
1915 1817 2176 1882 superiori
2223 1833 2282 1872 se
2328 1835 2431 1874 nor.
2480 1821 2634 1878 fuerit
2663 1825 2943 1898 dedignata
2968 1830 3190 1886 servire.
3223 1830 3361 1885 Deus

1768 1903 1905 1956 sedet
1933 1921 2086 1973 super
2109 1909 2276 1962 sedem
2305 1922 2528 1965 sanctam
2556 1931 2722 1969 suam.

1841 1993 1930 2047 H.
1982 1986 2132 2066 [vers.
2172 1998 2284 2072 10.]
2353 1999 2620 2073 Principes
2670 2007 2973 2077 papulorum
3025 2022 3361 2064 convenerunt

1767 2100 1883 2137 cum
1910 2085 2017 2140 Deo
2047 2089 2322 2144 Abraham.
2357 2093 2496 2147 Deus
2540 2095 2807 2151 Abraham
2852 2111 2906 2153 et
2950 2101 3091 2154 Deus
3131 2099 3277 2156 Isaae
3304 2110 3360 2158 ct

1770 2173 1909 2229 Deus
1928 2175 2092 2231 Jacob
2122 2179 2312 2249 (Exod.
2341 2199 2427 2246 ιη,
2457 2185 2532 2252 6).
2561 2184 2757 2240 Verum
2783 2198 2884 2253 est,
2913 2190 3046 2244 dixit
3073 2192 3174 2246 hoc
3196 2193 3355 2256 Deus,

1767 2274 1820 2318 et
1857 2268 2232 2335 superbierunt
2279 2272 2399 2327 inde
2441 2274 2640 2342 Iud-ri,
2683 2287 2738 2332 et
2781 2279 3035 2335 dixerunt
3069 2301 3082 2337 :
3114 2283 3228 2338 Nos
3259 2287 3356 2352 ﬁlii

1766 2355 1983 2412 Abrahae
2005 2377 2198 2415 sumus.
2225 2362 2603 2432 Superbientes
2629 2367 2696 2421 de
2721 2371 2937 2425 nomine
2973 2382 3194 2440 paterno
3212 2413 3226 2436 ,
3257 2389 3351 2443 ge-

1765 2457 1946 2503 rentes
1972 2450 2088 2519 ejns
2114 2468 2349 2522 carnem,
2382 2472 2486 2511 non
2518 2466 2760 2514 tenentes
2785 2463 2900 2528 ejus
2928 2462 3119 2529 iidem;
3144 2465 3348 2520 semine

1764 2537 2120 2606 adhmrentes,
2149 2545 2383 2599 moribus
2408 2546 2810 2616 degonerantes.
2835 2553 3071 2622 Denique
3090 2555 3347 2610 Dominus

1763 2628 1888 2697 quid
1917 2630 1990 2683 ait
2018 2632 2096 2685 eis
2139 2634 2209 2685 ita
2251 2637 2720 2704 superbientibus?
2752 2641 2812 2694 Si
2837 2642 2935 2708 lilii
2969 2644 3185 2700 Abralua
3210 2649 3346 2712 estis,

1763 2723 1898 2791 facla
1933 2722 2154 2777 Abrahae
2197 2725 2348 2794 facile
2393 2727 2568 2797 (Joan.
2593 2746 2723 2796 vui,
2750 2734 2854 2800 53,
2883 2735 2998 2805 59).
3047 2737 3175 2792 ltem
3223 2741 3348 2809 quid

1761 2810 1895 2864 dixit
1936 2812 2038 2866 illis
2081 2813 2314 2871 Joannes
2355 2818 2691 2877 venientibus
2727 2831 2782 2878 et
2815 2829 3348 2886 contremiscentibus

1760 2905 2072 2974 quibusdam
2106 2908 2360 2978 ipsorum,
2391 2913 2478 2982 qui
2510 2928 2569 2968 se
2599 2917 2904 2984 pmnitendo
2940 2921 3209 2992 corrigere
3249 2939 3346 2976 vo-

1760 2996 2009 3052 luerunt?
2026 2997 2300 3069 Progenies
2318 3003 2622 3072 viperarum.
2643 3008 2806 3062 Erant
2824 3010 2966 3064 enim
2986 3012 3171 3082 iniqui,
3194 3025 3346 3069 erant

1759 3087 1984 3154 perditi,
2016 3099 2168 3144 erant
2197 3103 2537 3160 peccatores,
2569 3106 2723 3152 erant
2758 3099 2904 3168 impii
2941 3120 2953 3153 :
2989 3115 3250 3160 venerunt
3276 3107 3344 3162 ad

1757 3178 2076 3247 baptismum
2104 3181 2323 3237 Joannis
2361 3203 2376 3240 :
2418 3195 2471 3241 et
2499 3187 2625 3257 quid
2665 3190 2743 3245 eis
2767 3191 2934 3247 dicit?
2963 3193 3236 3268 Progenies
3265 3201 3343 3254 vi-

1757 3287 2009 3340 perarum.
2042 3273 2119 3327 llli
2158 3291 2216 3330 se
2251 3277 2500 3333 dicebant
2537 3279 2675 3336 ﬁlios
2702 3283 2961 3353 Abrahae,
2987 3296 3042 3342 et
3081 3288 3194 3359 ipse
3223 3291 3343 3349 illos

1754 3361 1964 3416 dicebat
2006 3365 2143 3420 ﬁlios
2193 3367 2516 3436 viperarum.
2547 3371 2810 3443 Numquid
2852 3377 3119 3434 Abraham
3161 3384 3338 3452 vipera

1753 3454 1904 3506 erat?
1934 3453 2037 3509 Sed
2069 3457 2190 3526 quia
2221 3461 2360 3514 male
2387 3461 2613 3518 vivendo
2643 3465 2914 3522 daemones
2945 3471 3132 3526 imitati
3163 3487 3336 3544 erant,

1752 3551 1807 3598 et
1830 3560 2012 3598 eorum
2045 3547 2137 3601 tilii
2180 3547 2304 3603 iacti
2348 3563 2500 3606 erant
2519 3594 2534 3617 ,
2562 3570 2698 3622 quos
2736 3557 2995 3614 imitando
3021 3563 3161 3616 male
3188 3564 3339 3621 vive-

1753 3633 1879 3689 bant
1907 3654 1919 3688 :
1949 3635 2246 3707 Progenies,
2275 3640 2462 3710 inquit,
2493 3643 2796 3713 viperarum,
2824 3649 2934 3714 quis
2959 3651 3096 3706 vobis
3124 3656 3340 3709 ostendit

1751 3730 1926 3799 fugere
1948 3731 2008 3784 ab
2033 3733 2112 3785 ira
2139 3735 2390 3788 ventura?
2424 3735 2596 3791 Facite
2613 3756 2732 3809 ergo
2758 3740 2978 3808 fructum
3003 3746 3210 3815 dignum
3231 3765 3340 3818 ρω-

1749 3820 1972 3875 nitentia:
1999 3838 2016 3876 :
2047 3833 2091 3876 et
2112 3824 2267 3878 nolite
2286 3825 2451 3878 dicere
2470 3829 2608 3896 apud
2630 3833 2950 3900 vosmetipsos
2970 3877 2982 3896 ,
3015 3834 3220 3890 Patrem
3245 3839 3340 3892 Ita-

1749 3908 1919 3964 bemus
1933 3912 2210 3979 Abraham,
2229 3924 2282 3968 et
2303 3917 2451 3984 quasi
2475 3919 2748 3987 superbire
2767 3921 2836 3975 de
2857 3939 3052 3991 genere
3074 3932 3110 3978 Α
3123 3927 3334 3994 bralne;

1749 4009 1924 4068 potens
1963 4011 2036 4054 est
2076 4005 2206 4056 enim
2236 4004 2374 4058 Dens
2413 4006 2476 4059 de
2511 4009 2764 4076 lapidibus
2793 4013 2903 4066 istis
2931 4017 3176 4071 suscitare
3200 4020 3337 4087 ﬁlios

1746 4091 1966 4148 Abraha:
1993 4093 2203 4164 (Matth.
2234 4112 2290 4149 ιιι
2311 4137 2325 4160 ,
2356 4097 2519 4168 7-9).
2551 4099 2666 4154 Non
2697 4102 2840 4157 enim
2880 4120 3225 4165 remansurus
3253 4123 3337 4167 est

1747 4183 2015 4239 Abraham
2044 4188 2160 4242 sine
2201 4187 2351 4251 liliis,
2381 4191 2425 4244 si
2456 4207 2552 4246 vos
2577 4192 2907 4251 damnaverit
2935 4198 3074 4256 Deus
3104 4219 3117 4255 :
3145 4213 3335 4274 potens

1746 4283 1829 4329 est
1856 4276 1998 4330 enim
2038 4285 2091 4330 et
2127 4277 2385 4335 damnare
2413 4296 2546 4349 quos
2572 4283 2711 4347 odit,
2742 4294 2796 4340 et
2831 4287 2906 4341 illi
2946 4289 3169 4346 reddere
3197 4310 3333 4363 quos

1748 4366 2010 4432 promisit.
2042 4367 2110 4422 Et
2141 4369 2281 4424 unde
2311 4371 2385 4425 illi
2414 4371 2718 4429 redditurus
2745 4385 2829 4431 est
2856 4378 3011 4443 ﬁlios,
3041 4382 3084 4435 si
3116 4383 3334 4440 damnat

1747 4456 2002 4513 llebraaos
2026 4459 2094 4514 de
2117 4475 2277 4516 carne
2306 4461 2422 4532 ejus
2449 4466 2790 4534 progenitos?
2815 4466 2897 4522 De
2922 4471 3174 4541 lapidibus
3201 4476 3332 4532 istis.

1745 4546 2072 4603 Ostendebat
2102 4551 2204 4605 illis
2235 4553 2437 4620 lapides
2466 4553 2519 4608 in
2551 4570 2754 4610 eremo.
2796 4559 2896 4625 Qui
2925 4575 3077 4618 erant
3108 4565 3329 4635 lapides,

1746 4638 1846 4692 nisi
1872 4637 2102 4704 Gentes,
2136 4657 2254 4709 qua:
2291 4643 2492 4711 lapides
2520 4645 2849 4705 adorabant?
2878 4651 3104 4722 Lapides
3129 4665 3330 4725 quare?

1745 4731 2031 4784 Adorando
2060 4732 2290 4800 lapides,
2317 4734 2442 4789 dicti
2482 4745 2634 4790 erant
2675 4738 2875 4807 lapides
2905 4745 3068 4812 :'quia
3097 4748 3331 4816 psalmus

1743 4821 2092 4889 praedixerat,
2121 4821 2325 4878 Similes
2354 4825 2455 4879 illis
2483 4828 2610 4894 ﬁant
2637 4830 2722 4899 qui
2749 4833 2940 4900 faciunt
2967 4851 3056 4900 ea,
3085 4849 3130 4890 et
3159 4855 3330 4893 omnes

1744 4914 1830 4980 qui
1854 4911 2115 4980 conﬁdunt
2139 4913 2191 4966 in
2215 4915 2288 4967 eis
2317 4913 2483 4986 (Psal.
2506 4933 2652 4984 cxni,
2675 4920 2754 4988 8).
2780 4920 2979 4978 Tamen
3004 4924 3072 4979 de
3099 4926 3226 4995 ipsis
3253 4929 3330 4984 la-

1744 5002 1954 5070 pidibus
1981 5002 2208 5056 reddidit
2234 5003 2373 5058 lilios
2393 5006 2622 5062 Abrahm
2648 5027 2661 5061 :
2691 5011 2851 5065 modo
2873 5028 3061 5068 omnes
3085 5014 3174 5085 qui
3201 5017 3330 5087 lapi-

1743 5094 1839 5146 des
1865 5093 2250 5158 adorabamus,
2283 5099 2527 5152 conversi
2567 5099 2632 5153 ad
2666 5101 2945 5157 Dominum
2978 5104 3068 5160 lilii
3098 5108 3330 5164 Abraha:

1745 5182 1864 5237 iacti
1890 5198 2109 5247 sumus;
2140 5200 2246 5238 non
2277 5185 2522 5242 ducendo
2563 5193 2631 5242 ab
2674 5189 2778 5246 illo
2803 5209 3015 5248 carnem
3037 5238 3052 5262 ,
3084 5197 3178 5252 sed
3211 5200 3329 5254 imi-

1744 5274 1905 5329 tando
1923 5274 2100 5327 iidem.
2120 5274 2384 5346 Principes
2399 5294 2527 5348 ergo
2542 5283 2842 5350 populorum
2862 5299 3196 5342 convenerunt
3215 5308 3327 5344 cum

1742 5366 1852 5420 Deo
1881 5367 2154 5420 Abraham.
2200 5368 2465 5438 Principes
2504 5372 2808 5442 papulorum
2835 5391 2854 5428 :
2888 5375 3136 5434 Gentium
3177 5382 3326 5450 prin~

1740 5460 1910 5528 eipes,
1942 5474 2043 5512 non
2074 5460 2233 5513 unius
2259 5461 2438 5530 populi
2482 5464 2749 5533 principes
2768 5507 2784 5531 ,
2813 5467 2904 5520 sed
2937 5469 3204 5537 principes
3231 5488 3323 5540 po-

1743 5551 1983 5619 pulorum
2010 5553 2244 5607 omnium
2264 5594 2279 5618 ,
2307 5565 2642 5608 convenerunt
2668 5573 2782 5609 cum
2811 5555 2920 5610 Deo
2948 5561 3218 5616 Abraham.

1816 5641 1900 5696 12.
1938 5643 2012 5695 Ex
2047 5642 2175 5711 ipsis
2207 5645 2532 5713 principibus
2568 5659 2684 5701 erat
2723 5658 2777 5702 et
2816 5650 2914 5705 iste
2943 5649 3229 5716 Centurio,
3259 5655 3327 5708 de

1741 5750 1844 5802 quo
1876 5734 2033 5789 modo
2072 5735 2412 5807 Evangelium
2463 5754 2580 5792 cum
2631 5740 2892 5808 legeretur
2919 5743 3161 5800 audistis.
3196 5744 3321 5803 Erat

1811 5849 1821 5877 ⁸
1851 5853 2028 5900 (Anan.
2055 5858 2160 5914 515.,
2182 5853 2444 5903 seetmdum
2470 5856 2749 5907 rharilatcm
2776 5859 2852 5918 pie
2875 5867 3232 5912 conrersantur.
