3968 6324
546 553 694 608 enim
720 544 975 605 Centurio
1018 542 1224 600 habens
1262 539 1523 595 honorem
1561 539 1613 588 et
1651 534 1973 601 potestatem
2004 522 2143 577 inter

551 640 818 702 homines.
844 636 1092 707 princeps
1115 639 1232 687 erat
1252 629 1322 686 de
1340 620 1669 698 principibus
1689 608 2148 707 populorum.“-

554 728 721 787 nienti
747 727 817 784 ad
842 743 902 782 se
924 702 1144 780 Christo
1170 711 1383 777 obviam
1425 714 1573 771 misit
1606 710 1811 766 amicos
1848 719 2011 766 suos,
2038 702 2148 757 imo

554 834 684 876 vere
719 816 1009 873 transimro
1034 811 1251 868 Christo
1288 806 1433 864 misit
1470 803 1707 867 amicos;
1752 806 1809 854 et
1849 792 2057 866 rogavit
2089 798 2151 847 ut

556 914 772 963 curaret
807 917 1033 976 puerum
1058 901 1179 972 eius
1204 898 1295 970 qui
1323 893 1623 969 periculose
1658 884 2028 976 inﬁrmabatur
2051 887 2153 976 :_et

559 1013 682 1053 cum
704 971 869 1053 vellet
890 995 1008 1070 ipse
1030 971 1507 1053 Domiuusivenire,
1526 986 1628 1040 hoc
1645 980 1699 1039 ei
1716 974 2007 1039 mandarit,
2030 971 2152 1028 Non

559 1105 673 1142 sum
701 1088 885 1159 dignus
910 1064 967 1141 at
990 1085 1086 1140 sub
1110 1094 1294 1138 tectum
1322 1094 1488 1135 incum
1514 1077 1691 1140 intres,
1730 1068 1822 1129 sed
1849 1079 2045 1126 tantum
2070 1064 2163 1119 die

561 1176 743 1245 rerbo,
774 1186 820 1235 et
846 1175 1107 1235 sanabitur
1132 1189 1257 1243 puer
1284 1187 1444 1231 mens.
1488 1163 1629 1223 Nam
1666 1173 1715 1226 st
1739 1178 1834 1235 ego
1861 1161 2013 1216 homo
2038 1171 2155 1214 sunt

560 1270 653 1324 sub
684 1279 927 1339 potestate
948 1266 1267 1325 constitutus,
1291 1262 1481 1317 habens
1507 1256 1601 1315 sub
1624 1271 1705 1315 me
1729 1253 1933 1315 milites.
1965 1247 2157 1305 Videte

561 1358 1011 1431 quemadmodum
1035 1356 1206 1414 tenuit
1228 1353 1474 1414 ordinem
1500 1368 1517 1409 :
1543 1350 1693 1424 prius
1714 1339 2159 1403 commemoravit

562 1450 705 1520 quod
730 1450 831 1505 sub
855 1448 963 1506 alio
982 1454 1147 1512 esset,
1169 1455 1226 1501 et
1245 1452 1430 1514 postea
1451 1443 1595 1513 quod
1613 1438 1711 1498 alii
1725 1437 1825 1494 sub
1844 1435 1935 1491 illo
1953 1438 2155 1489 essent.

563 1542 677 1598 Sub
705 1548 967 1612 potestate
988 1553 1132 1604 sum,
1153 1545 1211 1593 et
1236 1536 1290 1592 in
1308 1540 1573 1606 potestate
1596 1542 1746 1591 sum;
1772 1536 1827 1582 et
1852 1525 1955 1580 sub
1979 1522 2159 1592 aliquo

562 1649 709 1702 sum,
737 1642 794 1689 et
814 1647 978 1705 super
1001 1630 1212 1703 aliquos
1234 1642 1375 1682 sum.
1404 1623 1471 1680 Et
1499 1624 1613 1678 dico
1641 1620 1779 1683 huic,
1810 1616 1970 1679 Vade,
2000 1623 2048 1669 et
2072 1628 2159 1667 va-

566 1726 680 1791 dit;
705 1734 755 1782 et
783 1725 909 1788 alii.
945 1719 1105 1789 Veni,
1135 1729 1184 1776 et
1209 1717 1379 1785 venit;
1406 1724 1453 1772 et
1482 1729 1626 1771 servo
1653 1727 1790 1773 meo,
1822 1706 1933 1762 Fac
1959 1708 2083 1769 hoc,
2114 1712 2163 1758 et

570 1816 716 1889 facit.
739 1814 1017 1885 Tanquam
1044 1811 1269 1875 diceret,
1293 1806 1351 1864 Si
1376 1820 1479 1877 ego
1522 1803 1625 1859 sub
1663 1808 1926 1873 petestatc
1964 1792 2166 1851 conati.

571 1886 720 1964 tutus
753 1906 915 1977 iubeo
954 1903 1065 1961 illis
1097 1902 1189 1974 qui
1224 1900 1325 1957 sub
1352 1912 1440 1954 me
1466 1904 1610 1960 sunt,
1643 1904 1699 1949 tu
1725 1891 1813 1964 qui
1843 1889 1945 1971 sub
1969 1886 2166 1942 nullius

572 2007 840 2072 potestate
868 1995 1076 2069 positus
1102 2007 1185 2059 es,
1216 2006 1323 2048 non
1358 1997 1512 2061 potes
1535 1985 1727 2057 jubere
1750 1990 2011 2038 creatum
2037 1987 2163 2041 tum,

575 2068 793 2160 quando
819 2068 1001 2142 munia
1024 2098 1123 2154 per
1151 2091 1203 2137 te
1230 2081 1366 2135 facta
1393 2085 1540 2141 sunt,
1567 2083 1623 2130 et
1647 2073 1764 2129 sine
1787 2080 1842 2126 te
1868 2068 2060 2125 factum
2084 2073 2167 2120 est

576 2181 749 2240 nihil?
773 2177 874 2234 Dic
897 2191 1029 2248 ergo
1050 2175 1196 2230 verbo
1211 2217 1227 2239 ,
1256 2171 1428 2241 inquit
1444 2209 1463 2237 ,
1491 2178 1541 2223 et
1566 2164 1833 2222 sanabitur
1855 2176 1981 2231 puer
2005 2173 2168 2213 meas.

581 2272 721 2329 Nam
748 2281 805 2327 ut
828 2272 882 2326 in
903 2272 1111 2325 domum
1138 2281 1302 2320 meam
1326 2265 1482 2319 intres
1498 2304 1515 2329 ,
1543 2276 1647 2315 non
1669 2273 1785 2313 sum
1806 2255 2011 2326 dignas.
2040 2250 2173 2306 Tre—

580 2366 782 2437 pidavit
806 2361 1081 2420 Christum
1110 2359 1325 2414 mittere
1360 2357 1499 2412 intra
1538 2350 1774 2425 parietes
1797 2360 1954 2410 suos,
1984 2352 2041 2401 et
2062 2341 2175 2414 iam

584 2460 728 2513 intus
754 2465 871 2512 erat
913 2454 967 2509 in
1005 2452 1168 2508 corde
1196 2450 1314 2523 ejus
1343 2466 1357 2503 :
1384 2448 1495 2518 jam
1523 2453 1636 2500 erat
1666 2441 1842 2496 anima
1868 2439 1988 2508 ejus
2016 2432 2179 2492 sedes

587 2548 750 2611 illius,
767 2547 878 2616 jam
906 2543 975 2600 ibi
998 2522 1330 2599 sedebatille
1351 2537 1442 2610 qui
1462 2534 1691 2590 humiles
1713 2527 2035 2599 requirebat.
2051 2522 2179 2581 Con-

586 2614 1019 2704 uersttsfdenique
1042 2630 1296 2695 Christus,
1330 2628 1541 2682 miratus
1569 2633 1663 2688 est,
1695 2630 1743 2676 et
1772 2621 1844 2673 ait
1873 2643 1902 2672 δ,
1992 2614 2183 2669 ratibus

587 2745 643 2783 se
661 2746 682 2785 ε
704 2728 862 2783 Anien
884 2726 999 2780 dico
1022 2724 1180 2788 vobis,
1211 2738 1313 2777 non
1339 2720 1507 2774 inveni
1536 2708 1732 2771 tantum
1760 2712 1913 2781 fidem
1940 2710 1995 2765 in
2020 2706 2185 2763 Israel

589 2817 743 2890 (Luc.
765 2833 858 2881 vn,
880 2816 1018 2888 6-9).
1042 2816 1111 2871 Et
1133 2813 1269 2869 sicut
1296 2811 1435 2866 alius
1458 2807 1783 2878 evangelista
1804 2802 2046 2857 eatndem
2071 2812 2185 2853 rem

596 2889 805 2971 narrat,
833 2908 1076 2978 sequitur
1103 2902 1395 2965 Dominus,
1426 2908 1480 2954 et
1504 2897 1631 2953 dicit
1661 2912 1677 2950 :
1704 2893 1833 2949 Ideo
1873 2893 1989 2946 dico
2025 2889 2184 2953 vobis,

596 3004 716 3068 quia
742 3000 886 3056 stulti
909 2999 972 3053 ab
999 2996 1205 3053 Oriente
1227 3005 1275 3049 et
1297 2991 1570 3048 Occidente
1593 2988 1805 3046 uenient,
1833 2993 1880 3039 et
1902 2980 2189 3037 rerumwa

596 3109 713 3151 cum
739 3091 996 3148 Abraham
1025 3095 1073 3143 et
1100 3085 1251 3141 Isaac
1274 3094 1322 3138 et
1347 3080 1509 3135 Jacob
1534 3080 1587 3133 in
1612 3092 1770 3146 regno
1795 3075 2054 3128 coriorum.
2085 3068 2191 3123 l-te

596 3186 743 3242 enim
766 3182 1029 3241 Centurio
1050 3194 1158 3237 non
1184 3185 1305 3234 erat
1326 3175 1397 3235 de
1423 3173 1619 3248 populo
1646 3168 1827 3225 Israel.
1859 3166 1988 3221 Nam
2017 3165 2069 3217 in
2098 3177 2193 3230 po-

603 3275 727 3345 pulo
755 3274 920 3331 Israel
950 3271 1166 3342 superbi
1196 3265 1528 3339 repellebant
1554 3279 1584 3318 a
1614 3278 1675 3320 se
1703 3261 1871 3316 Deum
1904 3276 1918 3312 :
1950 3258 2001 3309 in
2043 3255 2193 3323 prin-

600 3344 808 3438 t'ipibus
833 3363 1084 3422 Gentium
1116 3362 1367 3425 inventus
1404 3364 1489 3413 est
1528 3352 1744 3409 humilis
1762 3390 1779 3416 ,
1808 3349 1896 3417 qui
1925 3347 1991 3401 ad
2019 3361 2080 3399 se
2109 3344 2195 3399 iu-

603 3435 793 3516 vitaret
824 3456 1016 3512 Deum.
1043 3452 1331 3509 Admirans
1353 3447 1511 3504 Jesus
1541 3442 1700 3501 ﬁdem
1728 3441 1913 3509 ipsius,
1947 3435 2200 3506 reprobat

606 3546 1232 3618 perlldiamJndamrum.
1263 3540 1392 3597 Sani
1417 3539 1561 3595 enim
1589 3535 1689 3591 sibi
1717 3533 2048 3611 videbantur,
2073 3543 2198 3583 cum

608 3638 960 3709 periculosius
981 3641 1325 3707 πατριδι-(ειη.
1345 3627 1563 3703 quando
1585 3622 1850 3681 medicum
1876 3637 1982 3678 non
2000 3632 2201 3688 cogno-

608 3740 826 3786 scentes
846 3726 1181 3785 occidebant.
1207 3722 1343 3781 Cum
1366 3734 1497 3790 ergo
1520 3715 1834 3787 reprobarrt
1867 3721 1924 3767 et
1949 3710 2198 3780 repudia-

612 3833 692 3875 ret
718 3822 931 3877 illorum
959 3816 1287 3888 superbiam,
1312 3811 1438 3882 quid
1467 3808 1578 3864 ait?
1604 3806 1733 3861 Ideo
1756 3805 1895 3859 vobis
1922 3804 2057 3866 dico,
2083 3806 2204 3871 quia

510 3972 513 3973 ν
617 3912 852 3977 υηιιιιαι
878 3907 1088 3967 Oriente
1113 3917 1159 3961 el
1181 3890 1670 3960 0rddenlecaisient
1691 3940 1705 3961 ,
1739 3912 1842 3949 non
1876 3893 2206 3963 pertinentes

616 4006 681 4059 ad
723 4002 1096 4074 cognationem
1128 3996 1288 4054 Israel
1321 4011 1335 4047 :
1364 3993 1575 4048 venient
1623 3989 1774 4042 multi
1814 3987 2007 4055 quibus
2047 3982 2204 4048 dixit,

617 4088 1041 4166 (inumbrata,
1070 4089 1300 4162 plaudite
1344 4083 1617 4145 inanibus;
1664 4090 1710 4134 et
1757 4080 2042 4133 recumbeut
2092 4089 2209 4127 cum

617 4172 873 4241 Abraham
897 4186 950 4238 in
975 4197 1132 4254 regna
1158 4178 1421 4234 calorum.
1445 4173 1561 4228 Non
1586 4171 1709 4226 illos
1732 4168 1914 4238 genuit
1930 4181 2091 4221 carne
2109 4179 2208 4219 sua

619 4278 920 4338 Abraham;
952 4283 1007 4327 et
1037 4270 1313 4325 venientes
1342 4264 1655 4321 recumbent
1691 4275 1815 4316 cum
1843 4258 1933 4313 illo
1962 4258 2015 4310 in
2044 4270 2210 4324 regno

618 4372 906 4431 caelorum,
935 4376 990 4421 et
1013 4363 1104 4418 lilii
1137 4360 1302 4432 ipsius
1326 4366 1502 4413 erunt.
1530 4356 1705 4423 Quare
1735 4352 1824 4407 ﬁlii
1856 4349 2063 4419 ipsius?
2091 4347 2210 4401 Non

622 4460 735 4517 uati
761 4460 831 4518 de
853 4472 1037 4516 carne,
1066 4454 1159 4507 sed
1185 4447 1462 4520 sequendo
1492 4447 1647 4501 Iidem
1677 4444 1863 4513 ipsius.
1895 4439 2017 4493 Filii
2044 4448 2212 4490 autem

622 4553 802 4623 regni,
835 4548 884 4604 id
916 4558 998 4604 est
1023 4545 1222 4605 Judzei,
1252 4545 1391 4597 ibunt
1431 4541 1481 4593 in
1523 4538 1748 4592 tem-bras
1773 4534 2039 4589 exteriores
2072 4547 2084 4559 ·
2111 4532 2215 4583 illic

624 4649 717 4701 erit
758 4645 976 4719 ploratio
1015 4651 1064 4695 et
1105 4638 1292 4694 stridor
1320 4636 1542 4689 dentium
1577 4630 1788 4698 (Matth.
1818 4643 1904 4680 rm
1927 4668 1941 4687 ,
1972 4627 2026 4678 il
2060 4670 2070 4686 ,
2107 4623 2211 4681 t2).

631 4734 1034 4790 Itamuabuntur
1059 4730 1112 4785 in
1144 4727 1395 4782 tenebras
1418 4721 1718 4778 exteriores
1746 4717 1835 4784 qui
1867 4716 1972 4770 nati
2000 4725 2123 4767 sunt
2150 4714 2219 4767 de

627 4841 792 4884 carne
818 4826 1045 4880 Abrahm
1064 4865 1079 4887 ,
1108 4832 1164 4875 et
1190 4817 1503 4874 recumbent
1528 4829 1648 4867 cum
1675 4827 1741 4865 en
1767 4811 1819 4863 in
1852 4824 2014 4877 I't’gliti
2050 4807 2218 4862 emin-

633 4937 750 4973 rum
771 4918 861 4985 qui
882 4913 1069 4970 imitati
1092 4919 1217 4965 sunt
1238 4908 1394 4961 (idem
1417 4902 1661 4959 Abrahae.
1685 4900 1873 4953 Merito
1891 4913 2019 4968 ergo
2037 4907 2091 4949 et
2113 4896 2216 4959 hic,

635 5010 900 5075 Principes
923 5005 1227 5075 populorum
1254 5004 1588 5053 coitvvnerunl
1616 5010 1728 5046 cum
1758 4990 1862 5043 Deo
1885 4989 2162 5043 Abraham.

712 5106 793 5160 I3.
830 5102 898 5157 Et
922 5101 1047 5169 quid
1074 5099 1147 5153 illi
1173 5097 1258 5165 qui
1284 5091 1613 5161 pertinebant
1641 5089 1703 5141 ad
1729 5089 1891 5141 Deum
1918 5084 2223 5139 Abraham?

639 5199 891 5265 Quoniam
922 5194 992 5247 dii
1023 5194 1176 5263 fortes
1204 5199 1351 5243 terra!
1378 5186 1525 5239 valde
1564 5183 1740 5237 elevati
1778 5189 1916 5232 sunt.
1946 5177 2045 5244 Qui
2073 5184 2227 5231 erant

637 5287 733 5350 dii,
763 5286 988 5354 tinnulas
1013 5282 1101 5337 ille
1129 5277 1243 5339 Dei,
1269 5276 1394 5331 vitis
1420 5276 1506 5329 illa
1536 5272 1646 5332 Dei,
1676 5271 1744 5323 de
1764 5286 1865 5338 qua
1892 5267 2105 5330 dicitur,
2127 5265 2230 5320 Ju-

638 5381 803 5434 dicate
826 5376 957 5431 inter
980 5389 1060 5427 me
1082 5380 1129 5425 et
1156 5369 1287 5422 inter
1308 5367 1503 5422 vineam
1528 5378 1692 5416 meam
1721 5358 1872 5429 (lsai.
1895 5374 1949 5422 ν,
1975 5355 2050 5428 3),
2080 5358 2229 5412 ibunt

640 5472 693 5524 in
723 5465 973 5522 tenebras
994 5459 1308 5520 exteriores,
1338 5471 1445 5510 non
1473 5451 1790 5509 recumbent
1813 5465 1936 5503 cum
1960 5447 2228 5502 Abraham

640 5572 698 5616 et
723 5561 869 5616 isaac
891 5565 944 5611 et
964 5552 1147 5619 Jacob,
1178 5566 1283 5607 non
1306 5547 1633 5605 conveniunt
1659 5558 1783 5599 rum
1804 5542 1915 5598 Deo
1937 5540 2227 5595 Abraham.

642 5649 853 5717 Quare?
885 5646 1139 5712 Quoniam
1162 5642 1237 5696 dii
1258 5643 1413 5713 fortes
1443 5648 1607 5691 terra.
1638 5635 1713 5687 illi
1742 5632 1831 5703 qui
1858 5641 2008 5687 erant
2029 5630 2101 5684 dii
2126 5631 2230 5683 lor-

644 5754 728 5799 tes
766 5750 959 5798 terrm.
1000 5727 1493 5803 prtesumentesne
1534 5735 1694 5779 terra.
1731 5724 1803 5777 De
1830 5737 1931 5791 qua
1961 5720 2141 5775 terra?
2165 5719 2233 5772 de

640 5833 835 5898 seipsis
864 5845 875 5883 :
904 5828 1022 5892 quia
1051 5820 1223 5880 omnis
1255 5821 1414 5875 homo
1438 5827 1597 5871 terra.
1622 5814 1835 5869 liosuiui
1862 5816 2004 5867 enim
2032 5812 2230 5865 tltt'lttttl

1759 413 1818 473 S.
1857 403 2225 471 ΑυσυετιΝι
2265 403 2571 462 EPISCOPI

3727 410 3836 470 532

2249 524 2335 574 est
2364 533 2382 572 :
2410 515 2572 571 Terra
2598 532 2682 583 es,
2712 525 2761 572 et
2785 515 2841 573 in
2868 526 3053 574 terram
3080 519 3174 575 ibis
3200 518 3353 591 (Gen.
3394 535 3482 588 In,
3525 521 3637 592 l9).
3667 524 3839 583 Debet

2250 615 2430 661 autem
2457 604 2621 662 homo
2642 606 2713 664 de
2743 607 2852 662 Deo
2879 623 3236 677 praesumere,
3263 618 3319 667 et
3346 611 3471 669 inde
3495 627 3715 683 sperare
3736 624 3839 672 au-

2252 695 2459 760 xilium,
2484 710 2591 751 non
2616 692 2686 751 de
2707 711 2789 753 se.
2812 696 2927 752 Non
2951 698 3094 753 enim
3118 707 3265 756 terra
3282 698 3419 773 pluit
3435 700 3555 769 sibi,
3579 713 3674 760 aut
3698 705 3841 763 lucet

2252 784 2356 842 sibi
2379 801 2395 839 :
2415 786 2685 869 quomodo
2701 796 2879 845 autem
2901 797 3042 846 terra
3065 790 3134 847 de
3153 792 3292 850 calo
3315 806 3588 866 exspectat
3608 796 3841 867 pluviam

2253 881 2310 931 et
2336 873 2507 930 lucem
2525 911 2543 944 ,
2568 878 2648 931 sic
2676 875 2839 933 homo
2860 877 2933 934 de
2958 878 3070 935 Deo
3101 878 3261 937 debet
3281 892 3599 954 exspectare
3624 887 3844 943 miseri-

2255 966 2494 1021 cordiam
2521 977 2581 1023 et
2606 968 2907 1025 veritatem.
2935 968 3015 1025 illi
3050 987 3179 1042 ergo
3209 972 3285 1028 dii
3325 978 3479 1047 {artes
3514 987 3665 1032 tm
3695 979 3845 1035 valde

2255 1057 2435 1113 eleoati
2458 1068 2596 1126 sunt,
2627 1059 2678 1113 id
2700 1068 2802 1127 est,
2831 1060 2986 1117 valde
3011 1062 3387 1133 superbierunt
3415 1083 3431 1119 :
3462 1082 3568 1123 non
3594 1068 3699 1124 sibi
3726 1085 3845 1127 me-

2257 1148 2441 1203 dicum
2468 1151 2830 1207 necessarium
2862 1160 3215 1221 putaverunt,
3246 1166 3302 1212 et
3340 1156 3463 1215 ideo
3487 1160 3540 1215 in
3564 1174 3660 1216 sua
3686 1167 3844 1233 1‘ng-

2261 1238 2446 1294 tudine
2473 1252 2879 1308 remanserunt,
2909 1252 2966 1299 et
2998 1245 3115 1313 ipsa
3151 1248 3467 1317 aegritudine
3509 1236 3577 1307 ad
3619 1266 3849 1311 mortem

2262 1328 2504 1398 perducti
2522 1341 2667 1387 sunt.
2692 1332 2908 1389 Prmcisi
2931 1344 3054 1391 sunt
3079 1339 3214 1392 rami
3235 1340 3525 1407 naturales,
3550 1354 3607 1398 ut
3635 1343 3849 1403 humilis

2263 1417 2590 1477 itisereretur
2608 1421 2843 1479 oleaster
2869 1424 3047 1494 (Rom.
3069 1442 3122 1481 at
3137 1468 3151 1488 ,
3185 1428 3297 1499 i7).
3323 1428 3574 1499 Quoniam
3596 1434 3672 1490 dii
3694 1435 3851 1505 fortes

2262 1517 2410 1564 terra
2432 1511 2581 1566 ualde
2604 1512 2783 1568 διεναιί
2807 1525 2947 1569 sunt.
2975 1514 3279 1573 Teneamus
3305 1534 3467 1590 ergo,
3501 1521 3723 1589 fratres.
3755 1526 3853 1581 hu-

2265 1599 2565 1665 militatem.
2590 1602 2903 1661 cbaritatem
2923 1643 2942 1671 ,
2966 1606 3254 1676 pietatem;
3279 1613 3403 1682 quia
3429 1616 3600 1670 vocati
3621 1616 3639 1649 ¹
3670 1632 3855 1677 sumus

2266 1692 2371 1837 illis
2414 1692 2746 1779 reprobatis,
2792 1696 2875 1752 vel
2923 1696 3137 1756 illorum
3176 1705 3432 1775 exemplo
3468 1706 3751 1779 superbire
3786 1714 3855 1771 ti-

2323 1798 2528 1837 αωηυω.

2323 1798 2528 1840 «unus.

2265 1911 3860 1958 ---—-—-.---—-———-—-—-——_.__._..._.

2663 1950 2748 2054 ω
2787 1993 3171 2058 PSALMUM
3212 1989 3443 2066 XLVII

2854 2113 3131 2171 ENARRA
3140 2115 3273 2173 ΠΟ.

2804 2243 2980 2287 ειικο
3015 2247 3084 2287 Δυ
3119 2248 3346 2290 Ριεεεκ.

2349 2375 2403 2429 l.
2443 2369 2598 2447 [rem
2643 2368 2722 2442 1.]
2762 2367 2973 2425 Titulus
2998 2365 3196 2424 Psalmi
3220 2374 3323 2432 est,
3350 2364 3491 2421 Liras
3515 2366 3711 2422 Cantici
3747 2370 3874 2437 ﬁliis

2277 2464 2426 2533 Core,
2456 2460 2682 2518 secanda
2705 2459 2920 2515 sabbati.
2950 2458 3028 2513 De
3061 2457 3165 2513 hoc
3200 2456 3343 2527 quod
3374 2456 3629 2511 Domiims
3666 2457 3877 2515 donare

2282 2559 2551 2628 dignatur,
2579 2553 2809 2624 excipite
2840 2562 3090 2623 tanquam
3123 2549 3214 2605 lilii
3257 2550 3596 2605 ﬁrmamenti.
3623 2548 3881 2607 Secunda

2281 2652 2423 2706 enim
2448 2646 2677 2711 sabbati,
2700 2645 2753 2701 id
2780 2654 2881 2712 est,
2909 2655 3032 2715 post
3058 2642 3199 2698 diem
3231 2643 3480 2712 primunt,
3509 2659 3668 2713 quem
3688 2643 3878 2699 nanti-

2284 2742 2460 2795 nit-um
2490 2738 2740 2804 dicimus,
2770 2751 2892 2808 qua:
2914 2736 3075 2791 etiam
3116 2733 3349 2788 secunda
3389 2733 3517 2786 feria
3545 2732 3760 2798 dicitur,
3797 2732 3879 2786 la-

2285 2844 2433 2888 ctum
2462 2840 2547 2887 est
2573 2829 2964 2885 ﬁrmamentum
3009 2825 3156 2890 ereti,
3189 2826 3297 2880 imo
3342 2826 3731 2881 ﬁrmamentum
3761 2842 3882 2880 εωο

2286 2928 2414 2980 Ιιιιιι.
2444 2924 2650 2979 Casium
2671 2922 2815 2977 enim
2845 2920 3051 2975 νοειινίι
3073 2921 3215 2974 Deus
3236 2917 3629 2973 ﬁrmamentum
3658 2915 3815 2987 (Ceu.
3842 2934 3883 2979 ι,

2286 3019 2423 3089 5-8).
2455 3016 2637 3072 Primo
2673 3023 2852 3071 autem
2886 3013 2975 3069 die
3006 3014 3177 3068 lucem
3210 3010 3427 3074 iecerat,
3470 3020 3529 3066 et
3566 3026 3595 3065 a
3644 3011 3887 3066 tenebris

2288 3110 2573 3173 diviserat;
2599 3115 2655 3164 et
2682 3115 2966 3161 vocaverat
2996 3103 3192 3168 lucem,
3221 3102 3388 3167 diem,
3414 3113 3470 3157 et
3497 3102 3766 3164 tenebras,
3789 3118 3883 3156 ιιι»-

2288 3211 2452 3258 clem.
2678 3206 2858 3253 autem
2905 3196 3105 3250 iudicat
3153 3193 3344 3264 psalmi
3389 3192 3548 3260 hujus
3586 3195 3892 3259 conluuie,

2290 3283 2689 3362 aliquld'etiam
2732 3289 3053 3359 przeioeutus
3081 3293 3166 3340 est
3194 3284 3335 3339 Deus
3359 3285 3412 3340 in
3442 3283 3537 3339 illo
3570 3299 3734 3356 opere
3761 3299 3893 3350 stu»,

2290 3380 2435 3454 quod
2458 3378 2820 3449 compleretur
2842 3378 2894 3433 in
2921 3376 3075 3431 uoltis
3096 3377 3117 3409 ³
3137 3392 3153 3431 :
3173 3383 3229 3430 et
3246 3374 3537 3431 secttndum
3559 3372 3717 3445 hujus
3736 3389 3896 3429 crea-

2297 3484 2431 3529 ωτι
2457 3470 2824 3528 conditionem
2869 3466 3064 3522 stecula
3110 3473 3483 3521 cucurrerunt.
3532 3465 3648 3520 Non
3692 3464 3896 3519 l‘mstn

2295 3565 2440 3621 enim
2491 3560 2750 3618 Dominus
2784 3560 2860 3616 ait
2886 3558 2955 3614 de
2984 3558 3188 3629 Moyse,
3215 3555 3295 3612 De
3319 3575 3397 3612 me
3418 3557 3552 3613 enim
3575 3556 3664 3613 ille
3689 3559 3899 3628 scripsit

2300 3654 2481 3723 (Joau.
2511 3668 2565 3717 v,
2595 3651 2720 3721 t6):
2746 3650 2848 3706 nisi
2878 3649 3001 3719 quia
3022 3650 3201 3703 omnia
3217 3664 3336 3720 qum
3350 3649 3547 3719 scripta
3563 3657 3712 3712 sunt,
3732 3650 3901 3704 etiam

2303 3757 2428 3799 cum
2459 3742 2602 3797 Deus
2638 3740 2895 3797 conderet
2927 3748 3225 3796 creaturam
3246 3784 3260 3805 ,
3296 3755 3517 3809 possunt
3558 3744 3903 3814 interpretari

2305 3833 2374 3889 ad
2400 3832 2843 3904 signiﬁcationem
2874 3829 3211 3911 futurorum;
3245 3842 3301 3886 ut
3329 3832 3589 3903 intelligas
3621 3835 3794 3891 Deum
3828 3839 3905 3893 {ev

2307 3925 2447 3980 cisse
2471 3923 2665 3987 lucem,
2688 3937 2812 3977 cum
2832 3920 3073 3977 Christus
3098 3936 3128 3975 a
3156 3920 3383 3977 mortuis
3410 3912 3720 3980 resurrexit.
3754 3927 3904 3985 Tunc

2308 4016 2453 4069 enim
2482 4028 2665 4068 revera
2697 4012 2782 4065 illa
2811 4011 2899 4064 lux
2927 4011 3095 4066 divisa
3118 4020 3203 4065 est
3228 4027 3257 4065 ιι
3287 4012 3538 4079 tenebris,
3561 4016 3779 4084 quando
3806 4019 3902 4072 im-

2312 4105 2609 4181 mortalitas
2636 4120 2666 4158 a
2691 4103 3016 4157 mortalitate
3037 4102 3262 4157 discreta
3292 4114 3393 4159 est.
3416 4106 3550 4172 Quid
3572 4122 3702 4177 ergo
3721 4112 3898 4179 sequi.

2314 4196 2551 4265 turpnisi
2584 4205 2642 4249 ut
2664 4194 2822 4263 capiti
2842 4195 3002 4249 etiam
3022 4207 3218 4263 Corpus
3244 4193 3416 4259 ﬁeret,
3446 4195 3587 4265 quod
3615 4207 3700 4252 est
3722 4200 3904 4254 Eccleo

2314 4288 2434 4342 sia?
2471 4285 2707 4353 Denique
2734 4293 2817 4339 est
2847 4284 3005 4339 etiam
3033 4285 3268 4353 psalmus
3291 4284 3359 4339 de
3384 4286 3569 4356 prima.
3587 4287 3827 4355 sabbati,
3855 4292 3904 4345 in

2315 4394 2422 4447 quo
2464 4372 2802 4447 apertissime
2844 4374 3166 4429 resurrectio
3206 4374 3415 4430 Domini
3456 4374 3805 4434 declaratur:
3838 4383 3909 4439 ibi

2318 4474 2461 4527 enim
2484 4470 2677 4523 dicitur
2697 4510 2710 4526 .
2742 4466 2932 4522 Tollite
2959 4467 3408 4538 portas,priacipes
3433 4470 3580 4523 vestri
3600 4470 3640 4530 ³.
3668 4481 3721 4525 et
3749 4476 3912 4528 elem-

2320 4563 2633 4631 mini,portte
2663 4561 2962 4623 mternalcs,
3010 4566 3057 4611 et
3102 4557 3325 4611 introibit
3368 4558 3478 4613 Rea:
3517 4561 3695 4630 gloria'
3739 4563 3911 4629 (Psal.

2323 4668 2484 4717 xxm,
2513 4652 2582 4713 7,
2623 4649 2704 4719 9).
2747 4646 2884 4714 Quid
2932 4646 3235 4701 evidentius
3273 4662 3430 4718 quant
3475 4647 3744 4705 Chri~tum
3792 4668 3914 4709 esse

2323 4743 2521 4811 Regem
2552 4736 2773 4809 glorim?
2796 4736 2866 4792 de
2903 4751 3010 4805 quo
3052 4735 3250 4791 dictum
3288 4746 3412 4793 est:
3444 4740 3511 4794 Si
3542 4743 3914 4809 cognovissent.

2325 4848 2583 4901 nunquam
2612 4828 2890 4883 Dominum
2916 4825 3093 4896 glorias
3115 4827 3480 4895 crucifixissent
3508 4831 3527 4900 (
3543 4829 3557 4882 Ι
3584 4830 3704 4886 Car.
3738 4848 3773 4887 ιι
3790 4875 3806 4898 ,
3836 4836 3916 4897 8).

2325 4924 2623 4979 Secundam
2652 4935 2781 4990 ergo
2809 4917 3016 4973 sabbati
3048 4931 3154 4971 non
3178 4916 3438 4975 debemus
3477 4919 3778 4992 intelligere
3816 4926 3918 4981 nisi

2328 5015 2619 5074 Ecrlesiam
2649 5010 2846 5067 Christi
2880 5028 2893 5063 :
2921 5008 3017 5065 sed
3056 5008 3351 5064 Ecclesium
3382 5009 3577 5066 Christi
3609 5013 3661 5067 in
3691 5018 3918 5078 eunetis.

2331 5108 2624 5163 Ecclesium
2649 5102 2846 5160 Christi
2874 5104 2927 5158 in
2959 5102 3040 5157 his
3063 5103 3153 5171 qui
3178 5103 3361 5173 scripti
3387 5115 3508 5159 sunt
3536 5105 3588 5161 in
3615 5108 3788 5174 celo,
3819 5111 3923 5167 Ec~

2330 5202 2546 5258 clesiam
2569 5196 2765 5255 Christi
2803 5196 2858 5251 in
2899 5196 2981 5251 bis
3006 5196 3097 5265 qui
3125 5194 3307 5250 mundi
3342 5195 3500 5266 hujus
3541 5201 3923 5259 tentationibus

2332 5309 2441 5349 non
2464 5291 2682 5348 cedunt.
2705 5288 2810 5359 ipsi
2839 5288 2980 5343 enim
3008 5286 3153 5358 digni
3179 5293 3303 5341 sunt
3331 5288 3545 5343 nomine
3574 5287 3922 5349 ﬁrmamenti.

2399 5447 2417 5479 ‘
2443 5441 2667 5518 μοιιιιιέηε
2682 5440 2836 5518 “‘9':
2849 5437 3218 5518 9.559993%.
3230 5436 3331 5518 1’5"
3371 5436 3557 5518 Ρθ¹⁸¹⁶9
3749 5446 3910 5493 mm"

2335 5481 2792 5576 νιεςῶᾞῦιεῖ
2798 5481 3221 5576 ξεῖΞῶ
3373 5481 3434 5548 ῧῐ
3442 5481 3553 5562 iis?
3572 5481 3927 5566 ἑᾶῖῧῖκπτὲἱ

2337 5558 2562 5625 'verbu'm,
2584 5558 2855 5625 timeamus,
2878 5558 3088 5625 additur,
3110 5558 3345 5625 admoturi

2339 5631 2422 5741 di;
2444 5620 2917 5739 complerant
2937 5622 2989 5673 in
3011 5620 3145 5671 nobis
3158 5620 3265 5670 crati
3282 5620 3477 5686 gaudio.
3496 5620 3661 5679 Abest,
3677 5636 3792 5673 cum
3808 5638 3926 5685 get:-

2374 5689 2437 5746 io,
2458 5704 2485 5739 a
2509 5680 2614 5738 Mss.
2705 5680 2716 5688 ’
3259 5680 3301 5746 λ’
3572 5741 3584 5746 _
3808 5680 3816 5685 ’

2405 5741 2582 5807 iraa,
2602 5746 2843 5811 principes
2867 5752 3064 5795 vestras.
3089 5743 3309 5811 nonnulli
3344 5752 3469 5805 ius,
3504 5741 3743 5810 principis
3768 5755 3887 5801 ωας

2340 5812 2544 5864 tzonsule
2570 5807 2727 5860 tinarr.
2758 5810 2805 5858 in
2832 5809 2988 5870 ipsum
3007 5808 3124 5857 l'sal.
3146 5807 3222 5855 τῶ.
