3968 6386
145 454 237 513 533

144 563 262 619 Enen
287 561 504 617 Ecclesia
529 563 724 618 Christi
752 561 804 617 in
832 561 916 618 ltis
942 561 1032 632 qui
1063 561 1198 615 llrmi
1224 571 1371 629 sunt,
1399 557 1466 614 de
1490 559 1681 631 quibus

143 655 250 709 dicit
272 654 539 732 Apostolus
558 695 574 719 ,
606 652 856 710 Debemus
891 664 1059 708 autem
1089 669 1179 707 nos
1209 654 1344 721 ﬁrmi
1370 651 1687 720 inﬁrmitates

141 746 420 814 inﬁmorum
457 744 703 801 sustinere
743 741 917 814 (Rom.
946 758 1040 810 xv,
1072 742 1159 813 l).
1188 742 1449 812 appellata
1487 751 1570 796 est
1599 741 1690 795 lir-

143 844 452 889 niautentum.
497 835 572 889 De
613 836 715 889 hoc
751 843 996 889 cantatur
1022 832 1074 888 in
1106 831 1316 888 Psalmo
1345 847 1358 884 :
1387 831 1687 897 audiamus,

136 939 485 995 agnoscamus,
514 924 811 989 sociemur,
838 923 1148 994 gloriemur,
1181 935 1484 991 regnemns.
1526 919 1688 974 Nam-

138 1031 229 1084 que
262 1030 363 1068 eam
399 1014 560 1068 etiam
599 1015 990 1068 lirtnatnentum
1019 1011 1324 1082 apostolicis
1354 1010 1569 1064 Litteris
1598 1023 1692 1077 ap—

139 1108 356 1177 pellatam
383 1107 530 1171 audi,
557 1115 611 1161 et
636 1122 866 1176 agnosce
889 1122 904 1159 :
934 1105 1060 1170 Quae
1084 1113 1186 1170 est,
1227 1104 1428 1173 inquit,
1463 1099 1692 1155 Ecclesia

137 1191 224 1251 Dei
243 1196 356 1261 viai,
385 1196 621 1251 columna
648 1205 698 1251 et
725 1198 1099 1266 ﬁrmamentum
1124 1195 1345 1247 veritatis
1371 1191 1421 1263 (l
1446 1189 1582 1246 Tim.
1610 1205 1690 1256 ut,

135 1269 248 1357 45).'
264 1287 328 1344 De
353 1286 454 1343 hoc
480 1286 815 1343 firmamento
838 1295 1083 1342 cantatur
1103 1284 1226 1340 filiis
1245 1284 1406 1348 Core,
1435 1297 1573 1353 quos
1593 1296 1690 1336 no-

133 1377 222 1433 stis
248 1393 354 1433 esse
380 1377 514 1432 illius
542 1377 721 1447 sponsi
755 1376 994 1432 cruciﬁxi
1022 1376 1075 1430 in
1101 1374 1357 1432 Calvariaa
1387 1374 1524 1429 loco.
1550 1373 1692 1428 Cone

132 1483 339 1539 namque
360 1465 639 1525 Calvitium
667 1469 1060 1540 interpretatur.
1077 1467 1330 1538 Sequitur
1355 1467 1406 1520 in
1431 1463 1536 1522 hoc
1546 1465 1690 1537 psal-

131 1573 233 1621 mo,
260 1557 339 1630 qui
365 1559 706 1625 inscribitur,
733 1558 956 1613 secunda
977 1557 1194 1612 sabbati.
1609 1629 1616 1638 '

194 1649 244 1703 9..
267 1649 405 1724 [νινε.
428 1647 510 1723 2.]
543 1647 768 1722 Magnus
835 1650 1084 1705 Dominus
1104 1692 1120 1714 ,
1148 1659 1198 1705 et
1221 1648 1492 1705 laudabilis
1517 1647 1688 1704 ualde.

132 1739 259 1796 Ecce
294 1753 504 1814 magnuq
520 1738 802 1805 Dominus,
835 1751 881 1795 et
902 1739 1172 1794 laudabilis
1197 1740 1341 1794 ualde
1363 1755 1382 1793 :
1407 1737 1504 1794 sed
1531 1753 1691 1792 num-

131 1830 246 1903 quid
272 1831 502 1887 inlldeles
527 1831 745 1887 laudant
775 1832 1093 1887 Dominum?
1124 1831 1384 1900 Numquid
1411 1831 1575 1886 etiam
1601 1828 1693 1898 qui

130 1925 335 1980 credunt
349 1930 403 1979 et
429 1924 570 1980 male
588 1923 772 1980 vivunt
798 1924 1014 1979 laudant
1032 1925 1334 1984 Dominum,
1359 1938 1456 1992 per
1473 1936 1609 1992 quos
1634 1921 1694 1976 fit

132 2023 182 2069 ut
217 2031 400 2071 nomen
438 2014 529 2070 Dei
570 2013 973 2084 biasphemetur
1010 2014 1064 2068 in
1103 2013 1399 2070 Gentibus?
1436 2010 1694 2083 numquid

131 2106 330 2162 laudant
348 2106 626 2161 Dominum
655 2104 823 2169 (Rom.
855 2122 910 2172 ιι,
928 2104 1059 2174 ﬁt)?
1082 2105 1164 2160 An
1183 2121 1312 2159 vero
1332 2105 1378 2158 si
1399 2104 1560 2159 etiam
1583 2103 1697 2158 lau—

128 2194 267 2258 dent,
293 2203 600 2266 sceeptatur
628 2191 744 2249 laus
769 2209 978 2258 eorum,
1007 2209 1126 2249 cum
1155 2196 1410 2264 scriptum
1438 2195 1544 2250 sit:
1573 2191 1694 2248 Non

127 2294 194 2339 est
229 2283 454 2356 speciosa
500 2283 613 2338 laus
650 2285 703 2338 in
742 2299 830 2338 ore
881 2285 1154 2353 peccatoris
1199 2281 1398 2353 (Eccli.
1448 2299 1554 2350 xv,
1587 2282 1696 2352 9')?

128 2377 304 2432 Dixisti
333 2391 460 2448 ergo
482 2419 500 2444 ,
539 2375 763 2446 Magnus
803 2375 1051 2430 Dominus
1070 2418 1084 2439 ,
1126 2387 1172 2430 et
1202 2377 1475 2430 laudabilis
1502 2377 1647 2430 ualde
1676 2391 1696 2430 :

125 2469 211 2524 sed
236 2468 322 2524 hic
346 2469 453 2524 ubi.
477 2467 549 2523 In
568 2469 768 2523 civitate
795 2468 891 2521 Dei
913 2469 1090 2532 nostri,
1111 2469 1162 2522 in
1184 2477 1350 2523 monte
1370 2478 1548 2522 sancto
1564 2468 1696 2539 ejus.

128 2561 196 2613 De
223 2558 323 2614 hoc
349 2558 473 2615 alibi
500 2557 691 2614 dicitur
719 2576 735 2612 :
775 2558 899 2624 Quis
926 2559 1158 2612 ascendet
1188 2560 1241 2612 in
1269 2568 1488 2611 montem
1520 2557 1700 2612 Domi-

124 2653 209 2705 m'.’
242 2650 492 2707 Innocens
521 2650 754 2705 manibus
783 2662 831 2705 et
855 2650 1044 2705 mundo
1069 2649 1222 2705 corde
1248 2650 1417 2720 (Psal.
1443 2666 1571 2705 mn
1593 2693 1607 2716 ,
1629 2651 1694 2714 3,

126 2745 204 2814 ι).
238 2743 294 2800 In
333 2740 414 2797 Itis
440 2759 655 2814 magnus
682 2740 962 2810 Dominus,
998 2752 1045 2797 et
1071 2743 1345 2797 laudabilis
1372 2742 1520 2797 ualde
1548 2758 1566 2796 :
1599 2743 1700 2798 hoc

114 2842 224 2898 est,
253 2834 308 2890 in
332 2833 529 2887 civitate
556 2831 649 2887 Dei
688 2832 880 2900 nostri,
908 2835 963 2886 in
999 2843 1168 2887 monte
1193 2843 1369 2886 sancto
1415 2834 1541 2904 ejus.
1571 2833 1699 2887 H:ec

113 2935 196 2980 est
220 2924 408 2979 civitas
437 2923 489 2977 in
517 2933 698 2979 monte
719 2924 910 2993 posita,
931 2939 1052 2994 quze
1072 2923 1323 2980 abscondi
1352 2938 1456 2976 non
1486 2933 1695 2992 potest:

115 3015 234 3071 haec
257 3024 342 3070 est
365 3014 582 3070 lucerna
616 3029 735 3085 quze
759 3013 862 3068 sub
885 3013 1065 3068 modio
1094 3030 1199 3068 non
1225 3014 1555 3078 occultatur,
1579 3028 1696 3066 out-

115 3106 276 3160 nibus
318 3113 476 3171 nota,
522 3105 769 3159 omnibus
809 3103 1077 3158 diﬂ‘amata
1115 3104 1324 3174 (Matth.
1366 3121 1419 3167 v,
1451 3105 1550 3166 Μ,
1586 3106 1695 3172 15).

115 3196 237 3253 Non
267 3206 443 3251 autem
471 3197 702 3250 universi
731 3197 876 3250 cives
900 3195 1014 3264 ejus
1036 3206 1176 3261 sunt,
1208 3197 1301 3251 sed
1331 3197 1402 3251 illi
1431 3198 1482 3249 in
1510 3197 1700 3266 quibus

110 3303 337 3359 magnus
356 3285 624 3350 Dominus,
651 3295 698 3340 et
717 3286 985 3340 laudabilis
1011 3287 1174 3340 valde.
1194 3286 1325 3353 Qua:
1344 3300 1425 3341 est
1449 3301 1577 3355 ergo
1599 3288 1698 3341 ista

107 3378 330 3443 civitas,
362 3376 669 3435 videamus.
706 3391 774 3434 ne
800 3377 933 3430 l'orte
956 3377 1080 3446 quia
1107 3376 1305 3430 dictum
1337 3388 1448 3438 εει,
1476 3374 1540 3428 1η
1571 3376 1698 3429 civi-

107 3479 213 3522 tate
243 3465 346 3521 Dei
377 3466 567 3532 nostri,
589 3468 642 3519 in
679 3476 848 3519 monte
869 3477 1043 3520 sancto
1069 3471 1197 3534 ejus,
1223 3466 1512 3520 debeamus
1548 3483 1696 3535 qum-

110 3574 234 3613 rere
281 3558 446 3612 istum
488 3568 761 3621 montem,
803 3555 895 3611 ubi
937 3557 1097 3611 etiam
1128 3557 1368 3612 exaudiri
1411 3561 1697 3627 possimus.

107 3649 228 3706 Non
266 3649 413 3702 enim
454 3647 646 3702 frustra
689 3648 883 3702 dicitur
909 3647 961 3702 in
1002 3647 1107 3702 alio
1143 3649 1388 3718 psalmo:
1432 3648 1563 3705 Voce
1591 3668 1700 3705 mea

102 3746 178 3797 ad
206 3741 498 3797 Dominum
520 3741 762 3806 clamavi,
791 3750 838 3794 et
862 3740 1114 3794 exaudivit
1143 3756 1222 3794 me
1246 3742 1310 3794 de
1338 3751 1504 3796 monte
1525 3755 1702 3799 sancto

98 3851 198 3890 suo
231 3833 412 3904 (Psal.
436 3848 521 3896 ιιι,
551 3831 630 3905 5).
657 3832 872 3902 Adiuvit
898 3839 1025 3904 ergo
1062 3841 1113 3887 te
1140 3848 1294 3888 mons
1319 3833 1421 3888 iste
1455 3845 1512 3889 ut
1535 3850 1699 3890 exau-

97 3926 327 3982 direris.
345 3924 479 3979 Nam
500 3925 542 3979 si
562 3926 614 3979 in
631 3940 752 3979 eum
775 3940 880 3980 non
897 3924 1236 3989 ascenderes,
1251 3925 1382 3980 infra
1402 3927 1582 3996 iacens
1595 3930 1702 3982 cla-

98 4032 513 4088 mare-posses,
543 4015 636 4071 sed
665 4016 904 4071 exaudiri
936 4030 1041 4070 non
1069 4029 1276 4086 posses.
1303 4017 1434 4083 Quis
1463 4028 1545 4072 est
1573 4034 1703 4090 ergo

99 4112 205 4164 iste
233 4123 429 4171 mons,
470 4107 695 4162 fratres?
723 4107 909 4176 Magna
940 4121 1067 4161 cura
1097 4107 1448 4176 inquirendos
1467 4150 1481 4172 ,
1510 4125 1701 4180 magna

95 4199 478 4255 sollicitudine
512 4198 934 4268 investigandos;
967 4198 1147 4253 labore
1175 4199 1334 4253 etiam
1362 4202 1702 4270 occupandus

95 4303 150 4344 t-t
192 4288 600 4344 ascendendus.
641 4288 746 4344 Sed
775 4289 819 4342 si
851 4289 902 4343 in
924 4287 1098 4359 aliqua
1129 4298 1280 4358 parte
1307 4300 1565 4345 terrarum
1596 4301 1700 4358 est,

93 4382 230 4451 quid
261 4378 559 4435 faciemus?
589 4379 1049 4448 Peregriuabimur
1068 4379 1136 4435 de
1165 4387 1304 4434 terra
1329 4390 1530 4447 nostra,
1555 4392 1610 4437 ιιι
1637 4383 1704 4438 ad

97 4476 258 4527 illum
291 4482 534 4525 montem
567 4471 845 4538 pervenire
867 4470 1131 4538 possimus
1146 4470 1170 4524 ?
1185 4470 1296 4526 lmo
1323 4482 1448 4526 tunc
1474 4475 1706 4544 peregri-

95 4579 330 4630 nantur,
365 4563 410 4616 si
438 4562 488 4614 in
514 4561 605 4614 illo
631 4576 737 4615 non
757 4576 959 4614 sumus.
986 4559 1101 4630 ipsa
1129 4570 1213 4616 est
1232 4562 1375 4616 enim
1403 4563 1591 4617 civitas
1608 4580 1704 4618 no-

92 4668 248 4723 stra,
286 4655 336 4708 si
370 4652 609 4709 membra
637 4653 779 4722 regis
808 4666 991 4707 sumus
1012 4692 1030 4720 ,
1059 4652 1149 4720 qui
1176 4661 1334 4722 caput
1359 4664 1441 4707 est
1477 4655 1706 4711 civitatis

94 4748 300 4817 ipsius.
335 4742 440 4801 Ubi
467 4752 552 4799 est
574 4757 701 4814 ergo
727 4745 829 4798 iste
865 4743 1054 4798 mons?
1081 4742 1138 4798 Si
1169 4744 1441 4812 regionem
1470 4746 1701 4815 aliquant

92 4836 300 4897 tenuit,
323 4832 679 4887 laborandum
710 4843 809 4894 est.
846 4840 901 4885 ut
930 4831 1061 4898 dixi,
1093 4839 1152 4887 ut
1179 4832 1246 4886 ad
1276 4847 1398 4886 eum
1427 4837 1705 4902 pervenia-

92 4938 205 4981 tur.
233 4925 353 4980 Sed
382 4922 506 4994 quid
535 4923 768 4994 satagis?
786 4921 997 4977 Utinam
1025 4938 1130 4976 non
1155 4923 1229 4976 sis
1252 4923 1398 4991 piger
1418 4925 1707 4981 ascendere

91 5018 148 5072 in
178 5024 465 5079 montem,
494 5013 762 5084 quomodo
790 5028 944 5067 mons
967 5029 1070 5068 non
1097 5011 1195 5068 fuit
1225 5015 1406 5067 tardus
1434 5016 1614 5070 venire
1640 5017 1709 5072 ad

89 5107 506 5164 dormientem.
546 5103 670 5162 Fuit
695 5105 838 5160 enim
868 5103 1080 5175 quidam
1121 5104 1254 5172 lapis
1283 5106 1549 5175 angularis
1576 5121 1709 5162 con-

89 5198 458 5270 temptibilis,
482 5197 536 5254 in
555 5210 714 5268 quem
739 5195 908 5252 Judzei
935 5195 1272 5251 offenderunt
1290 5195 1468 5267 (Rom.
1486 5213 1564 5262 ιι,
1589 5197 1706 5269 52),

85 5293 381 5363 praecisus
411 5290 479 5345 de
505 5285 736 5360 quodam
761 5297 943 5343 monte
962 5287 1079 5341 sine
1107 5287 1378 5354 manibus,
1407 5288 1508 5341 hoc
1532 5297 1614 5342 est
1641 5288 1710 5344 de

80 5399 280 5455 regno
322 5381 641 5440 Iudaeorum
680 5379 903 5436 veniens
944 5378 1062 5434 sine
1108 5378 1351 5433 manibus
1375 5419 1392 5443 ,
1433 5381 1557 5448 quia
1606 5379 1708 5433 hu-

83 5489 340 5531 manum
381 5486 521 5544 opus
555 5483 666 5527 non
696 5469 923 5526 accessit
946 5468 1013 5523 ad
1043 5468 1259 5523 Mariam
1280 5510 1294 5533 ,
1331 5469 1398 5524 de
1425 5484 1527 5538 qua
1553 5479 1709 5524 natus

79 5567 368 5622 Christus
397 5561 616 5632 (Matth.
643 5574 684 5625 ι,
717 5558 832 5630 16).
863 5559 970 5615 Sed
999 5559 1043 5613 si
1087 5558 1219 5628 lapis
1249 5560 1350 5614 iste
1390 5559 1476 5612 ubi
1504 5560 1557 5612 in
1584 5573 1710 5615 eum

79 5655 470 5714 oll'enderunt
491 5651 662 5710 induti
680 5691 698 5718 ,
725 5645 801 5710 ibi
827 5661 1148 5716 remaneret,
1175 5660 1230 5704 tu
1259 5665 1365 5720 quo
1389 5650 1711 5706 ascenderes

81 5767 206 5806 non
246 5748 516 5804 haberes.
533 5740 676 5812 Quid
693 5750 870 5799 autem
902 5741 1097 5796 faetutn
1122 5741 1237 5796 est?
1265 5742 1399 5809 Quid
1426 5742 1552 5796 dicit
1580 5756 1708 5811 pro-

85 5842 302 5911 plictia
339 5835 613 5895 Danielis?
640 5833 814 5903 Quid,
847 5834 946 5888 nisi
979 5833 1099 5903 quia
1127 5833 1292 5887 crevit
1322 5833 1452 5902 lapis
1493 5833 1628 5900 iste,
1659 5841 1712 5886 et

1125 448 1528 532 ENARl’tnTIO
1566 447 1630 504 ΙΝ
1672 448 1991 508 PSALMUM
2034 452 2234 509 XLV".

3273 461 3374 518 5'35

1794 563 1962 616 tactus
1992 573 2072 618 est
2104 579 2254 620 mons
2301 570 2559 637 magnus?
2583 568 2750 638 Quam
2780 574 3033 643 magnus?
3065 573 3139 630 Ita
3177 584 3233 628 ιιι
3274 578 3370 631 im-

1796 651 1965 720 pleret
1989 655 2290 708 universam
2323 656 2509 712 faciem
2535 669 2689 714 terrae
2708 659 2872 729 (Dan.
2897 677 2954 729 ιι,
2975 665 3065 729 54,
3089 662 3200 733 35).
3227 664 3369 735 Ergo

1794 744 2086 796 crescendo
2114 760 2266 799 mons
2304 745 2403 800 iste
2439 757 2493 802 ct
2535 749 2806 818 implendo
2844 753 3145 807 universam
3185 757 3372 811 faciem

1797 839 1977 897 terrm,
2005 834 2150 887 venit
2179 834 2246 888 ad
2274 851 2389 890 nos.
2423 837 2557 902 Quid
2584 852 2713 906 ergo
2738 849 2970 894 montem
2996 843 3144 910 quasi
3185 846 3375 899 absen-

1797 931 1903 977 tem
1946 925 2270 993 quaerimus,
2311 935 2364 980 et
2408 944 2510 981 nou
2550 928 2600 982 in
2633 940 2950 998 pursean
2980 933 3091 1002 jam
3131 937 3376 988 ascendio

1798 1026 1918 1065 mus
1938 1054 1951 1075 ,
1993 1022 2051 1066 ut
2079 1015 2148 1068 sit
2177 1014 2228 1068 iit
2268 1017 2422 1072 nobis
2460 1033 2676 1089 magnus
2709 1017 2956 1075 Dominus
2975 1063 2990 1090 ,
3028 1033 3075 1076 rt
3108 1025 3380 1078 laudabilis

1796 1101 1944 1154 ualde
1956 1103 1983 1155 .9

1869 1191 1922 1246 5.
1954 1188 2105 1263 [vers.
2137 1191 2217 1265 3.]
2249 1194 2487 1264 Denique
2518 1213 2584 1253 ne
2611 1198 2770 1252 istum
2806 1213 3040 1257 montem
3073 1218 3178 1257 non
3213 1219 3380 1273 agno-

1797 1296 1978 1338 sceres
2002 1293 2057 1339 et
2083 1285 2136 1338 in
2171 1285 2272 1340 hoc
2303 1287 2506 1356 psalmo
2526 1329 2542 1354 ,
2569 1300 2620 1344 et
2652 1291 2703 1344 in
2729 1292 2904 1362 aliqua
2932 1307 3083 1363 parte
3114 1305 3380 1353 terrarum

1796 1373 2142 1440 qnmrendum
2187 1376 2555 1443 existimares,
2583 1379 2701 1434 vide
2741 1381 2867 1450 quid
2912 1386 3152 1452 sequitur
3195 1402 3212 1442 :
3255 1402 3374 1442 cum

1796 1460 2036 1526 dixisset,
2071 1462 2135 1516 In
2166 1465 2362 1518 civitate
2388 1465 2489 1522 Dei
2515 1474 2706 1535 nostri,
2741 1472 2792 1523 in
2823 1482 2989 1526 mante
3025 1487 3197 1529 sancto
3225 1478 3372 1548 ejus,

1797 1551 1921 1618 quid
1965 1552 2198 1608 addidit?
2227 1555 2463 1610 Dilatans
2497 1561 2858 1617 exsultatioues
2903 1566 3151 1620 universa:
3187 1578 3336 1623 terra:
3358 1609 3375 1634 ,

1796 1651 1989 1696 montes
2009 1643 2157 1697 Sion.
2183 1644 2309 1701 Sion
2342 1663 2477 1701 unus
2506 1665 2660 1706 mons
2681 1662 2802 1711 est:
2835 1654 2962 1723 quid
2988 1671 3114 1724 ergo
3143 1664 3367 1712 manus?

1799 1731 1878 1786 An
1906 1733 2026 1802 quin
2058 1734 2124 1789 ad
2153 1734 2283 1791 Sion
2327 1740 2696 1808 pertinuerunt
2736 1743 2896 1797 etiam
2924 1746 3015 1815 qui
3059 1747 3128 1802 de
3168 1749 3379 1804 diverso

1798 1834 2080 1890 venerunt,
2114 1834 2173 1879 ut
2202 1827 2302 1882 sibi
2330 1842 2672 1885 occurrerent
2705 1832 2757 1887 in
2788 1833 3016 1903 lapidem
3045 1841 3380 1908 angularem,

1798 1921 1855 1969 et
1883 1913 2076 1970 tierent
2101 1915 2176 1970 illi
2199 1916 2309 1972 duo
2334 1920 2561 1988 parietes
2589 1929 2840 1992 tanquam
2861 1922 2967 1978 duo
2989 1940 3220 1989 montes.
3248 1945 3382 1984 unus

1797 2017 1864 2059 es
1887 2005 2312 2078 circumcisione,
2330 2009 2467 2065 alter
2491 2027 2557 2068 ex
2590 2015 2877 2086 pneputio;
2901 2032 3037 2071 unus
3058 2032 3120 2073 es
3146 2016 3344 2083 ludatis
3364 2064 3381 2084 ,

1797 2097 1936 2151 alter
1972 2112 2040 2151 ex
2065 2096 2329 2155 Gentibus
2372 2118 2386 2155 :
2428 2117 2532 2157 non
2559 2103 2670 2172 jam
2698 2106 2944 2172 adversi;
2984 2110 3082 2163 eisi
3110 2112 3305 2167 diversi
3338 2117 3379 2177 ‘.

1799 2184 1922 2254 quia
1950 2201 2018 2241 ex
2041 2187 2286 2253 diverso.
2313 2189 2423 2260 iam
2450 2192 2503 2248 in
2531 2195 2729 2264 angulo
2771 2211 2870 2252 nec
2896 2197 3126 2255 diversi?
3154 2201 3273 2268 Ipse
3308 2221 3380 2256 ωι

1797 2277 1954 2343 enim,
1977 2279 2166 2351 inquit,
2190 2298 2293 2353 pas:
2307 2294 2498 2350 nostra,
2513 2286 2601 2355 qui
2620 2287 2740 2357 fecit
2759 2297 2970 2360 utraque
2988 2309 3142 2344 unum
3164 2292 3379 2361 (Ephcs.

1801 2381 1840 2421 ll
1858 2408 1873 2432 ,
1898 2367 2010 2438 14).
2053 2368 2173 2440 Ipse
2197 2371 2286 2426 ille
2313 2373 2584 2444 singularis
2612 2375 2744 2446 lapis
2763 2418 2778 2438 ,
2809 2393 2954 2447 quem
2991 2382 3383 2449 reprabaverunt

1799 2457 2130 2526 adiﬁcantes,
2157 2462 2323 2531 factus
2343 2470 2418 2516 est
2441 2461 2495 2516 in
2519 2473 2672 2533 caput
2694 2466 2868 2537 anguli
2888 2466 3056 2537 (Psal.
3078 2483 3240 2535 cxvn,
3262 2471 3382 2541 εξ).

1802 2546 1947 2604 Duos
1972 2549 2147 2618 junxit
2175 2552 2227 2607 in
2264 2566 2324 2607 se
2350 2567 2507 2609 mons
2530 2565 2764 2611 montes.
2793 2557 2905 2613 Una
2933 2560 3153 2625 domus,
3188 2573 3241 2618 et
3265 2565 3383 2620 dua:

1801 2638 1992 2692 domus
2020 2639 2178 2696 :duze
2206 2651 2422 2712 propter
2444 2658 2512 2697 ex
2537 2642 2752 2700 diverso
2781 2648 3058 2704 venientes
3081 2693 3094 2715 ,
3123 2667 3225 2707 una
3256 2669 3377 2723 pro-

1803 2738 1922 2798 pter
1949 2730 2176 2797 lapidem
2210 2732 2519 2802 angularem
2537 2775 2552 2800 ,
2581 2735 2634 2790 in
2661 2752 2768 2808 quo
2794 2737 2894 2794 sibi
2924 2741 3095 2796 amba:
3122 2747 3385 2813 copuian-

1811 2828 1919 2874 tur.
1949 2822 2084 2875 Audi
2115 2833 2169 2875 et
2197 2821 2320 2888 hoc,
2343 2821 2543 2879 Montes
2569 2825 2730 2892 Sion;
2755 2828 2916 2882 tatem
2939 2830 3190 2900 aquilonis
3210 2836 3387 2891 civitas

1801 2912 1933 2980 regis
1971 2913 2162 2982 magni.
2188 2914 2498 2970 lttlenderas
2515 2915 2665 2972 enim
2697 2927 2752 2972 tu
2781 2917 2910 2975 Sion
2942 2929 3190 2991 tanquam
3222 2940 3384 2979 unum

1801 3005 2009 3072 locum,
2044 3006 2128 3058 ubi
2157 3005 2370 3062 condita
2398 3016 2484 3063 est
2511 3007 2842 3076 Jerusalem,
2883 3020 2939 3067 et
2965 3027 3017 3066 tn
3058 3027 3121 3069 ea
3145 3015 3238 3070 tibi
3277 3031 3385 3072 non

1800 3097 2150 3185 occurrebat,
2197 3099 2298 3152 nisi
2339 3100 2565 3167 populus
2588 3115 2652 3154 ex
2681 3102 3121 3172 circumcisione;
3152 3107 3241 3177 qui
3267 3110 3386 3180 qui-

1801 3188 1924 3241 dem
1963 3204 2027 3242 es
2059 3189 2304 3259 reliquiis
2330 3205 2360 3244 a
2399 3188 2615 3246 Christo
2642 3194 2900 3248 collectus
2931 3207 3005 3250 est
3028 3236 3043 3262 ,
3084 3213 3150 3252 ex
3195 3215 3384 3269 magna

1803 3287 1978 3332 autem
2012 3288 2163 3348 parte
2194 3291 2441 3350 tanquam
2475 3287 2620 3350 palea
2662 3284 2963 3340 ventilatus.
2993 3285 3201 3342 Etenim
3248 3291 3384 3344 scri-

1806 3381 1950 3439 ptum
1980 3381 2083 3437 est,
2112 3371 2359 3441 Reliquiae
2383 3373 2538 3426 salt-ae
2563 3374 2684 3441 [ient
2715 3373 2889 3442 (Rom.
2922 3393 2994 3440 ιι,
3019 3377 3135 3449 27).
3169 3378 3276 3434 Sed
3300 3391 3386 3437 at-

1807 3462 1966 3516 tende
1993 3471 2046 3516 et
2071 3461 2271 3517 Gentes
2289 3503 2305 3527 ,
2333 3464 2452 3517 vide
2490 3471 2547 3518 et
2573 3465 2864 3521 oleastrum
2892 3468 3052 3523 inseri
3081 3470 3132 3525 in
3161 3470 3386 3544 pingue-

1804 3553 1982 3608 dinem
2012 3551 2167 3606 olivze
2198 3551 2307 3622 (Id.
2333 3568 2407 3616 ιι,
2436 3555 2552 3622 t7).
2587 3555 2724 3610 Ecce
2759 3556 2958 3613 Gentes
2978 3601 2994 3624 ,
3022 3558 3210 3615 Latere
3240 3565 3389 3635 aqui-

1805 3643 1936 3696 lanis
1973 3659 1990 3697 :
2040 3642 2289 3712 adjuncta
2335 3653 2462 3698 sunt
2509 3644 2673 3699 latera
2710 3647 2976 3717 aquilonis
3015 3649 3214 3705 civitati
3247 3655 3388 3724 regis

1805 3737 1999 3801 magni.
2019 3731 2332 3788 Contrarias
2355 3734 2496 3789 solet
2511 3749 2630 3789 esse
2657 3737 2836 3806 aquilo
2861 3736 2990 3792 Sion
3015 3755 3028 3792 :
3048 3739 3176 3795 Sion
3192 3743 3391 3814 quippe

1806 3826 1859 3879 in
1903 3824 2159 3887 meridie,
2202 3825 2380 3894 aquilo
2419 3835 2605 3881 contra
2651 3827 2952 3886 meridiem.
2995 3832 3125 3897 Quis
3163 3841 3247 3888 est
3287 3837 3390 3891 iste

1806 3915 1984 3985 aquilo
2001 3957 2017 3982 ,
2046 3917 2148 3970 nisi
2174 3915 2265 3985 qui
2291 3916 2459 3982 dixit,
2486 3917 2687 3974 Ponam
2715 3922 2887 3975 sedem
2914 3940 3078 3978 meam
3101 3925 3170 3979 ad
3193 3928 3391 3998 aquilo-

1806 4023 1941 4070 nem,
1972 4014 2016 4058 et
2043 4021 2130 4060 ero
2152 4007 2330 4062 similis
2355 4007 2613 4063 Altissimo
2639 4007 2793 4080 (Isai.
2815 4027 2923 4076 xiv,
2948 4015 3037 4080 l5,
3059 4015 3188 4084 ﬂ)?
3210 4016 3389 4073 Tenu-

1807 4105 1922 4149 erat
1945 4110 2166 4164 regnum
2183 4095 2425 4151 diabolus
2445 4098 2727 4168 impiorum
2743 4139 2758 4166 ,
2782 4110 2836 4156 et
2860 4104 3171 4171 possederat
3191 4107 3391 4164 Gentes

1809 4188 2101 4241 servientes
2125 4187 2452 4253 simulacris,
2484 4190 2767 4246 adorantes
2791 4191 3054 4248 dmmonia
3089 4212 3104 4248 :
3133 4206 3191 4250 et
3219 4206 3388 4254 totum

1807 4280 2061 4350 quidquid
2090 4280 2303 4349 generis
2333 4279 2548 4335 humani
2578 4291 2695 4337 erat
2738 4284 2932 4354 ubique
2971 4302 3066 4354 per
3095 4289 3352 4344 mundum
3371 4328 3391 4357 ,

1810 4372 2120 4426 initaerendo
2155 4371 2227 4425 illi
2254 4371 2434 4442 aquilo
2470 4370 2665 4428 factum
2706 4385 2842 4429 erat.
2871 4375 2978 4431 Sed
3022 4380 3273 4447 quoniam
3303 4379 3394 4438 ille

1811 4465 1899 4531 qui
1927 4462 2107 4532 alligat
2137 4465 2352 4526 fortem,
2382 4462 2558 4518 aufert
2582 4463 2699 4533 ejus
2726 4480 2848 4518 vasa
2870 4506 2885 4532 ,
2915 4477 2968 4520 et
2993 4467 3116 4522 facit
3141 4484 3265 4523 vasa
3295 4485 3392 4525 sua

1819 4551 2030 4621 (Matth.
2070 4569 2144 4606 χιι
2183 4551 2254 4608 ‘29
2285 4552 2338 4622 ),
2372 4553 2578 4608 liberati
2619 4553 2864 4609 homines
2891 4556 2958 4609 ab
2988 4549 3299 4615 inﬁdelitate
3337 4573 3394 4616 et

1812 4644 2188 4712 superstitione
2228 4643 2648 4712 dzetnoitiorum,
2695 4646 2979 4702 credentes
3023 4649 3074 4703 in
3121 4653 3390 4706 Christum

1811 4735 2066 4790 eolliniati
2099 4744 2224 4788 sunt
2262 4735 2334 4790 illi
2364 4736 2560 4790 civitati
2586 4778 2600 4802 ,
2629 4751 2974 4795 occurrerunt
3019 4745 3071 4794 in
3098 4743 3291 4812 angulo
3321 4745 3394 4799 illi

1814 4825 2001 4896 parieti
2029 4825 2095 4880 de
2119 4826 2525 4880 circumcisione
2557 4829 2812 4896 venienti,
2846 4842 2899 4883 et
2924 4831 3059 4886 facta
3089 4843 3174 4887 est
3200 4833 3392 4888 Civitas-

1811 4918 1954 4986 regis
1985 4918 2158 4986 magni
2187 4933 2308 4986 qua:
2337 4917 2541 4971 fuerant
2572 4919 2736 4973 latera
2774 4923 3056 4990 aquilonis.
3088 4923 3210 4982 ideo
3244 4937 3300 4980 et
3340 4929 3392 4980 in

1815 5009 1918 5061 alia
1946 5007 2217 5077 Scriptura
2258 5007 2451 5061 dicitur
2476 5024 2491 5060 :
2527 5010 2601 5061 Ab
2626 5011 2863 5078 aquilone
2886 5013 3041 5068 nubes
3079 5015 3267 5070 coloris
3292 5032 3385 5069 au.

1814 5101 1928 5165 rei;
1971 5099 2023 5152 in
2052 5098 2132 5152 Itis
2169 5108 2240 5153 est
2287 5115 2471 5169 magna
2518 5099 2682 5170 gloria
2726 5113 2774 5155 et
2815 5103 2979 5159 honor
3022 5105 3398 5176 Omnipotentis

1816 5187 1972 5259 (Job,
2000 5204 2224 5254 xxxvii,
2255 5186 2372 5256 22).
2415 5188 2600 5259 Magna
2645 5190 2786 5244 enim
2822 5191 2990 5262 gloria
3040 5197 3231 5250 medici
3278 5205 3397 5262 est.

1816 5280 2028 5349 quando
2053 5295 2119 5331 ex
2144 5279 2514 5348 desperatione
2532 5281 2853 5335 convalescit
2872 5294 3123 5351 aegrotus.
3147 5286 3228 5340 Ab
3247 5287 3399 5357 aqui-

1817 5371 1940 5426 lone
1968 5371 2158 5437 nubes,
2187 5381 2240 5425 et
2267 5385 2372 5424 non
2406 5369 2569 5439 nigra:
2598 5372 2784 5434 nubes,
2808 5387 2911 5426 non
2940 5375 3264 5444 caliginosae,
3287 5392 3394 5432 non

1819 5473 1989 5527 tetrze,
2013 5463 2105 5517 sed
2128 5462 2324 5515 coloris
2346 5462 2512 5516 aurei.
2537 5460 2689 5518 Unde
2715 5461 2815 5516 nisi
2842 5465 3006 5531 gratia
3029 5466 3360 5524 illumiuante
3377 5470 3397 5500 '

1885 5697 1901 5728 ί
1926 5697 2000 5759 sic
2014 5695 2322 5759 aliquot‘Mss.
2345 5693 2539 5759 Quidam
2549 5707 2681 5759 vero
2697 5693 2777 5743 alii
2798 5709 2823 5759 ςΔ
2837 5707 2929 5742 παι
2943 5695 3045 5759 iam
3057 5691 3235 5747 αἰνενό
3251 5707 3325 5758 ,‘ct
3345 5701 3388 5749 si

1821 5756 2016 5808 diversi.
2045 5755 2250 5811 At'edd.,
2267 5768 2361 5804 non
2365 5756 2472 5815 jam
2491 5757 2680 5804 adversi
2704 5764 2750 5804 et
2772 5755 2966 5806 dnerri.

1889 5823 1908 5850 ³
1933 5825 2004 5866 ι·;ι·.
2031 5827 2160 5874 ιλιι,
2179 5816 2477 5867 illuminant.
2508 5826 2606 5865 Am.
2646 5827 2698 5864 et
2722 5825 2846 5877 sm,
2870 5816 3166 5869 illuminari“
