3968 6326
634 365 737 421 535

644 490 737 539 per
764 472 1077 531 Christum?
1121 474 1294 542 Ecce,
1324 473 1509 529 Lucra
1545 473 1794 543 aquilonis
1818 515 1830 533 .
1877 475 2049 529 ciuitas
2085 474 2217 544 regis

640 567 828 637 magni.
858 565 1051 621 Latera
1081 566 1297 635 utique,
1328 566 1451 635 quia
1479 565 1800 620 inlunsemnt
1827 565 2059 619 diabolo.
2085 564 2216 631 Qni—

638 671 868 725 t'llmlllle
896 656 1038 711 enim
1070 657 1224 709 alicui
1251 654 1541 721 coluerent,
1568 656 1731 711 latera
1758 656 1921 724 ipsius
1945 654 2215 707 dicuntur.

638 748 771 803 Nam
808 757 864 803 et
903 747 971 803 de
1008 747 1273 818 aliquibus
1311 746 1616 803 hominibus
1658 749 1890 803 solemus
1925 747 1995 801 ita
2040 746 2217 814 loqui,

643 838 820 893 Bonus
849 838 1010 893 homo
1038 846 1155 905 est,
1186 839 1281 894 sed
1308 839 1444 894 mala
1470 839 1637 907 latera
1664 840 1819 893 habet
1844 860 1856 893 :
1889 840 1939 894 id
1969 850 2071 903 est,
2104 840 2219 909 ipse

643 928 856 997 quidem
898 929 1160 998 probitate
1191 940 1438 1000 praestat,
1478 931 1571 987 sed
1617 932 1834 1002 maligni
1879 941 2003 986 sunt
2043 932 2132 1002 qui
2167 930 2220 986 ei

647 1019 917 1087 conjuncti
943 1028 1086 1075 sunt.
1116 1019 1305 1076 Latera
1333 1037 1461 1093 ergo
1484 1023 1751 1093 aquilonis
1776 1024 1862 1094 qui
1891 1023 2104 1077 diabolo
2128 1036 2221 1076 co-

653 1109 968 1165 haerebant:
994 1112 1133 1167 unde
1156 1113 1300 1169 venit
1322 1124 1376 1169 ct
1405 1115 1507 1171 iste
1526 1115 1687 1180 illius,
1709 1116 1777 1172 de
1803 1132 1908 1183 quo
1937 1114 2099 1171 modo
2121 1131 2220 1169 au-

645 1199 942 1271 diebamus,
967 1202 1088 1272 quia
1115 1212 1357 1259 mortuus
1388 1215 1522 1272 erat,
1547 1215 1601 1260 ct
1631 1206 1857 1272 revixit;
1891 1208 2141 1277 perierat.
2166 1214 2222 1262 et

645 1290 892 1349 inventus
915 1303 1014 1350 est.
1039 1296 1437 1355 Proﬁcisceudo
1460 1300 1604 1355 enim
1631 1300 1684 1355 in
1713 1301 1985 1371 regionem
2016 1299 2222 1369 longin—

645 1397 808 1451 qttam
831 1426 846 1450 ,
871 1386 1029 1441 etiam
1057 1388 1123 1444 ad
1152 1390 1453 1461 aquilonem
1492 1402 1843 1462 pervenerat,
1869 1400 1927 1446 et
1947 1392 2056 1457 ibi,
2084 1392 2225 1446 sicut

644 1472 888 1541 audistis,
914 1477 1005 1531 uni
1028 1493 1093 1532 cx
1120 1481 1446 1551 principibus
1472 1483 1706 1553 regionis
1734 1482 1872 1537 illius
1900 1482 2220 1537 adhzeserat.

644 1562 838 1619 Factus
861 1575 945 1620 est
968 1582 1098 1638 ergo
1140 1570 1279 1625 latus
1314 1572 1614 1642 aquilonis,
1647 1572 1974 1629 adluerendo
2000 1571 2223 1643 principi

645 1652 790 1710 illius
833 1657 1064 1727 regionis
1110 1678 1124 1715 :
1160 1662 1255 1717 sed
1281 1663 1405 1732 quia
1447 1664 1635 1718 civitas
1665 1665 1807 1734 regis
1847 1665 2022 1735 magni
2067 1674 2123 1719 et
2157 1679 2226 1719 ex

645 1742 815 1799 latere
860 1750 1122 1816 aquilonis
1162 1752 1489 1822 colligitur',
1532 1770 1778 1809 reversus
1809 1754 1875 1809 ad
1904 1769 1997 1819 se,
2051 1754 2221 1822 dixit,

647 1832 891 1901 Surgam,
915 1848 966 1891 et
995 1840 1082 1893 ilio
1101 1841 1165 1893 ad
1192 1850 1393 1910 patrem
1423 1859 1619 1898 meum.
1644 1844 1709 1897 Et
1730 1846 1962 1899 occurrit
1978 1845 2027 1899 ei
2050 1854 2222 1913 pater,

648 1926 739 1995 qui
767 1925 897 1980 dicit
919 1927 987 1983 de
1012 1929 1102 1982 illo
1123 1971 1136 1989 .
1165 1930 1401 1987 Mortuus
1429 1942 1546 1988 erat
1568 1974 1584 1999 ,
1615 1944 1669 1987 et
1706 1934 1936 1999 revixit;
1970 1935 2220 2003 perierat,

649 2024 706 2070 et
732 2017 976 2074 inventus
1005 2030 1106 2076 est.
1135 2023 1342 2077 Vitulus
1363 2024 1453 2079 ille
1478 2026 1770 2095 saginatus,
1799 2026 1935 2096 lapis
1958 2027 2227 2096 angnlaris

650 2105 770 2161 fuit.
799 2108 1036 2179 Denique
1056 2120 1112 2165 et
1140 2110 1310 2183 major
1338 2112 1480 2169 filius
1498 2116 1588 2184 qui
1608 2116 1812 2184 epulari
1840 2116 2055 2172 nolebat
2074 2116 2222 2187 (Luc.

651 2191 749 2263 ιν,
776 2199 987 2271 11-52),
1018 2202 1330 2258 exhortatus
1353 2219 1382 2257 a
1412 2213 1560 2274 patre
1590 2207 1861 2276 ingressus
1887 2216 1972 2263 est
1994 2224 2009 2261 :
2035 2218 2093 2263 et
2118 2208 2226 2264 duo

650 2285 755 2356 iam
785 2290 1032 2357 parietes,
1064 2304 1311 2363 tanquam
1335 2295 1407 2348 illi
1437 2295 1543 2351 duo
1568 2296 1663 2350 ﬁlii
1694 2296 1758 2349 ad
1788 2296 2011 2351 vitulum
2041 2312 2231 2367 perve-

650 2379 880 2446 nientes,
904 2383 1170 2438 civitatem
1202 2386 1339 2455 regis
1367 2388 1543 2457 magni
1575 2388 1834 2442 fecerunt.

719 2472 773 2526 4.
803 2470 954 2543 [vers
990 2475 1069 2548 4.]
1099 2476 1365 2547 Sequatur
1388 2494 1518 2550 ergo
1541 2480 1643 2535 iste
1664 2481 1922 2551 psalmus,
1952 2491 2007 2535 et
2035 2482 2175 2536 dicat
2207 2500 2222 2537 :

650 2558 791 2616 Deus
818 2562 870 2617 in
897 2564 1125 2620 domibus
1149 2568 1259 2639 ejus
1301 2580 1630 2641 cognoscetur
1667 2573 1711 2625 ³.
1738 2571 1854 2627 Jam
1883 2572 1935 2625 in
1982 2573 2231 2629 domibus

652 2662 870 2722 prepter
895 2664 1123 2721 montes,
1155 2672 1377 2729 propter
1400 2662 1534 2717 duos
1557 2664 1789 2733 parietes
1807 2706 1822 2729 ,
1856 2676 2071 2735 propter
2095 2666 2230 2721 duos

657 2742 818 2799 ﬁlios.
848 2744 985 2801 Deus
1015 2747 1070 2801 in
1111 2749 1343 2805 domibus
1366 2752 1475 2822 ejus
1500 2764 1844 2823 cognoscatur.
1870 2754 1974 2809 Sed
2005 2757 2227 2825 gratiam

652 2836 1020 2901 commendat,
1049 2837 1169 2895 ideo
1214 2840 1453 2906 addidit,
1481 2843 1605 2898 Cum
1648 2846 1883 2917 suscipiet
1907 2862 2038 2901 eam.
2094 2847 2227 2903 Nam

652 2926 779 2993 quid
822 2939 965 2984 esset
1005 2930 1119 3001 ipsa
1165 2934 1389 3000 civitas,
1430 2936 1531 2990 nisi
1576 2935 1668 2992 ille
1711 2939 2033 3007 suscepisset
2066 2939 2235 2993 eam?

653 3015 844 3073 Nonne
871 3020 1053 3075 statim
1088 3022 1337 3092 caderet,
1368 3025 1469 3080 nisi
1499 3026 1602 3081 tale
1627 3026 2033 3084 fundamentum
2069 3030 2230 3086 habe-

655 3105 789 3159 ret?
814 3106 1232 3166 Fundamentum
1256 3112 1398 3168 enim
1429 3114 1572 3170 aliud
1602 3131 1759 3171 nemo
1788 3125 1963 3195 potest
1993 3133 2224 3188 ponere,

654 3205 851 3267 praeter
871 3198 926 3254 id
948 3201 1088 3271 quod
1118 3204 1347 3273 positum
1374 3214 1489 3268 est,
1516 3206 1658 3274 quod
1686 3218 1768 3263 est
1797 3206 2041 3264 Christus
2076 3211 2232 3266 Jesus

657 3287 704 3357 (l
733 3287 852 3350 Cor.
878 3306 957 3359 tu,
986 3292 1103 3366 ll).
1130 3293 1298 3350 Nemo
1322 3310 1449 3365 ergo
1470 3297 1538 3351 de
1566 3298 1679 3353 suis
1702 3299 1910 3355 meritis
1934 3300 2230 3368 glorietur;

590 3447 593 3449 ἓ
656 3379 754 3435 sed
801 3382 888 3451 qui
926 3383 1215 3455 gloriatur,
1257 3387 1311 3441 in
1353 3386 1583 3442 Domino
1624 3390 1884 3459 glorietur
1912 3389 2020 3463 (Id.
2051 3408 2092 3459 t,
2117 3393 2230 3461 51).

656 3470 789 3535 Quia
817 3480 943 3529 tunc
967 3484 1045 3529 est
1074 3476 1161 3531 illa
1189 3492 1378 3547 magna
1404 3478 1609 3542 civitas,
1639 3486 1764 3533 tunc
1784 3479 1835 3533 in
1868 3497 1930 3534 ea
1955 3483 2234 3551 cognosci-

658 3572 744 3615 tur
774 3563 1048 3632 Dominus,
1074 3580 1198 3620 cutn
1227 3568 1479 3636 suscipiet
1505 3582 1623 3622 eam
1653 3587 1667 3624 :
1700 3569 1970 3637 quomodo
2010 3571 2236 3639 suscipit

660 3650 897 3706 medicus
942 3662 1199 3721 mgrotum
1237 3656 1527 3710 curandum
1553 3697 1571 3721 ,
1598 3671 1703 3711 non
1750 3657 1889 3715 sicut
1927 3666 2013 3713 est
2050 3672 2235 3736 aman-

658 3740 807 3795 dum.
844 3742 1051 3797 Etenim
1085 3743 1284 3800 febrem
1311 3745 1426 3800 odit
1452 3747 1710 3803 medicus.
1737 3747 1854 3803 Non
1885 3757 2031 3802 amat
2059 3747 2233 3804 medi-

657 3844 755 3883 cus
777 3840 1055 3902 :rgrotum,
1078 3840 1133 3888 et
1156 3843 1300 3889 amat
1328 3835 1566 3891 medicus
1588 3847 1846 3907 mgrotum
1871 3856 1886 3891 :
1910 3838 1955 3892 si
1975 3849 2233 3909 aegrotum

658 3931 879 3987 amaret,
912 3936 1125 3994 semper
1142 3934 1399 3994 aegrotum
1425 3934 1662 3994 optaret;
1690 3941 1875 3981 rursus
1898 3927 1943 3982 si
1970 3938 2233 3998 aegrotum

660 4024 767 4064 non
800 4019 1039 4079 amaret,
1080 4012 1147 4067 ad
1191 4022 1446 4084 aegrotum
1487 4030 1593 4069 non
1623 4016 1829 4071 veniret
1873 4034 1888 4070 :
1935 4017 2029 4072 sed
2083 4027 2227 4073 amat

659 4110 948 4171 aegrotum,
977 4111 1035 4157 ut
1072 4102 1229 4158 faciat
1267 4093 1476 4158 sanum.
1524 4104 1765 4175 Suscepit
1779 4120 1907 4176 ergo
1932 4107 2071 4162 banc
2106 4108 2239 4162 civi-

665 4200 826 4247 tatem
872 4192 1145 4255 Dominus,
1201 4204 1254 4249 et
1303 4194 1512 4264 agnitus
1537 4204 1619 4249 est
1642 4195 1777 4249 inea
1799 4236 1815 4259 ,
1843 4194 1896 4250 id
1923 4206 2037 4259 est,
2065 4198 2234 4266 gratia

660 4280 826 4347 ipsius
854 4282 1061 4351 cognita
1088 4292 1171 4337 est
1197 4282 1248 4337 in
1272 4282 1360 4338 illa
1375 4282 1619 4348 civitate;
1648 4284 1767 4358 quia
1792 4284 2048 4355 quidquid
2074 4285 2235 4342 habet

661 4371 747 4424 illa
776 4370 964 4425 civitas
1004 4386 1124 4440 quae
1156 4372 1415 4441 gloriatur
1443 4373 1494 4427 in
1526 4373 1778 4436 Domino,
1812 4390 1923 4429 non
1970 4375 2129 4430 habet
2163 4376 2235 4431 de

658 4474 737 4515 se.
766 4460 988 4531 Propter
1010 4461 1112 4515 hoc
1141 4464 1282 4515 enim
1310 4462 1503 4517 dicitur
1532 4479 1547 4516 :
1588 4462 1726 4528 Quid
1750 4465 1884 4523 enim
1922 4465 2072 4519 habes
2099 4465 2235 4534 quod

660 4568 759 4605 non
785 4553 1057 4623 accepisti?
1078 4554 1139 4607 Si
1162 4564 1330 4607 autent
1371 4554 1609 4622 accepisti
1632 4596 1646 4618 ,
1676 4555 1798 4624 quid
1828 4554 2064 4623 gloriaris
2088 4556 2236 4625 quasi

660 4658 759 4695 non
804 4642 1055 4712 acceperis
1080 4640 1100 4715 (
1130 4641 1217 4697 Id.
1249 4659 1318 4710 tv,
1366 4642 1479 4713 7)?
1506 4642 1641 4699 Dens
1665 4645 1717 4697 in
1742 4644 1971 4697 domibus
2008 4645 2118 4714 ejus
2144 4662 2233 4700 co-

665 4744 949 4803 gnoscetur,
977 4752 1090 4788 cum
1117 4736 1355 4806 suscipiet
1382 4754 1513 4790 eam.

726 4823 780 4877 5.
812 4821 958 4894 [vers
990 4824 1381 4896 5.7.]Quonian:
1407 4843 1516 4881 ecce
1546 4843 1684 4895 reges
1704 4838 1849 4881 terra:
1872 4827 2069 4881 collecti
2094 4836 2236 4888 sunt.

662 4913 778 4966 iam
805 4928 928 4968 ecce
960 4914 1059 4990 illa.
1089 4915 1253 4970 latera
1301 4918 1563 4986 aquilonis
1606 4918 1780 4972 videte
1830 4920 2096 4986 quomodo
2142 4934 2234 4975 ve-

661 5005 824 5066 uiant,
854 5005 1029 5060 videte
1066 5008 1331 5072 quomodo
1378 5009 1572 5069 dicant,
1604 5008 1793 5072 Venite,
1826 5012 2156 5065 ostendamus
2181 5012 2235 5064 in

658 5105 873 5147 montem
902 5094 1102 5148 Domini
1121 5111 1141 5150 :
1166 5098 1478 5151 armuntiavil
1504 5100 1637 5151 enim
1662 5101 1802 5153 nobis
1828 5101 1959 5153 riam
1986 5119 2153 5163 suam,
2180 5113 2235 5155 ut

656 5182 999 5252 ingrediantur
1017 5185 1069 5236 in
1098 5201 1207 5237 eam
1234 5184 1379 5254 (lsai.
1414 5202 1471 5251 tt,
1501 5187 1575 5254 5).
1626 5186 1756 5242 Ecce
1785 5206 1925 5258 reges
1968 5202 2111 5244 terra:
2131 5190 2235 5244 col.

656 5272 772 5326 lecti
795 5284 933 5340 sunt,
964 5284 1011 5328 et
1029 5285 1360 5329 convenerunt
1387 5277 1441 5330 in
1465 5294 1637 5331 unum.
1665 5279 1719 5333 In
1744 5296 1900 5348 quem
1932 5297 2113 5346 unttm,
2133 5280 2233 5336 nisi

658 5363 708 5415 in
745 5364 969 5432 lapidem
1010 5366 1156 5420 illum
1208 5368 1510 5437 angularem
1540 5366 1755 5441 (Ep/tes.
1785 5386 1841 5435 ll,
1870 5369 2050 5440 9.0)?!
2056 5371 2134 5440 psi
2161 5374 2237 5425 vi-

657 5454 829 5507 dentes
876 5465 943 5508 tta
971 5455 1208 5511 admirati
1257 5469 1393 5513 sunt.
1422 5459 1547 5516 Post
1572 5462 1975 5517 admirationem
2003 5463 2234 5517 miracu-

720 5630 740 5699 ξ
774 5630 962 5699 aliquot
982 5638 1109 5699 Mss,
1132 5639 1178 5681 et
1198 5632 1264 5699 lat
1272 5646 1350 5683 era
1369 5634 1615 5699 Aquilonis
1637 5636 1833 5699 colligit,
1860 5648 1955 5688 etc.

666 5691 741 5803 αὖ
774 5697 920 5741 Vetus
941 5694 1093 5742 codex
1118 5697 1285 5753 Corb.,
1313 5691 1609 5759 cognoscitur
1641 5711 1657 5747 ς
1693 5691 1829 5760 apud
1857 5706 1994 5759 LXX,
2016 5697 2231 5761 giuosken

1857 363 1914 419 S.
1956 360 2324 420 AUGUSTLVI
2364 358 2661 417 EPISCOPI

3788 340 3872 395 δάε

2322 471 2495 528 lorum
2520 481 2576 526 et
2608 470 2793 543 gloria:
2820 467 3014 524 Christi
3040 509 3058 533 ,
3077 463 3204 536 quid
3242 468 3479 552 secutum
3523 466 3604 552 est
3625 456 3653 509 2

2320 561 2424 616 buli
2450 572 2590 628 sunt,
2612 540 2845 615 commoti
2873 566 3019 619 sunt,
3052 566 3235 610 tremor
3259 548 3586 624 apprehendit
3611 561 3714 599 eos.
3746 540 3874 597 Unde

2323 664 2525 710 tremor
2548 651 2899 724 apprehendit
2924 664 3051 715 eos,
3080 648 3183 702 nisi
3203 646 3268 727 de
3317 640 3637 701 conscientia
3686 636 3878 689 delicto-

2320 760 2437 801 tum
2459 747 2483 800 ?
2506 745 2736 801 Currant
2758 758 2886 813 ergo
2914 756 3068 813 reges
3093 748 3210 810 post
3226 751 3423 806 regem,
3442 737 3877 802 aguoscantreges

2321 854 2521 909 regem.
2553 837 2681 893 lude
2708 837 2854 900 alibi,
2884 833 2995 906 Ego
3017 841 3203 896 autem,
3236 827 3424 896 inquit,
3450 824 3880 921 emistitutstsnsttnt

2322 949 2414 986 rex
2430 931 2494 984 ab
2522 947 2580 985 eo
2608 946 2759 999 super
2800 928 2930 983 Sion
2957 936 3173 980 montem
3198 930 3423 977 sanctum
3444 917 3551 988 ejus
3575 955 3590 975 ,
3622 911 3881 980 pradicant

2326 1031 2637 1092 prmi-cptum
2662 1018 2872 1074 Domini
2895 1033 2916 1072 :
2941 1016 3188 1071 Dominus
3211 1011 3337 1065 dixit
3363 1009 3429 1062 ad
3450 1001 3745 1100 nua-ilius
3758 1013 3882 1100 ineas

2322 1091 2375 1165 es
2394 1120 2467 1172 tu,
2490 1125 2581 1181 ego
2609 1109 2757 1163 hodie
2774 1109 2922 1179 genui
2950 1117 3015 1161 te.
3046 1104 3261 1159 Postulo
3285 1118 3317 1153 a
3335 1116 3435 1163 me,
3456 1106 3502 1151 et
3525 1092 3656 1148 dabo
3681 1091 3770 1143 tibi
3787 1103 3883 1189 geu-

2326 1210 2398 1255 tes
2432 1201 2773 1255 Itatreditatem
2805 1210 2944 1252 tuam
2965 1238 2982 1261 ,
3008 1205 3053 1249 et
3094 1192 3452 1273 possessionem
3478 1197 3615 1240 tuam
3664 1192 3883 1275 tertianos

2324 1300 2507 1357 terrae;
2534 1307 2675 1363 reges
2703 1307 2787 1345 eos
2821 1292 2876 1343 in
2910 1289 3051 1358 virga
3079 1270 3260 1355 ferrea,
3292 1292 3338 1336 et
3367 1290 3603 1349 tanquam
3631 1288 3720 1328 ras
3756 1270 3883 1340 ﬁguli

2325 1393 2549 1437 conteres
2572 1397 2655 1436 cos
2682 1379 2855 1451 (Psal.
2885 1395 2939 1443 ιι,
2972 1376 3102 1446 6-9).
3133 1373 3357 1429 Auditus
3376 1378 3458 1425 est
3483 1380 3610 1436 ergo
3634 1377 3728 1417 rex
3768 1374 3886 1412 cou-

2327 1474 2538 1530 stitutus
2557 1475 2608 1528 in
2624 1475 2774 1538 Sion,
2800 1472 2990 1526 tradita
3015 1478 3096 1525 est
3124 1468 3198 1522 illi
3225 1462 3486 1535 possessio
3513 1469 3678 1525 usque
3696 1452 3765 1506 ad
3792 1459 3888 1504 tet-

2328 1567 2501 1621 m'tnos
2524 1565 2669 1621 orbis
2691 1574 2863 1618 terrae.
2894 1562 3126 1618 Hetuere
3149 1559 3342 1614 debent
3366 1568 3541 1624 reges,
3570 1564 3635 1643 ne
3678 1558 3887 1643 regulum

2330 1654 2573 1724 perdant,
2597 1670 2665 1710 ne
2689 1654 2794 1708 illis
2820 1653 3088 1708 auferatur
3114 1664 3357 1720 regnum,
3380 1647 3516 1699 sicut
3539 1641 3700 1695 miser
3730 1637 3889 1690 timuit

2332 1749 2590 1812 Herodes,
2616 1758 2671 1803 et
2698 1762 2793 1817 pro
2812 1744 3032 1816 parvulo
3054 1742 3248 1799 occidit
3271 1737 3516 1809 parvulos
3533 1727 3747 1804 (Matth.
3773 1724 3891 1787 n.3,

2332 1840 2462 1909 18)?
2482 1839 2701 1895 Timens
2727 1847 2903 1893 autem
2930 1850 3150 1906 regnum
3174 1832 3440 1894 amittere,
3468 1841 3573 1881 non
3598 1821 3790 1915 meruit
3811 1832 3891 1915 re-

2328 1946 2449 2001 gem
2476 1944 2787 2000 agnoscere.
2845 1926 3053 1981 Utinam
3094 1935 3145 1979 et
3189 1924 3303 1993 ipse
3351 1932 3530 1988 regem
3577 1928 3695 1969 Cum
3740 1909 3894 1976 magis

2330 2022 2606 2078 adoraret!
2649 2036 2755 2077 non
2808 2019 2949 2075 male
2985 2031 3205 2088 regnum
3239 2009 3527 2085 quaerendo
3548 2048 3565 2073 ,
3594 2007 3896 2102 innocentes

2330 2114 2598 2185 perderet,
2619 2122 2675 2169 et
2698 2126 2896 2167 nocens
2920 2110 3133 2181 periret.
3162 2107 3293 2163 Nam
3318 2101 3463 2174 ψιοά
3481 2101 3546 2154 3d
3588 2099 3730 2193 m'"_"
3759 2099 3897 2193 ἐφ’

2333 2184 2509 2269 nebat,
2533 2204 2761 2273 perdidit
2784 2203 3092 2257 innocentes
3124 2218 3138 2252 :
3168 2206 3423 2267 quantum
3452 2200 3627 2246 autem
3648 2185 3713 2241 ad
3750 2184 3899 2239 Chri-

2332 2308 2471 2352 ειυπι
2491 2339 2506 2363 ,
2534 2297 2693 2351 etiam
2725 2310 2917 2365 parvus
2943 2307 3040 2363 pro
3062 2307 3121 2347 se
3161 2288 3452 2344 morientes
3480 2279 3721 2352 parvulos
3753 2288 3897 2329 coro-

2335 2390 2497 2442 navit.
2518 2390 2659 2459 Ergo
2687 2388 2985 2443 debuerunt
3029 2385 3215 2437 timere
3269 2392 3422 2448 reges
3467 2370 3895 2469 quando-dictum

2332 2490 2415 2535 est
2445 2500 2458 2535 :
2482 2457 2787 2551 Ego-autem
2832 2478 3132 2533 constitutus
3154 2490 3266 2529 sunt
3292 2487 3385 2526 rea:
3404 2468 3466 2522 ab
3486 2483 3577 2557 eo,
3600 2474 3651 2518 et
3678 2457 3899 2557 haeredi-

2334 2581 2495 2627 tatem
2526 2586 2692 2641 usque
2712 2570 2778 2625 ad
2808 2571 2940 2623 lines
2969 2580 3122 2622 terrae
3149 2564 3295 2619 dabit
3321 2560 3450 2615 mihi
3474 2556 3562 2628 qui
3594 2568 3678 2609 me
3702 2556 3899 2606 consti-

2333 2665 2437 2719 tuit
2465 2679 2665 2731 regem.
2709 2662 2813 2718 Sed
2867 2660 2992 2731 quid
3036 2656 3281 2713 invidetis
3303 2694 3320 2720 ,
3350 2649 3546 2722 reges?
3571 2645 3775 2707 Videte,
3796 2654 3900 2694 non

2333 2756 2587 2811 invidete.
2614 2755 2795 2823 Longe
2832 2753 2972 2808 enim
3023 2750 3124 2803 iste
3163 2747 3319 2800 aliter
3342 2757 3436 2797 rex
3476 2739 3562 2811 qui
3600 2735 3770 2790 dixit:
3803 2731 3903 2823 fleo

2331 2864 2488 2919 gnum
2528 2863 2692 2900 meum
2716 2820 2817 2899 non
2843 2854 2914 2899 est
2942 2842 3006 2896 de
3045 2842 3137 2894 hoc
3180 2835 3368 2891 mundo
3395 2832 3570 2904 (Joan.
3605 2840 3755 2888 xvut,
3788 2820 3902 2924 36):

2331 2910 2506 2994 holite
2531 2954 2660 3008 ergo
2691 2938 2877 2991 timere
2902 2949 2967 2988 ne
2994 2933 3147 2987 vobis
3175 2928 3448 2984 auferatur
3476 2934 3695 3017 regnum
3721 2910 3901 3017 nutrit-li

2332 3030 2494 3100 hujus
2524 3048 2536 3083 :
2567 3002 2779 3083 dabitur
2804 3027 2956 3080 vobis
3006 3037 3248 3092 regnum,
3276 3017 3371 3108 sed
3398 3013 3676 3073 calorum,
3699 3006 3785 3108 ubi
3818 3002 3905 3108 ille

2333 3094 2430 3177 rex
2458 3128 2560 3175 est.
2590 3119 2714 3175 Ideo
2737 3117 2866 3189 quid
2903 3115 2976 3171 ibi
3018 3108 3294 3182 sequitur?
3313 3094 3904 3200 Etnune,rcges,iittelli-

2333 3215 2452 3284 gite.
2480 3214 2596 3267 Jam
2644 3188 2881 3266 invidere
2920 3221 3017 3263 vos
3043 3202 3306 3275 parabatis
3344 3218 3358 3253 :
3389 3195 3651 3266 intelligite
3671 3210 3691 3256 ;
3711 3189 3779 3245 de
3802 3188 3907 3284 alio

2335 3278 2461 3373 rege
2479 3303 2693 3368 dicitur,
2724 3300 2873 3369 cujus
2902 3312 3121 3369 regnum
3167 3308 3273 3348 non
3300 3298 3382 3345 est
3428 3288 3497 3343 de
3539 3286 3666 3382 hoc.
3686 3278 3905 3382 mundo.

2334 3370 2521 3448 Merito
2537 3407 2664 3463 ergo
2681 3389 2875 3446 collecti
2893 3398 3011 3442 sunt
3036 3401 3174 3456 reges
3199 3382 3253 3436 in
3280 3395 3452 3439 unum,
3469 3370 3751 3467 conturbati
3769 3374 3906 3467 sunt,

2337 3496 2523 3540 tremor
2569 3458 2898 3556 apprehendit
2939 3496 3041 3533 eos.
3071 3476 3200 3531 Inde
3222 3484 3277 3529 et
3302 3472 3404 3527 illis
3451 3464 3769 3566 lto-edicitur
3801 3478 3825 3566 ς.
3848 3458 3909 3511 Et

2303 3554 2926 3644 uunc,reges,intelligite,
2952 3563 3413 3628 erudimini,omnes
3438 3557 3525 3628 qui
3538 3554 3786 3626 judicatis
3808 3559 3907 3603 ter-

2334 3681 2467 3721 ram.
2490 3663 2686 3720 Servite
2708 3661 2927 3716 Domino
2951 3660 3002 3712 in
3028 3659 3228 3717 timore,
3253 3662 3299 3707 et
3333 3649 3579 3705 exsultate
3598 3646 3646 3700 ei
3665 3658 3783 3697 cunt
3809 3653 3909 3694 tre-

2337 3773 2476 3811 more
2496 3755 2667 3827 (Psal.
2696 3769 2754 3817 η,
2783 3753 2870 3816 10,
2906 3749 3017 3823 il).
3049 3750 3117 3804 Et
3151 3747 3277 3816 quid
3303 3737 3579 3798 fecerunt?
3605 3735 3685 3831 ibi
3712 3732 3911 3831 dolores.

2336 3856 2393 3901 ut
2421 3824 2765 3915 parturientis.
2792 3841 2927 3909 Ouid
2952 3848 3077 3894 sunt
3124 3837 3320 3891 dolores
3353 3842 3410 3886 ut
3434 3824 3911 3922 parturientis,_nisi

2336 3912 2549 3994 dolores
2566 3935 2908 4005 ptenitentis?
2936 3932 3071 3987 Vide
3091 3931 3257 4000 ipsam
3282 3920 3684 4013 conceptionem
3709 3912 3912 4013 doloris

2337 4037 2393 4083 et
2419 4025 2818 4097 parturitionis:
2844 4024 2889 4077 Α
2915 4023 3090 4075 timore
3133 4028 3239 4081 tuo,
3279 4007 3653 4107 inquitis-aias,
3675 4007 3906 4107 conc-e21;-

2337 4087 2469 4179 mus,
2498 4126 2545 4170 et
2568 4114 2925 4185 parturivimus
2952 4110 3202 4180 Spiritum
3238 4104 3415 4160 salutis
3439 4094 3591 4167 (Isai.
3622 4103 3763 4151 xxtt,
3798 4087 3905 4154 18).

2336 4211 2425 4267 Sic
2448 4224 2575 4279 ergo
2597 4212 2953 4277 conceperant
2976 4214 3130 4271 reges
3153 4214 3184 4252 a
3209 4198 3398 4252 timore
3416 4187 3631 4250 Christi,
3654 4192 3713 4237 ut
3729 4188 3907 4283 part-u-

2337 4301 2527 4358 riendo
2553 4300 2776 4354 salutem
2812 4301 3061 4365 parerent
3086 4285 3355 4346 credendo
3397 4285 3449 4337 in
3487 4294 3610 4372 eum
3656 4285 3815 4372 quem
3841 4279 3906 4324 ti-

2339 4396 2608 4446 muerunt.
2642 4386 2669 4442 l
2677 4388 2726 4441 bi
2750 4385 2948 4440 dolores
2974 4382 3102 4435 sicut
3121 4373 3458 4449 parturientis.
3486 4368 3582 4426 Ubi
3608 4368 3904 4459 turturian

2339 4492 2445 4538 tem
2467 4481 2637 4542 audis,
2668 4479 2830 4532 fetum
2850 4479 3127 4543 exspecta.
3157 4464 3388 4524 Parturit
3415 4471 3572 4517 vetus
3611 4456 3794 4517 homo,
3815 4448 3907 4504 sed

2337 4570 2572 4627 nascitur
2597 4581 2767 4623 novus
2793 4567 2972 4619 homo.
2998 4560 3074 4615 lbi
3094 4557 3293 4613 dolores
3314 4563 3368 4608 ut
3388 4544 3731 4623 parturientis.

2408 4661 2463 4717 6.
2487 4659 2644 4733 [vers.
2662 4655 2742 4728 8.]
2770 4654 2833 4709 In
2857 4653 3040 4722 spiritu
3066 4648 3280 4703 violento
3295 4640 3545 4733 conteres}
3574 4649 3722 4689 nares
3745 4630 3910 4733 τῆσγε

2336 4751 2426 4816 sis.
2453 4719 2691 4803 Bievitcr
2718 4719 3024 4810 intelligitur
3042 4780 3059 4805 ,
3082 4744 3289 4793 evertes
3317 4728 3613 4820 superbiam
3652 4719 3906 4820 gentium.

2338 4809 2443 4896 Sed
2471 4837 2610 4892 unde
2659 4851 2726 4890 ex
2772 4835 2871 4888 hac
2891 4809 2906 4810 γ
2927 4830 3144 4886 historia
3174 4826 3369 4879 dicitur
3411 4817 3620 4875 eversio
3647 4809 3909 4881 superbia

2288 4934 2291 4935 ⁷
2337 4929 2615 5004 gentium?
2639 4928 2863 4995 Pmpter
2908 4938 3059 4977 naues
3098 4916 3330 4973 Tltarsis.
3376 4909 3596 5004 Tharsis
3638 4904 3906 5004 civitatem

2337 4994 2659 5090 quaesierunt
2677 4994 2836 5079 docti,
2862 5017 2965 5070 hoc
2987 5025 3089 5075 est,
3115 5022 3357 5078 quaenam
3377 5003 3563 5059 civitas
3584 4999 3684 5053 hoc
3698 4994 3909 5098 nomine

2337 5088 2722 5186 signiﬁcaretur
2748 5127 2761 5161 :
2794 5119 2847 5161 et
2874 5101 3320 5173 aliquibusvisum
3346 5107 3427 5151 est
3450 5092 3684 5187 Ciliciam
3708 5088 3903 5187 dicta-nt

2338 5173 2459 5258 esse
2487 5173 2723 5265 Titarsis,
2745 5214 2810 5253 ex
2834 5213 2901 5252 eo
2923 5195 3063 5265 quod
3090 5188 3396 5261 metropolis
3426 5186 3539 5254 ejus
3568 5181 3809 5236 Tharsos
3826 5175 3907 5230 di-

2338 5295 2496 5349 citur.
2521 5292 2595 5347 De
2624 5263 2733 5361 qua
2770 5263 2983 5345 civitate
3024 5295 3139 5341 erat
3182 5283 3339 5339 etiam
3385 5276 3576 5333 Paulus
3618 5270 3905 5342 apostolus,

2339 5395 2495 5440 natus
2525 5386 2577 5438 in
2610 5374 2816 5438 Tharso
2841 5380 3039 5436 Cilicia:
3059 5378 3198 5444 (Act.
3223 5390 3335 5433 xxi,
3373 5371 3482 5437 39).
3515 5366 3687 5434 Aliqui
3733 5370 3905 5421 autem

2339 5491 2457 5530 eam
2498 5474 2866 5542 Carthaginem
2906 5470 3328 5524 intellexerunt:
3362 5457 3603 5516 fortassis
3628 5452 3905 5523 aliquando

2341 5566 2411 5619 ita
2441 5564 2790 5626 noininatam,
2813 5542 2905 5613 aut
2936 5560 3113 5627 aliqua
3142 5554 3405 5610 locutione
3435 5551 3506 5603 ita
3538 5542 3905 5615 significatam.

2405 5760 2419 5788 ι
2457 5756 2677 5817 Plerique
2701 5763 2824 5813 Mss,
2849 5760 3094 5803 conletms
3119 5763 3135 5799 :
3161 5757 3213 5799 et
3234 5745 3372 5805 infra,
3392 5750 3623 5795 evertens.
