3968 6354
286 421 388 476 537

288 535 530 606 Diamque
555 537 695 608 apud
746 534 1058 609 prophetam
1087 535 1273 593 Isaiam
1307 534 1385 591 sic
1413 537 1676 590 invenitur
1705 549 1718 584 :
1748 529 1884 584 Ulu-

291 629 395 680 lute
423 645 572 682 naves
592 627 913 699 Carthaginis
939 627 1090 697 (Isai.
1116 644 1270 694 χχιιι,
1292 629 1344 693 1,
1363 643 1465 681 sec.
1496 624 1684 694 LXX).
1728 620 1883 691 Apud

295 718 632 776 Ezecliieletn
675 729 852 775 autem
882 736 909 773 a
941 720 1168 774 diversis
1217 716 1594 786 interpretibus
1617 756 1631 779 ,
1671 712 1739 765 ab
1766 712 1886 764 aliis

292 811 600 882 Carthago,
650 813 719 867 ab
763 814 882 867 aliis
926 813 1144 867 Tharsis
1185 812 1529 880 interpretata
1558 805 1880 876 est(Ezecli.

294 918 520 968 xxxvni,
550 904 638 968 l5,
657 921 757 958 sec.
782 903 950 974 LXX)
972 922 984 967 ;
1005 914 1058 958 et
1077 903 1177 957 hae
1201 903 1506 957 diversitate
1536 903 1883 969 interpretum

295 986 476 1063 petest
497 995 715 1066 intelligi
746 996 880 1051 hanc
904 996 1157 1066 appellari
1174 994 1457 1059 Tharsum,
1477 1009 1597 1062 qua:
1621 989 1888 1056 Carthago

296 1086 591 1141 dicebatur.
609 1087 938 1142 Manifestum
957 1097 1039 1143 est
1062 1098 1261 1153 autem,
1277 1087 1415 1157 quod
1434 1083 1722 1156 primordia
1739 1081 1885 1148 regni

295 1178 634 1250 Carthaginis
647 1181 869 1235 navibus
883 1181 1196 1244 ﬂoruerunt,
1209 1181 1345 1236 etita
1357 1179 1736 1244 ﬂoruerunt,ut
1749 1175 1886 1230 inter

293 1277 519 1325 caeteras
530 1280 716 1341 gentes
733 1272 1056 1328 excellerent
1069 1269 1514 1342 negotiationibus
1531 1281 1584 1324 et
1603 1267 1888 1337 navigatio-

297 1361 473 1417 nibus.
498 1363 625 1417 Nam
645 1364 858 1434 quando
875 1365 1006 1420 Dido
1023 1364 1231 1434 fugiens
1246 1365 1461 1418 fratrem
1489 1362 1704 1430 delapsa
1722 1369 1803 1414 est
1817 1359 1883 1412 ad

298 1465 470 1508 terras
486 1455 701 1522 Africae,
721 1457 807 1512 ubi
821 1457 1196 1527 Carthaginem
1213 1457 1469 1521 condidit,
1486 1470 1646 1509 naves
1662 1469 1778 1524 qua:
1795 1468 1886 1523 pa-

293 1556 426 1600 rata:
451 1556 605 1602 erant
623 1548 688 1601 ad
715 1550 1097 1604 mercationem
1127 1550 1179 1603 in
1198 1549 1312 1618 ejus
1338 1547 1555 1614 regione
1579 1558 1888 1613 assumpse-

291 1646 381 1692 rat
405 1637 472 1693 ad
499 1639 696 1710 fugam,
722 1641 1178 1698 consentientibus
1200 1640 1301 1696 sibi
1330 1640 1563 1710 regionis
1596 1638 1712 1708 ejus
1743 1637 1886 1704 prin-

290 1730 504 1800 cipibus
535 1750 549 1789 :
575 1743 629 1788 et
657 1733 783 1802 ipsa:
829 1749 994 1788 naves
1029 1734 1189 1788 etiam
1216 1733 1429 1788 condita
1455 1729 1776 1799 Carthagine
1816 1726 1883 1781 ad

293 1821 673 1890 negotiandum
701 1840 804 1878 non
839 1823 1167 1879 defecerunt.
1199 1823 1372 1894 Atque
1402 1824 1526 1877 hinc
1550 1821 1768 1874 nituium
1790 1835 1883 1873 su-

295 1915 459 1982 perba
485 1915 620 1970 facta
649 1925 731 1970 est
755 1917 941 1972 civitas
958 1917 1071 1983 illa,
1100 1925 1158 1971 ut
1181 1917 1339 1987 digne
1365 1932 1461 1986 per
1480 1918 1596 1985 ejus
1623 1928 1783 1968 naves
1805 1914 1879 1966 in-

295 2005 564 2076 telligatur
602 2009 853 2078 superbia
908 2011 1165 2080 gentium,
1196 2023 1526 2078 praesumens
1569 2008 1623 2061 in
1663 2007 1882 2060 incertis

293 2106 545 2168 tauquam
577 2101 628 2155 in
659 2101 868 2156 flatibus
909 2111 1209 2156 ventorum.
1258 2102 1374 2156 Jam
1399 2117 1503 2155 non
1531 2108 1885 2170 pnesumatur

289 2188 362 2242 de
393 2190 780 2259 velificatione,
805 2200 860 2246 et
900 2193 1052 2262 quasi
1108 2194 1459 2263 prosperitate
1495 2191 1674 2246 smculi
1702 2189 1878 2260 hujus,

290 2289 543 2351 tauquam
573 2283 773 2338 maris:
802 2283 1201 2338 fundamentum
1252 2294 1489 2338 nostrum
1522 2284 1574 2337 in
1618 2283 1748 2337 Sion
1775 2283 1878 2346 sit;

289 2373 363 2427 ibi
390 2375 614 2430 stabiliri
645 2377 921 2442 debemus,
943 2394 1046 2432 non
1078 2379 1290 2448 perflari
1317 2380 1461 2432 omni
1495 2388 1650 2432 vento
1677 2378 1875 2432 doctri~

289 2482 377 2521 na:
403 2466 618 2536 (Eplies.
653 2485 724 2535 iv,
759 2471 874 2540 14).
897 2473 1227 2541 Quicumque
1253 2488 1379 2541 ergo
1423 2489 1485 2526 ex
1530 2473 1745 2527 incertis
1783 2471 1883 2525 hu—

281 2559 379 2628 jus
404 2561 525 2615 vita:
571 2570 872 2617 lumuerant
896 2603 912 2630 ,
945 2573 1281 2625 evertantur;
1304 2573 1358 2616 et
1388 2564 1698 2633 subjiciatur
1726 2561 1880 2617 Chri-

285 2660 378 2704 sto
405 2652 580 2705 omnis
603 2653 848 2720 superbia
879 2654 1134 2723 gentium,
1166 2654 1439 2708 conterenti
1482 2656 1531 2707 in
1570 2655 1750 2721 spiritu
1771 2654 1879 2707 vio-

287 2741 426 2796 lento
462 2760 612 2797 naves
645 2743 850 2800 T/tarsis
877 2763 891 2798 :
919 2763 1022 2800 non
1065 2747 1445 2816 enjuscumque
1491 2748 1718 2800 civitatis
1741 2787 1757 2811 ,
1786 2746 1879 2800 sed

289 2830 522 2887 Tharsis.
563 2833 842 2902 Quomodo
867 2838 920 2890 in
952 2837 1134 2906 spiritu
1163 2836 1377 2891 violento
1399 2837 1426 2888 Ρ
1451 2838 1665 2892 Timore
1698 2836 1878 2891 furtis-

283 2921 446 2978 sitno.
487 2924 574 2980 Sic
595 2926 736 2980 enim
764 2942 886 2981 eum
923 2930 1136 2982 tremuit
1165 2928 1340 2983 omnis
1382 2929 1630 2999 superbia
1671 2930 1880 2996 judica-

286 3023 492 3082 turum,
518 3027 575 3072 ut
603 3019 654 3072 in
683 3018 935 3073 humilem
966 3021 1226 3085 crederet,
1257 3038 1323 3075 ne
1361 3022 1625 3075 eaeelsum
1653 3036 1884 3090 expave-

282 3119 482 3165 sceret.

360 3204 414 3256 7.
445 3202 595 3275 [vers.
624 3203 704 3276 9.]
733 3203 878 3259 Sicut
905 3205 1210 3274 audivimus,
1240 3207 1311 3260 ita
1334 3217 1381 3260 et
1400 3206 1701 3262 vidium-3.0
1729 3207 1879 3263 beata

285 3292 566 3349 Ecclesia!
594 3295 826 3366 quodam
858 3307 1098 3368 tempore
1131 3298 1346 3363 audisti,
1379 3298 1609 3368 quodam
1640 3305 1883 3367 tempore

284 3385 490 3440 vidisti.
519 3386 738 3441 Audivit
761 3388 814 3442 in
845 3388 1310 3457 promissionibus,
1342 3389 1490 3444 videt
1517 3392 1570 3444 in
1593 3390 1878 3445 exhibitio-

285 3479 445 3534 nibus
464 3480 695 3534 :audivit
723 3481 774 3534 in
805 3481 1108 3552 prophetia,
1129 3483 1276 3538 videt
1301 3484 1354 3538 in
1369 3485 1880 3553 Evangelio.0mnia

282 3569 427 3626 enim
469 3587 590 3642 qua:
619 3573 780 3627 modo
806 3575 1175 3644 complentur,
1206 3585 1361 3632 antea
1393 3578 1704 3647 prophetata
1735 3587 1878 3632 sunt.

283 3662 447 3732 Erige
469 3665 656 3720 oculos
672 3681 823 3736 ergo,
847 3679 901 3722 et
924 3666 1165 3722 diffunde
1189 3684 1286 3739 per
1320 3669 1574 3723 mundum
1599 3685 1614 3735 ;
1640 3670 1756 3724 vide
1768 3687 1880 3737 jam

283 3755 652 3811 bmreditatem
681 3773 846 3826 usque
867 3758 932 3812 ad
962 3758 1216 3813 terminos
1244 3759 1391 3813 orbis
1413 3769 1568 3815 terrae
1596 3779 1607 3813 :
1632 3761 1752 3815 vide
1767 3762 1878 3831 jam

282 3847 496 3916 impleri
514 3848 654 3918 quod
671 3849 872 3903 dictum
900 3858 1002 3912 est,
1031 3848 1330 3904 Adorabunt
1361 3867 1476 3904 eum
1524 3868 1695 3906 omnes
1741 3868 1881 3922 reges

283 3950 452 4005 terra,
485 3957 657 3996 omnes
681 3951 853 4012 gentes
876 3945 1091 3997 servient
1112 3944 1189 3996 illi
1224 3942 1398 4015 (Psal.
1428 3961 1489 3998 1.x
1501 3961 1576 4010 ιιι,
1611 3944 1718 4016 ll).
1747 3945 1880 4000 Vide

281 4031 561 4100 impletum
584 4047 705 4088 esse
725 4034 868 4103 quod
898 4034 1099 4088 dictum
1127 4043 1231 4100 est,
1255 4034 1498 4089 Exaltare
1521 4053 1674 4105 super
1703 4039 1874 4104 ctelos,

282 4120 524 4186 θεωρία
547 4139 700 4193 super
718 4140 917 4178 omnem
943 4132 1129 4179 tetram
1152 4127 1316 4196 gloria
1345 4137 1432 4179 tua
1452 4126 1623 4198 (Psul.
1651 4143 1776 4194 cvn,
1795 4127 1877 4199 6).

287 4212 422 4267 Vide
439 4212 586 4268 illum
615 4215 765 4284 cujus
788 4217 948 4284 pedes
973 4226 1232 4273 etmauus
1258 4217 1348 4273 fixi
1370 4227 1496 4274 sunt
1514 4221 1703 4283 clavis,
1725 4219 1880 4288 cujus

281 4319 405 4357 ossa
434 4305 484 4358 in
518 4305 660 4374 ligno
683 4306 970 4375 pendentia
1014 4318 1290 4363 numerata
1343 4321 1507 4375 sunt,
1535 4326 1698 4380 super
1725 4313 1878 4382 cujus

280 4398 662 4451 vestimentum
713 4413 832 4453 sors
871 4400 1032 4455 missa
1059 4401 1363 4470 est(tllattlt.
1385 4419 1554 4469 xxv”,
1583 4405 1674 4475 35)
1710 4423 1724 4459 :
1756 4405 1880 4461 vide

281 4500 632 4561 regnantem,
677 4507 836 4560 quem
894 4493 970 4546 illi
1000 4494 1250 4548 viderunt
1297 4496 1797 4564 pcndentcmzvide
1825 4498 1876 4552 iu

279 4580 425 4636 caelo
452 4581 752 4649 sedentem,
775 4599 936 4654 quem
957 4596 1392 4656 contempserunt
1420 4588 1470 4641 in
1504 4596 1641 4642 terra
1691 4589 1878 4644 ambu-

283 4677 508 4730 lantem.
540 4676 674 4732 Vide
697 4677 820 4732 inde
848 4678 1074 4748 impleri,
1103 4678 1655 4743 Commemorabuutur,
1685 4693 1731 4735 et
1754 4697 1882 4734 con-

277 4775 538 4820 vertentur
549 4767 617 4820 σά
638 4766 915 4822 Dominum
940 4769 1158 4823 universi
1180 4771 1308 4838 ﬁnes
1329 4780 1496 4837 terrae,
1524 4781 1570 4825 et
1591 4772 1877 4826 adorabunt

277 4858 333 4910 iu
365 4868 633 4928 conspectu
673 4861 786 4930 ejus
815 4861 1059 4916 univerm
1100 4863 1281 4929 patria:
1310 4866 1529 4934 gentium
1551 4862 1724 4930 (Psal.
1755 4881 1871 4929 ιιιιι,

278 4949 398 5018 28).
429 4950 552 5005 Ilaec
585 4951 770 5006 videns
789 4953 1028 5007 exclama
1054 4969 1175 5008 cum
1219 4957 1451 5024 gaudio,
1499 4955 1646 5011 Sicut
1674 4957 1875 5011 audivi-

279 5058 415 5102 mus,
447 5043 517 5094 ita
547 5051 592 5096 et
624 5043 859 5097 vidimus.
890 5044 1080 5099 Merito
1099 5047 1176 5100 sic
1215 5055 1434 5100 vocatur
1487 5046 1598 5117 ipsa
1632 5048 1871 5102 Ecclesia

277 5137 349 5190 de
369 5137 617 5205 gentibus
646 5155 660 5192 :
691 5137 825 5190 Audi
858 5139 988 5206 ﬁlia,
1019 5147 1067 5192 et
1092 5140 1222 5203 vide,
1250 5151 1296 5193 et
1319 5140 1606 5194 obliviscere
1626 5142 1873 5212 populum

277 5241 424 5283 tuum
452 5239 498 5282 et
515 5229 720 5284 domum
737 5233 896 5301 patris
937 5232 1012 5285 tui
1039 5231 1208 5304 (Psal.
1245 5249 1388 5298 xuv,
1425 5234 1534 5302 Η).
1565 5234 1722 5288 Pater
1754 5243 1874 5289 tuus

279 5321 479 5391 Aquilo
515 5321 631 5386 fuit,
664 5323 784 5378 veni
833 5322 904 5378 ad
961 5331 1199 5379 montem
1247 5324 1397 5380 Sion.
1432 5326 1603 5388 Audi,
1629 5335 1681 5380 et
1711 5327 1870 5382 vide:

277 5430 387 5468 non
418 5413 557 5480 vide,
576 5423 630 5469 et
655 5414 780 5469 audi
801 5431 815 5478 ;
835 5414 930 5470 sed
953 5416 1098 5481 audi,
1117 5427 1168 5470 et
1186 5417 1304 5470 vide
1329 5435 1341 5469 :
1368 5418 1512 5486 prius
1535 5417 1654 5470 audi
1675 5461 1687 5481 ,
1722 5426 1870 5486 post-

276 5524 342 5561 ea
367 5507 506 5564 vide.
541 5507 707 5562 Audis
749 5509 923 5577 primo
947 5509 1091 5577 quod
1133 5523 1240 5561 non
1272 5509 1421 5562 vides
1444 5551 1459 5574 ,
1492 5509 1694 5563 videbis
1727 5519 1873 5578 post-

276 5615 339 5652 ea
399 5598 541 5670 quod
570 5599 782 5654 audisti.
835 5598 1090 5670 Populus,
1120 5601 1309 5671 inquit,
1336 5619 1482 5671 quem
1512 5620 1611 5655 non
1638 5605 1866 5670 cognovi,

275 5693 480 5746 servivit
531 5693 676 5756 mihi,
703 5693 756 5747 in
783 5691 1026 5747 obauditu
1071 5696 1212 5746 auris
1239 5695 1494 5749 obaudivit
1523 5697 1646 5748 mihi
1695 5695 1865 5764 (Psal.

273 5797 412 5841 1v".
445 5782 559 5853 45).
590 5781 645 5837 Si
673 5782 726 5836 in
755 5782 1008 5837 obaubitu
1031 5785 1174 5836 auris
1197 5783 1486 5844 obaudivit.
1516 5800 1643 5854 ergo
1667 5801 1771 5840 non
1802 5788 1870 5840 vi-

274 5877 368 5935 dit.
400 5876 468 5933 Ει
495 5877 581 5932 ubi
602 5885 705 5945 est,
740 5874 930 5942 Quibus
973 5893 1073 5932 non
1116 5885 1187 5931 est
1235 5878 1514 5932 nuntiatum
1541 5877 1603 5932 de
1625 5895 1701 5946 eo,
1733 5879 1870 5934 vide-

1354 417 1750 478 ENABRATIO
1789 413 1854 470 lN
1890 411 2218 471 PSALItlUM
2259 415 2462 473 XLVII.

3465 415 3569 476 538

1989 528 2152 592 bunt;
2180 541 2229 584 et
2250 531 2334 600 qui
2371 547 2472 584 non
2501 531 2802 601 audierunt,
2823 534 3100 607 intelligent
3125 534 3278 607 (Isai.
3311 552 3401 603 ιιι,
3436 537 3528 600 ιι.)
3550 539 3576 591 τ

1987 619 2070 674 Ad
2091 637 2227 690 quos
2249 639 2352 676 non
2383 623 2531 677 missi
2559 635 2681 678 sunt
2709 624 3009 695 Prophette,
3039 627 3139 699 ipsi
3170 627 3344 698 primo
3388 628 3574 685 audie-

1989 720 2114 764 runt
2154 721 2208 767 et
2249 713 2628 768 intellexerunt
2658 716 2949 784 Prophetas
2975 737 2988 771 :
3014 719 3090 772 illi
3119 719 3208 788 qui
3239 721 3413 788 primo
3466 736 3574 774 non

1988 801 2289 869 audierunt,
2317 814 2501 873 postea
2530 807 2808 861 audientes
2833 809 3075 863 admirati
3111 820 3254 868 sunt.
3278 812 3576 867 Remanse—

1987 903 2115 948 runt
2144 894 2218 948 illi
2248 894 2315 949 ad
2337 912 2470 965 quos
2498 898 2642 951 missi
2674 908 2830 965 sunt,
2863 900 3073 954 codices
3105 902 3354 967 ferentes,
3377 901 3576 956 verita-

1990 993 2098 1039 tem
2139 1001 2244 1040 non
2287 988 2642 1056 intelligentes
2667 1005 2682 1054 ;
2712 989 3038 1045 Testamenti
3061 991 3267 1044 tabulas
3295 990 3576 1051 habentes,

1989 1087 2043 1130 et
2073 1077 2436 1132 hmreditatem
2459 1094 2560 1132 non
2595 1089 2852 1135 tenentes.
2874 1079 2978 1134 Sed
3003 1096 3100 1135 nos
3123 1082 3252 1133 sicut
3272 1079 3580 1145 audivimus,

1989 1166 2059 1219 ita
2074 1177 2120 1219 et
2139 1167 2372 1222 vidimus.
2397 1166 2464 1221 In
2486 1170 2681 1223 civitate
2697 1169 2897 1225 Domini
2923 1172 3180 1230 virtutum.
3204 1171 3256 1223 in
3271 1172 3470 1224 civitate
3487 1170 3581 1224 De:

1990 1258 2166 1311 nostri.
2187 1259 2261 1312 lbi
2275 1259 2675 1324 audivimus,ibi
2693 1270 2745 1315 et
2761 1261 3009 1316 vidimus.
3028 1261 3188 1316 Extra
3211 1262 3354 1316 illam
3368 1259 3457 1332 qui
3471 1269 3576 1326 est,

1990 1365 2089 1404 nec
2118 1351 2283 1417 audit,
2315 1369 2414 1408 nec
2459 1354 2637 1418 videt;
2660 1357 2709 1409 in
2739 1355 2830 1410 illa
2861 1357 2946 1426 qui
2974 1365 3075 1419 est,
3116 1371 3214 1410 nec
3241 1355 3434 1408 surdus
3478 1369 3576 1408 ucc

1987 1455 2160 1496 czecus
2186 1453 2284 1498 est.
2317 1444 2776 1511 Sicutaudivimus,
2800 1447 2930 1498 itaet
2948 1445 3178 1498 vidimus.
3208 1445 3270 1498 Et
3289 1443 3574 1498 ubiaudis?

1987 1535 2076 1589 ubi
2102 1536 2291 1591 vides?
2318 1535 2382 1590 1η
2412 1539 2612 1592 civitate
2647 1538 2856 1593 Domini
2888 1539 3146 1605 virtutum,
3177 1540 3228 1592 in
3250 1539 3450 1592 civitate
3475 1535 3572 1590 Dei

1987 1628 2167 1680 nostri.
2202 1626 2340 1682 Deus
2371 1629 2602 1698 fundavit
2645 1647 2754 1684 eam
2804 1632 2856 1683 in
2885 1641 3151 1684 internum.
3179 1629 3293 1684 Non
3319 1627 3575 1681 insultent

1989 1720 2221 1776 haaretici
2247 1736 2342 1789 per
2371 1732 2547 1790 partes
2572 1722 2828 1777 conscissi
2859 1737 2997 1777 :non
3025 1737 3083 1777 se
3103 1722 3358 1775 extollant
3376 1718 3466 1790 qui
3486 1718 3571 1772 di-

1986 1822 2130 1876 cunt,
2161 1811 2293 1867 Ecce
2317 1814 2398 1866 hic
2422 1825 2492 1867 est
2522 1813 2769 1880 Christus,
2795 1831 2904 1868 ecce
2923 1812 3258 1883 illic(Matt/t.
3287 1828 3428 1877 XXW,
3455 1809 3570 1882 23).

1987 1903 2085 1971 Qui
2121 1905 2268 1973 dicit,
2299 1906 2430 1960 Ecce
2458 1907 2537 1959 hic
2563 1916 2657 1973 est,
2686 1923 2799 1960 ecce
2841 1907 2966 1969 illic,
2998 1906 3062 1958 ad
3116 1914 3291 1974 partes
3348 1903 3572 1958 inducit.

1987 1994 2258 2051 Unitatem
2288 1997 2527 2065 premisit
2554 1997 2696 2052 Deus
2722 2015 2734 2049 :
2756 2012 2908 2068 reges
2940 1998 2991 2051 in
3022 2012 3184 2050 unum
3202 1995 3408 2049 collecti
3427 2003 3574 2061 sunt,

1985 2103 2089 2140 non
2122 2103 2216 2154 per
2240 2087 2524 2142 schismata
2567 2088 2808 2159 dissipati
2833 2099 2977 2143 sunt.
3005 2088 3110 2143 Sed
3141 2087 3278 2142 forte
3319 2089 3418 2142 ista
3446 2087 3578 2142 civi-

1986 2189 2063 2233 tas
2094 2196 2216 2250 qua:
2246 2181 2499 2234 mundum
2526 2181 2722 2245 tenuit,
2753 2180 3035 2250 aliquando
3064 2189 3352 2234 evertetur.
3381 2178 3572 2233 Absit:

1985 2272 2122 2324 Deus
2148 2274 2376 2340 [undavit
2396 2277 2505 2327 eum
2529 2274 2580 2327 in
2605 2287 2868 2329 cateruam.
2901 2272 2957 2328 Si
2991 2289 3119 2344 ergo
3148 2289 3263 2327 eam
3291 2274 3427 2326 Deus
3459 2273 3574 2327 fun-

1981 2363 2126 2417 (ιη-ιι
2157 2365 2207 2417 in
2239 2374 2540 2431 aeternum,
2585 2365 2711 2434 quid
2759 2366 2913 2420 times
2959 2379 3027 2420 ne
3072 2363 3227 2419 cadat
3266 2363 3576 2418 ﬁrmamen.

1982 2461 2092 2508 tum
2108 2453 2135 2510 τ

2036 2548 2089 2604 8.
2113 2546 2382 2621 [υεγε.10.]
2407 2549 2754 2619 Suscepimus,
2778 2547 2929 2614 Deus,
2956 2547 3503 2602 misericordiamtuam
3520 2545 3576 2600 in

1984 2639 2148 2691 medio
2166 2642 2341 2709 populi
2362 2641 2435 2692 tui
2459 2642 2495 2693 ί.
2545 2639 2644 2706 Qui
2689 2647 3137 2708 susceperunt,et
3181 2639 3267 2691 ubi
3318 2652 3573 2706 suscepe-

1983 2740 2107 2783 runt
2123 2731 2146 2783 ?
2161 2731 2348 2785 Nonne
2376 2732 2488 2800 ipse
2507 2731 2732 2800 papulas
2753 2740 2874 2784 tuus
2900 2729 3133 2798 suscepit
3154 2727 3573 2783 misericordiam

1984 2822 2162 2875 tuam?
2186 2822 2241 2877 Si
2282 2822 2508 2892 pepulus
2535 2834 2654 2875 tuus
2683 2823 2917 2891 suscepit
2955 2820 3374 2875 misericordiam
3404 2829 3574 2884 tuam,

1983 2915 2252 2986 quomodo
2289 2914 2601 2983 suscepimus
2633 2913 3032 2966 misericordiam
3067 2920 3228 2972 tuam,
3256 2923 3302 2964 et
3335 2911 3385 2962 in
3407 2910 3573 2963 medio

1984 3007 2161 3079 populi
2191 3007 2306 3060 tui?
2331 3007 2479 3076 quasi
2511 3005 2600 3059 alii
2631 3005 2736 3058 sint
2760 3003 2849 3074 qui
2874 3002 3346 3073 suseeperunt,alii
3372 3001 3574 3070 inquo-

1983 3118 2099 3156 rum
2130 3101 2305 3155 medio
2331 3108 2695 3168 susceperunt.
2739 3097 2983 3167 Magnum
3029 3104 3444 3158 sacramentum,
3475 3091 3572 3147 sed

1986 3203 2160 3247 tamen
2183 3202 2366 3246 notum
2403 3209 2415 3244 :
2445 3207 2566 3245 cum
2597 3198 2652 3244 ct
2680 3189 2825 3252 hinc,
2854 3189 2953 3241 hoc
2978 3197 3080 3249 est,
3109 3201 3171 3240 ex
3203 3185 3286 3238 bis
3331 3184 3573 3238 versibus

1984 3285 2316 3353 exseulptum
2349 3282 2506 3337 fuerit
2535 3291 2589 3336 et
2613 3291 2822 3336 erutum
2852 3280 2996 3350 quod
3023 3281 3208 3336 nostis,
3235 3292 3341 3330 non
3370 3309 3377 3324 .
3401 3294 3465 3329 ιιι
3485 3292 3572 3324 Η..

1983 3376 2123 3442 dius,
2152 3375 2242 3430 sed
2261 3374 2486 3429 dulcius.
2510 3372 2660 3427 Nunc
2683 3372 2881 3441 quippe
2914 3369 3140 3438 populus
3164 3367 3256 3422 Dei
3285 3377 3573 3421 censentur

1983 3484 2170 3522 omnes
2214 3467 2304 3534 qui
2347 3473 2559 3535 portant
2605 3471 2938 3517 sacramenta
2967 3461 3102 3528 ejus,
3128 3459 3220 3512 scd
3250 3471 3354 3510 non
3385 3470 3574 3510 omnes

1987 3561 2255 3630 pertinent
2279 3558 2345 3612 ad
2378 3555 2796 3611 misericordiam
2828 3553 2965 3623 ejus.
2994 3552 3195 3607 Omnes
3244 3565 3442 3619 quippe
3488 3564 3573 3603 sa-

1982 3659 2311 3706 cramentum
2368 3648 2624 3716 Baptismi
2659 3646 2855 3700 Christi
2906 3644 3253 3714 accipientes,
3286 3640 3574 3697 Christiani

1981 3755 2271 3808 vocantur;
2299 3739 2392 3794 sed
2438 3755 2543 3792 non
2597 3753 2784 3791 omnes
2832 3734 3109 3807 digncillo
3132 3741 3469 3788 sacramento
3500 3730 3575 3784 νὶ-

1982 3843 2130 3887 vunt.
2155 3833 2290 3886 Sunt
2316 3833 2458 3888 enim
2489 3829 2701 3901 quidam
2749 3828 2816 3883 de
2859 3828 3050 3898 quibus
3089 3825 3218 3879 dicit
3242 3824 3573 3893 Apostolus:

1985 3925 2238 3979 Habentes
2263 3929 2478 3994 formam
2503 3923 2719 3993 pietatis,
2745 3922 2974 3974 virtutem
2996 3928 3162 3970 autem
3183 3918 3294 3982 ejus
3321 3914 3572 3985 abneganv

1982 4030 2054 4073 tes
2085 4020 2147 4086 (ll
2173 4018 2307 4073 Tim.
2337 4034 2414 4080 tu,
2442 4017 2523 4087 5).
2547 4016 2746 4071 Tamen
2772 4023 2988 4082 propter
3015 4012 3182 4080 ipsam
3208 4009 3438 4078 speciem
3465 4007 3570 4075 pieo

1983 4112 2104 4165 talis
2132 4111 2182 4166 in
2215 4111 2407 4180 populo
2437 4109 2527 4163 Dei
2559 4107 2903 4162 nominantur
2931 4123 2943 4157 :
2967 4101 3236 4174 quomodo
3263 4099 3330 4154 ad
3367 4114 3571 4162 aream,

1980 4204 2231 4274 quamdiu
2264 4204 2565 4266 trituratur,
2598 4216 2706 4254 non
2735 4199 2907 4252 solum
2955 4211 3140 4266 grana,
3169 4193 3263 4248 sed
3285 4193 3446 4246 etiam
3481 4207 3573 4256 pa-

1980 4296 2060 4352 lea
2091 4295 2339 4367 pertinet.
2373 4291 2636 4359 Numquid
2677 4299 2730 4344 ct
2774 4289 2840 4343 ad
2885 4287 3136 4340 horreum
3169 4281 3490 4352 pertinebit?
3516 4279 3570 4333 ln

1983 4389 2081 4443 hoc
2107 4388 2282 4442 medio
2307 4397 2484 4441 autem
2529 4383 2709 4453 populi
2745 4381 2867 4435 mali
2897 4389 2978 4434 est
3009 4378 3235 4447 populus
3266 4376 3456 4438 bonus,
3481 4371 3570 4441 qui

1980 4481 2214 4549 suscepit
2242 4476 2662 4533 misericordiam
2694 4473 2809 4529 Dei.
2845 4471 3160 4538 Vivitdigne
3206 4464 3569 4520 misericordia

1982 4574 2097 4637 Dei,
2126 4574 2213 4643 qui
2242 4571 2387 4625 audit
2421 4579 2476 4625 et
2507 4577 2650 4624 tenet
2701 4577 2754 4620 ct
2807 4565 2930 4619 facit
2959 4563 3100 4632 quod
3129 4561 3203 4614 ait
3244 4556 3568 4628 Apostolus:

1981 4664 2341 4735 Prteripieutcs
2381 4678 2499 4733 ergo
2528 4675 2788 4730 rogamus,
2812 4674 2874 4710 ue
2901 4657 2953 4708 iu
2980 4667 3194 4707 vacuum
3231 4648 3448 4720 gratiam
3475 4646 3570 4701 Dei

1977 4760 2262 4826 suscipiatis
2289 4757 2356 4826 (ll
2372 4756 2488 4810 Cor.
2511 4771 2585 4819 Vl,
2616 4753 2689 4822 1).
2713 4751 2813 4818 Qui
2841 4764 2970 4819 ergo
2986 4763 3090 4800 uon
3119 4746 3170 4800 in
3201 4757 3422 4798 vacuum
3445 4757 3570 4809 gra-

1980 4852 2105 4904 tiam
2139 4852 2228 4904 Dei
2259 4848 2499 4918 suscipit,
2532 4846 2645 4916 ipsc
2673 4856 2781 4897 tam
2810 4847 3201 4896 sacramentum
3230 4851 3389 4906 quam
3407 4835 3567 4889 etiam

1979 4940 2397 4996 misericordiam
2428 4939 2520 4994 Dei
2544 4935 2782 5003 suscipit.
2814 4935 2876 4986 lit
2899 4931 3024 5002 quid
3053 4930 3126 4983 illi
3150 4929 3336 4993 obest,
3367 4925 3489 4996 quia
3516 4924 3570 4978 in

1981 5033 2157 5087 medio
2185 5030 2360 5101 pOpuli
2388 5030 2740 5084 inobcdientis
2767 5035 2869 5090 est,
2901 5024 3072 5078 donec
3101 5037 3222 5074 area
3254 5020 3354 5072 ista
3390 5016 3569 5071 venti-

1979 5125 2135 5190 lrtur,
2163 5123 2335 5177 donec
2359 5121 2483 5175 boni
2513 5135 2543 5173 a
2572 5119 2725 5172 malis
2741 5115 3090 5185 separentur?
3111 5113 3234 5181 quid
3259 5111 3310 5165 ei
3336 5109 3491 5162 obest
3515 5106 3566 5158 iu

1980 5215 2157 5270 medio
2182 5213 2358 5283 pepuli
2388 5210 2752 5266 habilarc?Sit
2774 5209 2841 5262 de
2868 5208 2970 5262 illis
2999 5205 3087 5275 qui
3118 5198 3450 5272 appellantur
3473 5197 3565 5252 lira

1978 5317 2328 5372 mamcutum,
2353 5303 2649 5372 suscipiens
2694 5299 3111 5355 misericordiam
3144 5297 3276 5361 Dei;
3302 5295 3373 5348 sit
3399 5292 3567 5346 lilium

1980 5401 2031 5454 in
2062 5400 2236 5453 medio
2262 5398 2556 5467 spinarum.
2599 5393 2731 5448 Nam
2757 5399 2811 5445 et
2847 5392 2974 5460 ipsa:
3014 5390 3182 5456 spina:
3216 5384 3466 5455 quoniam
3496 5379 3564 5435 ad

1979 5493 2229 5563 populum
2262 5491 2349 5544 Dei
2368 5489 2658 5560 pertinent,
2687 5486 2768 5539 vis
2807 5483 3027 5537 audire?
3054 5482 3128 5535 Ita
3161 5478 3432 5548 positacst
3456 5474 3564 5543 ipsa

1975 5582 2264 5638 similitudo
2294 5600 2305 5634 :
2333 5582 2479 5635 Sicut
2522 5579 2718 5642 lilium,
2743 5575 2912 5645 inquit
2939 5613 2956 5640 ,
2978 5572 3032 5626 in
3056 5571 3220 5625 medio
3257 5569 3522 5637 spinarum
3546 5605 3566 5634 ,

2041 5763 2056 5791 ι
2096 5766 2166 5806 Fr.
2196 5765 2248 5806 et
2269 5757 2571 5806 recentiores
2589 5760 2715 5810 .\lss.,
2742 5757 2906 5813 temptt
2926 5755 3012 5799 tm.
3039 5748 3132 5813 Sed
3155 5748 3311 5813 liquet
3344 5746 3564 5813 Augusti:

1976 5836 2090 5872 num
2116 5819 2320 5883 legisse,
2345 5818 2506 5883 populi
2536 5815 2622 5865 tui.
2647 5808 2717 5883 sic
2756 5808 2880 5874 apud
2919 5819 3028 5862 LXX
3063 5809 3174 5861 lacti
3208 5808 3306 5861 sou
3340 5808 3569 5871 tegeme

1975 5876 2415 5945 veteres'quidain,
2432 5878 2538 5930 ιυω
2560 5876 2684 5928 nacti
2706 5889 2810 5928 sou.
