3968 6332
433 359 534 418 539

429 472 503 526 ita
527 465 757 536 proxima
783 479 897 521 mea
933 461 987 520 in
1012 459 1178 518 medio
1205 458 1431 531 ﬁliarum
1455 455 1628 526 (Cant.
1657 470 1715 519 ιι,
1743 454 1822 524 9.).
1854 452 2024 510 Num-

429 565 557 639 quid
599 562 755 628 dixit,
787 559 839 616 in
887 556 1069 613 medio
1094 549 1422 612 alienarum?
1448 549 1599 614 Non;
1631 547 1744 609 sed,
1771 549 1823 601 in
1862 544 2028 598 medio

430 661 676 732 ﬁliorum.
699 655 838 712 Sunt
858 665 987 720 ergo
1009 649 1131 704 ﬁlim
1162 644 1341 710 malm.
1366 653 1421 700 et
1448 643 1588 698 inter
1614 641 1728 697 illas
1753 648 1838 732 est
1864 639 2028 732 lilium

428 729 486 810 in
507 749 670 807 medio
694 747 980 820 spinarum.
1008 738 1190 810 itaque
1212 734 1286 791 illi
1316 735 1406 807 qui
1444 743 1776 788 sacramenta
1805 729 2026 789 habent,

429 850 491 897 et
519 853 700 899 more:
728 837 901 898 bonos
938 845 1045 888 non
1074 827 1269 886 habent
1289 867 1306 895 ,
1329 833 1387 880 et
1425 825 1517 881 Dei
1556 822 1804 877 dicuntur
1829 828 1884 876 et
1922 833 2030 874 non

439 930 565 997 Dei;
593 937 650 989 et
689 927 808 996 ejus
833 923 1084 981 dicuntur
1111 927 1168 977 et
1207 916 1365 974 alieni
1395 914 1568 987 :ejus,
1598 921 1817 984 propter
1863 911 2030 980 ipsius

437 1028 866 1082 Sacramentum;
889 999 1069 1078 alieni,
1099 1020 1317 1081 propter
1343 1006 1616 1080 proprium
1641 1003 1849 1086 vitium.
1882 1003 1954 1057 Ita
1977 1008 2033 1056 et

439 1113 569 1173 illia
584 1111 776 1169 aliena:
809 1126 824 1164 :
853 1107 1245 1177 tiliae,propter
1275 1099 1498 1155 formam
1543 1096 1786 1167 pietatis;
1819 1094 2030 1158 alienm,

439 1213 663 1280 propter
700 1199 1044 1280 amissionem
1078 1193 1311 1250 virtutis.
1339 1189 1423 1248 Sit
1449 1187 1521 1244 ibi
1552 1187 1754 1280 lilium,
1775 1184 2033 1280 suscipiat

437 1277 873 1357 misericordiam
912 1289 1047 1356 Dei,
1094 1292 1274 1342 teneat
1298 1283 1536 1339 radicem
1565 1278 1692 1335 boni
1721 1277 1890 1341 floris,
1925 1291 2034 1332 non

440 1391 512 1447 sit
533 1381 1004 1460 ingratumpluvia:
1027 1376 1167 1435 dulci
1194 1373 1266 1430 de
1306 1374 1449 1430 uelo
1499 1368 1758 1425 venienti.
1809 1367 2034 1437 ingrata:

438 1487 552 1539 sint
576 1481 768 1551 opime,
783 1483 1031 1534 crescant
1053 1471 1120 1526 de
1139 1465 1434 1533 imbribus;
1463 1463 1528 1519 ad
1555 1464 1729 1533 ignem
1760 1468 2036 1536 crescunt,

441 1591 549 1630 non
579 1572 644 1628 ad
687 1572 960 1626 horreum.
1005 1554 1334 1630 Suscepim'us
1355 1597 1374 1624 ,
1415 1556 1554 1610 Deus
1577 1595 1594 1623 ,
1636 1551 2037 1607 misericordiam

440 1681 584 1725 tuam
618 1665 671 1720 in
696 1663 859 1719 medio
887 1656 1062 1731 populi
1091 1654 1184 1708 tui.
1213 1651 1271 1707 In
1298 1649 1476 1706 medio
1491 1645 1671 1718 populi
1689 1645 1762 1700 toi
1793 1657 1902 1700 non
1927 1657 2038 1696 sus-

441 1758 691 1832 cipientis
740 1748 1162 1810 misericordiam
1189 1756 1334 1802 tuam
1361 1757 1460 1798 nos
1481 1738 1814 1808 suscepimus
1836 1734 2042 1832 miseri-

441 1829 680 1910 cordiam
709 1857 876 1904 tuam.
909 1845 965 1900 in
989 1857 1083 1898 sua
1111 1840 1255 1897 enim
1277 1835 1493 1907 pr0pria
1519 1832 1700 1899 venit,
1729 1838 1784 1885 et
1801 1829 1882 1885 sui
1912 1842 2035 1884 eum

447 1962 554 2002 non
578 1943 915 2012 receperunt.
945 1933 1004 1991 In
1035 1930 1212 1989 medio
1239 1937 1418 1984 tamen
1455 1940 1642 1980 eorum
1671 1928 2042 2012 quotquotAreT

443 2007 884 2108 ceperunt—eum,
915 2025 1064 2082 dedit
1097 2023 1178 2078 eis
1232 2024 1549 2093 potestatem
1600 2014 1737 2069 ﬁlios
1779 2010 1875 2066 Dei
1921 2007 2039 2064 ﬁeri

444 2127 633 2202 (10m.
665 2140 700 2190 ι,
735 2121 824 2188 ιι,
852 2117 963 2190 is).

518 2217 574 2275 9.
604 2187 722 2275 iam
769 2187 857 2268 hic
892 2187 1128 2264 mmurrit
1158 2200 1440 2274 unicuique
1465 2193 1739 2267 cogitanti,
1782 2191 1852 2246 Et
1873 2187 2043 2260 quid?

444 2312 555 2372 Iste
583 2304 814 2381 p0pulus
839 2301 932 2375 qui
960 2301 1014 2354 in
1043 2295 1223 2353 medio
1249 2290 1430 2365 populi
1577 2283 1800 2381 sincipit
1826 2280 2042 2381 miseri:

447 2369 685 2460 cordiam
719 2396 833 2459 Dei,
858 2369 1115 2464 quantum
1143 2397 1426 2442 numerum
1458 2375 1657 2434 habet?
1684 2375 1856 2442 Quam
1885 2369 2043 2444 pauci

448 2494 608 2549 sunt!
639 2490 724 2544 vix
754 2486 1022 2542 invenitur
1060 2477 1295 2548 aliquis:
1339 2473 1514 2528 illisue
1559 2475 1847 2523 contentus
1900 2464 2043 2517 Deus

445 2585 574 2649 erit,
604 2590 660 2637 et
688 2575 875 2650 perdet
901 2582 1101 2629 tantam
1134 2562 1569 2622 multitudinem?
1600 2558 1788 2612 Dicun;
1821 2553 2042 2653 hoe-qui

448 2643 901 2745 sibi'proinittunt
937 2661 1079 2734 quod
1117 2675 1149 2713 a
1188 2657 1300 2712 Deo
1347 2651 1824 2745 promittente
1854 2643 2044 2745 audie-

449 2733 600 2825 runt:
623 2765 689 2818 Et
718 2775 845 2816 vere
872 2757 916 2814 si
949 2733 1086 2811 male
1112 2752 1369 2812 vivamus,
1409 2745 1454 2799 si
1495 2739 1677 2797 mundi
1724 2738 1881 2807 hujus
1908 2733 2046 2790 deli-

449 2862 548 2919 ciis
575 2855 934 2930 perfruamur,
958 2848 1004 2904 si
1035 2843 1236 2901 nostris
1252 2837 1558 2894 libidinibus
1578 2833 1899 2930 serviamus,
1923 2843 2046 2900 per-

449 2923 658 3012 diturus
681 2957 764 3006 est
788 2960 888 3001 nos
911 2939 1091 3001 Deus?
1113 2938 1254 3006 Quot
1278 2934 1421 2990 enim
1442 2937 1568 2986 sunt
1592 2927 1665 2983 illi
1687 2926 1777 2997 qui
1798 2923 2047 2979 videntur

450 3061 669 3106 servare
709 3046 972 3113 praecepta
1015 3032 1148 3090 Dei?
1178 3028 1281 3084 Vix
1328 3022 1599 3113 invenitur
1628 3034 1766 3075 unus
1806 3017 1891 3072 vel
1935 3014 2046 3113 duo

451 3140 536 3196 vel
563 3111 869 3208 paucissimi
899 3145 913 3182 :
946 3126 1091 3197 ipsos
1129 3119 1273 3176 solos
1321 3115 1463 3171 Deus
1509 3111 1830 3166 liberaturus
1857 3113 1960 3171 est,
1991 3111 2049 3208 et

451 3197 676 3289 exteros
705 3215 1089 3281 damnaturus?
1135 3210 1306 3273 Absit,
1359 3205 1603 3275 inquiunt
1633 3218 1648 3257 :
1691 3215 1814 3256 cum
1838 3197 2050 3255 venerit

451 3334 506 3380 et
537 3318 742 3379 videbit
770 3323 969 3370 tantam
999 3302 1392 3364 multitudinem
1417 3297 1483 3351 ad
1506 3296 1798 3357 sinistram,
1822 3290 2048 3345 misere-

454 3417 616 3478 bitur,
647 3420 703 3468 et
725 3408 870 3465 dabit
897 3395 1301 3470 indulgentiam.
1326 3391 1438 3446 Hoc
1455 3388 1610 3460 plane
1639 3385 1800 3440 etiam
1822 3395 2050 3478 serpens

455 3510 545 3565 ille
574 3473 820 3575 promisit
849 3495 1022 3568 primo
1050 3487 1253 3546 homini
1284 3502 1299 3538 :
1331 3498 1454 3575 nam
1484 3480 1718 3575 minatus
1757 3482 1876 3530 erat
1905 3473 2050 3575 Deus

453 3565 705 3660 moriem,
737 3591 783 3647 si
809 3565 1048 3659 gustaret
1078 3579 1228 3653 (Gen.
1259 3591 1318 3641 ιι,
1349 3572 1438 3645 i7)
1467 3590 1482 3628 :
1521 3571 1612 3626 ille
1656 3578 1857 3630 autem,
1884 3565 2048 3660 absit,

454 3691 650 3762 inquit,
677 3656 779 3741 non
805 3656 963 3734 morte
989 3670 1292 3729 moriemini.
1309 3658 1943 3762 Credideruntserpenti,
1968 3656 2052 3712 iu-

456 3749 718 3840 venerunt
745 3786 929 3829 verum
957 3779 1077 3822 esse
1104 3760 1247 3833 quod
1278 3759 1509 3813 minatus
1550 3762 1634 3809 est
1666 3752 1824 3811 Deus.
1858 3749 2049 3805 falsum

453 3869 601 3946 quod
642 3865 964 3941 promiserat
1005 3854 1270 3912 diabolus.
1312 3848 1391 3946 Ita
1419 3855 1474 3902 et
1503 3858 1664 3946 nunc,
1711 3841 2053 3946 fratres,“po-

457 3931 572 4020 nite
601 3931 754 4015 vobis
781 3949 1079 4009 Ecclesium
1119 3952 1246 4000 ante
1275 3939 1459 3994 oculos
1499 3934 1566 3990 ad
1607 3935 1775 3989 instar
1803 3931 2054 3985 similitu-

456 4055 748 4120 dinemque
790 4040 1019 4116 paradisi
1058 4055 1073 4092 :
1124 4050 1231 4090 non
1282 4037 1458 4086 cessat
1507 4035 2056 4120 serpenssuggerere

457 4145 602 4217 quod
633 4113 758 4198 tunc
786 4113 1068 4206 suggeSsit.
1099 4125 1208 4183 Sed
1231 4135 1388 4179 casus
1419 4117 1574 4190 primi
1606 4114 1840 4171 hominis
1866 4113 2054 4217 ades-

461 4203 817 4308 perimentum
843 4203 1066 4281 cavendi
1093 4217 1255 4272 debet
1290 4211 1444 4266 nobis
1472 4208 1671 4272 valere,
1702 4218 1810 4260 non
1841 4204 1905 4258 ad
1939 4203 2046 4258 imi.

462 4303 717 4388 lationem
742 4316 1014 4392 peccandi.
1042 4312 1166 4366 Ideo
1192 4307 1282 4362 ille
1302 4303 1512 4367 cecidit,
1541 4309 1597 4355 ut
1624 4313 1722 4353 nos
1741 4309 2054 4392 surgamus.

465 4388 903 4492 Responde—amns
933 4407 1125 4462 talibus
1155 4394 1587 4470 suggestionibus
1612 4390 1750 4463 quod
1779 4388 2060 4492 resp-midit

463 4483 590 4570 Jul):
611 4511 743 4566 Nam
775 4515 830 4560 et
859 4507 1031 4573 ipsum
1063 4513 1157 4567 per
1185 4493 1440 4549 feminam
1474 4499 1740 4555 tamquam
1771 4498 1865 4552 per
1892 4483 2057 4537 Evam

466 4602 709 4665 latitavit,
741 4606 796 4652 et
823 4595 952 4648 vicit
979 4593 1030 4645 in
1065 4597 1304 4641 stercore
1329 4578 1455 4652 (Job
1505 4594 1561 4641 ιι,
1589 4574 1770 4644 8-10),
1800 4574 1972 4627 victus
2004 4573 2058 4627 in

468 4693 738 4766 paradiso.
777 4687 918 4757 Ergo
948 4696 1053 4737 non
1092 4677 1373 4731 audiamus
1397 4672 1532 4724 tales
1561 4681 1739 4730 voces,
1776 4680 1874 4720 nec
1904 4675 2058 4733 pute-

471 4758 591 4845 inus
617 4797 817 4856 paucos
844 4791 966 4834 esse
993 4775 1165 4830 istos:
1199 4766 1351 4822 multi
1393 4771 1535 4827 sunt,
1583 4760 1676 4814 sed
1708 4759 1847 4814 inter
1881 4758 2061 4827 plures

471 4850 657 4937 lateni.
689 4874 805 4930 Non
854 4877 1133 4940 possumus
1171 4855 1316 4914 enim
1349 4867 1548 4924 negare
1597 4850 1777 4940 plures
1798 4863 1921 4940 esse
1951 4863 2063 4902 ma-

472 4975 574 5039 los,
604 4976 660 5024 et
683 4975 791 5021 tam
818 4960 1020 5031 plures,
1054 4961 1111 5008 ut
1155 4951 1293 5005 inter
1320 4961 1415 5002 eos
1440 4957 1659 5014 prorsus
1685 4939 1808 4994 boni
1838 4955 1944 4994 non
1970 4954 2066 5007 ιψσ

472 5031 717 5134 pareant,
747 5050 1020 5126 quomodo
1059 5061 1168 5102 non
1195 5046 1458 5112 apparent
1482 5051 1645 5106 grana
1677 5033 1728 5134 in
1758 5048 1903 5134 area.
1927 5031 2064 5134 Nam

472 5123 716 5226 quisquis
740 5123 920 5202 aream
948 5139 1114 5200 videt,
1147 5142 1324 5206 potest
1366 5138 1553 5201 putare
1578 5125 1719 5226 quod
1758 5124 1909 5226 palea
1952 5123 2064 5226 sola

472 5213 564 5301 sit.
593 5213 669 5297 Da
700 5236 972 5293 hominem
1013 5231 1370 5296 inexpertum,
1401 5230 1456 5275 et
1495 5228 1641 5289 putat
1687 5216 1916 5271 inaniter
1952 5213 2069 5269 fieri

473 5335 616 5410 quod
643 5333 809 5390 boves
831 5327 1137 5385 mittuntur,
1165 5315 1304 5387 quod
1332 5313 1402 5369 ibi
1433 5311 1678 5365 homines
1706 5308 1806 5363 sub
1828 5316 1959 5360 aestu
1976 5304 2071 5360 de-

476 5404 673 5484 sudant
691 5431 749 5478 ut
773 5423 1055 5476 conteraut
1080 5411 1322 5484 paleam;
1352 5405 1450 5461 sed
1472 5404 1541 5458 ibi
1560 5411 1642 5459 est
1661 5410 1716 5456 et
1743 5414 1916 5454 massa
1937 5414 2069 5453 veno

480 5519 720 5577 tilatiime
764 5505 1062 5585 purganda.
1099 5505 1251 5559 Tune
1296 5497 1547 5571 procedet
1592 5495 1743 5564 copia
1795 5491 2069 5585 frumenti,

483 5627 599 5680 qun:
632 5582 830 5661 latebat
860 5601 913 5653 in
931 5597 1084 5666 copia
1116 5593 1408 5663 palearum.
1439 5589 1507 5644 Et
1531 5587 1692 5642 modo
1721 5585 1801 5639 vis
1833 5582 2077 5641 invenire

485 5699 691 5758 lumos‘l
719 5696 852 5750 t-loto
880 5693 918 5752 ‘.
951 5698 1006 5742 et
1031 5685 1286 5741 invenies.

555 5803 560 5818 ι
605 5799 668 5841 tta
687 5789 906 5852 quotque
928 5787 1036 5832 uss.
1063 5786 1120 5830 at
1144 5775 1277 5833 σκιά..
1303 5781 1355 5825 ει
1378 5773 1520 5823 modo
1554 5773 1619 5823 ris
1643 5771 1853 5820 inrtmrc
1872 5768 1894 5818 εδ
1925 5780 1938 5816 ,ν
1958 5779 2076 5820 unus

489 5866 601 5907 δὺων

1667 344 1726 402 8.
1770 339 2129 400 ιιυοιεςτιδιι
2173 339 2478 398 EPiSCOPt

3618 341 3730 402 5&0

2209 452 2294 508 to.
2314 451 2464 526 [νεα.
2486 449 2598 525 tt.]
2619 452 2814 507 Contra
2834 452 2988 509 istam
3006 468 3136 524 ergo
3148 451 3578 526 desperationem
3598 452 3726 510 vide

2132 542 2263 615 quid
2291 553 2547 616 sequatur
2571 543 2624 598 in
2655 544 2860 615 psalmo
2892 544 3016 601 isto.
3039 544 3302 613 Quoniam
3329 559 3451 600 cum
3480 542 3723 606 dixisset,

2136 632 2490 705 Surcepimus,
2524 634 2679 698 Deus,
2706 635 3103 690 miscricordiam
3121 644 3260 690 tuam
3279 635 3332 689 in
3359 634 3522 689 Inedia
3544 634 3725 706 populi

2135 725 2229 791 tui,
2258 723 2577 797 signiﬁcavit
2603 741 2723 783 esse
2748 725 2998 797 populum
3027 743 3132 782 non
3160 727 3537 797 suscipientem
3569 727 3731 781 mise-

2139 816 2425 872 rieordiam
2453 816 2567 882 Dei,
2598 817 2651 871 in
2675 819 2828 886 cujus
2856 817 3033 874 medio
3058 815 3275 888 quidam
3305 817 3600 888 suscipiant
3627 818 3728 869 tui-

2138 906 2486 962 sericordiam
2531 909 2623 963 Dei
2655 928 2667 960 :
2697 920 2751 964 et
2794 926 2861 963 ne
2908 918 3217 965 occurreret
3259 907 3583 974 hoittinilms,
3622 919 3670 960 ta
3695 927 3725 962 ιι

2139 1013 2337 1067 paucos
2365 1013 2506 1064 esse,
2533 1009 2589 1054 ut
2617 1016 2780 1070 prope
2800 999 2930 1054 nulli
2954 1001 3100 1066 sint;
3125 1000 3396 1071 Quomodo
3418 999 3731 1054 Consolatus

2139 1098 2222 1143 est
2262 1091 2712 1162 cotisequentibus
2749 1092 2962 1148 verbis?
3006 1092 3297 1148 Secundum
3341 1108 3526 1148 nomen
3565 1101 3733 1154 tuum,

2139 1179 2304 1247 Deus,
2334 1184 2406 1238 ita
2424 1193 2470 1238 et
2499 1186 2612 1240 laus
2641 1197 2729 1241 tua
2758 1185 2811 1241 in
2837 1187 2966 1254 ﬁnes
2995 1196 3161 1241 terra.
3185 1185 3320 1255 Quid
3340 1196 3424 1242 est
3450 1184 3586 1250 hoc?
3616 1182 3735 1242 No—

2139 1288 2272 1344 gnue
2300 1272 2547 1331 Dominus
2570 1285 2618 1331 et
2643 1277 2920 1332 laudabilis
2940 1276 3105 1342 valde,
3127 1278 3180 1332 in
3206 1278 3404 1332 civitate
3424 1276 3523 1331 Dei
3549 1277 3730 1340 nostri,

2141 1363 2195 1416 in
2220 1375 2386 1418 monte
2411 1376 2587 1420 satiato
2633 1367 2777 1436 ejus;
2806 1383 2905 1423 nec
2937 1377 3111 1437 potest
3153 1384 3273 1426 esse
3305 1369 3424 1424 laus
3457 1371 3595 1434 ejus.
3629 1367 3734 1423 nisi

2144 1456 2197 1510 in
2227 1459 2425 1511 sanctis
2453 1463 2589 1526 ejus.
2628 1459 2757 1515 Natu
2782 1462 2868 1532 qui
2903 1462 3040 1515 male
3061 1461 3264 1524 vivunt,
3298 1478 3405 1517 non
3443 1476 3568 1514 eunt
3614 1463 3734 1515 latt-

2143 1545 2306 1615 dant;
2350 1549 2445 1603 sed
2486 1551 2598 1605 etsi-
2635 1553 2923 1622 prmdie'tnt
2966 1553 3165 1623 lingua,
3199 1551 3569 1623 blaspbetnant
3599 1554 3730 1604 vita.

2145 1637 2277 1704 Quia
2307 1655 2434 1711 ergo
2462 1641 2576 1696 laus
2602 1641 2716 1712 ejus
2741 1657 2847 1697 non
2875 1652 2958 1698 est
3002 1644 3104 1698 nisi
3140 1645 3195 1701 in
3233 1645 3433 1698 sanctis
3459 1642 3596 1712 ejus,
3627 1658 3734 1700 non

2145 1728 2246 1784 sibi
2277 1730 2458 1786 dicant
2499 1731 2733 1788 lueretici
2766 1753 2781 1789 :
2835 1733 2890 1787 in
2940 1736 3095 1790 nobis
3149 1734 3408 1793 remansit
3448 1735 3561 1790 laus
3595 1734 3737 1804 ejus,

2147 1820 2267 1888 quia
2302 1822 2449 1890 pauci
2484 1837 2689 1888 smnus,
2719 1833 2773 1878 et
2797 1840 2827 1877 ιι
2863 1825 3014 1879 lut'ba
3045 1825 3314 1897 si'parati;
3358 1841 3456 1880 nos
3492 1824 3636 1894 justo
3662 1826 3739 1881 vi-

2148 1909 2344 1976 vimus,
2385 1927 2483 1966 nos
2527 1911 2806 1968 laudamus
2851 1915 3036 1980 Deum,
3085 1932 3192 1971 non
3233 1915 3407 1971 solum
3451 1914 3736 1986 loquendo,

2148 2012 2333 2056 verum
2363 2002 2522 2058 etiam
2563 2007 2956 2063 conversando.
2992 2006 3364 2080 Respondetur
3403 2006 3484 2061 eis
3527 2022 3594 2062 ex
3637 2007 3740 2063 hoc

2147 2095 2357 2165 psalmo
2387 2114 2401 2149 :
2433 2095 2570 2166 Quid
2599 2113 2698 2154 vos
2722 2099 2901 2156 dicitis
2927 2100 2977 2154 in
3007 2109 3156 2169 parte
3186 2099 3402 2155 laudare
3435 2101 3622 2165 Deum,
3651 2100 3736 2155 cui

2145 2187 2349 2244 dictum
2376 2196 2481 2254 est,
2514 2189 2811 2247 Secundum
2840 2207 3021 2245 nomen
3052 2199 3193 2246 tuum
3218 2190 3380 2254 Deus,
3429 2191 3500 2243 ita
3541 2202 3588 2244 et
3628 2189 3740 2248 hiut

2147 2287 2240 2333 tua
2258 2279 2311 2333 in
2336 2279 2464 2349 ﬁnes
2485 2279 2674 2336 terra?!
2700 2279 2757 2336 Id
2786 2291 2893 2348 est,
2923 2282 3194 2352 quomodo
3219 2291 3376 2337 notus
3405 2296 3462 2337 es
3494 2297 3587 2351 per
3613 2295 3733 2335 om—

2151 2383 2247 2424 nes
2277 2378 2471 2437 terras,
2497 2370 2576 2426 sic
2601 2380 2656 2426 et
2683 2369 2919 2427 laudaris
2948 2387 3042 2441 per
3068 2386 3258 2427 omnes
3285 2381 3489 2437 terras;
3514 2385 3614 2426 nec
3638 2371 3736 2426 de-

2150 2469 2276 2514 sunt
2313 2460 2402 2531 qui
2449 2469 2501 2518 te
2535 2476 2679 2518 nunc
2715 2461 2932 2518 laudant
2972 2478 3068 2532 per
3093 2477 3285 2528 omnes
3314 2471 3504 2518 terras.
3537 2461 3616 2518 Illi
3643 2477 3744 2518 au-

2153 2552 2260 2609 tem
2288 2553 2526 2620 laudant,
2557 2555 2645 2625 qui
2689 2555 2825 2612 bene
2852 2555 3054 2610 vivunt.
3087 2555 3378 2619 Secundum
3403 2554 3537 2608 enim
3561 2570 3745 2609 nouam

2149 2650 2312 2710 tuum,
2334 2642 2494 2710 Deus,
2522 2644 2596 2702 ita
2622 2654 2671 2699 et
2695 2645 2934 2709 laustuo,
2970 2662 3076 2703 non
3108 2645 3159 2700 in
3201 2655 3370 2717 parte,
3401 2645 3492 2700 sed
3529 2645 3579 2699 in
3615 2634 3742 2714 ﬁnes

2149 2742 2318 2791 tet-rte.
2346 2734 2559 2792 lautitia
2584 2736 2734 2807 plena
2757 2745 2833 2792 est
2852 2736 3060 2792 dextero
3081 2746 3166 2791 tua
3194 2753 3215 2792 :
3245 2737 3294 2790 id
3321 2745 3423 2803 est,
3447 2735 3596 2790 multi
3621 2743 3747 2790 sunt

2149 2837 2206 2884 et
2231 2826 2306 2884 illi
2329 2825 2420 2899 qui
2458 2828 2680 2886 stabunt
2699 2829 2768 2882 ad
2794 2827 3093 2883 dexteram.
3121 2826 3238 2884 Non
3261 2827 3439 2882 solum
3469 2826 3544 2881 illi
3593 2827 3747 2882 multi

2150 2928 2310 2974 erunt
2334 2921 2426 2990 qui
2461 2918 2683 2977 stabunt
2704 2919 2773 2979 ad
2809 2920 3106 2984 sinistram,
3143 2920 3239 2975 sed
3263 2930 3316 2976 et
3346 2920 3418 2975 ibi
3445 2920 3548 2975 erit
3576 2918 3748 2990 pleni-

2153 3011 2282 3069 tudo
2309 3027 2503 3068 massa
2526 3013 2593 3070 ad
2609 3012 2886 3070 dexteram
2907 3015 3211 3071 constituta:
3236 3011 3487 3070 :Juuitio
3506 3013 3656 3085 plena
3675 3019 3748 3085 est

2151 3102 2360 3158 dextera
2387 3113 2498 3157 tuo.

2225 3193 2314 3250 ii.
2345 3190 2498 3266 [vera
2530 3191 2644 3266 ιι]
2674 3191 2898 3248 ιωιειιιι·
2924 3210 3069 3249 mons
3095 3191 3244 3257 Sion,
3273 3202 3320 3248 et
3344 3192 3594 3263 exsultent
3619 3191 3743 3262 ﬁlice

2149 3285 2354 3341 Judaate
2374 3285 2415 3353 ⁸,
2444 3295 2655 3356 propter
2666 3285 2874 3356 judicia
2900 3295 3010 3350 tuo,
3041 3282 3281 3339 Domine.
3307 3283 3356 3339 0
3392 3299 3548 3339 mons
3592 3282 3746 3352 Sion,

2153 3391 2190 3432 ο
2217 3376 2343 3432 illia:
2369 3376 2590 3444 Judaue,
2615 3376 2872 3432 laboratis
2898 3378 3058 3432 modo
3079 3375 3218 3430 inter
3236 3375 3463 3442 zinuia,
3485 3361 3628 3429 inter
3653 3389 3748 3445 pa-

2155 3468 2288 3530 leas,
2312 3469 2452 3523 inter
2479 3467 2664 3537 spinas
2689 3466 2976 3533 laboratis;
3005 3465 3099 3522 sed
3133 3467 3399 3522 exsultate
3421 3476 3642 3537 propter
3663 3465 3750 3538 jn-

2156 3559 2292 3615 dieia
2321 3558 2436 3614 Dei.
2465 3558 2580 3612 Non
2616 3566 2761 3613 errat
2797 3557 2939 3613 Deus
2975 3557 3027 3612 in
3049 3558 3360 3629 judieando.
3391 3558 3646 3616 Discreta:
3674 3558 3755 3614 vi-

2155 3655 2286 3716 vite,
2317 3654 2418 3708 etsi
2448 3661 2716 3708 concretze
2743 3662 2883 3707 nat-.e
2926 3653 3077 3717 estis,
3106 3667 3214 3707 non
3256 3652 3453 3710 [rustra
3493 3668 3597 3709 vox
3622 3652 3756 3710 exiit

2158 3744 2227 3800 de
2250 3759 2346 3800 ore
2375 3752 2430 3798 et
2450 3742 2518 3797 de
2545 3742 2712 3798 corde
2739 3751 2921 3798 vestro
2950 3760 2964 3796 :
3009 3741 3095 3798 Ne
3121 3742 3421 3814 compertius
3438 3759 3554 3799 cum
3581 3743 3755 3814 impiis

2157 3836 2384 3889 aninmm
2424 3849 2607 3899 meam,
2648 3842 2695 3886 et
2739 3848 2853 3886 cum
2893 3832 3012 3886 vin's
3051 3833 3359 3904 sanguinem
3400 3831 3555 3887 vitant
3591 3849 3759 3891 nteant

2161 3923 2334 3996 (Prol.
2356 3938 2489 3990 xxv,
2511 3923 2591 3993 9).
2635 3922 2730 3978 ille
2755 3923 3034 3978 ventilabit
3061 3931 3239 3979 tantus
3258 3921 3471 3990 artifex,
3497 3921 3554 3979 in
3591 3938 3758 3980 manu

2161 4016 2517 4072 ventilabrum
2547 4015 2797 4084 portabit,
2825 4024 2885 4072 ut
2911 4028 3075 4070 unum
3096 4028 3322 4086 granum
3345 4011 3503 4070 tritici
3528 4029 3639 4072 non
3660 4011 3757 4070 ca-

2160 4107 2254 4165 dat
2283 4109 2336 4163 in
2379 4121 2630 4162 acervum
2660 4106 2827 4176 palea:
2854 4105 3299 4172 eomburendum,
3328 4121 3432 4163 nec
3466 4121 3569 4162 una
3592 4108 3756 4166 arista

2162 4199 2331 4270 paleas
2376 4207 2613 4254 transeat
2651 4198 2718 4254 ad
2750 4213 2982 4252 massam
3025 4199 3076 4252 in
3120 4197 3317 4261 horreo
3358 4198 3756 4260 recondendam

2165 4289 2380 4361 (Matth.
2410 4305 2489 4356 ιιι,
2524 4289 2642 4360 12).
2668 4288 2961 4355 Exsultate,
2991 4289 3112 4344 filia:
3154 4288 3375 4358 Judtezo,
3417 4302 3636 4362 propter
3671 4293 3757 4362 ju-

2163 4385 2302 4439 dicia
2336 4382 2427 4438 Ι)θί
2457 4397 2563 4436 ιιοιι
2593 4381 2854 4447 errantis;
2898 4390 2953 4435 et
2987 4380 3153 4437 nolite
3181 4379 3345 4435 modo
3373 4392 3574 4439 temere
3610 4383 3756 4452 judi-

2165 4491 2308 4531 care.
2345 4474 2425 4529 Ad
2469 4490 2565 4528 vos
2601 4473 2860 4545 pertineat
2888 4471 3166 4544 colligere,
3211 4471 3277 4527 ad
3311 4473 3458 4529 illum
3496 4477 3761 4545 pertineat

2165 4579 2436 4635 separare.
2467 4563 2688 4618 Lwtetur
2712 4579 2856 4618 mons
2883 4561 3033 4630 Sion,
3056 4573 3102 4618 et
3123 4564 3372 4618 exsultent
3391 4564 3516 4632 ﬁlia:
3533 4563 3751 4633 Iudaee,

2169 4666 2374 4728 propter
2407 4654 2608 4725 judicia
2645 4662 2756 4719 tua,
2784 4651 3023 4708 Domine.
3052 4651 3130 4708 Ne
3159 4662 3338 4708 autem
3384 4655 3579 4725 putetis
3620 4655 3758 4711 tilias

2167 4746 2600 4805 JudmzeJudaeos
2629 4760 2768 4802 esse.
2797 4744 2929 4802 Juda
2965 4744 3247 4803 Confessio
3284 4756 3386 4802 est.
3430 4747 3630 4804 Omnes
3664 4749 3758 4806 lilii

2168 4838 2543 4903 confessionis,
2573 4837 2666 4892 filii
2693 4836 2894 4892 Judaete
2919 4847 3042 4894 sunt
3069 4855 3080 4891 :
3105 4837 3250 4910 quia,
3281 4837 3438 4893 Salus
3456 4856 3518 4895 ea;
3535 4838 3757 4910 luditis,

2170 4933 2304 4990 nihil
2337 4941 2420 4988 est
2463 4931 2607 4985 aliud
2648 4946 2808 5003 quam
2849 4929 3096 4987 Christus
3125 4946 3190 4986 ex
3235 4930 3436 4988 Iuda-is
3474 4931 3651 5003 (loco.
3681 4949 3758 5002 Iv,

2169 5025 2284 5096 22).
2311 5024 2425 5080 Hoc
2452 5025 2528 5079 ait
2555 5033 2609 5079 et
2637 5022 2963 5092 Apostolus:
2996 5021 3120 5077 Non
3148 5024 3281 5079 enim
3304 5026 3392 5096 qui
3413 5025 3467 5078 in
3492 5027 3763 5097 manifesto

2171 5115 2386 5172 Judam
2414 5123 2510 5181 est,
2539 5130 2698 5184 neque
2715 5130 2830 5182 qme
2847 5114 2900 5168 in
2921 5115 3190 5185 manifesto
3203 5116 3260 5190 in
3280 5131 3434 5172 carne
3453 5127 3524 5174 est
3544 5117 3763 5172 circum-

2173 5207 2333 5274 cisio;
2370 5207 2460 5262 sed
2483 5207 2570 5275 qui
2608 5208 2663 5261 in
2690 5205 2982 5260 abscondito
3013 5204 3228 5262 Judteus
3253 5217 3347 5276 est,
3370 5216 3415 5262 et
3450 5208 3766 5265 circumcisio

2175 5300 2362 5363 cordis,
2392 5300 2445 5352 in
2471 5298 2673 5368 spiritu,
2699 5313 2801 5352 non
2821 5298 3009 5364 littera,
3035 5299 3182 5369 cujus
3198 5299 3310 5354 lous
3334 5316 3438 5355 non
3461 5317 3524 5355 ex
3547 5302 3767 5358 [comini-

2175 5391 2291 5455 bus,
2330 5391 2418 5446 sed
2447 5405 2510 5444 ea:
2528 5386 2639 5444 Deo
2659 5387 2837 5458 (Rom.
2864 5404 2923 5455 ιι,
2944 5388 3038 5455 28,
3061 5388 3178 5461 29).
3203 5389 3348 5448 Talis
3371 5390 3586 5448 Iudaeus
3607 5403 3762 5450 esto:

2177 5484 2408 5558 gloriare
2431 5482 2501 5538 de
2525 5481 2933 5538 circumcisione
2957 5481 3157 5548 cordis,
3199 5483 3300 5542 etsi
3333 5498 3437 5540 non
3468 5484 3632 5541 habes
3660 5487 3766 5542 eir-

2178 5579 2557 5637 eumcisiooem
2583 5577 2783 5632 carnis.
2826 5575 3095 5635 Euultent
3141 5577 3266 5646 ﬁlia:
3304 5575 3522 5644 ludicre,
3566 5588 3776 5650 propter

2170 5671 2372 5741 judicia
2397 5677 2500 5733 tua,
2539 5666 2770 5720 Domine.

2247 5768 2261 5795 ι
2300 5767 2369 5813 sic
2387 5765 2481 5813 hoc
2506 5763 2695 5816 inloco.
2721 5771 2772 5810 et
2790 5761 2910 5810 intra
2937 5763 2984 5809 in
3001 5761 3091 5811 hoc
3108 5759 3284 5810 eodem
3301 5773 3349 5811 ιι.
3375 5762 3450 5822 tl,
3465 5771 3576 5811 eum
3598 5758 3770 5811 melio-

2187 5828 2318 5876 ribus
2340 5835 2442 5876 Mss.
2470 5834 2517 5875 et
2540 5833 2666 5884 l..\x,
2686 5823 2948 5884 legendum
2966 5831 3058 5873 est.
3073 5823 3257 5885 [Judte]
