3968 6332
263 390 361 451 ω

339 504 1048 581 12.[vcrs.i3.](.‘ircumdat¢
1069 503 1218 568 Sion,
1242 511 1288 557 et
1303 501 1695 570 comyitectimim
1724 515 1856 551 eum.

261 601 484 654 Dicatur
510 599 592 655 eis
619 599 708 669 qui
758 595 898 652 male
946 596 1147 660 vivunt,
1204 595 1256 650 in
1307 608 1534 661 quorum
1579 589 1757 643 tnedio
1787 598 1870 642 est

263 695 492 762 populus
517 694 604 747 ille
632 691 720 760 qui
745 690 983 759 suscepit
1006 683 1425 743 misericordiam
1459 683 1586 740 Dei:
1614 682 1667 734 In
1691 679 1872 734 medio

265 797 506 839 vestrum
552 794 637 838 est
683 781 912 853 populus
941 779 1080 835 bene
1119 777 1328 843 vivens,
1365 774 1688 829 Circumdate
1716 771 1867 827 Sion.

263 873 373 928 Sed
416 870 718 943 quomodo?
762 867 1167 940 Complectimini
1206 885 1336 922 eam.
1389 866 1563 920 Nolite
1607 862 1875 917 scamlalis

266 966 627 1032 circumdare,
674 966 769 1020 sed
816 965 1080 1018 charitate
1118 961 1482 1023 circumdate;
1514 968 1572 1012 ut
1605 955 1692 1028 qui
1736 955 1874 1010 bene

271 1060 344 1109 ιιι
361 1067 456 1112 unt
483 1059 536 1111 in
575 1056 755 1113 medio
782 1064 1057 1121 vestrum,
1096 1066 1194 1110 eos
1239 1051 1541 1116 imitemini,
1589 1059 1641 1103 et
1689 1062 1874 1100 mrum

267 1149 570 1204 imitatione
605 1148 854 1216 Christo,
900 1148 1055 1217 cujus
1092 1146 1329 1201 membra
1369 1153 1514 1207 sunt,
1559 1144 1874 1211 incorpore-

265 1241 401 1295 minl
434 1241 475 1296 ¹.
506 1240 827 1296 Circumdate
873 1237 1023 1305 Sion,
1053 1248 1104 1292 et
1131 1234 1524 1305 complet-tintini
1562 1248 1694 1286 eam.
1730 1227 1872 1282 Nar-

268 1344 381 1388 rate
421 1334 477 1389 in
520 1332 743 1388 turribus
769 1335 898 1403 eius.
929 1332 985 1389 In
1029 1331 1310 1386 altitudine
1354 1328 1709 1385 munitionum
1760 1324 1876 1394 ejus

273 1425 560 1495 przvdimte
591 1424 775 1478 laudes
795 1423 935 1491 ejus.

357 1518 436 1570 I5.
474 1513 626 1588 [vers.
655 1513 769 1588 14.]
802 1514 983 1574 Ponite
1019 1515 1177 1568 corda
1221 1525 1385 1566 vestra
1427 1512 1480 1565 in
1523 1513 1706 1563 virtute
1747 1509 1875 1578 ejus.

269 1607 390 1662 Non
413 1619 469 1661 ut
497 1608 736 1663 habeatis
764 1607 990 1663 formam
1029 1607 1263 1678 pietatis,
1291 1606 1540 1660 virtutem
1568 1603 1682 1672 ejus
1710 1602 1877 1656 abne-

270 1702 414 1771 gctis
438 1700 503 1772 (il
536 1700 668 1754 Tim.
699 1716 774 1763 ιιι,
808 1698 900 1770 5);
929 1701 1022 1754 sed
1055 1700 1104 1751 in
1133 1699 1314 1751 virtute
1353 1698 1463 1770 ejus
1509 1698 1678 1765 ponite
1723 1694 1878 1747 rorda

272 1802 458 1845 uestra.
482 1792 613 1858 Qua:
638 1801 720 1847 est
751 1791 921 1846 virtus
963 1791 1194 1846 civitatis
1227 1789 1422 1858 hujus?
1451 1787 1551 1855 Qui
1584 1786 1691 1839 vult
1725 1785 1882 1839 intel-

277 1881 446 1953 ligere
474 1885 720 1937 virtutem
755 1885 909 1953 hujus
936 1880 1186 1949 civitatis,
1220 1879 1480 1948 intelligat
1507 1877 1611 1932 vim
1642 1875 1879 1931 charita-

277 1976 370 2030 tis.
404 1974 519 2044 Ipsa
549 1986 631 2030 est
670 1975 843 2029 virtus
875 1989 1035 2044 quam
1079 1986 1239 2027 nemo
1277 1969 1461 2024 vincit.
1507 1968 1675 2037 lliijus
1705 1969 1880 2037 ignem

276 2066 413 2122 nulli
443 2067 635 2122 tinctus
661 2066 863 2130 smculi,
896 2065 1041 2120 nulla
1080 2064 1297 2118 flumina
1331 2061 1638 2117 tentationis
1681 2061 1884 2115 exstin-

274 2171 467 2231 guunt.
502 2161 578 2217 De
608 2160 708 2216 hac
739 2159 943 2215 dictuun
972 2168 1075 2222 est,
1115 2156 1298 2213 l’aiida
1324 2166 1396 2211 est
1424 2157 1552 2211 sicut
1580 2170 1714 2207 mors
1751 2153 1881 2205 dile-

275 2253 379 2307 ctio
404 2251 578 2320 (Cant.
608 2266 726 2315 vtu.
746 2250 826 2321 ϐ).
853 2248 1134 2320 Quomodo
1151 2246 1294 2303 enim
1317 2261 1464 2301 mors
1484 2244 1697 2316 quando
1717 2241 1880 2309 venit,

277 2342 459 2399 resisti
485 2343 537 2399 ei
578 2357 689 2397 non
729 2351 926 2412 potest,
949 2338 1278 2410 quibuslibet
1301 2337 1529 2402 artibus,
1561 2332 1886 2405 quibuslibet

276 2431 689 2488 medicamentis
713 2445 997 2494 occurras;
1025 2429 1334 2486 violentiam
1363 2426 1554 2480 mortis
1582 2427 1751 2479 vitare
1776 2438 1884 2476 non

277 2531 481 2594 potest.
511 2522 601 2592 qui
632 2521 874 2576 mortalis
905 2529 1061 2575 natus
1097 2528 1184 2574 est
1218 2537 1231 2573 :
1259 2518 1338 2573 sic
1365 2529 1550 2572 contra
1580 2515 1886 2584 violentiam

274 2616 562 2674 cluat-italis
586 2614 818 2672 mundus
846 2614 918 2668 nil
957 2621 1150 2681 potest.
1184 2613 1226 2666 A
1255 2609 1529 2665 contrario
1558 2609 1698 2662 enim
1740 2607 1889 2659 simi-

276 2707 455 2766 iitudo
477 2707 600 2762 data
622 2715 709 2761 est
734 2701 802 2760 de
823 2714 1034 2769 morte;
1073 2701 1342 2772 quomodo
1369 2701 1513 2755 enim
1539 2714 1682 2752 mors
1703 2697 1767 2750 ad
1795 2713 1890 2748 an-

279 2798 566 2856 ferendum
597 2793 986 2852 violentissima
1023 2803 1122 2858 est,
1152 2792 1228 2847 sic
1254 2793 1486 2846 eharitas
1505 2788 1886 2843 violentissima

278 2888 458 2944 estad
487 2887 822 2943 solvendum.
855 2886 957 2940 Per
984 2885 1301 2938 charitatem
1327 2883 1471 2935 enim
1513 2881 1661 2933 multi
1695 2879 1888 2931 mortui

281 2991 410 3036 sunt
437 2980 658 3043 stet-nlo,
689 2988 745 3030 ut
785 2976 1031 3030 viverent
1071 2973 1201 3026 Deo.
1236 2972 1348 3027 Hac
1387 2970 1648 3026 cbaritatc
1677 2967 1888 3021 accensi

281 3080 575 3142 martyres,
627 3085 732 3123 non
776 3066 1030 3128 simulati,
1080 3080 1189 3118 non
1228 3078 1361 3118 vana
1409 3061 1574 3130 gloria
1625 3059 1886 3124 vcntilati,

282 3177 395 3216 non
426 3160 559 3217 tales
593 3158 662 3215 de
705 3159 898 3227 quibus
923 3157 1122 3210 dictum
1160 3165 1264 3217 est,
1311 3154 1372 3208 Si
1414 3151 1668 3204 tradidero
1707 3166 1892 3218 corpus

283 3271 454 3310 meum
481 3263 537 3307 ut
569 3252 798 3312 ardeam,
824 3249 1124 3304 clmritatem
1152 3257 1321 3300 autem
1358 3261 1459 3297 non
1495 3244 1728 3308 habeam,
1762 3241 1891 3295 nihil

283 3347 411 3400 mihi
434 3343 698 3414 prodest(l
719 3342 839 3396 Cor.
868 3356 985 3403 xm,
1007 3340 1088 3410 5),
1117 3338 1208 3392 sed
1235 3337 1366 3389 tales
1385 3349 1522 3406 quos
1543 3349 1668 3389 vere
1693 3331 1892 3387 Christi

283 3444 341 3495 et
372 3439 613 3495 veritatis
651 3437 887 3491 Charitas
936 3432 1252 3503 perduceret
1287 3429 1354 3484 ad
1395 3429 1732 3498 passionem;
1765 3423 1891 3494 quid

284 3537 369 3588 eis
421 3532 662 3587 fecerunt
707 3529 1030 3584 tentationes
1075 3519 1456 3578 saevientium?
1493 3520 1745 3590 blajorem
1773 3519 1891 3572 vio-

287 3626 511 3680 lentiam
543 3623 845 3678 habuerunt
873 3619 1015 3674 oculi
1047 3617 1286 3672 ﬂentium
1313 3629 1554 3677 suorum,
1579 3627 1739 3682 quam
1774 3625 1893 3679 pcr-

285 3718 595 3773 secutiones
626 3711 1023 3769 insectantimn.
1045 3709 1217 3777 Quam
1251 3706 1447 3761 mullos
1473 3704 1616 3760 enim
1641 3701 1894 3757 tenebant

287 3813 384 3866 lilii
417 3827 483 3865 ne
511 3807 854 3879 paterentur!
882 3819 1041 3875 quam
1085 3802 1372 3856 multorum
1412 3797 1640 3867 genibus
1682 3795 1894 3864 provol-

289 3893 556 3960 vebantur
595 3915 834 3963 uxores,
885 3913 952 3951 ne
995 3895 1166 3950 vidua:
1211 3889 1679 3959 relinquerentur!
1734 3901 1893 3956 quam

288 4000 490 4055 multos
523 4003 770 4064 parentes
801 3991 893 4046 lilii
922 3988 1278 4060 prohibebant
1311 3985 1469 4048 mori,
1489 3983 1630 4036 sicut
1649 3981 1897 4036 novimus

288 4101 344 4144 et
374 4089 600 4156 legimus
643 4085 694 4137 in
741 4083 988 4154 passione
1027 4078 1196 4134 beata:
1227 4075 1540 4144 Perpetua-.2
1581 4072 1738 4126 Facta
1773 4083 1898 4124 sunt

291 4183 416 4235 ista.
450 4179 554 4235 Sed
585 4178 834 4247 lacrynne
860 4170 1207 4243 qunanhelibet
1239 4175 1291 4222 et
1324 4165 1659 4238 quantolibet
1697 4164 1897 4231 impetu

293 4275 544 4337 niterent,
587 4266 803 4338 quando
846 4264 1093 4318 ardorem
1134 4260 1412 4315 charitatis
1453 4253 1900 4323 exstinguerent?

295 4364 423 4418 lla-c
444 4373 525 4416 cst
547 4361 714 4414 virtus
739 4358 894 4423 Sion,
921 4355 1006 4408 cui
1046 4362 1102 4407 et
1137 4351 1262 4405 alibi
1294 4350 1530 4404 dicitur:
1565 4345 1683 4398 Fiat
1716 4362 1819 4414 pax
1846 4345 1901 4400 in

294 4458 481 4511 rirtute
503 4465 613 4519 tua,
645 4463 690 4505 et
716 4448 1032 4504 abundantia
1067 4447 1118 4499 in
1163 4444 1385 4499 turribus
1415 4445 1514 4494 tuis
1543 4439 1712 4506 (l’sal.
1746 4454 1900 4504 cxxl,

293 4552 375 4622 '7).
407 4549 716 4604 Annuntiate
755 4547 808 4598 in
834 4543 1059 4597 turribus
1090 4543 1220 4609 ejus,
1255 4537 1438 4591 I’onite
1470 4535 1625 4588 corda
1657 4544 1817 4586 vestra
1849 4532 1904 4587 in

295 4644 482 4696 uirtute
500 4641 631 4714 ejus,
655 4648 699 4692 et
727 4635 1012 4692 distribuite
1039 4633 1214 4684 domos
1235 4630 1361 4700 ejus.

376 4735 462 4789 14.
510 4731 650 4800 Quid
694 4729 783 4783 hic
829 4723 1197 4792 intelligimus,
1233 4719 1417 4772 Ponite
1463 4716 1620 4771 corda
1648 4725 1812 4767 vestra
1849 4718 1905 4767 in

297 4828 486 4880 uirtute
527 4825 657 4893 ejus,
693 4831 742 4874 et
767 4816 1050 4872 distribuite
1077 4814 1253 4867 domos
1281 4809 1432 4878 ejus?
1471 4805 1524 4863 Id
1566 4815 1669 4870 est,
1716 4806 1907 4859 distin-

298 4920 447 4992 guite
476 4917 694 4970 domum
723 4928 752 4965 a
790 4911 974 4974 domo,
1018 4906 1183 4960 nolite
1211 4899 1560 4957 contundere.
1596 4898 1796 4953 Domus
1823 4906 1908 4950 est

300 4985 450 5064 enim
494 5006 721 5062 formam
765 4999 976 5070 pietatis
1021 4996 1244 5056 habens,
1283 5001 1338 5047 et
1380 4991 1629 5059 pietatem
1670 5004 1776 5042 non
1807 4985 1907 5042 ha-

305 5102 483 5156 bens:
512 5106 593 5152 est
618 5103 796 5149 autem
839 5091 1031 5146 domus
1069 5097 1124 5142 et
1168 5085 1394 5140 formam
1435 5091 1491 5135 et
1538 5081 1788 5150 pietatem
1817 5079 1929 5142 ha-_

310 5193 470 5247 hens.
495 5185 812 5250 Distribuite,
840 5182 1008 5237 nolite
1032 5176 1379 5234 confundere.
1413 5173 1564 5228 Tunc
1592 5182 1768 5226 autem
1796 5170 1909 5224 dis-

309 5282 545 5340 tribuitis
595 5289 648 5335 et
695 5292 800 5331 non
829 5272 1181 5333 confunditis,
1210 5267 1425 5338 quando
1463 5267 1624 5319 corda
1652 5275 1829 5320 vestra
1859 5265 1910 5316 in

311 5378 512 5431 virtute
539 5372 657 5443 ejus
684 5370 898 5442 ponitis,
936 5365 986 5421 id
1005 5375 1107 5428 est,
1130 5378 1251 5418 cum
1286 5360 1406 5417 facti
1437 5359 1644 5413 inmitis
1674 5373 1768 5424 per
1787 5357 1916 5409 cha-

315 5470 527 5522 ritatem
557 5463 879 5537 spirituales.
904 5459 1050 5514 'l‘unc
1074 5467 1273 5510 temere
1294 5470 1397 5507 non
1425 5451 1762 5521 judicabitis;
1790 5459 1915 5504 tunc

313 5556 570 5613 videbitis
598 5552 728 5610 nihil
757 5552 949 5606 obesse
980 5549 1134 5602 benis
1155 5546 1348 5607 malos,
1377 5541 1630 5612 quamdiu
1653 5556 1838 5595 sumus
1863 5541 1914 5594 in

321 5632 608 5706 intc'area:
640 5642 936 5699 Distribuite
955 5640 1134 5693 domos
1173 5637 1300 5707 ejus.
1334 5635 1515 5689 Potest
1545 5641 1594 5685 et
1624 5633 1761 5685 alios
1796 5645 1915 5685 esse

392 5809 404 5837 '
440 5806 504 5854 Ita
529 5803 754 5864 iactique
779 5806 883 5847 uss.
908 5797 1035 5864 md.
1063 5811 1182 5864 vero
1217 5809 1232 5847 :
1257 5794 1502 5847 (‘hristum
1537 5805 1679 5855 cratis
1707 5790 1921 5843 membra

317 5877 453 5929 ana,
468 5855 738 5924 ιη’(οείμόιε
759 5855 1147 5914 contniectimiui.

1326 383 1726 444 EN.~\lmATIO
1781 381 1844 439 ibi
1888 380 2210 440 PSALMUM
2251 385 2456 446 XLV".

3459 412 3569 468 «⁸5ιῖ

1979 498 2298 593 ειμι-αιιυειιιε-
2325 509 2450 559 υοιτ·
2467 525 2521 563 σε
2546 509 2661 568 “las
2687 512 2842 585 duas,
2867 532 3030 577 unam
3055 537 3119 578 ελ
3137 523 3566 593 circumcisione,

1979 592 2293 691 alteram-ett
2323 601 2586 668 pnt‘putio
2613 605 2938 677 venientem,
2965 614 3238 682 Apostolis
3261 617 3459 672 dictum
3488 592 3572 674 est

1974 692 2036 770 ut
2065 680 2472 745 distribuerunt.
2507 689 2638 747 Cum
2680 696 2825 753 enim
2864 680 3085 760 vocatus
3112 719 3251 761 esset
3278 708 3491 770 Saulus,
3518 724 3572 765 et

1982 768 2152 824 lactus
2176 777 2456 843 apostolus
2487 779 2684 839 Paulus
2706 825 2724 848 .
2752 791 3078 850 conveniens
3109 795 3160 849 in
3203 800 3457 856 unitatem
3479 768 3572 854 co-

1980 864 2355 965 apostolorum
2374 885 2615 937 suorum,
2645 876 2723 930 sic
2747 891 2868 936 cum
2900 882 2979 939 eis
3001 883 3183 941 habuit
3220 889 3491 954 placitum,
3519 897 3577 944 ut

2082 952 2217 1049 irent
2237 956 2287 1010 in
2309 959 2792 1027 circmm-isioncut.
2817 968 2915 1027 iste
2936 971 2988 1030 in
3013 950 3330 1046 prmputium
3356 950 3487 1049 (Gali
3520 998 3576 1040 ιι.

2100 1046 2201 1102 ista
2233 1050 2648 1152 dispensatione
2689 1063 3020 1134 apostolatus
3060 1045 3143 1124 sui
3190 1045 3577 1138 distribuerunt

1981 1134 2174 1193 domos
2197 1139 2428 1198 civitatis
2464 1148 2639 1217 magni
2683 1152 2844 1222 regis,
2876 1164 2930 1211 et
2968 1161 3362 1217 concor-dantes
3402 1166 3453 1217 in
3479 1134 3577 1217 an;

1981 1229 2125 1329 gula.
2158 1231 2503 1329 Evangeiium
2547 1241 2948 1314 dispensatione
2974 1249 3291 1320 diviserunt,
3318 1251 3579 1317 charitste

1977 1326 2299 1429 astiterunt.
2338 1326 2406 1384 Et
2441 1345 2626 1387 revera
2679 1332 2781 1391 hoc
2824 1341 2992 1410 magis
3031 1339 3432 1416 intelligendum
3474 1360 3575 1409 est.

1982 1408 2115 1514 ψη)
2151 1418 2411 1514 sequitur,
2462 1431 2516 1514 et
2543 1426 2774 1482 ostendit
2813 1408 2956 1498 quod
2994 1431 3098 1493 hoc
3140 1408 3578 1509 praedicatoribus

1982 1501 2183 1560 dictum
2213 1508 2302 1570 sit,
2346 1507 2415 1565 Et
2449 1511 2732 1573 distribuite
2755 1519 2933 1577 dumos
2965 1526 3076 1599 ejus
3107 1501 3216 1584 :vut
3247 1535 3491 1589 murras
3524 1535 3577 1591 in

1985 1598 2224 1696 progenie
2245 1599 2437 1696 Βίωνα,
2570 1616 2670 1672 εει,
2716 1620 2774 1666 ut
2800 1612 2960 1669 etiam
2992 1598 3071 1674 ad
3103 1635 3200 1673 nos
3227 1632 3348 1692 post
3374 1624 3582 1685 futuros

1985 1688 2196 1743 illorum
2244 1691 2517 1764 Evangelii
2546 1698 2894 1769 dispensatio
2926 1688 3253 1775 perveniret.
3274 1707 3402 1768 .Non
3433 1715 3578 1770 enim

1984 1777 2091 1881 illis
2132 1790 2337 1840 tantum
2377 1776 2773 1860 laboraverunt,
2813 1811 2934 1851 cum
2978 1799 3174 1871 quibus
3213 1805 3265 1862 in
3313 1803 3412 1865 hac
3437 1817 3584 1864 terra

1989 1877 2264 1976 vixerunt;
2295 1891 2391 1976 nec
2420 1877 2677 1936 Dominus
2709 1883 2811 1939 illis
2837 1897 3039 1943 tantum
3069 1892 3361 1961 Apostoiis,
3391 1897 3584 1965 quibus

1984 1979 2047 2019 se
2090 1969 2267 2023 vivum
2309 1969 2472 2026 etiam
2524 1985 2645 2045 post
2692 1984 3143 2039 resurrectiOnem
3200 1987 3448 2057 dignatus
3498 2004 3585 2047 εει

1985 2058 2291 2126 ostendere,
2315 2063 2410 2119 sed
2437 2074 2491 2119 et
2520 2066 2695 2124 nobis.
2723 2070 2858 2126 Nam
2884 2073 2988 2130 illis
3027 2075 3365 2147 loquebatur,
3392 2091 3450 2135 et
3485 2097 3585 2138 nos

1987 2149 2340 2219 signiﬁcabat,
2369 2169 2489 2210 cum
2513 2155 2714 2215 diceret
2739 2180 2755 2216 :
2792 2161 2920 2220 Ecce
2939 2182 3032 2237 ego
3070 2168 3324 2225 uobiscum
3343 2189 3456 2225 sum
3476 2191 3584 2226 om-

1988 2245 2136 2299 nibus
2161 2246 2355 2312 di'i-bus,
2385 2267 2541 2320 usque
2568 2251 2640 2306 ad
2662 2259 3145 2316 consummationau
3171 2263 3345 2318 “Bruti
3369 2263 3584 2334 (Matth.

1989 2350 2174 2397 xxvm,
2213 2337 2329 2408 20).
2370 2339 2639 2411 Numquid
2681 2344 2755 2399 illi
2799 2345 2884 2402 ltic
2930 2347 3094 2404 futuri
3132 2364 3282 2406 erant
3326 2370 3497 2423 usque
3529 2355 3584 2411 in

1988 2431 2506 2488 eonsnnnnationem
2555 2437 2778 2492 seculi?
2814 2435 2948 2494 item
2975 2440 3106 2496 dicit
3145 2460 3159 2496 ε
3211 2442 3335 2498 Non
3373 2462 3466 2515 pro
3509 2450 3588 2504 nis

1989 2536 2113 2590 rogo
2151 2532 2363 2586 tantum,
2397 2525 2487 2578 sed
2515 2542 2608 2595 pro
2636 2527 2717 2581 Itis
2752 2530 2840 2597 qui
2862 2532 3101 2586 credituri
3126 2546 3240 2588 sunt
3271 2554 3361 2604 per
3385 2539 3586 2591 verbum

1990 2612 2194 2666 illorum
2217 2616 2268 2667 in
2291 2616 2564 2680 me(Joan.
2598 2635 2725 2681 xvn,
2758 2619 2873 2693 ‘20).
2909 2623 3048 2692 Ergo
3068 2628 3296 2681 attendit
3319 2645 3436 2691 nos,
3465 2631 3586 2699 quia

1993 2720 2179 2774 passus
2202 2717 2281 2759 est
2310 2717 2529 2776 prcqitcr
2557 2725 2674 2765 nos.
2701 2711 2890 2769 Merito
2917 2715 3094 2787 itaque
3116 2716 3330 2782 dicitur,
3355 2719 3421 2776 Ut
3441 2739 3592 2776 citar-

1991 2798 2111 2849 retis
2141 2799 2191 2850 in
2219 2803 2457 2869 progenie
2475 2801 2660 2856 altera.

2066 2887 2152 2943 15.
2194 2887 2346 2961 [vers
2403 2891 2516 2965 15.]
2555 2892 2693 2962 Quid
2743 2899 3051 2954 enarretis?
3104 2901 3357 2970 Quoniam
3396 2906 3477 2960 hic
3518 2919 3592 2964 est

1997 2979 2155 3044 Deus,
2203 2981 2334 3033 [ιιιτις
2365 2994 2552 3036 noster.
2607 2984 2772 3040 Terra
2801 2988 3100 3057 videbatur,
3144 3004 3303 3050 teme
3347 2998 3593 3053 conditor

1993 3089 2102 3129 non
2155 3074 2434 3130 Vidl'ballll'
2484 3094 2498 3131 :
2546 3093 2673 3132 caro
2715 3082 3014 3147 tenebatur,
3044 3086 3140 3140 sed
3169 3089 3398 3144 Deusin
3428 3107 3593 3148 carne

1995 3182 2101 3221 non
2144 3167 2548 3234 agnoscebatur.
2596 3169 2899 3226 Tcnebatur
2941 3189 3068 3231 cnro
3102 3177 3171 3231 ab
3199 3179 3279 3234 eis
3306 3157 3372 3234 ex
3401 3182 3593 3244 quibus

1995 3259 2168 3315 fuerat
2214 3272 2427 3330 sumpta
2479 3262 2594 3331 ipsa
2639 3277 2791 3329 coro,
2833 3279 2902 3319 ex
2943 3268 3150 3324 semine
3191 3271 3422 3326 Abrahae
3447 3275 3592 3329 enim

1993 3352 2147 3422 virgo
2193 3351 2354 3407 Maria
2409 3368 2424 3405 :
2471 3353 2537 3406 ad
2579 3368 2795 3408 carnem
2841 3371 3234 3429 remanserunt,
3263 3362 3594 3422 divinitatem

1996 3460 2102 3498 non
2129 3443 2523 3499 intellexerunt.
2557 3443 2879 3514 OApostoli,
2897 3462 2930 3502 ο
2947 3449 3135 3505 civitas
3155 3455 3374 3524 magna!
3408 3456 3459 3510 in
3481 3466 3595 3511 tur-

1995 3537 2146 3592 ribus
2167 3546 2220 3590 tu
2247 3535 2499 3608 praedico,
2523 3549 2574 3592 et
2594 3537 2701 3603 die,
2731 3537 2832 3592 Hic
2854 3551 2929 3596 est
2943 3540 3100 3608 Deus,
3115 3543 3253 3600 Deus
3271 3558 3456 3603 noster.
3481 3550 3593 3618 Sic,

1995 3627 2075 3683 sic
2099 3627 2370 3697 quomodo
2397 3636 2735 3696 contemptus
2760 3619 2864 3694 est,
2894 3635 3164 3701 quomodo
3193 3637 3326 3706 lapis
3353 3649 3476 3693 ante
3499 3656 3595 3711 pe-

1994 3719 2091 3776 des
2115 3720 2281 3789 jacuit
2309 3719 2789 3783 ()“CIIdCllliUlll,Ul
2815 3725 3119 3780 tnnniliaret
3147 3731 3308 3782 corda
3335 3732 3597 3789 cnntitcn-

1999 3813 2166 3870 tium;
2207 3812 2286 3865 sic
2324 3811 2406 3864 hic
2445 3821 2518 3864 est
2563 3812 2699 3865 Deus
2741 3824 2926 3866 noster.
2961 3815 3116 3872 Certe
3145 3819 3288 3872 visus
3316 3832 3432 3887 est,
3461 3825 3598 3879 sicut

1997 3905 2199 3959 dictum
2229 3913 2313 3957 est
2353 3920 2367 3958 :
2409 3901 2538 3957 Post
2567 3905 2674 3956 haec
2700 3905 2752 3957 in
2777 3906 2921 3959 terris
2947 3908 3083 3962 visus
3109 3921 3200 3976 est,
3232 3925 3276 3966 et
3303 3930 3417 3967 cum
3442 3916 3597 3970 [torui-

2001 3997 2148 4049 nibns
2177 4009 2496 4049 conversatus
2549 4005 2619 4049 est
2659 3995 2888 4066 (Barurli
2927 4013 3004 4062 nt,
3048 3998 3162 4072 38).
3215 4001 3315 4058 llic
3354 4015 3426 4059 est
3459 4006 3598 4066 Deus

2000 4098 2189 4142 noster.
2220 4087 2287 4142 Et
2316 4088 2477 4140 homo
2504 4100 2614 4150 est,
2649 4099 2703 4142 et
2742 4091 2861 4158 quis
2884 4101 2965 4146 est
2991 4093 3080 4161 qui
3113 4107 3399 4165 cognoscet
3433 4102 3600 4157 cum!

2004 4179 2257 4247 Quoniam
2297 4179 2376 4230 hic
2405 4190 2478 4232 est
2523 4178 2660 4232 Deus
2709 4191 2895 4235 noster.
2935 4183 3041 4238 Sed
3085 4185 3225 4243 forte
3266 4189 3332 4244 ad
3365 4201 3596 4264 tempus,

2002 4269 2271 4341 quomodo
2299 4269 2371 4324 (ill
2398 4268 2533 4324 falsi.
2565 4270 2696 4337 Quia
2723 4272 2863 4326 enim
2898 4276 3074 4329 vocari
3108 4289 3328 4344 possunt
3357 4282 3450 4348 dii,
3479 4300 3607 4340 esse

2003 4374 2318 4417 autemnon
2367 4370 2604 4428 possunt,
2640 4360 2705 4415 ad
2755 4370 2963 4434 tempus
3006 4368 3088 4421 vel
3140 4381 3414 4424 vocantur.
3465 4371 3601 4430 Nam

2002 4454 2128 4524 quid
2156 4453 2234 4507 eis
2260 4452 2386 4506 dicit
2414 4452 2695 4522 propheta,
2718 4454 2799 4520 vel
2827 4456 2956 4524 quid
2979 4469 3159 4513 inbuet
3184 4473 3238 4514 ut
3258 4463 3334 4517 eis
3355 4439 3605 4520 dicatur?

2007 4548 2133 4601 llaec
2167 4547 2247 4600 eis
2282 4545 2472 4600 dicetis
2507 4561 2519 4597 :
2546 4545 2721 4609 Quid?
2746 4543 2836 4599 Dii
2872 4549 2959 4618 qui
2987 4549 3169 4605 ciuium
3203 4563 3250 4604 et
3283 4564 3468 4608 ten-am
3502 4574 3606 4611 ηοιι

2007 4645 2231 4709 fecerunt
2248 4681 2261 4699 ,
2295 4645 2500 4709 pereant
2527 4636 2592 4690 de
2618 4647 2750 4693 terra
2767 4679 2785 4703 ,
2815 4648 2860 4690 et
2889 4639 2954 4692 de
2982 4639 3062 4692 Itis
3089 4657 3203 4710 quin
3221 4642 3310 4698 sub
3333 4647 3459 4700 εωιο
3485 4658 3606 4703 sunt

2009 4729 2224 4798 (Jereni.
2251 4744 2309 4795 ις,
2342 4727 2451 4798 ii).
2485 4727 2600 4799 Non
2619 4736 2704 4782 est
2731 4727 2832 4784 iste
2855 4729 2977 4784 talis
3004 4730 3163 4798 Deus,
3185 4736 3437 4802 quoniam
3465 4739 3608 4794 Deus

2009 4813 2192 4880 nosier
2219 4837 2382 4892 super
2411 4835 2600 4876 omnes
2627 4820 2778 4877 deos.
2822 4818 2999 4894 Super
3025 4839 3162 4892 quos
3202 4840 3392 4882 clunes
3429 4829 3561 4885 deos
3585 4833 3607 4886 1'

2015 4917 2270 4985 Quoniam
2295 4931 2468 4968 ontnes
2495 4913 2570 4967 dii
2597 4914 2820 4984 gentium
2842 4914 3096 4969 darmonia
3118 4957 3133 4978 ,
3167 4916 3417 4974 Dominus
3439 4933 3606 4977 autem

2013 5011 2163 5064 ecutos
2191 5007 2308 5076 fecit
2338 5004 2510 5077 (Psai.
2551 5021 2673 5069 xcv,
2713 5004 2791 5074 5).
2837 5005 2953 5074 Ipse
2978 5014 3212 5076 estergo
3236 5008 3376 5064 Deus
3405 5023 3609 5079 noster,

2015 5101 2095 5154 hic
2130 5108 2202 5153 est
2245 5097 2384 5152 Deus
2422 5106 2608 5150 noster.
2637 5096 2971 5167 Quousque?
3013 5097 3081 5153 In
3105 5109 3345 5154 internum
3375 5113 3419 5156 et
3445 5105 3613 5160 insur-

2014 5193 2186 5250 culum
2211 5191 2422 5254 saeculi;
2449 5190 2558 5260 ipse
2577 5198 2710 5260 reget
2739 5205 2829 5242 nos
2854 5190 2906 5242 in
2933 5190 3140 5244 swcula.
3171 5191 3230 5248 Si
3258 5193 3400 5255 Deus
3426 5207 3614 5254 noster

2016 5297 2118 5348 est,
2146 5297 2200 5340 et
2225 5300 2318 5339 rex
2340 5291 2522 5338 noster
2546 5290 2660 5345 est;
2692 5283 2917 5351 protegit
2942 5298 3060 5349 nos,
3090 5283 3212 5353 quia
3243 5286 3385 5356 Deus
3410 5297 3512 5351 est.
3542 5307 3615 5349 ne

2018 5378 2339 5440 moriamur;
2385 5375 2522 5446 regit
2553 5389 2673 5438 nos,
2702 5375 2821 5442 quia
2853 5391 2945 5428 rex
2977 5385 3078 5441 est,
3102 5392 3171 5431 ne
3195 5377 3467 5434 cadamus.
3504 5383 3612 5440 lte-

2019 5471 2195 5542 gcndo
2216 5478 2394 5524 autem
2425 5481 2524 5522 nos
2553 5481 2657 5520 non
2700 5465 2892 5535 frangit
2921 5480 3044 5530 nos;
3079 5482 3199 5521 nam
3229 5483 3361 5539 quos
3390 5487 3496 5526 non
3527 5490 3614 5527 re-

2020 5565 2116 5634 git,
2148 5561 2357 5633 frangit.
2387 5558 2549 5629 Reges
2573 5574 2676 5618 eos,
2713 5558 2910 5627 inquit,
2939 5557 2991 5611 in
3017 5559 3156 5629 virga
3182 5561 3346 5628 ferrea
3369 5602 3384 5624 ,
3431 5575 3478 5616 et
3505 5575 3618 5618 tim.

2022 5673 2173 5719 quam
2219 5670 2304 5706 vas
2346 5650 2495 5721 ﬁguli
2540 5661 2762 5703 conteres
2805 5665 2887 5701 eos
2931 5647 3100 5718 (Psal.
3134 5666 3190 5715 ιι,
3233 5651 3309 5715 9).
3361 5650 3465 5708 Sed
3495 5667 3614 5709 sum

2024 5762 2158 5818 quos
2189 5760 2294 5799 non
2336 5742 2469 5812 regit
2501 5760 2514 5794 :
2545 5742 2674 5809 ipsis
2703 5757 2806 5796 non
2849 5741 3036 5809 parcit,
3073 5754 3320 5812 tanquam
3351 5761 3444 5801 vas
3475 5747 3617 5816 ligo};

2032 5847 2312 5896 conterens
2342 5849 2451 5891 eos.
2490 5832 2570 5888 Ab
2593 5833 2682 5888 illo
2709 5848 2834 5906 ergo
2863 5844 3109 5901 optemus
3135 5836 3242 5906 regi
3274 5848 3326 5892 et
3355 5837 3564 5893 liberari.
3601 5860 3614 5897 :
