3968 6334
471 366 575 425 διδ

465 480 582 544 quia
608 476 687 530 hic
707 486 780 530 est
808 474 945 531 Deus
976 487 1142 533 uoster
1172 478 1224 531 in
1245 486 1508 542 cateruam,
1541 487 1585 533 et
1614 478 1662 532 in
1690 481 1933 533 sa'culum
1959 497 2054 533 sa-

467 568 605 632 culi;
631 577 679 621 et
704 568 812 636 ipse
837 581 969 639 reget
1000 587 1090 623 nos
1116 586 1164 622 tu
1186 576 1392 624 uacula.

884 778 960 838 IN
1004 779 1382 840 PSALMUM
1413 779 1670 841 XLVIII

1050 903 1466 958 ENARRATIO.

1136 1031 1308 1071 SERIIO
1347 1032 1381 1070 Ι.

905 1128 984 1186 De
1017 1131 1182 1201 prima
1220 1141 1363 1201 parte
1400 1131 1613 1188 Psalmi.

535 1241 583 1294 1.
626 1241 817 1295 Omnia
842 1241 1014 1296 divina
1038 1241 1244 1312 eloquia
1269 1242 1495 1297 salubria
1534 1251 1658 1297 sunt
1688 1241 1822 1298 bene
1851 1239 2045 1299 Intelli-

456 1332 731 1400 gentibus;
777 1332 1071 1401 periculosa
1108 1348 1235 1386 vero
1277 1332 1359 1388 his
1406 1333 1492 1403 qui
1536 1348 1597 1387 ea
1628 1335 1807 1388 volunt
1854 1335 1918 1388 ad
1960 1335 2041 1388 sui

455 1422 634 1476 cordis
682 1422 1078 1491 perversitatem
1128 1423 1468 1495 detorquere,
1501 1424 1672 1493 potius
1699 1439 1856 1496 quam
1886 1441 2039 1481 suum

453 1527 550 1566 cor
576 1513 641 1566 ad
670 1527 852 1568 eorum
879 1511 1250 1570 rectitudinem
1277 1516 1564 1586 corrigere.
1617 1517 1740 1571 Haec
1782 1524 1863 1571 est
1897 1517 2038 1571 enim

454 1604 508 1658 in
542 1604 844 1661 hominibus
873 1621 1060 1676 magna
1085 1615 1142 1661 et
1177 1606 1365 1661 usitata
1395 1608 1743 1676 perversitas;
1771 1611 1891 1679 quia
1917 1623 2038 1662 cum

453 1695 680 1752 debeant
705 1697 884 1753 vivere
915 1699 1011 1768 ipsi
1041 1701 1330 1754 secundum
1362 1701 1684 1757 voluntatem
1718 1702 1832 1766 Dei,
1868 1704 2034 1759 Demn

452 1787 640 1842 volunt
677 1790 854 1844 vivere
900 1790 1190 1845 secundum
1220 1793 1539 1846 voluntatem
1569 1809 1721 1848 suam
1774 1813 1787 1845 ε
1827 1803 1881 1849 et
1917 1811 2035 1848 cum

453 1877 550 1946 ipsi
584 1879 772 1933 nolunt
801 1882 1029 1950 corrigi,
1075 1883 1223 1937 illum
1253 1884 1437 1937 volunt
1473 1885 1789 1953 depravari;
1833 1897 2035 1943 rectum

456 1985 563 2022 non
592 1970 914 2025 arbitrantes
939 1973 1077 2040 quod
1108 1972 1193 2026 ille
1224 1975 1331 2027 vult
1355 2014 1369 2039 ,
1402 1974 1497 2030 sed
1535 1974 1674 2044 quod
1705 1975 1802 2045 ipsi
1832 1977 2034 2032 volunt.

453 2062 700 2115 Solemus
723 2071 900 2116 autem
929 2064 1114 2118 audire
1153 2064 1396 2120 homines
1425 2077 1816 2124 murmurantes
1841 2068 2036 2124 adver-

448 2163 542 2204 sus
567 2152 753 2212 Deum,
785 2152 924 2221 quod
953 2153 1105 2208 malis
1133 2154 1182 2207 in
1214 2153 1314 2208 hac
1334 2156 1436 2210 vita
1464 2156 1599 2212 bene
1627 2159 1697 2212 sit
1717 2167 1771 2213 et
1797 2159 2036 2216 laborent

449 2242 572 2296 boni
606 2261 620 2295 :
665 2244 814 2311 quasi
848 2245 932 2299 ille
963 2261 1238 2313 perversos
1265 2248 1372 2312 sit,
1403 2256 1456 2302 et
1486 2251 1688 2304 neseiat
1717 2251 1842 2320 quid
1870 2261 2030 2320 agat,

446 2344 537 2386 aut
566 2337 782 2388 omnino
807 2347 1057 2389 averterit
1083 2338 1266 2392 oculos
1295 2354 1322 2390 a
1352 2339 1511 2392 rebus
1536 2339 1816 2408 humanis;
1848 2343 1931 2395 vel
1957 2359 2036 2396 se-

445 2424 723 2477 curitatem
766 2441 914 2479 suam
964 2428 1257 2495 perturbari
1289 2430 1439 2494 nolit,
1483 2437 1538 2483 ut
1586 2429 1698 2485 hinc
1728 2448 1831 2486 non
1862 2442 2035 2487 atten-

445 2513 556 2579 dat,
595 2516 716 2582 quia
745 2533 864 2570 eum
909 2517 1090 2571 labore
1120 2519 1216 2571 ista
1249 2521 1386 2573 Deus
1416 2530 1507 2575 aut
1534 2521 1712 2577 videat
1735 2533 1826 2576 aut
1861 2526 2032 2579 corri-

445 2615 550 2675 gat.
579 2606 905 2661 Murmurant
934 2624 1062 2678 ergo
1089 2611 1332 2665 homines
1356 2652 1370 2674 ,
1399 2613 1488 2682 qui
1539 2623 1815 2683 propterea
1850 2616 2033 2671 volunt

449 2697 611 2751 Deum
633 2699 809 2752 colere
837 2711 894 2753 ut
921 2699 1005 2754 hic
1033 2700 1136 2754 illis
1166 2701 1302 2756 bene
1323 2705 1410 2767 sit,
1439 2705 1653 2773 quando
1678 2707 1906 2761 viderint
1937 2724 2031 2763 eos

440 2789 531 2856 qui
563 2789 727 2843 Deum
757 2806 860 2844 non
891 2792 1074 2846 colunt
1117 2793 1316 2860 pollere
1342 2805 1504 2863 atque
1544 2796 1742 2852 ﬂorere
1779 2796 2032 2855 felicitate

443 2889 695 2942 terrena;
731 2896 789 2937 se
823 2893 998 2936 autem
1042 2883 1281 2938 colentes
1315 2886 1477 2939 Deum
1506 2886 1748 2943 laborare
1776 2890 1826 2942 in
1858 2905 2027 2957 angu-

440 2968 577 3033 stiis,
617 2972 670 3024 in
711 2973 1142 3039 necessitatibus,
1166 2975 1220 3028 in
1251 2991 1510 3042 aerumna,
1551 2979 1863 3048 exterisque
1888 2980 2032 3034 (ΙίΠί-

438 3062 721 3116 cultatibus
759 3064 1094 3118 mortalitatis
1122 3065 1388 3119 humanae.
1435 3069 1628 3122 Contra
1659 3069 1810 3124 istam
1841 3087 2023 3125 vacem

439 3154 492 3205 et
522 3165 704 3207 contra
737 3153 832 3207 has
875 3155 1232 3225 blasphemias
1274 3162 1738 3223 murmurantium,
1785 3163 2024 3216 incantat

436 3257 650 3311 semper
677 3259 856 3298 sermo
880 3243 1110 3312 divinus,
1131 3261 1323 3300 curans
1343 3266 1370 3299 a
1399 3264 1577 3303 morsu
1607 3253 1890 3320 serpentis.
1922 3252 2026 3305 Ve.

439 3338 616 3390 nenati
643 3338 786 3391 enim
817 3339 993 3392 cordis
1021 3349 1103 3393 est
1133 3341 1228 3393 ista
1259 3342 1452 3404 sanies,
1484 3351 1734 3396 eructans
1771 3345 1821 3397 in
1854 3345 2020 3398 Deum

438 3439 679 3496 putorem
725 3430 1087 3498 blasphemia},
1116 3440 1170 3485 et
1213 3432 1354 3500 quod
1397 3434 1545 3501 pejus
1574 3443 1655 3488 est
1699 3449 1886 3488 manus
1923 3452 2021 3488 cu-

435 3520 598 3572 rantis
643 3520 929 3588 repellens,
981 3536 1216 3574 morsum
1267 3523 1528 3590 serpentis
1576 3538 1681 3576 non
1730 3526 2015 3592 repellens.

438 3610 547 3664 lloe
575 3611 702 3672 dixi,
733 3613 941 3682 repellit
969 3628 998 3664 a
1029 3629 1086 3667 se
1111 3628 1206 3667 eor
1239 3614 1469 3668 hominis
1497 3615 1648 3668 verbi
1690 3616 1783 3670 Dei
1809 3619 2016 3672 severi-

435 3710 615 3763 tatem,
634 3709 689 3755 et
716 3702 945 3755 admittit
969 3703 1032 3755 ad
1057 3719 1114 3755 se
1143 3704 1279 3756 male
1294 3703 1567 3758 suadentis
1582 3706 1844 3774 serpentis
1861 3707 2020 3761 blan-

430 3791 607 3845 ditias.
645 3793 840 3846 Contra
869 3793 965 3846 hos
991 3809 1118 3862 ergo
1144 3802 1325 3847 cantat
1347 3809 1529 3849 sermo
1551 3794 1760 3850 divinus
1784 3837 1798 3860 ,
1828 3807 1882 3850 et
1904 3798 2016 3867 jam

431 3885 481 3936 in
514 3885 614 3936 isto
645 3885 847 3953 psalmo
887 3884 1120 3953 loquitur
1162 3885 1337 3938 nobis.
1383 3885 1463 3939 Ad
1495 3901 1653 3954 queat
1699 3887 1962 3955 psalmum
1995 3889 2014 3922 ⁸

430 3976 682 4028 intentam
714 3992 811 4044 ego
841 3978 1066 4029 facerem
1097 3976 1445 4030 Sanctitatem
1480 3976 1742 4042 Vestram,
1771 3979 1870 4032 nisi
1901 3981 2014 4049 ipse

429 4083 528 4122 uos
554 4068 747 4123 faceret
771 4084 958 4123 omnes
987 4070 1245 4132 intentus;
1276 4084 1372 4123 nec
1395 4084 1492 4122 uos
1515 4069 1680 4133 solos,
1717 4073 1810 4126 sed
1841 4080 2010 4128 totum

427 4158 610 4212 orbem
640 4170 918 4212 terrarum.
953 4159 1144 4211 Audite
1183 4159 1323 4211 enim
1351 4159 1796 4227 quemadmodum
1825 4164 2008 4232 cmpit.

493 4249 548 4303 9..
591 4250 739 4322 [vers.
770 4248 849 4322 2.]
879 4250 1062 4303 Audite
1089 4251 1195 4303 lucc
1216 4266 1385 4303 omnes
1410 4260 1598 4319 gentes.
1633 4251 1745 4306 Non
1765 4269 1894 4324 ergo
1916 4270 2008 4312 vos

424 4343 524 4395 soli
553 4344 640 4411 qui
674 4345 758 4397 hic
793 4344 943 4397 estis.
983 4342 1113 4396 Nam
1144 4358 1244 4394 vox
1275 4351 1453 4395 nostra
1479 4351 1673 4412 quanta
1703 4355 1816 4407 est,
1846 4354 1902 4400 ut
1930 4348 2008 4402 sie

421 4433 734 4498 elamcmus,
782 4443 838 4486 ut
863 4433 1081 4486 audiant
1106 4449 1290 4485 omnes
1317 4435 1537 4500 gentes?
1578 4432 1839 4490 Clamavit
1863 4439 2002 4492 enim

424 4540 518 4591 per
544 4525 828 4592 Apostolus
853 4523 1105 4577 Dominus
1133 4533 1312 4577 noster
1337 4523 1494 4577 Jesus
1516 4523 1778 4589 Christus,
1801 4528 2002 4582 clama-

421 4616 497 4668 vit
525 4623 601 4670 tot
626 4615 814 4683 linguis
836 4628 969 4682 quas
994 4613 1207 4677 misit';
1238 4621 1292 4667 et
1318 4613 1557 4667 vidcnms
1577 4613 1714 4667 lmuc
1745 4617 2000 4681 psalmum

418 4706 507 4773 qui
548 4716 672 4759 ante
700 4720 802 4758 non
837 4704 1157 4758 recitabatur
1198 4703 1297 4756 nisi
1328 4704 1380 4756 in
1412 4720 1511 4757 una
1543 4715 1729 4773 gente.
1760 4707 1809 4759 in
1837 4723 1997 4778 synao

417 4811 548 4866 goga
577 4795 901 4858 .Iudieorum,
936 4797 1145 4850 recitari
1179 4811 1270 4864 per
1302 4805 1468 4850 totum
1501 4798 1684 4850 orbem
1715 4807 1994 4865 terrarum,

419 4905 512 4958 per
537 4905 728 4944 omnes
757 4889 1036 4950 Ecelesias,
1081 4890 1459 4958 impii-tumque
1484 4904 1602 4944 esse
1630 4891 1768 4959 quod
1800 4891 1885 4947 hic
1911 4893 1994 4948 di-

414 4991 556 5034 ctum
608 4991 709 5044 est,
757 4979 940 5033 Audite
969 4980 1074 5032 hwc
1103 4996 1270 5032 omnes
1309 4990 1496 5049 gentes.
1546 4980 1624 5034 Ad
1670 4981 1771 5038 hoc
1815 4984 1988 5038 solum

413 5070 534 5122 volo
559 5070 789 5124 intentos
817 5069 990 5124 facere
1015 5069 1220 5122 animos
1247 5080 1472 5134 vestros,
1505 5085 1573 5124 ne
1604 5083 1820 5139 propter
1843 5074 1993 5128 labo-

412 5178 525 5217 rem
554 5161 886 5230 corporalem
931 5177 1036 5216 non
1083 5161 1296 5229 erigatis
1323 5161 1556 5215 animum
1583 5203 1599 5228 ,
1632 5172 1868 5220 terrente
1897 5182 1992 5222 vos

409 5254 738 5324 longitudine
766 5254 950 5322 pSalmi
974 5253 1148 5323 hujus.
1175 5253 1228 5307 Si
1263 5255 1513 5322 potuerit,
1547 5257 1759 5310 tinietur
1788 5257 1945 5312 hodie
1972 5278 1986 5314 :

401 5345 451 5399 si
482 5360 624 5410 non,
654 5345 876 5399 restabit
901 5344 1053 5397 nobis
1081 5343 1278 5412 aliquid
1305 5345 1355 5398 in
1384 5346 1671 5400 crastinum
1703 5347 1874 5412 diem;
1905 5357 1986 5402 ta-

405 5455 532 5495 men
560 5452 660 5494 τοι
681 5453 894 5507 semper
921 5438 1106 5492 intenti
1129 5445 1322 5492 estote.
1356 5437 1397 5490 Τ
1400 5447 1581 5492 autum
1622 5441 1763 5494 enim
1803 5441 1986 5497 audie-

468 5594 484 5628 ι
519 5593 656 5655 add,
675 5590 910 5657 quomodo
930 5591 1156 5642 intentam
1177 5604 1262 5655 ego
1294 5593 1521 5654 (arerem.
1549 5593 1693 5643 abest
1729 5594 1982 5658 quomodo,

401 5668 430 5708 ³
606 5719 680 5780 εις.
714 5720 767 5765 et
795 5721 902 5763 Mss.
943 5723 1122 5780 pra‘ter
1146 5715 1289 5780 \‘ab'e.
1317 5721 1387 5780 et_
1403 5720 1516 5775 Reg.
1541 5717 1621 5778 qui
1647 5715 1846 5776 habent,
1870 5725 1981 5780 quot

401 5775 547 5828 misit.
568 5782 624 5823 Αι
648 5778 784 5845 Lov.,
805 5779 854 5830 in
872 5775 988 5839 quas
1012 5776 1136 5826 misit
1168 5777 1355 5827 :minus
1379 5777 1526 5824 bene~

1747 355 1806 414 S.
1849 358 2218 421 AUGUSTI-Nl
2259 367 2558 427 EPISCOPI

3638 384 3738 438 54-5

2162 481 2246 544 tis,
2279 481 2322 534 si
2373 484 2623 540 Dominus
2665 486 2910 553 voluerit,
2951 499 3204 560 quantmn
3244 505 3338 546 vos
3381 507 3486 548 non
3525 506 3731 565 gravet.

2157 575 2248 628 sed
2280 577 2496 631 relevet.
2539 580 2718 632 Audite
2760 582 2885 647 lucc,
2914 599 3084 637 ontnes
3111 593 3279 654 gentes
3308 601 3328 639 :
3356 587 3497 641 unde
3527 591 3654 643 estis
3683 601 3732 645 et

2156 681 2270 718 vos.
2300 666 2516 722 Auribus
2545 671 2800 739 percipite,
2833 689 3004 728 omnes
3029 675 3114 744 qui
3142 676 3377 749 habitatis
3405 679 3590 734 orbem.
3627 681 3733 732 line

2155 760 2345 813 iterum
2394 760 2600 816 videtur
2643 765 2919 832 repetisse,
2960 767 3111 837 quasi
3158 783 3343 837 parum
3391 770 3545 825 fuerit
3589 773 3730 840 quod

2148 851 2304 912 dixit,
2334 854 2534 908 Audite.
2567 857 2716 921 Quod
2747 857 2885 922 dico,
2916 859 3112 928 inquit,
3144 861 3319 915 audite
3340 905 3355 924 ,
3387 863 3594 917 auribus
3619 881 3728 933 per-

2150 946 2318 1006 ewite,
2370 945 2470 1000 hoc
2496 958 2598 1008 cst.
2633 949 2798 1003 nolite
2829 958 3164 1007 transeunter
3205 954 3408 1009 audire.
3449 957 3584 1024 Quid
3615 969 3728 1022 est,

2149 1036 2355 1090 niuibus
2382 1041 2658 1106 percipite?
2690 1042 2838 1109 Quod
2881 1043 3131 1099 Dominus
3159 1045 3402 1111 dicebat,
3451 1048 3549 1116 Qui
3586 1049 3730 1104 habet

2150 1140 2297 1180 aures
2331 1129 2588 1195 audiendi,
2633 1134 2808 1186 audiat
2850 1131 3058 1206 (Matth.
3107 1151 3182 1200 χι,
3209 1135 3302 1207 25)
3342 1156 3356 1194 :
3394 1155 3512 1193 eum
3543 1154 3730 1194 omnes

2147 1215 2234 1284 qui
2265 1217 2318 1270 in
2346 1230 2633 1288 conspectu
2661 1222 2774 1291 ejus
2809 1233 2982 1290 erant,
3024 1225 3206 1297 utique
3246 1227 3499 1284 haberent
3527 1245 3682 1284 aures
3712 1250 3726 1297 ;

2146 1321 2276 1374 quas
2323 1307 2407 1362 ille
2452 1325 2608 1366 aures
2649 1314 2917 1383 quaerebat
2947 1317 3046 1370 nisi
3092 1317 3290 1384 cordis,
3336 1336 3458 1374 cum
3504 1321 3726 1390 diceret,

2151 1398 2251 1465 Qui
2281 1399 2424 1454 habet
2446 1419 2593 1458 aures
2621 1405 2882 1472 audiendi,
2905 1409 3120 1462 audiat?
3147 1409 3256 1464 Has
3280 1419 3334 1466 et
3363 1412 3462 1466 iste
3493 1412 3728 1480 psalmus

2145 1506 2300 1544 aures
2347 1493 2540 1560 pulsat.
2585 1493 2802 1549 Auribus
2845 1497 3114 1567 percipite,
3155 1516 3324 1554 omnes
3361 1503 3447 1571 qui
3492 1503 3728 1558 habitatis

2144 1581 2330 1635 orbem.
2356 1582 2516 1638 Forte
2540 1594 2594 1638 et
2621 1585 2708 1640 hic
2735 1595 2818 1640 est
2840 1587 3015 1657 aliqua
3047 1589 3338 1646 distinctio.
3367 1592 3482 1647 Non
3513 1593 3722 1663 quidem

2144 1689 2242 1730 nos
2268 1685 2540 1732 coarctare
2561 1677 2832 1742 debemus,
2860 1680 2954 1734 sed
2978 1679 3106 1736 nihil
3126 1679 3258 1736 mali
3285 1693 3366 1737 est
3389 1684 3547 1738 etiam
3571 1675 3723 1738 istam

2143 1767 2407 1835 explicare
2449 1771 2788 1824 sententiam.
2841 1771 3000 1826 Forte
3052 1772 3247 1843 aliquid
3287 1774 3446 1828 distat
3491 1777 3629 1829 inter
3672 1778 3722 1831 id

2141 1858 2281 1927 quod
2307 1859 2456 1924 dixit,
2488 1877 2657 1915 omnes
2684 1871 2871 1932 gentes,
2900 1873 2953 1917 et
2982 1867 3120 1933 quod
3138 1865 3294 1932 dixit,
3319 1884 3491 1922 omnes
3519 1870 3604 1936 qui
3630 1871 3722 1923 ha-

2141 1954 2308 2008 bitatis
2333 1955 2519 2010 orbem.
2561 1957 2956 2027 Signilicantius
2996 1961 3136 2014 enim
3180 1961 3407 2016 fortasse
3435 1963 3596 2016 voluit
3627 1979 3722 2018 uos

2141 2046 2437 2116 intelligere
2465 2049 2605 2118 quod
2633 2049 2784 2113 dixit,
2815 2051 3104 2104 inhabitatis
3125 2093 3138 2119 ,
3163 2061 3220 2106 ut
3246 2064 3429 2122 gentes
3462 2055 3721 2123 intelliga-

2139 2153 2259 2194 mus
2284 2155 2468 2196 omnes
2497 2142 2703 2210 iniquos
2727 2185 2742 2208 ,
2792 2141 3112 2197 habitatores
3140 2154 3316 2198 autem
3345 2146 3487 2199 orbis
3511 2161 3718 2213 omnes,

2133 2229 2328 2298 justas.
2357 2231 2448 2287 llle
2482 2232 2623 2286 enim
2667 2233 2867 2287 habitat
2904 2235 2991 2302 qui
3035 2251 3138 2288 non
3185 2244 3394 2290 tenetur
3432 2255 3444 2291 :
3478 2254 3598 2291 nam
3627 2241 3715 2307 qui

2140 2331 2370 2387 tenetur,
2403 2321 2690 2387 habitatur,
2741 2341 2844 2378 non
2877 2324 3093 2379 habitat.
3130 2326 3410 2394 Quomodo
3434 2329 3523 2383 ille
3549 2331 3718 2398 possi-

2137 2414 2228 2466 det
2263 2429 2611 2483 qumcumque
2643 2415 2832 2481 habet,
2876 2419 2964 2486 qui
3000 2417 3246 2472 dominus
3284 2428 3364 2473 est
3396 2435 3570 2474 rerum
3600 2435 3717 2474 sua-

2137 2519 2287 2568 rum;
2317 2504 2561 2559 dominus
2587 2521 2763 2560 autem
2789 2515 2890 2570 est,
2914 2510 3001 2578 qui
3032 2526 3133 2563 non
3154 2521 3236 2564 est
3255 2512 3490 2567 irretitus
3519 2513 3716 2582 cupidi-

2138 2604 2244 2651 tate
2286 2614 2300 2650 :
2346 2597 2436 2666 qui
2480 2608 2654 2652 autem
2696 2599 2984 2669 cupiditate
3025 2609 3259 2666 tenetur,
3306 2618 3588 2671 possessus
3615 2615 3716 2669 est,

2135 2702 2241 2741 non
2266 2703 2560 2757 possessor.
2610 2691 2877 2746 llabemus
2905 2693 3045 2746 enim
3074 2694 3337 2762 quoddam
3369 2695 3589 2750 verbum
3619 2695 3716 2748 ha.

2134 2776 2388 2833 bitatione
2411 2780 2671 2848 signatum
2693 2781 2742 2834 in
2772 2782 3043 2851 Scriptura
3071 2784 3186 2848 Dei,
3221 2784 3305 2838 ubi
3335 2785 3426 2849 ait,
3457 2784 3605 2857 Elrgi
3627 2788 3715 2838 ab-

2121 2869 2220 2937 jici
2254 2869 2308 2922 in
2337 2870 2484 2924 domo
2517 2869 2738 2936 Domini,
2782 2875 2941 2944 magis
2978 2892 3128 2942 quam
3155 2875 3380 2930 habitare
3405 2879 3457 2930 in
3487 2879 3716 2930 taberna-

2132 2961 2258 3014 culis
2287 2972 2601 3029 peccatorum
2631 2962 2800 3034 (Psal.
2825 2981 3041 3026 Lxxxm.
3074 2967 3184 3035 ll).
3206 2967 3342 3034 Quid
3365 2968 3528 3032 enim,
3560 2970 3602 3022 si
3625 2970 3715 3023 ab-

2123 3049 2306 3119 jieeris
2359 3051 2410 3106 in
2457 3051 2620 3108 domo
2669 3055 2913 3122 Domini,
2966 3073 3071 3111 non
3127 3058 3195 3112 ibi
3245 3057 3486 3112 habitas?
3536 3059 3713 3116 Noluit

2130 3144 2428 3211 signiﬁcare
2449 3127 2860 3213 habitationem,
2892 3149 2990 3201 nisi
3021 3151 3070 3202 in
3097 3149 3176 3203 eis
3199 3151 3288 3219 qui
3317 3159 3527 3220 regunt,
3550 3163 3603 3206 et
3634 3163 3712 3206 te-

2130 3244 2276 3300 nent,
2301 3245 2352 3289 ct
2379 3235 2740 3303 dominantur,
2763 3249 2817 3292 ct
2841 3239 3140 3308 gubernant
3170 3258 3183 3293 :
3213 3241 3301 3310 qui
3326 3252 3502 3296 autem
3532 3252 3712 3294 conte-

2127 3336 2400 3389 mnuntur,
2448 3343 2553 3381 non
2584 3329 2732 3398 quasi
2773 3329 3029 3393 habitant,
3069 3333 3162 3385 sed
3202 3333 3423 3401 subjecti
3455 3344 3600 3388 sunt.
3640 3335 3709 3388 Ita

2125 3426 2301 3470 autem
2327 3417 2461 3470 dixit
2489 3435 2504 3472 :
2530 3418 2781 3472 Subditns
2810 3419 2929 3473 volo
2954 3435 3077 3475 esse
3117 3421 3168 3475 in
3195 3421 3353 3477 domo
3396 3424 3510 3489 Dei,
3544 3427 3709 3494 magis

2123 3523 2280 3575 quam
2346 3525 2572 3579 regnare
2624 3511 2676 3564 in
2749 3511 3098 3567 tabernaculis
3179 3524 3536 3584 peccatorum.
3607 3517 3709 3571 lta~

2121 3615 2226 3669 que
2283 3599 2328 3655 si
2371 3610 2453 3654 est
2481 3601 2654 3670 aliqua
2691 3601 2959 3658 distinctio
3013 3604 3149 3660 inter
3201 3623 3370 3661 omnes
3408 3616 3574 3677 gentes
3599 3651 3614 3674 ,
3657 3618 3709 3664 et

2122 3694 2426 3748 habitatores
2451 3695 2617 3758 orbis,
2645 3695 2782 3750 sicut
2807 3706 2890 3750 est
2927 3697 3196 3752 distinctio
3236 3700 3375 3754 inter
3418 3701 3611 3766 audite,
3652 3711 3706 3756 et

2119 3787 2324 3841 auribus
2368 3789 2625 3858 percipite,
2655 3787 2756 3843 hoc
2796 3788 3007 3859 quidem
3040 3791 3246 3845 videtur
3278 3795 3566 3859 repetisse;
3610 3794 3703 3849 sed

2121 3888 2296 3933 tamen
2324 3879 2469 3934 aliud
2508 3889 2591 3934 est
2613 3923 2627 3941 .
2657 3881 2801 3949 quod
2838 3897 2967 3936 sane
2995 3883 3160 3937 voluit
3203 3884 3535 3953 significare;
3582 3887 3702 3956 quia

2118 3970 2216 4022 ista
2259 3970 2468 4039 eloquia
2503 3970 2738 4025 audituri
2783 3981 2937 4025 erant
2964 3987 3067 4026 non
3100 3973 3278 4027 solum
3322 3984 3627 4044 peccatores
3650 3985 3704 4032 et

2118 4063 2284 4130 impii,
2328 4063 2422 4118 scd
2447 4073 2501 4118 et
2523 4063 2676 4133 justi.
2722 4064 2990 4120 Permixte
3033 4065 3189 4119 modo
3216 4067 3436 4121 audiunt
3465 4082 3698 4123 omnes:

2113 4155 2206 4209 scd
2235 4171 2354 4209 cum
2375 4164 2590 4210 ventum
2618 4154 2776 4210 fuerit
2800 4155 2865 4209 ad
2893 4157 3213 4210 reddendam
3240 4157 3517 4223 rationem,
3541 4174 3700 4228 sepa-

2113 4246 2371 4300 tabuntur
2396 4245 2486 4316 qui
2516 4246 2631 4300 sine
2654 4261 2811 4300 causa
2840 4246 3141 4312 audierunt,
3186 4247 3252 4301 ab
3291 4247 3394 4302 illis
3434 4248 3522 4317 qui
3551 4249 3696 4302 auri-

2111 4339 2210 4393 bus
2236 4349 2605 4408 pereeperunt.
2637 4339 2869 4392 Audiant
2893 4355 3018 4408 ergo
3046 4348 3098 4394 et
3126 4348 3434 4410 peceatores
3468 4359 3480 4392 :
3513 4342 3698 4396 Audite

2110 4430 2237 4492 lucc,
2269 4446 2440 4483 omnes
2484 4439 2671 4501 gentes.
2713 4431 2945 4485 Audiant
2986 4440 3037 4484 et
3084 4430 3236 4500 justi,
3278 4431 3365 4501 qui
3422 4448 3526 4485 non
3579 4433 3695 4487 sine

2108 4537 2270 4578 causa
2316 4523 2618 4584 audierunt,
2659 4530 2714 4576 et
2740 4532 2927 4592 regunt
2955 4524 3128 4591 potius
3156 4531 3348 4576 terram
3373 4565 3386 4584 ,
3419 4539 3574 4593 quam
3605 4539 3691 4578 re-

2106 4623 2302 4685 guntur
2326 4630 2356 4668 a
2389 4622 2526 4668 terra
2555 4631 2569 4667 :
2598 4613 2814 4668 Auribus
2854 4613 3117 4683 percipite,
3145 4629 3316 4667 omnes
3341 4615 3426 4683 qui
3454 4614 3693 4668 habitatis

2105 4705 2290 4759 orbem.

2175 4798 2227 4852 5.
2269 4796 2418 4868 [vers.
2445 4795 2524 4869 5.]
2570 4796 2636 4851 Et
2680 4796 2868 4850 iterum
2917 4795 3084 4849 dicit:
3121 4795 3316 4864 Quique
3352 4795 3611 4866 terrigenae
3641 4803 3689 4851 et

2102 4890 2198 4957 ﬁlii
2223 4890 2503 4943 hominum.
2535 4888 2687 4957 Quod
2709 4889 2812 4953 ait,
2841 4890 3100 4959 terrigena:
3123 4931 3139 4954 ,
3171 4889 3236 4942 ad
3269 4897 3573 4958 peccatores
3605 4905 3686 4944 re-

2103 4979 2252 5040 tulit;
2292 4979 2432 5049 quod
2475 4979 2566 5042 ait,
2623 4978 2719 5047 ﬁlii
2749 4979 3026 5041 hominum,
3059 4978 3123 5033 ad
3170 4978 3356 5034 ﬁdeles
3398 4989 3452 5034 et
3493 4979 3680 5049 iustos.

2102 5068 2306 5124 Videtis
2329 5084 2477 5138 ergo,
2506 5070 2628 5138 quia
2665 5078 2908 5123 servatur
2946 5070 3042 5123 ista
3086 5069 3377 5124 distinctio.
3426 5069 3524 5139 Qui
3559 5085 3682 5125 sunt

2094 5175 2225 5230 ergo
2249 5161 2549 5232 terrigenaz?
2588 5159 2706 5214 Filii
2732 5169 2908 5216 teme.
2949 5160 3047 5228 Qui
3075 5167 3197 5214 sunt
3241 5160 3329 5215 ﬁlii
3359 5162 3553 5218 terrae?
3579 5163 3678 5229 Qui

2097 5251 2435 5307 hmreditates
2465 5261 2708 5307 terrenas
2736 5253 3034 5322 requirunt.
3080 5251 3182 5320 Qui
3224 5253 3348 5308 sunt
3381 5253 3479 5322 ﬁlii
3516 5254 3676 5307 homi-

2094 5345 2261 5399 num?
2315 5344 2415 5410 Qui
2458 5345 2723 5415 pertinent
2757 5343 2822 5398 ad
2871 5344 3034 5398 ﬁlium
3074 5343 3328 5400 hominis.
3380 5345 3679 5416 Aliquando

2088 5435 2197 5504 jam
2225 5436 2322 5488 ista
2351 5435 2688 5489 distinximus
2714 5435 2988 5489 Sanctitati
3020 5433 3220 5488 Vestra:
3239 5474 3256 5492 .
3297 5443 3349 5488 et
3379 5435 3677 5491 invenimus

2091 5527 2213 5597 quia
2233 5526 2400 5581 Adam
2425 5527 2583 5579 homo
2604 5536 2740 5590 erat,
2769 5526 2908 5582 {ilius
2939 5526 3168 5580 hominis
3198 5542 3302 5581 non
3335 5538 3484 5591 erat;
3515 5529 3674 5584 Chri-

2090 5629 2205 5673 stus
2226 5627 2404 5672 autem
2436 5617 2574 5671 ﬁlius
2600 5616 2832 5672 hominis
2861 5627 2996 5684 erat,
3024 5625 3078 5673 et
3117 5617 3254 5672 Deus
3279 5630 3390 5674 erat
3417 5619 3512 5689 (τι).
3543 5619 3676 5688 Qui-

2152 5774 2224 5821 (al
2249 5780 2299 5823 tn
2323 5780 2458 5824 Enar.
2482 5775 2599 5824 Psal,
2622 5789 2728 5836 vni,
2748 5786 2796 5821 ιι.
2834 5775 2892 5822 t0
