3968 6352
340 361 446 418 515

339 487 570 542 cumque
598 473 738 526 enim
770 473 1035 540 pertinent
1058 471 1124 524 ad
1154 470 1340 532 Adam,
1367 473 1626 542 terrigena?
1645 489 1666 527 :
1692 474 1924 542 quicum-

339 580 445 633 que
471 564 735 634 pertinent
762 564 827 616 ad
866 563 1155 624 Christum,
1188 562 1282 629 ﬁlii
1310 562 1586 616 hominum.
1616 562 1814 616 Omnes
1845 574 1922 616 ta-

339 671 466 710 men
515 655 751 719 audiant,
788 670 888 725 ego
915 655 1041 708 nulli
1085 653 1340 708 subtraho
1382 668 1682 708 sermonem
1722 669 1920 707 meum.

341 747 631 817 Terrigena
680 755 783 813 est,
822 746 1000 800 audiat
1048 755 1262 816 propter
1298 745 1586 814 judicium;
1645 744 1783 799 ﬁlius
1824 746 1922 798 ho.

341 838 503 891 minis
542 847 652 903 est,
695 837 872 890 audiat
916 845 1130 906 propter
1168 850 1407 904 regnum.
1455 835 1623 889 Simul
1668 834 1720 887 in
1769 851 1924 887 unum

339 929 479 982 dives
514 937 563 983 et
610 945 821 998 pauper.
869 928 1063 982 lterum
1097 929 1208 997 ipsa
1237 938 1363 981 sunt
1392 928 1634 995 repetita.
1668 925 1818 992 Quod
1849 927 1923 978 ait

341 1021 502 1086 dives,
543 1020 610 1074 ad
646 1021 935 1090 terrigenas
973 1019 1235 1088 pertinet;
1285 1019 1422 1088 quod
1464 1019 1555 1082 ait,
1599 1033 1809 1087 pauper,
1853 1015 1921 1069 ad

341 1110 478 1165 ﬁlios
505 1111 799 1165 hominum.
832 1111 1031 1166 Divites
1072 1111 1303 1177 intelligo
1341 1109 1618 1178 superbos,
1661 1121 1921 1176 pauperes

340 1200 585 1255 humiles.
627 1202 828 1256 Habeat
868 1202 1060 1256 multas
1089 1201 1364 1255 faeuhates
1395 1202 1768 1269 pecuniarum;
1796 1199 1840 1252 si
1866 1200 1917 1252 in

335 1292 418 1344 eis
445 1279 547 1347 nun
578 1293 886 1359 extollitur,
937 1308 1135 1362 pauper
1182 1301 1265 1346 est
1303 1310 1317 1346 :
1345 1306 1449 1345 non
1482 1291 1670 1345 habeat
1697 1291 1915 1360 aliquid,

335 1391 394 1437 et
419 1384 596 1454 cupiat
620 1392 676 1440 et
701 1385 943 1450 inﬂetur;
972 1386 1107 1438 inter
1129 1384 1319 1438 divites
1338 1394 1391 1438 et
1413 1385 1664 1452 reprobus
1680 1399 1798 1437 eunt
1826 1384 1917 1437 de-

335 1484 488 1544 putat
513 1478 669 1531 Deus.
699 1479 766 1532 Et
790 1478 980 1531 divites
1006 1485 1060 1532 et
1085 1491 1344 1546 pauperes
1373 1477 1421 1528 in
1442 1475 1602 1529 corde
1629 1476 1917 1545 interrogat

333 1568 495 1635 Deus,
529 1583 634 1623 non
676 1567 732 1624 in
756 1585 877 1624 arca
921 1570 939 1601 ί
979 1579 1034 1623 et
1070 1569 1248 1623 domo.
1279 1568 1464 1622 Nonne
1507 1583 1766 1636 pauperes
1793 1577 1916 1622 sttnt

330 1661 423 1730 qui
447 1660 711 1729 accipiunt
735 1661 1042 1714 mandatum
1076 1659 1314 1729 Apostoli
1341 1659 1566 1714 dicentis
1589 1658 1868 1713 Timotheo
1895 1676 1909 1713 :

329 1749 565 1822 Prwcipe
603 1752 836 1805 diuitibus
883 1753 1036 1821 hujus
1077 1751 1251 1805 saeculi
1292 1767 1394 1804 non
1447 1751 1657 1819 superbe
1694 1752 1914 1819 sapere?

327 1842 606 1908 Quomodo
643 1858 736 1898 eos
761 1844 852 1912 qui
880 1843 1070 1898 divites
1097 1851 1252 1897 erant
1291 1842 1416 1896 fecit
1448 1842 1739 1910 pauperes?
1769 1843 1911 1896 Tulit

331 1933 437 1987 illis
464 1948 628 2004 quare
656 1945 964 2004 quaeruntur
1003 1934 1220 1988 divitiae.
1261 1933 1430 1988 Nemo
1467 1935 1606 1987 enim
1651 1934 1760 1988 vult
1789 1949 1908 1989 esse

321 2023 497 2090 dives,
525 2025 626 2078 nisi
655 2033 713 2078 ut
737 2024 948 2080 infletur
968 2025 1102 2079 inter
1127 2039 1221 2079 eos
1249 2025 1386 2078 inter
1412 2039 1545 2094 quos
1575 2025 1720 2089 vivit,
1749 2033 1804 2078 et
1825 2039 1908 2077 su-

323 2117 502 2186 perior
527 2117 628 2172 illis
655 2118 913 2173 videatur.
946 2118 1074 2173 Cum
1096 2126 1271 2172 autem
1292 2118 1442 2183 dixit,
1471 2134 1570 2170 non
1590 2119 1799 2186 superbe
1823 2136 1907 2170 sa-

322 2223 465 2277 pere,
491 2209 723 2279 aequales
760 2225 852 2264 cos
892 2209 1017 2264 fecit
1059 2226 1164 2264 non
1204 2210 1548 2275 habentibus;
1583 2221 1637 2263 nt
1666 2211 1903 2265 fortassis

321 2297 564 2367 pauculis
585 2301 817 2353 nummis
845 2300 1118 2354 mendicus
1142 2300 1260 2370 plus
1287 2301 1596 2364 extollatur,
1626 2317 1782 2369 quam
1816 2302 1901 2356 ille

315 2389 470 2445 dives
492 2391 580 2460 qui
609 2390 754 2445 audit
784 2393 1090 2460 Apostolum
1117 2392 1378 2446 dicentem
1405 2409 1418 2445 :
1460 2391 1693 2461 Prteeipe
1729 2392 1898 2445 diviti-

317 2481 449 2535 tibus
492 2482 640 2553 hujus
684 2485 856 2536 stcculi
885 2501 983 2536 non
1010 2484 1220 2552 superbe
1252 2499 1444 2552 sapere.
1492 2483 1641 2538 Unde
1681 2501 1780 2536 non
1807 2500 1896 2537 su-

315 2572 466 2640 perbe
489 2574 701 2643 sapere?
726 2572 779 2628 Si
809 2572 998 2627 faciant
1026 2573 1165 2643 quod
1191 2574 1447 2642 sequitur,
1492 2573 1670 2643 Neque
1695 2591 1898 2640 sperare

311 2662 367 2715 in
389 2662 578 2716 incerto
600 2663 908 2731 divitiarum,
931 2665 1019 2718 sed
1042 2666 1096 2718 in
1116 2664 1224 2718 Deo
1249 2666 1376 2728 vivo,
1403 2666 1486 2734 qui
1514 2676 1716 2734 praestat
1754 2667 1893 2719 nobis

311 2756 483 2809 omnia
520 2757 833 2810 abundanter
874 2757 943 2811 ad
986 2758 1252 2826 fruendum
1283 2757 1322 2828 (1
1350 2756 1483 2810 Tim.
1513 2774 1585 2823 Vl,
1617 2759 1726 2826 17).
1775 2757 1892 2811 Νοιι

309 2847 465 2913 dixit,
499 2849 588 2918 qui
629 2857 846 2917 praestat
884 2848 984 2903 illis
1007 2865 1021 2914 ;
1048 2849 1164 2909 sed,
1197 2850 1282 2917 qui
1305 2857 1507 2917 prastat
1540 2850 1701 2902 nobis.
1728 2848 1890 2903 Num-

306 2938 432 3009 quid
462 2940 574 3009 ipse
599 2940 791 2994 Paulus
812 2956 915 2994 non
938 2939 1164 2996 habebat
1183 2941 1423 2994 divitias?
1452 2940 1684 2994 Habebat
1711 2941 1881 3008 plane.

303 3030 450 3098 Quas
468 3030 714 3085 divitias?
745 3033 818 3086 Dc
843 3034 1032 3102 quibus
1056 3033 1184 3087 dicit
1201 3033 1304 3088 alio
1335 3032 1450 3086 loco
1466 3031 1734 3103 Scriptura
1759 3050 1773 3084 :
1803 3032 1890 3085 Fi-

303 3121 409 3176 deli
427 3124 618 3177 homini
639 3123 858 3177 mundus
886 3133 1015 3176 totus
1045 3123 1329 3177 divitiarum
1366 3133 1438 3176 est
1465 3123 1643 3194 (Prov.
1673 3139 1799 3190 xvn,
1827 3124 1883 3186 6,

301 3229 404 3268 sec.
434 3212 618 3286 LXX).
654 3215 788 3268 Audi
825 3223 878 3268 et
903 3215 1074 3286 ipsum
1117 3213 1457 3269 confitentem
1501 3232 1514 3267 :
1569 3215 1726 3279 Quasi
1759 3213 1887 3270 nihil

299 3307 556 3374 habentes,
581 3317 626 3360 et
649 3308 818 3361 omnia
837 3308 1143 3378 possidentes
1169 3307 1233 3378 (ll
1259 3307 1376 3361 Cor.
1400 3322 1475 3370 vt,
1506 3306 1617 3377 10).
1646 3308 1744 3373 Qui
1772 3308 1884 3362 vult

298 3412 429 3467 ergo
454 3413 571 3453 esse
596 3399 743 3453 dives
763 3441 778 3465 ,
822 3415 925 3456 non
957 3400 1155 3453 haereat
1185 3398 1336 3468 parti,
1369 3408 1422 3452 ct
1448 3407 1613 3453 totum
1643 3400 1881 3467 possideo

296 3489 379 3543 bit
407 3506 422 3542 :
454 3490 529 3543 illi
568 3490 826 3545 inharreat
857 3490 947 3560 qui
975 3498 1143 3544 totum
1172 3491 1390 3544 creavit.
1435 3490 1602 3543 Simul
1639 3492 1691 3542 in
1725 3507 1880 3543 unum

294 3579 433 3634 dives
456 3591 502 3633 et
529 3597 740 3650 pauper.
773 3581 906 3634 Dicit
933 3582 985 3634 in
1015 3580 1120 3633 alio
1148 3579 1350 3648 psalmo
1382 3595 1396 3642 ;
1427 3578 1592 3631 Edent
1613 3596 1876 3648 pauperes,

293 3680 344 3725 et
399 3671 778 3724 saturabuntur.
825 3671 1104 3736 Quomodo
1141 3669 1532 3724 commendavit
1582 3672 1876 3738 pauperes?

295 3762 460 3816 Edent
489 3779 749 3834 pauperes,
792 3773 836 3815 et
883 3761 1259 3814 saturabuntur.
1291 3759 1424 3825 Quid
1473 3759 1673 3813 edunt?
1724 3760 1876 3826 Qund

290 3856 465 3908 sciunt
489 3853 692 3909 fideles.
720 3854 994 3921 Quomodo
1023 3853 1428 3907 saturalnnitur?
1472 3851 1728 3905 lmitando
1757 3867 1876 3919 pas-

289 3947 496 3999 sionem
526 3945 733 4000 Domini
765 3945 865 4007 sui,
897 3955 951 3998 et
977 3960 1079 3997 non
1111 3945 1223 3997 sine
1243 3958 1398 3996 causa
1426 3943 1732 4010 accipiendo
1757 3959 1875 4010 prc-

289 4037 418 4088 tium
440 4051 615 4089 suum.
662 4035 820 4087 Edent
843 4050 1104 4103 pauperes,
1133 4043 1178 4086 et
1206 4033 1580 4095 saturabuntur,
1609 4041 1655 4084 et
1695 4034 1871 4086 lauda-

286 4126 409 4179 bunt
434 4124 731 4191 Dominum,
753 4125 838 4192 qui
862 4126 1120 4195 requirunt
1141 4141 1273 4176 eum.
1305 4123 1500 4176 Divitcs
1519 4124 1677 4191 quid?
1704 4125 1869 4176 Etiam

285 4220 387 4288 ipsi
429 4217 613 4272 edunt.
662 4218 768 4272 Sed
797 4218 1061 4287 quomodo
1099 4216 1304 4271 edunt?
1351 4215 1782 4269 Μαηάιιεαινενιιηι
1822 4227 1870 4270 et

281 4309 619 4362 adorauerunt
651 4325 820 4362 omnes
863 4309 1038 4361 divites
1080 4318 1226 4360 terrae
1271 4307 1437 4375 (Psal.
1466 4324 1579 4370 χχι,
1617 4309 1707 4372 27,
1750 4309 1864 4376 50).

279 4399 396 4454 Non
413 4400 565 4464 dixit,
587 4399 1048 4462 Manducaverunt,
1069 4409 1120 4451 et
1143 4399 1362 4464 saturati
1389 4407 1542 4461 sunt;
1575 4398 1689 4461 sed,
1719 4399 1869 4450 Man-

279 4489 621 4551 ducaverunt,
665 4499 710 4542 et
743 4489 1094 4542 adoraverunt.
1143 4488 1378 4541 Adorant
1418 4489 1632 4558 quidem
1674 4491 1862 4554 Deum,

277 4580 376 4632 sed
399 4579 774 4632 humanitatem
798 4579 984 4632 nolunt
1007 4580 1265 4632 exhibere
1296 4577 1604 4631 fraternam.
1638 4578 1859 4631 Mandu-

273 4677 401 4722 cant
427 4669 522 4734 illi,
559 4679 614 4723 et
651 4669 901 4733 adorant;
933 4669 1251 4722 manducnnt
1282 4669 1387 4733 isti,
1430 4677 1484 4722 et
1515 4678 1858 4723 saturantur:

275 4773 455 4816 tamen
503 4777 688 4816 omnes
729 4762 1068 4816 manducant.
1116 4762 1358 4831 Exigitur
1397 4761 1464 4816 de
1511 4762 1860 4818 manducante

271 4853 416 4921 quod
465 4853 781 4918 manducat;
813 4870 916 4907 non
953 4853 1296 4922 prohibeatur
1336 4853 1655 4908 manducare
1693 4869 1722 4906 a
1750 4854 1858 4907 dis-

271 4953 583 5011 pensatore,
625 4943 719 4997 sed
749 4952 1028 4997 moneatur
1056 4944 1242 4997 timere
1266 4954 1590 4998 exactorem.
1626 4945 1857 5000 Audiant

267 5048 398 5103 ergo
428 5034 525 5088 ista
557 5043 860 5104 peccatores
902 5042 957 5088 et
988 5033 1152 5102 justi,
1184 5043 1370 5106 gentes
1399 5044 1454 5089 et
1481 5035 1569 5104 qui
1617 5036 1856 5090 habitant

267 5126 479 5188 orbem,
511 5124 770 5194 terrigena:
788 5131 833 5176 et
854 5124 947 5192 ﬁlii
969 5123 1242 5185 hominum,
1270 5124 1420 5178 simul
1456 5125 1506 5177 in
1527 5141 1682 5177 unum
1717 5126 1854 5180 dives

264 5225 314 5268 et
359 5229 551 5284 pauper
571 5230 591 5267 :
621 5228 727 5267 non
753 5213 906 5266 divisi
932 5254 946 5277 ,
980 5228 1083 5266 non
1111 5213 1359 5282 separati.
1405 5213 1634 5282 Tempus
1664 5215 1851 5268 messis

264 5303 370 5358 hoc
397 5303 574 5370 faciet,
604 5318 790 5357 manus
815 5302 1147 5358 ventilatoris
1178 5303 1278 5357 hoc
1309 5304 1500 5372 poterit
1525 5304 1738 5373 (Matth.
1769 5320 1846 5370 ιιι,

264 5395 380 5465 ﬁ).
418 5394 570 5451 Nunc
602 5396 759 5450 simul
799 5397 851 5450 in
899 5411 1061 5450 unum
1109 5395 1326 5450 audiant
1361 5395 1507 5451 dives
1543 5404 1598 5450 et
1628 5411 1843 5466 pauper,

258 5488 423 5543 simul
458 5489 510 5542 in
541 5503 705 5542 unum
736 5496 1019 5559 pascantur
1045 5487 1184 5542 haedi
1213 5497 1265 5544 et
1291 5489 1433 5559 agni,
1475 5489 1644 5544 donec
1673 5492 1846 5546 veniat

254 5581 347 5652 qui
394 5589 638 5651 segreget
673 5579 808 5635 alios
845 5580 910 5634 ad
954 5579 1259 5646 dexteram,
1291 5578 1423 5635 alios
1467 5580 1533 5634 ad
1577 5581 1844 5636 sinistram

259 5670 370 5744 (Id.
405 5686 537 5738 xxv,
561 5669 651 5737 32,
683 5668 795 5743 55).
823 5668 992 5726 Simul
1021 5673 1074 5728 in
1103 5687 1264 5728 unum
1302 5670 1517 5726 audiant
1539 5670 1836 5738 docentem,

318 5786 337 5816 ι
371 5790 448 5833 ει».
475 5790 529 5836 et
547 5783 771 5848 plerique
796 5794 923 5840 Mss.
949 5791 997 5836 tn
1020 5800 1150 5838 area.
1177 5789 1324 5838 Vatic.
1348 5785 1524 5846 codex,
1545 5783 1596 5836 in
1612 5783 1802 5836 horreo.

1420 360 1815 416 ENARRATIO
1853 362 1916 416 1N
1955 362 2274 420 rsamnm
2313 367 2543 425 vaut.
3511 389 3613 446 δίε

2033 490 2101 528 ne
2128 481 2382 545 segregati
2410 482 2476 533 ah
2504 484 2725 539 invicem
2752 489 3328 560 andiantjudicantem.

2101 567 2152 620 4.
2175 567 2322 638 [vers.
2353 570 2430 642 4.]
2450 574 2512 625 Et
2535 576 2658 642 quid
2686 582 2918 648 estquod
2948 600 3085 638 nunc
3113 590 3338 646 audituri
3359 602 3520 651 sunt?
3539 599 3610 653 Os

2028 671 2195 708 meum
2217 658 2443 726 loquetur
2461 665 2777 732 sapientium,
2795 679 2842 721 et
2864 674 3118 728 meditatio
3142 681 3305 734 cordis
3321 685 3434 749 mei,
3465 689 3608 743 intel-

2027 745 2301 815 ligentiam.
2325 751 2389 803 Et
2406 752 2517 806 haec
2537 758 2754 822 repetita
2774 761 2967 826 potius,
2990 780 3056 817 nc
3076 766 3210 822 forte
3225 786 3342 825 cum
3363 745 3606 845 dixisset,

2027 853 2082 889 os
2109 854 2292 900 meum,
2323 841 2644 912 intelligeres
2670 863 2788 901 eum
2819 850 2910 904 tibi
2948 854 3108 922 loqui,
3132 860 3219 926 qui
3250 860 3300 913 in
3328 864 3480 918 labiis
3510 841 3607 921 ha;

2027 927 2175 1015 heret
2200 932 2530 999 sapientiam.
2557 937 2703 991 Multi
2729 941 2867 994 enim
2900 943 3096 999 habent
3123 949 3174 1001 in
3220 952 3371 1009 labiis
3414 968 3468 1011 et
3501 976 3606 1015 non

2026 1013 2310 1118 habent.
2349 1025 2528 1118 corde,
2560 1026 2627 1080 de
2656 1030 2844 1097 quibus
2882 1034 3008 1088 dicit
3049 1013 3608 1118 Scriptura:I’opulus

2024 1105 2115 1160 iste
2157 1108 2301 1163 labiis
2342 1129 2420 1166 me
2458 1115 2688 1180 honorat,
2719 1136 2806 1172 cor
2823 1133 2986 1176 autem
3013 1105 3184 1180 eorum
3209 1131 3357 1204 longe
3372 1105 3507 1191 αςιά
3529 1155 3606 1194 me

2025 1196 2353 1299 (Βοὴ-ξιιμ
2380 1207 2492 1299 1:5).
2522 1207 2656 1274 Quid
2674 1225 2800 1280 ergo
2823 1214 2895 1264 ait
2915 1216 3002 1269 ille
3019 1220 3105 1286 qui
3126 1221 3216 1274 tibi
3235 1196 3602 1299 loquitur?qtti

2022 1302 2141 1342 cum
2167 1291 2376 1358 dixerit,
2402 1295 2471 1348 Os
2501 1314 2662 1351 meum
2707 1303 2938 1370 loquetur
2963 1291 3377 1378 sapientiamaut
3408 1291 3600 1374 intelli-

2020 1392 2112 1444 gas
2137 1381 2256 1448 quia
2289 1382 2413 1436 illud
2443 1388 2581 1454 quod
2624 1404 2689 1442 ex
2731 1406 2825 1446 ore
2854 1393 3105 1463 funditur,
3149 1400 3217 1455 de
3244 1419 3374 1459 vena
3417 1411 3596 1466 cordis

2018 1482 2249 1567 emanat,
2285 1474 2476 1541 intulit,
2512 1477 2576 1530 Et
2595 1483 2851 1536 meditatio
2881 1489 3045 1541 cordis
3069 1492 3166 1544 mei
3191 1494 3593 1567 intelligentiam.

2088 1560 2156 1657 5.Δ
2184 1559 2336 1657 [verm
2387 1565 2465 1638 5.]
2506 1566 2768 1624 lnclinabo
2810 1575 2862 1626 in
2891 1578 3184 1645 parabolant
3209 1559 3382 1640 aurem
3407 1606 3592 1657 meam,

2016 1653 2240 1744 aperiam
2278 1655 2331 1709 in
2358 1660 2590 1724 psalterio
2617 1667 3006 1733 prapositionem
3031 1675 3366 1744 meam-Quis
3395 1692 3478 1736 est
3505 1653 3592 1742 hic

2014 1741 2166 1839 cujus
2187 1745 2458 1839 meditatio
2483 1751 2659 1805 cordis
2685 1755 2919 1825 loquitur
2941 1741 3366 1839 intelligentiam,
3400 1781 3457 1826 ut
3482 1741 3588 1834 non

2012 1832 2079 1884 sit
2102 1832 2152 1925 in
2179 1836 2293 1925 sola
2325 1842 2604 1906 superficie
2628 1844 2906 1914 labiorum,
2947 1854 3039 1907 sed
3071 1832 3301 1915 hominis
3339 1832 3590 1925 interiora

2011 1924 2311 2023 possideat?
2349 1928 2478 2023 Quis
2516 1941 2597 1986 est
2644 1935 2743 1989 iste
2779 1940 2868 2007 qui
2906 1943 3071 2011 audit,
3115 1956 3169 2001 et
3207 1951 3285 2004 sic
3325 1954 3590 2023 loquitur?

2009 2013 2154 2117 illum
2184 2016 2324 2068 enim
2358 2018 2644 2117 loquuntur
2669 2027 2808 2093 quod
2841 2045 2943 2083 non
2973 2034 3341 2106 audiunt?Qui
3359 2013 3585 2117 suntqui

2006 2100 2457 2205 loquunturouod
2489 2127 2592 2166 non
2618 2116 2872 2171 audiunt?
2898 2120 2994 2188 Qui
3020 2141 3123 2179 non
3153 2100 3350 2186 faciunt
3378 2100 3584 2205 ιῖμιςιιιῆζ

2006 2203 2166 2297 cunt:
2197 2196 2381 2264 quales
2418 2199 2544 2254 dicit
2573 2204 2822 2260 Dominus
2853 2210 3149 2270 Pharisaeos
3190 2196 3584 2297 sedere-super

2004 2283 2522 2385 cathedram-Moysi.
2555 2293 2729 2350 Voluit
2751 2300 2840 2353 tibi
2864 2302 3003 2372 loqui
3027 2307 3078 2360 in
3107 2310 3356 2368 cathedra
3390 2283 3574 2385 Movsi,

2002 2389 2099 2442 per
2125 2391 2217 2431 eos
2241 2381 2329 2447 qui
2355 2397 2415 2434 ea
2455 2382 2764 2453 loquuntur,
2805 2400 2860 2444 et
2895 2409 3002 2447 non
3031 2396 3256 2464 faciunt;
3288 2412 3341 2458 et
3370 2377 3580 2464 ιιιήὶᾷ

2001 2469 2281 2564 ciuitatem
2332 2471 2586 2529 Dominus
2615 2479 2778 2533 voluit
2820 2483 2968 2538 dare.
3013 2487 3186 2544 Nolite
3216 2494 3421 2561 timere,
3451 2499 3578 2564 Quia

2000 2555 2194 2658 dicunt,
2224 2561 2409 2658 inquit,
2439 2567 2610 2634 facite,
2651 2585 2765 2636 qua:
2795 2583 2960 2627 autent
2987 2579 3178 2646 faciunt
3202 2584 3356 2639 nolite
3383 2555 3580 2658 facere;

1997 2647 2168 2744 dicunt
2191 2651 2342 2717 enim,
2367 2663 2414 2706 et
2435 2672 2533 2708 non
2551 2657 2741 2724 faciunt
2767 2661 2976 2731 (Matth.
3007 2685 3152 2737 xxttt,
3180 2672 3234 2738 2,
3252 2675 3326 2744 5).
3347 2647 3459 2733 Non
3476 2647 3576 2735 au:

1997 2739 2149 2838 diunt
2175 2744 2313 2810 quod
2342 2745 2542 2800 dicunt.
2571 2749 2670 2817 Qui
2697 2768 2826 2806 vero
2853 2756 3151 2826 faciunt,'et
3171 2739 3468 2838 sicdicunt,
3486 2790 3574 2829 att-

1993 2830 2145 2929 diunt
2176 2834 2318 2929 quod
2343 2835 2563 2894 dicunt:
2589 2851 2644 2895 et
2669 2843 2788 2899 ideo
2816 2845 3083 2905 fructuosa
3107 2853 3305 2921 dicunt,
3335 2830 3571 2929 quidan-

1993 2924 2281 3020 diunt.‘Qui
2304 2941 2433 2998 ergo
2457 2929 2631 2986 dictor
2656 2945 2709 2987 et
2736 2951 2839 2990 non
2870 2939 3084 2996 auditor
3107 2955 3210 3011 est,
3228 2924 3378 3004 alteri
3406 2955 3570 3020 prod-

1991 3025 2092 3081 est,
2119 3017 2219 3073 sibi
2262 3034 2366 3073 non
2397 3023 2627 3090 prodest.
2657 3026 2759 3081 Iste
2783 3046 2910 3098 ergo
2923 3034 3010 3101 qui
3039 3044 3092 3088 et
3118 3038 3328 3095 auditor
3357 3017 3568 3101 volebat

1989 3121 2112 3200 esse
2139 3117 2193 3162 et
2228 3109 2422 3178 dictor,
2467 3115 2554 3183 qui
2603 3116 2693 3171 tibi
2741 3119 2991 3189 loquitur,
3017 3135 3300 3197 antequam
3341 3133 3562 3200 diceret,

1997 3198 2225 3295 aperiam
2243 3201 2296 3253 in
2321 3204 2558 3270 psalterio
2579 3212 2967 3276 propositionem
2988 3231 3171 3284 meam,
3195 3222 3335 3289 quod
3361 3232 3442 3278 est
3453 3198 3566 3295 jani

1987 3287 2128 3357 loqui
2161 3308 2252 3358 per
2281 3306 2494 3361 corpus,
2527 3297 2603 3349 sic
2631 3300 2772 3351 enim
2800 3303 2964 3356 utitur
2977 3307 3150 3360 anima
3170 3287 3414 3380 corpore,
3433 3287 3566 3384 quo-

1986 3380 2145 3432 modo
2192 3383 2353 3435 utitur
2393 3385 2665 3440 citharista
2705 3391 2976 3456 psalterio,
3019 3396 3173 3462 dixit,
3217 3380 3483 3458 Inclinabo
3510 3409 3564 3462 in

1997 3471 2292 3536 parabolant
2310 3490 2484 3526 aurem
2508 3493 2689 3531 nteant.
2719 3484 3014 3550 Antequam
3035 3486 3341 3556 loquartihi,
3363 3493 3550 3562 inquit,

1982 3577 2333 3658 per‘co‘rpus,
2381 3575 2663 3636 antequam
2712 3574 3015 3641 psalterium
3047 3591 3217 3647 sonet,
3265 3587 3433 3652 primo
3461 3604 3564 3658 ego

1983 3653 2231 3706 inclinabo
2261 3656 2312 3708 in
2352 3659 2647 3724 parabolam
2677 3680 2850 3716 aurem
2880 3683 3061 3733 meam,
3108 3671 3157 3724 id
3200 3683 3300 3736 est,
3349 3653 3562 3735 audiain

1979 3745 2105 3813 quid
2137 3746 2227 3800 tibi
2266 3747 2461 3801 dicam.
2505 3752 2572 3804 Et
2605 3768 2789 3821 quare,
2822 3757 2874 3809 in
2904 3761 3237 3827 parabolam?
3262 3766 3392 3832 Quia
3420 3773 3562 3824 vidc-

1979 3853 2090 3889 mus
2119 3853 2253 3891 nunc
2284 3855 2371 3907 per
2396 3843 2658 3909 speculum
2683 3845 2736 3898 in
2761 3848 3026 3916 antigntate
3062 3852 3104 3920 (l
3144 3854 3260 3907 Cor.
3303 3873 3416 3921 xut,
3448 3863 3557 3929 19.),

1977 3928 2118 3982 sicut
2142 3929 2271 3983 dicit
2295 3933 2602 4000 Apostolus.
2635 3935 2890 4001 Quamdiu
2927 3957 3102 3995 sumus
3125 3945 3176 3997 in
3205 3946 3298 3999 hoc
3326 3928 3556 4018 corpore,

1977 4023 2355 4091 peregrinantur
2380 4041 2411 4076 a
2439 4023 2659 4079 Domino
2691 4029 2758 4098 (ll
2787 4028 2904 4083 Cor.
2942 4048 2993 4094 ν,
3023 4035 3102 4104 6).
3144 4037 3278 4101 Quia
3321 4042 3555 4097 nondum

1974 4120 2058 4165 est
2085 4112 2172 4165 illa
2202 4112 2332 4166 visio
2362 4123 2539 4168 nostra
2567 4116 2703 4173 facie
2726 4118 2790 4172 ad
2823 4120 3032 4186 faciem,
3066 4125 3152 4178 ubi
3177 4124 3286 4195 jam
3319 4145 3423 4183 non
3445 4132 3554 4188 sint

1973 4206 2258 4271 parabolm,
2293 4206 2378 4261 ubi
2421 4208 2528 4276 jam
2560 4224 2664 4263 non
2711 4210 2818 4265 sint
2860 4214 3140 4283 mnigmata
3171 4227 3226 4271 et
3250 4220 3552 4278 similitudi-

1973 4308 2088 4348 nes.
2122 4293 2384 4364 Quidquid
2410 4299 2569 4352 modo
2601 4300 2961 4370 intelligimus,
2989 4320 3086 4373 per
3111 4309 3388 4377 aenigmata
3420 4326 3553 4366 con-

1970 4384 2243 4453 spicimus.
2274 4385 2521 4456 Aﬂnigma
2551 4398 2633 4442 est
2661 4390 2881 4445 obscura
2911 4395 3161 4462 parabola
3190 4414 3308 4466 qua:
3333 4399 3552 4458 difficile

1969 4475 2298 4547 intelligitur.
2330 4478 2677 4544 Quantuinvis
2721 4485 2931 4538 excolat
2972 4485 3134 4540 homo
3163 4503 3258 4544 cor
3285 4506 3462 4560 suum,
3494 4504 3551 4550 et

1966 4567 2035 4621 ad
2083 4569 2333 4626 interiora
2380 4572 2716 4642 intelligenda
2749 4573 2992 4645 refugiat,
3028 4580 3277 4646 quamdiu
3303 4598 3396 4649 per
3423 4597 3548 4639 eor-

1965 4659 2368 4727 ruptibilitatem
2397 4664 2574 4716 carnis
2604 4663 2760 4732 hujus
2790 4667 3048 4730 videmus,
3091 4685 3155 4722 ex
3209 4682 3358 4740 parte
3396 4674 3546 4729 vide-

1965 4766 2104 4804 mus.
2131 4754 2413 4823 Assumpta
2443 4764 2619 4812 autem
2651 4757 3047 4825 incorruptione
3074 4760 3125 4814 in
3153 4765 3543 4823 resurrectione

1963 4851 2315 4907 mortuorum,
2345 4858 2465 4897 cum
2487 4847 2788 4914 apparuerit
2808 4846 2977 4900 Filius
3019 4831 3249 4905 hominis
3270 4853 3545 4919 judicatu-

1959 4945 2050 4985 rus
2090 4933 2237 4986 vivos
2263 4942 2315 4986 et
2344 4943 2602 4995 mortuos,
2635 4945 2758 4989 tunc
2787 4937 3053 4991 videbitur
3083 4939 3247 4995 Filius
3283 4942 3539 5011 hominis,

1959 5025 2047 5094 qui
2078 5024 2529 5093 primojudieatus
2553 5037 2654 5091 est,
2680 5028 2944 5095 judicans,
2969 5031 3285 5087 discernens
3317 5036 3488 5090 malos
3509 5053 3539 5092 a

1956 5115 2132 5182 bonis,
2161 5132 2365 5185 ponens
2389 5118 2556 5172 malos
2590 5134 2618 5171 a
2644 5119 2889 5184 sinistris,
2926 5123 3096 5177 bonos
3121 5138 3151 5178 a
3194 5125 3416 5181 dextris.
3451 5128 3542 5183 Vi-

1955 5207 2160 5262 debunt
2181 5207 2326 5260 illum
2355 5217 2408 5261 et
2445 5207 2568 5261 boni
2609 5216 2662 5261 et
2703 5209 2849 5274 mali,
2878 5211 2968 5264 sed
3005 5213 3155 5267 malis
3182 5213 3342 5278 dicet,
3374 5214 3454 5271 Ite
3485 5218 3539 5272 in

1953 5299 2121 5368 ignem
2144 5310 2383 5352 teternum
2407 5314 2426 5351 :
2457 5299 2609 5353 bonis
2645 5309 2821 5354 autem
2864 5302 3025 5367 dicet,
3081 5301 3254 5358 Venite
3291 5305 3537 5362 benedicti

1956 5389 2127 5443 Patris
2158 5390 2275 5453 mei,
2318 5391 2554 5458 percipite
2583 5406 2809 5460 regnum.
2855 5391 3073 5446 Abibunt
3105 5395 3227 5447 mali
3263 5396 3315 5449 in
3355 5397 3534 5450 ambu—

1951 5483 2163 5534 stionent
2189 5491 2446 5543 wternam,
2460 5480 2590 5548 justi
2615 5490 2780 5532 autent
2805 5480 2857 5533 in
2883 5482 3034 5534 vitam
3056 5493 3294 5538 aaternam
3315 5485 3530 5555 (Matth.

1951 5589 2074 5639 xxv,
2098 5573 2188 5638 55,
2216 5573 2304 5635 54,
2338 5571 2426 5637 41,
2452 5571 2574 5641 46);
2598 5583 2646 5627 et
2681 5571 2748 5624 ibi
2776 5571 2877 5627 erit
2899 5572 2982 5627 illa
3017 5574 3148 5627 visio
3181 5573 3316 5630 t‘arie
3352 5577 3420 5631 ad
3455 5579 3533 5633 fa-

1949 5665 2107 5729 ciem,
2135 5678 2234 5734 qua
2266 5663 2339 5718 illi
2385 5679 2490 5718 non
2526 5674 2649 5718 sunt
2676 5663 2842 5734 digni.
2876 5663 3148 5720 Attenditc
3177 5665 3298 5732 quid
3328 5665 3526 5725 dicam.

1948 5755 2139 5812 Filium
2169 5759 2310 5813 enim
2341 5757 2570 5820 hominis
2600 5759 2735 5812 sicut
2763 5754 2848 5810 hic
2876 5770 2997 5810 cum
3025 5765 3166 5812 esset
3190 5755 3363 5813 adhuc
3386 5758 3528 5830 judi-
