3968 6328
432 349 529 403 5δῖ

430 461 648 518 candus,
679 464 728 511 et
761 453 880 509 mali
909 452 1171 512 viderunt,
1192 463 1245 502 et
1270 449 1425 506 boni;
1451 445 1694 499 viderunt
1714 445 1854 497 enim
1876 447 2013 504 Apo-

430 548 554 604 stoii
597 546 686 616 qui
731 545 898 596 secuti
940 551 1084 603 sunt,
1120 539 1370 592 viderunt
1399 536 1568 590 .ludmi
1599 538 1688 603 qni
1732 534 2016 585 erurilixc-

433 647 584 700 runt;
614 637 691 692 sic
721 651 842 690 cum
880 633 1088 688 venerit
1126 629 1483 698 judicaturus,
1512 635 1567 679 et
1595 625 1718 677 boni
1761 623 1905 676 illum
1934 621 2013 673 vi-

431 729 631 784 debunt
651 735 706 780 et
727 723 890 778 mali:
921 721 1069 783 boni,
1105 729 1158 771 ut
1191 717 1484 787 percipiant
1514 713 1837 773 mercedem,
1893 710 2015 777 quia

434 820 602 873 secuti
648 825 802 879 sunt;
849 814 996 875 mali,
1019 822 1074 864 ut
1107 807 1401 879 percipiant
1434 820 1664 874 pmnam,
1695 809 1814 872 quia
1843 802 2016 854 cruci-

441 913 687 962 lixernnt.
717 905 830 960 Soli
871 917 1000 972 ergo
1037 900 1112 956 illi
1144 901 1556 958 dau'mabuuutr,
1605 894 1694 964 qui
1737 893 2016 945 eritt.'ili\'e-

440 999 597 1051 runt?
638 996 820 1048 Audeo
847 993 1047 1056 dicere,
1092 991 1210 1043 soli.
1246 990 1382 1059 Ergo
1411 1002 1527 1049 nos,
1561 987 1797 1054 inquiunt
1831 998 2018 1052 pecea-

442 1100 584 1142 tores
614 1087 770 1154 hujus
801 1083 1072 1153 temporis,
1103 1082 1274 1134 securi
1306 1093 1508 1133 sumus.
1541 1077 1596 1132 Si
1633 1092 1736 1129 non
1783 1076 2020 1128 animum

441 1179 731 1245 interrogat
759 1176 917 1235 Deus,
947 1173 1118 1226 sccnri
1145 1173 1289 1225 estis.
1324 1168 1460 1237 Quid
1491 1177 1574 1221 est
1603 1164 1742 1235 quod
1773 1165 1915 1218 dixi?
1937 1163 2021 1216 ln-

440 1271 641 1340 telligat
666 1268 914 1323 Charitas
943 1266 1151 1326 Vestra,
1177 1279 1242 1316 ne
1272 1261 1376 1317 hoc
1396 1259 1576 1314 dicant
1606 1258 1657 1312 in
1679 1258 1880 1327 judicio
1906 1257 2018 1318 Dei,

433 1354 559 1428 'qnia
583 1377 686 1414 non
713 1360 1106 1412 intellexerunt.
1130 1355 1298 1409 Judmi
1327 1355 1449 1424 quia
1467 1351 2016 1409 videruntChristum,

435 1451 845 1514 crncilixcrunt;
862 1458 914 1503 tu
933 1449 1052 1517 quia
1074 1462 1178 1500 non
1197 1445 1346 1499 vides
1366 1442 1655 1507 Christum,
1681 1445 1842 1496 verbo
1859 1441 2021 1508 ipsius

440 1543 658 1596 resistis.
692 1542 789 1608 Qui
821 1541 983 1593 verbo
1013 1539 1238 1594 resistis.
1268 1549 1488 1588 carnem
1536 1547 1638 1584 non
1682 1533 2022 1598 cruciiigercs

439 1637 483 1688 si
527 1633 764 1686 videres?
793 1630 1124 1695 Contempsit
1161 1627 1378 1681 .ludzctts
1409 1626 1462 1679 in
1509 1625 1651 1692 ligno
1677 1623 2020 1692 pendentem,

439 1725 737 1778 cenleutuis
765 1731 817 1774 ιιι
859 1721 913 1775 in
939 1719 1076 1774 caelo
1100 1718 1396 1772 sedentem.
1437 1715 1574 1781 Ergo
1622 1715 1868 1766 viderunt
1900 1729 2021 1764 eum

440 1813 598 1866 ambo
631 1826 848 1881 genera,
879 1810 1005 1863 dum
1033 1810 1118 1862 hic
1141 1815 1314 1860 esset:
1338 1806 1495 1858 ambo
1522 1819 1716 1873 genera
1739 1803 2019 1864 videbunt,

440 1915 492 1955 et
521 1917 640 1955 enin
666 1901 892 1954 venerit.
912 1899 1075 1954 Filius
1100 1898 1242 1950 enim
1271 1895 1499 1949 hominis
1521 1895 1696 1948 veniet
1714 1902 1769 1946 ιιι
1787 1892 2021 1960 judicet;

439 1998 561 2062 quia
595 1992 756 2046 Filius
788 1991 1022 2044 hmuinis
1051 1989 1195 2043 venit
1242 1995 1299 2041 ut
1330 1986 1683 2057 judicaretur.
1732 1985 1855 2038 Ideo
1892 1985 2015 2052 quia

442 2080 598 2144 Pater
616 2102 720 2139 non
746 2092 828 2139 est
852 2085 1174 2145 incarnatus,
1201 2081 1358 2135 Pater
1381 2095 1485 2132 non
1516 2086 1596 2131 est
1623 2091 1831 2146 passus,
1858 2086 1912 2130 et
1933 2091 2025 2144 per

442 2179 636 2233 Eilium
659 2176 890 2230 hominis
913 2175 1137 2244 judicat,
1167 2173 1306 2228 sicut
1335 2171 1449 2241 ipse
1473 2171 1603 2224 dixit
1629 2170 1679 2224 in
1714 2169 2022 2238 Evangelio,

444 2269 600 2322 Pater
628 2284 728 2321 nou
747 2267 949 2338 judicat
977 2281 1296 2336 quemquam,
1329 2263 1418 2316 sed
1441 2278 1590 2316 omne
1613 2260 1866 2330 judicium
1890 2261 2027 2312 dedit

444 2362 552 2425 ﬁlio
581 2375 592 2389 ·
617 2366 833 2415 scentus
862 2359 1018 2427 paulo
1044 2366 1162 2426 post
1187 2359 1282 2421 ait,
1315 2352 1380 2407 Et
1403 2351 1539 2407 dedit
1559 2351 1611 2405 εἰ
1633 2359 1918 2420 potestatem
1939 2353 2026 2421 jn~

445 2448 568 2504 dicii
585 2448 827 2520 feriendi,
856 2447 1092 2517 quoniam
1122 2445 1286 2499 Filius
1315 2446 1532 2498 hominis
1558 2454 1626 2496 est
1653 2443 1831 2512 (Joan.
1860 2443 2022 2508 v,‘2:!,

445 2540 555 2602 ii).
585 2536 890 2593 Secundum
935 2537 1078 2590 enim
1128 2536 1268 2605 quod
1315 2535 1484 2590 Filius
1531 2534 1620 2587 Dei
1651 2543 1753 2596 est,
1801 2534 2025 2586 Verbum

445 2646 656 2697 semper
692 2647 811 2685 cum
857 2630 1045 2694 Patre;
1072 2639 1126 2684 et
1149 2631 1270 2698 quia
1310 2645 1523 2698 semper
1547 2644 1666 2682 cum
1701 2629 1874 2690 Patre,
1907 2642 2025 2679 eum

447 2725 602 2776 Patre
631 2734 844 2790 semper
864 2719 1100 2789 judicat:
1133 2720 1423 2773 secundum
1453 2727 1626 2772 autem
1671 2719 1809 2786 quod
1865 2717 2028 2770 Filius

446 2810 678 2866 hominis
703 2819 806 2878 est,
834 2819 888 2866 et
908 2809 1175 2880 judicatus
1202 2819 1304 2871 est,
1328 2819 1382 2863 et
1403 2809 1734 2878 jndicaturus
1764 2819 1865 2863 est.
1885 2809 2030 2874 Quo-

447 2904 604 2956 modo
631 2914 806 2956 autem
836 2917 978 2954 Visus
1007 2911 1090 2956 est
1130 2901 1198 2954 ab
1241 2902 1318 2954 eis
1361 2901 1448 2969 qui
1493 2899 1857 2962 crediderunt,
1883 2899 2029 2954 etab

443 2998 526 3046 i-is
554 2997 642 3062 qui
668 2995 1071 3058 crneilixernnt,
1101 2991 1314 3061 quando
1332 2991 1598 3061 judicatus
1626 2999 1737 3054 est;
1778 2992 1854 3044 sic
1883 2991 2031 3044 vide-

448 3083 612 3147 bitar,
644 3099 763 3138 cum
789 3083 1014 3152 (πωροι-ιι
1045 3097 1166 3137 esse
1188 3082 1372 3150 iudex,
1395 3090 1452 3134 ει
1474 3081 1541 3136 ab
1560 3081 1637 3136 eis
1662 3095 1795 3150 quos
1819 3081 2032 3134 damna-

448 3177 545 3238 blt,
569 3187 624 3231 et
650 3177 716 3231 ab
742 3175 822 3231 eis
846 3190 980 3245 quos
1018 3174 1315 3230 coronabit.
1353 3173 1625 3230 Visionem
1657 3185 1833 3229 autem
1887 3176 2028 3228 illam

445 3267 758 3329 divinitatis,
785 3280 944 3336 quam
976 3267 1219 3334 promisit
1256 3264 1602 3318 dilectoribus
1643 3265 1773 3324 suis.
1815 3265 2032 3334 quando

446 3359 540 3417 ait.
567 3358 667 3421 Qui
694 3356 861 3426 diligit
885 3373 983 3418 me.
1005 3358 1241 3426 diligetur
1265 3372 1297 3407 a
1326 3354 1479 3407 Patre
1503 3371 1613 3409 meo
1641 3373 1660 3409 ς
1683 3365 1730 3410 et
1759 3356 1843 3425 qui
1867 3357 2033 3425 diligit

447 3467 545 3508 me.
576 3451 816 3502 mandata
844 3465 955 3501 mea
981 3449 1219 3510 custodit,
1244 3457 1292 3501 et
1305 3463 1398 3515 ego
1413 3448 1622 3518 diligam
1645 3465 1774 3509 eum,
1801 3458 1846 3502 et
1870 3457 2033 3501 osten-

446 3545 563 3593 dunt
585 3542 831 3611 nteipsum
860 3539 940 3593 illi
967 3537 1079 3612 (Id.
1125 3555 1240 3604 xw,
1269 3538 1381 3605 21),
1424 3539 1533 3605 jam
1563 3540 1706 3607 impii
1736 3555 1838 3592 non
1879 3539 2030 3593 vide-

447 3633 598 3686 bunt.
643 3632 746 3686 Ista
779 3630 1168 3684 demonstratio
1205 3629 1598 3698 quodammodo
1628 3629 1902 3683 familiaris
1927 3640 2027 3693 est,

451 3726 561 3778 suis
583 3724 726 3777 illam
756 3732 952 3781 servat,
980 3737 1085 3775 noti
1109 3721 1251 3775 illam
1280 3721 1512 3775 ostendit
1537 3723 1726 3790 impiis.
1754 3721 1935 3789 Qualis
1953 3732 2034 3775 est

451 3819 547 3868 ista
575 3813 745 3866 visio?
776 3811 959 3880 Qualis
980 3813 1258 3866 Carisius?
1279 3810 1526 3879 Equalis
1550 3812 1712 3864 Patri.
1739 3811 1923 3878 Qualis
1952 3822 2032 3864 est

447 3904 726 3958 tLbristus?
752 3903 808 3957 ιιι
839 3901 1100 3973 principio
1121 3911 1236 3956 erat
1265 3900 1516 3962 Verbum,
1559 3910 1612 3952 et
1652 3899 1882 3979 Verbum
1917 3910 2034 3954 erat

448 3997 585 4063 apud
621 3993 889 4059 Deum,'et
919 3995 1054 4049 Dens
1084 4003 1202 4048 erat
1228 3993 1463 4049 Verbum
1488 3992 1598 4064 (Id.
1629 4010 1664 4052 ι,
1695 3994 1767 4061 1).
1801 3993 1929 4046 llnie
1951 3995 2030 4046 ιιι

452 4088 584 4140 sioni
627 4086 959 4154 suspiramus
1005 4085 1184 4148 modo,
1225 4093 1280 4139 et
1307 4087 1567 4155 gemimus
1607 4087 1856 4154 quamdiu
1910 4102 2030 4154 per-

448 4178 613 4247 cgrini
643 4193 857 4243 sumus;
880 4175 1002 4231 huic
1032 4176 1219 4231 visiuni
1249 4177 1303 4231 in
1327 4178 1429 4231 line
1455 4176 1760 4240 reddentur,
1793 4177 1930 4230 hanc
1952 4178 2032 4229 vi-

449 4272 650 4324 sionem
669 4270 827 4323 modo
846 4271 895 4322 in
913 4270 1194 4339 renigmate
1213 4268 1525 4334 videmus,si
1538 4284 1665 4338 ergo
1691 4271 1739 4322 in
1754 4273 2033 4339 :enigmatc

449 4361 707 4422 videmus.
752 4361 1072 4427 inclinemus
1111 4362 1161 4414 in
1201 4361 1506 4429 parabolam
1545 4377 1728 4415 aurem
1769 4373 2026 4426 nostram,

446 4461 498 4504 et
524 4453 600 4506 sic
625 4453 926 4522 aperiamus
957 4452 1009 4505 in
1041 4439 1291 4521 psalterio
1321 4455 1733 4521 propositionem
1757 4465 2028 4509 nostram:

445 4543 721 4596 audiamus
738 4542 878 4612 quod
895 4541 1142 4609 dicimus,
1172 4541 1428 4597 faciamus
1451 4544 1591 4612 quod
1622 4545 1979 4614 prmcipitttlts.

518 4633 571 4685 6.
615 4631 763 4703 (vers.
791 4631 870 4704 6.]
908 4631 978 4687 Et
1001 4633 1125 4702 quid
1147 4634 1313 4687 dixit?
1341 4633 1528 4703 (itquid
1547 4635 1724 4689 timebo
1747 4638 1796 4687 in
1823 4639 1904 4688 die
1924 4655 2031 4688 mu—

447 4723 535 4774 la?
576 4722 826 4789 lniquitat
851 4725 1073 4777 δαισαηά
1103 4724 1202 4777 mei
1234 4726 1564 4778 circumdabit
1603 4726 1699 4780 ine.
1733 4729 1904 4795 (lo'pit
1927 4729 2030 4781 ob-

446 4815 672 4878 scurius,
718 4812 906 4882 thuid
932 4814 1131 4876 timebo,
1161 4815 1350 4885 inquit,
1379 4815 1430 4868 in
1459 4817 1540 4869 die
1578 4818 1752 4872 mala?
1779 4818 2031 4888 [iniquitas

446 4905 669 4957 adcanei
690 4905 786 4958 mei
811 4905 1139 4960 circumdabit
1163 4921 1259 4959 tne.
1294 4907 1455 4976 Magis
1481 4923 1608 4977 ergo
1629 4910 1788 4963 debet
1815 4911 2025 4976 timere,

446 4997 489 5046 si
521 4995 768 5062 iniquitas
793 4996 1032 5051 calcanci
1057 4995 1172 5064 ejus
1190 4998 1533 5053 circumdabit
1559 5015 1704 5054 eum.
1738 5001 1852 5056 Non
1883 5004 2026 5057 enim

447 5088 649 5152 timeat,
683 5087 868 5157 inquit,
903 5090 1064 5143 homo
1088 5090 1230 5159 quod
1257 5105 1362 5144 non
1393 5091 1549 5146 habet
1579 5093 1629 5146 in
1658 5104 1917 5160 potestate
1933 5097 2028 5150 deo

450 5178 634 5230 vitare.
669 5175 828 5230 Verbi
857 5177 1058 5248 gratia:
1082 5179 1174 5248 qui
1195 5179 1341 5233 timet
1369 5191 1614 5247 mortem,
1641 5185 1766 5252 quid
1794 5184 2028 5240 factums

448 5279 530 5322 εει
561 5279 610 5322 ιιι
638 5286 742 5324 non
766 5251 1061 5325 moriaiar?
1088 5269 1236 5326 Dicat
1257 5272 1386 5326 mihi
1413 5287 1518 5343 qua
1543 5251 1732 5329 evadat
1756 5277 1896 5346 quod
1928 5278 2026 5331 de-

453 5365 536 5415 bet
579 5361 769 5427 Adam,
793 5363 883 5433 qui
925 5373 1079 5417 natus
1113 5373 1193 5417 est
1221 5379 1284 5419 ex
1311 5365 1500 5420 Adam.
1544 5365 1649 5422 Sed
1679 5370 1875 5438 cogitet
1906 5370 2026 5439 quia

453 5462 608 5505 natus
633 5463 803 5507 estex
826 5453 1016 5516 Adam,
1043 5462 1098 5508 et
1114 5465 1328 5511 secutus
1353 5466 1434 5511 est
1457 5457 1727 5513 Christum
1743 5501 1759 5526 ,
1781 5469 1834 5515 et
1862 5475 2024 5532 opor-

452 5551 523 5594 tet
543 5545 557 5572 ‘
590 5557 713 5598 eota
739 5543 951 5598 solvere
977 5546 1116 5614 quod
1140 5544 1299 5601 debet
1321 5548 1508 5614 Adam,
1538 5559 1592 5603 et
1619 5551 1870 5621 consequi
1886 5552 2027 5618 quod

447 5633 689 5702 promisit
711 5634 972 5689 Christus.
997 5636 1096 5702 Qui
1113 5651 1242 5706 ergo
1259 5640 1408 5693 timet
1428 5650 1674 5706 mortem,
1703 5657 1807 5694 non
1828 5654 2026 5706 estqua

503 5743 517 5770 '
556 5747 629 5796 sic
653 5745 877 5795 Msattld.
902 5759 1036 5806 vero,
1081 5749 1216 5800 Dicat
1245 5749 1365 5800 mihi
1384 5763 1475 5816 quo
1510 5753 1663 5803 radat.
1716 5751 1860 5805 Debet
1899 5754 2030 5817 quod

1628 333 1683 388 S.
1730 327 2097 388 .SUCUSTIM
2137 327 2438 387 EPISlIOl’l
3607 337 3712 391 558

2127 447 2318 496 evadat
2345 446 2464 512 :qni
2499 455 2676 500 autem
2707 447 2854 501 timet
2881 447 3278 503 damnationem
3308 462 3466 518 quam
3494 449 3714 504 audient

2127 535 2290 598 impii,
2315 535 3121 608 Iteintgncmretcruum.estqua
3140 541 3346 592 evadat.
3373 539 3486 593 Non
3503 542 3711 608 ergoti-

2126 625 2300 677 mcat?
2323 626 2515 695 thnid
2542 630 2680 681 enim
2705 630 2920 682 timeat?
2943 629 3193 698 lniquitas
3215 630 3447 683 calcanei
3469 630 3634 689 ipsius
3653 631 3715 682 il-

2129 716 2234 769 lum
2253 718 2636 772 circumdatum
2655 721 2832 774 est?Si
2853 738 2978 789 ergo
2993 720 3119 774 vitet
3139 721 3466 789 iniquitatem
3479 721 3711 776 caleanet

2125 807 2229 870 sui,
2257 817 2309 862 et
2329 809 2563 864 ambulet
2581 826 2672 878 per
2691 813 2797 865 vias
2818 813 2929 874 Dei,
2949 827 3053 864 non
3077 812 3349 882 perveniet
3368 812 3431 865 ad
3453 811 3593 866 diem
3613 828 3716 866 ma-

2127 898 2484 952 laiutdiesmal
2503 919 2536 962 ι,
2558 901 2670 954 dies
2684 902 2989 966 novissima,
3006 917 3108 956 non
3127 905 3225 957 erit
3244 902 3316 956 illi
3332 903 3488 956 mala.
3506 903 3715 957 Etenim

2124 989 2238 1041 dies
2267 989 2551 1043 novissima
2585 992 2719 1044 mala
2748 992 2848 1044 erit
2875 991 3212 1060 quibusdam,
3237 992 3369 1046 bona
3392 993 3717 1058 eritquibnsp

2127 1079 2268 1132 dam.
2292 1079 2552 1148 Numquid
2571 1081 2704 1136 mala
2720 1084 2819 1135 erit
2833 1082 2936 1136 illis
2949 1081 3359 1152 quibusdicctur
3375 1098 3388 1135 :
3406 1080 3599 1149 Venite,
3625 1083 3714 1137 beo

2127 1170 2315 1222 uedicti
2334 1169 2505 1225 Patris
2523 1173 2637 1234 mei,
2666 1174 2902 1242 percipite
2920 1173 3168 1242 regnum?
3188 1172 3293 1228 Sed
3321 1173 3456 1227 mala
3479 1171 3581 1227 erit
3615 1173 3719 1227 illis

2134 1261 2324 1326 quibus
2351 1261 2588 1316 dicetur:
2615 1259 2691 1314 Ite
2709 1264 2762 1315 in
2782 1263 2946 1334 ignem
2971 1273 3211 1317 internum
3240 1261 3454 1332 (Matth.
3473 1277 3598 1323 xxv,
3624 1261 3716 1324 3.5.

2129 1351 2242 1415 bl).
2274 1340 2426 1416 Quod
2455 1352 2497 1404 si
2529 1353 2774 1420 iniquitas
2803 1353 3038 1406 ealeanei
3077 1352 3158 1406 sui
3187 1353 3542 1407 circumdabit
3569 1368 3713 1416 eum,

2129 1441 2312 1509 utquid
2339 1457 2466 1512 ergo
2494 1444 2643 1498 timet
2673 1445 2723 1496 in
2753 1444 2839 1497 die
2866 1444 3036 1496 mala?
3067 1442 3221 1497 Modo
3249 1457 3368 1498 cum
3395 1443 3580 1496 vivunt
3598 1457 3719 1510 pro-

2129 1534 2340 1588 videant
2365 1536 2484 1597 sibi,
2519 1535 2706 1589 tollant
2749 1535 3076 1603 iniquitatem
3105 1552 3132 1587 a
3163 1535 3416 1589 calcaoeo
3443 1549 3541 1588 suo
3561 1552 3574 1587 :
3598 1551 3712 1587 amo

2131 1625 2315 1680 bulent
2344 1627 2484 1680 illam
2526 1626 2691 1692 viam,
2731 1627 3005 1680 ambulent
3045 1641 3140 1694 per
3179 1624 3316 1678 viam
3355 1625 3426 1679 de
3461 1640 3566 1694 qua
3606 1627 3718 1695 ipse

2129 1719 2280 1780 dixit,
2317 1717 2426 1787 Ego
2447 1735 2558 1770 tum
2579 1718 2677 1781 ria,
2707 1727 2753 1771 et
2777 1717 2977 1782 veritas,
3002 1726 3048 1770 et
3069 1717 3168 1769 vita
3197 1715 3377 1784 (Joau.
3413 1731 3525 1778 xw,
3553 1714 3608 1784 6)
3631 1733 3643 1768 :
3664 1724 3718 1766 et

2130 1826 2235 1861 non
2267 1810 2484 1862 timeant
2528 1809 2578 1861 in
2625 1809 2710 1860 die
2739 1809 2896 1870 mala,
2941 1806 3062 1878 quia
3091 1807 3179 1860 dat
3210 1807 3314 1860 illis
3356 1807 3716 1871 securitatem,

2129 1900 2216 1966 qui
2252 1898 2416 1952 laetus
2445 1907 2526 1952 est
2548 1898 2648 1950 via.
2677 1896 2868 1966 Uti/uid
2894 1897 3073 1951 timebo
3098 1898 3148 1949 in
3169 1896 3251 1949 die
3273 1895 3445 1948 mala?
3469 1893 3718 1964 Iniquitas

2129 1989 2352 2042 ϐαίταηεί
2377 1989 2474 2042 ιιιρὶ
2501 1989 2830 2042 circumdabit
2870 2005 2964 2041 me.
2999 1988 3140 2056 Ergo
3182 1988 3348 2041 vitent
3386 1986 3714 2055 iniquitatem

2129 2081 2363 2135 caleanci
2410 2083 2510 2133 Siti.
2559 2081 2614 2134 lu
2661 2080 2912 2134 calt-aueo
2954 2081 3177 2150 quisque
3221 2079 3432 2133 labitur.
3479 2077 3718 2134 lntendat

2128 2172 2374 2227 Charitas
2413 2175 2614 2227 Vestra.
2669 2174 2707 2224 A
2761 2173 2867 2226 Deo
2909 2171 3032 2241 quid
3072 2173 3268 2225 dictum
3318 2181 3402 2226 est
3443 2173 3718 2241 serpenti?

2132 2261 2258 2331 Ipsa
2283 2273 2424 2317 tuum
2449 2263 2728 2316 obscrvabit
2753 2271 2928 2330 caput,
2957 2273 3000 2314 et
3027 2271 3080 2314 tu
3111 2264 3219 2330 ejus
3242 2261 3522 2316 obsmabis
3546 2261 3717 2315 calca-

2132 2369 2278 2406 neum
2313 2353 2464 2423 (lien.
2490 2369 2566 2413 tu.
2599 2354 2706 2422 l5).
2735 2353 2986 2406 Diabolus
3009 2354 3318 2406 calcaneum
3347 2363 3492 2406 tuum
3523 2353 3710 2406 obser-

2132 2455 2242 2507 vat,
2271 2445 2488 2514 quando
2528 2444 2743 2510 labaris,
2775 2454 2826 2497 nt
2855 2443 3063 2512 dejiciat
3097 2453 3166 2497 te.
3203 2443 3295 2498 Ille
3336 2447 3585 2498 observat
3605 2445 3715 2499 cal-

2133 2553 2356 2590 i-anemn
2384 2546 2553 2601 tuum,
2587 2548 2640 2590 tu
2671 2539 2891 2590 observa
2920 2547 3074 2605 caput
3103 2537 3258 2590 illius.
3281 2537 3433 2603 Quod
3456 2547 3537 2592 est
3563 2547 3718 2607 caput

2136 2628 2310 2682 illius?
2342 2629 2552 2682 Initium
2569 2630 2723 2682 mala:
2747 2628 3124 2698 suggestionis.
3142 2625 3365 2693 Quando
3383 2627 3564 2697 incipit
3584 2629 3716 2682 mala

2135 2735 2440 2791 Suggerere.
2476 2730 2602 2774 tunc
2645 2720 2843 2787 repelle
2889 2729 3173 2787 antequam
3201 2725 3384 2788 surgat
3408 2718 3712 2784 delectatio,

2132 2821 2186 2866 et
2215 2823 2467 2880 sequatur
2495 2811 2808 2871 consensio;
2856 2819 2910 2864 et
2959 2818 3084 2864 tunc
3132 2809 3324 2864 vitabis
3373 2819 3531 2878 caput
3581 2811 3714 2878 ejus,

2132 2914 2187 2957 et
2213 2918 2316 2956 non
2362 2902 2728 2972 apprehendet
2771 2903 2858 2955 ille
2883 2904 3188 2956 calcaneum
3220 2914 3388 2956 tuum.
3415 2902 3593 2970 Quare
3620 2919 3713 2958 au-

2134 3005 2241 3049 tem
2272 2996 2396 3049 Eva:
2424 2995 2526 3048 hoc
2552 2995 2716 3048 dixit?
2765 2995 2897 3061 Quia
2945 3010 3039 3063 per
3079 3009 3293 3049 carnem
3319 2994 3514 3048 labitur
3537 2995 3714 3050 homo.

2135 3087 2242 3141 Eva
2273 3087 2424 3140 nobis
2446 3087 2665 3145 interior
2689 3101 2816 3138 caro
2845 3095 3024 3139 nostra
3055 3095 3153 3140 est.
3186 3086 3286 3153 Qui
3311 3085 3498 3156 diligit,
3529 3087 3713 3155 inquit,

2133 3194 2340 3231 uxorem
2368 3193 2534 3241 suam,
2563 3176 2784 3247 seipsum
2812 3173 2999 3244 diligit.
3028 3176 3164 3242 Quid
3206 3185 3306 3238 est,
3337 3177 3595 3246 “ipsum?
3623 3176 3716 3232 Se-

2134 3269 2332 3339 quitur,
2365 3279 2419 3321 et
2444 3268 2603 3322 dicit:
2632 3265 2798 3320 Nemo
2829 3267 2960 3319 enim
2986 3283 3204 3337 unquam
3221 3284 3422 3321 carnem
3442 3285 3586 3321 suam
3603 3269 3717 3322 odio

2135 3361 2307 3414 habuit
2339 3358 2552 3430 (Ep/ws.
2581 3375 2634 3424 v,
2675 3359 2764 3418 28.
2797 3358 2910 3428 29).
2951 3359 3084 3426 Quia
3126 3374 3253 3429 ergo
3275 3361 3546 3429 quomodo
3573 3362 3715 3415 illum

2136 3452 2406 3506 hominem
2431 3451 2599 3504 Adam
2630 3467 2724 3519 per
2752 3451 2914 3504 Evam
2955 3451 3313 3520 supplantavit
3343 3451 3494 3524 (Gen.
3524 3469 3603 3516 tu.
3634 3455 3712 3519 ϐ),

2137 3543 2214 3598 sic
2241 3542 2485 3596 diabolus
2526 3557 2620 3610 per
2649 3557 2862 3596 carnem
2895 3543 3005 3596 vult
3034 3557 3132 3598 nos
3169 3544 3541 3612 supplantare;
3585 3563 3718 3615 pra»

2136 3642 2346 3702 ceptum
2377 3641 2461 3686 est
2490 3631 2616 3686 Eva:
2657 3643 2716 3686 ut
2744 3633 2994 3686 observet
3018 3643 3177 3700 caput
3205 3633 3420 3699 diaboli,
3452 3635 3572 3704 quia
3604 3637 3711 3690 dia-

2137 3726 2289 3780 bolus
2329 3726 2636 3780 calcaneum
2686 3726 2849 3794 ipsius
2894 3725 3160 3779 observat.
3206 3726 3261 3780 Si
3310 3743 3440 3796 ergo
3470 3728 3719 3799 iniquitas

2137 3819 2366 3871 calcanei
2384 3817 2734 3870 circumdabit
2757 3832 2873 3878 nos,
2895 3818 3075 3886 utquid
3101 3819 3350 3872 timemus
3370 3819 3420 3872 in
3441 3818 3528 3873 die
3555 3822 3714 3884 mala,

2136 3924 2256 3962 Cum
2284 3908 2527 3961 cenversi
2557 3907 2622 3960 ad
2664 3906 2931 3960 Christum
2975 3907 3262 3961 habeamus
3289 3910 3340 3961 in
3369 3921 3633 3978 potestate
3661 3925 3716 3964 ut

2141 4018 2242 4050 nou
2273 3999 2528 4051 faciaunis
2556 3998 2914 4066 iniquitatem;
2947 4009 2999 4052 et
3030 4013 3134 4050 non
3174 4000 3277 4051 erit
3321 3999 3460 4066 quod
3493 4016 3589 4053 nos
3617 4001 3721 4055 εἰινο

2137 4089 2368 4146 cumdel,
2410 4097 2464 4142 ct
2505 4088 2851 4152 gaudebimus
2883 4089 2933 4141 in
2964 4089 3049 4142 die
3091 4090 3400 4152 novissima,
3435 4106 3538 4143 non
3568 4096 3714 4160 plau-

2137 4184 2352 4248 genius?

2210 4272 2259 4322 7.
2301 4269 2448 4340 locis.
2493 4268 2571 4341 7.]
2601 4268 2698 4334 Qui
2727 4280 2851 4322 sunt
2875 4279 3051 4322 autem
3077 4284 3208 4337 quos
3232 4270 3580 4324 circumdabit
3621 4271 3710 4322 ini.

2137 4365 2308 4429 quitas
2327 4360 2561 4418 raleanei
2585 4360 2608 4411 ?
2631 4358 2728 4424 Qui
2744 4358 3002 4426 conﬁdunt
3018 4359 3069 4411 in
3089 4359 3269 4412 virtute
3289 4376 3402 4422 sua,
3425 4369 3470 4413 et
3490 4362 3540 4413 in
3561 4361 3680 4413 abun
3694 4390 3719 4402 -

2136 4453 2309 4505 dantia
2336 4451 2621 4504 divitiarum
2643 4466 2847 4504 suarum
2876 4450 3182 4521 gloriantur.
3216 4450 3355 4518 Ergo
3378 4452 3554 4505 vitabo
3585 4455 3714 4511 ista,

2134 4553 2190 4595 et
2231 4558 2332 4595 non
2378 4542 2624 4610 iniquitas
2649 4541 2885 4594 calcanei
2930 4541 3032 4593 mei
3060 4541 3407 4595 circumdabit
3447 4560 3552 4595 me.
3581 4544 3713 4612 Quid

2135 4644 2216 4687 est
2238 4635 2404 4687 vitare
2435 4632 2567 4686 ista?
2592 4631 2703 4685 Non
2733 4631 3061 4685 confidamus
3091 4631 3140 4684 in
3165 4633 3358 4685 virtute
3384 4643 3579 4696 nostra,
3612 4651 3713 4689 thn

2135 4724 2420 4794 gloriemur
2459 4724 2512 4776 in
2549 4721 2870 4776 abundantia
2913 4722 3215 4776 divitiarum
3258 4732 3590 4786 nostrarum;
3622 4727 3712 4778 sed

2134 4815 2423 4880 gloriemur
2455 4815 2505 4866 in
2543 4827 2608 4866 eo
2638 4811 2728 4881 qui
2757 4810 2912 4866 nobis
2943 4813 3190 4881 promisit
3218 4811 3504 4867 humilibus
3537 4815 3713 4868 altitu-

2133 4904 2336 4966 dinem,
2359 4913 2411 4956 et
2434 4907 2664 4956 minatus
2687 4910 2769 4957 est
2786 4901 2939 4956 elatis
2960 4902 3390 4966 damnationem;
3415 4915 3469 4958 et
3495 4920 3600 4958 non
3623 4923 3717 4959 "0“

2135 4996 2384 5062 iniquitas
2411 4992 2648 5049 calcanei
2689 4993 3056 5048 circumdabit.
3091 4992 3191 5059 Qui
3229 4994 3490 5060 conﬁdunt
3529 4997 3579 5048 iu
3619 4999 3717 5048 vir-

2136 5096 2240 5138 tute
2277 5102 2390 5152 sua,
2425 5096 2472 5139 et
2506 5086 2559 5138 in
2585 5085 2896 5138 abundantia
2925 5083 3212 5136 divitiarum
3241 5100 3450 5138 suarum
3489 5087 3715 5156 glorian-

2136 5188 2235 5230 tur.

2205 5267 2257 5321 8.
2292 5264 2441 5338 [ειη.
2473 5263 2552 5338 8.]
2597 5265 2734 5320 Sunt
2771 5266 2863 5334 qui
2904 5277 3230 5334 praesumunt
3269 5267 3319 5320 in
3349 5268 3535 5321 amicis
3572 5269 3714 5324 suis:

2135 5355 2222 5410 alii
2246 5364 2575 5426 pnesumunt
2600 5355 2651 5409 in
2680 5356 2872 5409 virtute
2901 5371 3018 5421 sua,
3051 5356 3139 5410 alii
3182 5357 3234 5410 in
3265 5357 3480 5412 divitiis.
3511 5355 3611 5413 Ista
3638 5371 3715 5414 est

2134 5449 2481 5517 prtesumptio
2498 5447 2708 5517 generis
2731 5448 2968 5514 humani,
2991 5465 3095 5502 non
3118 5451 3488 5517 prtetmmeutis
3511 5452 3561 5506 in
3587 5453 3712 5507 Deo.

2138 5538 2276 5593 Dixit
2313 5538 2383 5592 de
2419 5539 2614 5594 virtute
2636 5578 2650 5601 ,
2692 5537 2826 5592 dixit
2865 5537 2934 5594 de
2969 5539 3195 5603 divitiis,
3225 5540 3356 5595 dicit
3388 5546 3456 5594 de
3483 5544 3669 5596 amicis
3702 5561 3714 5596 :

2135 5694 2309 5749 Adam.
2333 5691 2417 5756 qui
2432 5697 2571 5742 nam
2594 5697 2665 5742 est
2677 5704 2741 5756 ea;
2767 5689 2934 5756 Mam.
2976 5692 3066 5740 Sed
3094 5689 3264 5756 cogitet
3285 5691 3367 5749 qui
3389 5698 3527 5743 nutus
3563 5701 3631 5745 est
3655 5706 3718 5746 ex

2139 5757 2291 5806 Adam
2313 5751 2359 5804 ct
2381 5759 2566 5804 secutus
2586 5760 2658 5806 est
2673 5751 2912 5805 Christum
2949 5755 3061 5815 quia
3084 5751 3282 5815 oportet.
3299 5761 3396 5804 etc.
