3968 6378
279 385 387 441 549

284 502 466 557 Frater
485 515 586 553 non
613 496 830 558 redimit,
856 493 1064 548 redimet
1095 491 1278 544 homo?
1301 491 1590 560 Exspectas
1619 499 1674 542 ut
1696 488 1854 554 hoino

282 610 332 652 te
359 596 584 652 redimat
607 591 672 645 ab
701 592 775 644 ira
813 587 1071 641 ventura?
1100 585 1154 638 Si
1188 595 1238 636 te
1264 584 1428 636 frater
1464 597 1568 634 non
1609 584 1854 644 redimit,

281 693 443 745 horno
473 697 524 742 te
555 684 922 754 redempturus
949 677 1068 732 est?
1093 675 1218 744 Quis
1249 686 1330 727 est
1361 675 1541 735 frater,
1564 674 1651 742 qui
1683 674 1726 726 si
1753 686 1859 725 non

282 778 587 843 redemerit,
618 775 795 830 nullus
827 773 989 826 homo
1030 769 1398 833 redempturus
1445 762 1562 817 est?
1598 764 1698 830 Qui
1742 771 1862 832 post

281 870 728 928 resurrectionem
757 862 890 918 dixit
914 877 928 913 :
962 858 1120 924 Vade,
1149 858 1228 908 die
1248 856 1483 924 fratribus
1502 856 1625 907 meis
1647 853 1858 920 (Matth.

281 981 474 1028 xxvut,
503 959 630 1026 10).
664 956 849 1010 Frater
877 959 1058 1004 noster
1099 946 1265 1000 voluit
1309 959 1427 998 esse
1453 959 1470 997 :
1501 952 1550 994 et
1587 957 1711 1045 cum
1750 941 1863 1045 ilco

279 1058 542 1118 dicimus,
573 1050 732 1105 Pater
769 1053 983 1105 noster,
1035 1039 1135 1092 hoc
1177 1036 1542 1089 manifestatur
1571 1034 1651 1133 in
1687 1032 1859 1133 tit-ibis.

280 1147 381 1216 Qui
404 1143 548 1200 enim
573 1138 701 1195 dicit
733 1134 864 1194 Dee,
893 1131 1047 1184 Pater
1072 1135 1284 1225 uoster;
1315 1122 1527 1225 Christo
1552 1121 1862 1225 dicit,

285 1211 384 1287 ter.
415 1232 558 1302 Ergo
593 1225 684 1297 qui
724 1232 927 1295 patrem
964 1220 1129 1274 Deum
1159 1225 1226 1314 e-t'
1251 1213 1465 1314 fratrem
1510 1211 1679 1312 habet
1705 1211 1861 1264 libri-

283 1338 449 1388 stum,
477 1336 581 1376 non
607 1319 792 1373 timeat
812 1314 863 1367 in
893 1311 980 1365 die
1004 1308 1160 1362 mala.
1183 1305 1300 1402 Non
1325 1305 1467 1358 enim
1493 1318 1612 1355 cum
1633 1305 1860 1402 circinu-

282 1415 430 1471 dabit
459 1411 706 1480 iniquitas
741 1402 973 1459 micanei
1001 1399 1147 1468 ejus;
1178 1396 1300 1465 quia
1351 1407 1456 1447 non
1495 1391 1766 1462 praesumit
1793 1389 1860 1444 de

284 1509 479 1560 virtute
498 1517 619 1564 sua,
643 1512 743 1552 nec
768 1495 819 1548 in
845 1487 1163 1545 abundantia
1184 1485 1490 1582 divitiarum.
1510 1497 1724 1582 suarum

285 1599 474 1654 riatur.
504 1606 600 1645 nec
621 1590 688 1644 de
714 1586 898 1641 amicis
925 1582 1035 1636 suis
1064 1576 1365 1648 potentibus
1393 1589 1451 1629 se
1473 1575 1654 1642 jactat.
1688 1572 1742 1675 In

283 1704 416 1760 ergo
444 1690 726 1757 przcsumat
751 1678 840 1742 uni
868 1683 1082 1746 propter
1111 1671 1258 1725 illum
1287 1676 1527 1765 mortuus
1555 1676 1653 1727 cst,
1690 1663 1858 1765 lli-ille

441 1732 923 1838 ittnsempitermnn
967 1769 1291 1820 moreretur;
1334 1755 1860 1854 QIIi-l'll‘olllﬁ‘l'jiiilnl

285 1866 594 1922 Itmniliatus
621 1867 740 1923 est,
774 1866 830 1909 ut
859 1854 947 1907 ille
982 1851 1339 1912 exaltaretur;
1370 1846 1468 1946 qui.
1489 1846 1731 1914 qumsivit
1756 1846 1860 1946 im.-

286 1960 455 2025 pium-
494 1963 552 2007 ut
583 1966 613 2005 a
643 1946 787 2002 lideli
814 1951 1166 2011 quaereretur.
1209 1936 1569 2036 Ergo-siipse
1598 1947 1724 2036 non.
1745 1932 1861 1988 red-

285 2024 422 2108 itult,
456 2051 613 2098 homo
653 2038 1023 2105 redempturus
1048 2033 1165 2087 est?
1194 2029 1399 2099 Aliquis
1427 2027 1587 2082 homo
1613 2024 1858 2090 redimet,

278 2138 324 2196 si
355 2140 519 2193 Filius
546 2131 776 2188 hominis
813 2143 916 2182 non
944 2123 1188 2181 redimit?
1225 2121 1281 2178 Si
1314 2118 1562 2221 Christus
1601 2133 1707 2172 non
1730 2115 1859 2221 [εὰ-

282 2230 433 2288 imit,
482 2224 648 2279 Adam
699 2217 960 2276 redimet?
1007 2214 1190 2269 Frater
1235 2227 1336 2266 non
1383 2210 1618 2274 redimit,
1652 2209 1859 2262 redimet

462 2319 486 2353 9

279 2334 588 2483 “xoptem.
618 2405 697 2479 9.]
724 2404 845 2459 Non
871 2402 1007 2455 dabit
1032 2399 1137 2453 Deo
1165 2395 1630 2468 depmpitiationem
1651 2408 1795 2483 suam
1815 2391 1856 2453 ',

279 2517 328 2558 et
358 2482 571 2572 pretium
599 2493 954 2564 redemptionis
973 2492 1155 2545 anima!
1178 2503 1301 2543 ante.
1327 2487 1417 2541 ille
1437 2483 1655 2539 conlidit
1676 2482 1728 2585 in
1753 2483 1859 2585 vir-

273 2605 393 2650 tute
419 2609 535 2654 sua,
567 2601 622 2647 et
658 2592 710 2644 in
736 2586 1058 2642 abundantia
1093 2582 1394 2636 divitiarum
1422 2592 1636 2632 suarum
1660 2576 1856 2678 gloria:

275 2697 384 2751 tur,
418 2685 508 2756 qui
533 2699 634 2736 non
671 2679 808 2733 dabit
840 2677 947 2731 Deo
981 2671 1455 2748 depropitiationent
1483 2684 1658 2729 suam;
1695 2665 1744 2719 id
1775 2673 1860 2720 est

272 2777 630 2850 placationem
658 2785 762 2843 qua
796 2769 973 2823 ﬂectat
1013 2767 1176 2820 Deum
1217 2779 1313 2834 pro
1340 2763 1565 2859 peccatis
1632 2774 1718 2859 nec
1741 2775 1858 2826 pre-

273 2874 402 2926 tium
426 2864 780 2936 redemptionis
805 2862 989 2914 anima:
1006 2872 1132 2919 suis,
1155 2856 1243 2925 qui
1273 2852 1544 2954 pricsluuiit
1569 2850 1645 2954 de.
1663 2851 1856 2954 virtute

273 2978 394 3026 sua,
431 2971 484 3015 et
509 2959 576 3013 de
601 2955 808 3019 amicis,
840 2965 890 3006 et
919 2949 988 3005 de
1015 2948 1212 3002 divitiis
1238 2945 1369 3042 suis.
1402 2943 1502 3010 Qui
1529 2949 1854 3042 sutttjtu'l-eul

271 3052 368 3122 qui
404 3050 533 3104 dant
570 3045 800 3116 pretium
826 3037 1203 3109 redemptionis
1239 3034 1429 3135 anima:
1469 3032 1616 3087 sum?
1654 3031 1858 3135 quibus

273 3146 352 3198 ait
377 3140 630 3195 Dominus
661 3153 675 3191 :
708 3133 886 3188 Facite
904 3129 1039 3184 vobis
1059 3128 1247 3180 amicos
1272 3125 1332 3178 de
1361 3141 1644 3178 mammona
1667 3125 1855 3191 iniqui-

275 3234 430 3294 tatis,
479 3238 534 3282 ut
580 3236 625 3281 et
653 3225 748 3295 ipsi
791 3222 1034 3291 recipiant
1075 3235 1161 3271 vos
1207 3219 1260 3269 in
1304 3213 1624 3317 tabernacula
1653 3222 1858 3317 .wterna

280 3320 433 3386 (an.
466 3336 573 3383 xvi,
624 3315 726 3386 9).
762 3315 836 3368 IIIi
880 3313 1008 3365 dant
1047 3310 1269 3380 pretium
1318 3307 1694 3375 redemptionis
1742 3307 1856 3358 ani-

273 3429 380 3468 ma:
423 3426 564 3474 sum,
613 3407 703 3478 qui
771 3420 875 3458 non
945 3409 1156 3457 cessant
1227 3399 1592 3468 eleemOsyuas
1661 3397 1854 3452 facere.

274 3502 428 3555 Adeo
474 3499 594 3553 illos
623 3509 758 3566 quos
800 3500 981 3546 monet
1018 3504 1114 3558 per
1157 3487 1493 3542 Timotheum
1534 3485 1856 3553 Apostolus,

275 3593 450 3646 noluit
493 3602 616 3642 esse
663 3583 955 3655 superbos,
1006 3596 1075 3633 ne
1123 3580 1172 3632 in
1204 3576 1521 3631 abundantia
1552 3577 1854 3632 divitiarum

273 3696 494 3736 suarum
524 3677 878 3747 gloriarentur
907 3689 920 3725 ;
953 3670 1181 3740 denique
1205 3669 1343 3738 quod
1370 3667 1858 3769 possidebmit,uo-

276 3774 377 3826 lnit
401 3769 539 3838 apud
573 3768 688 3820 illos
718 3775 1052 3818 veterascere
1071 3801 1086 3822 ,
1114 3760 1205 3814 sed
1234 3758 1431 3828 aliquid
1461 3774 1528 3814 ex
1547 3759 1768 3860 Alicri,
1799 3765 1858 3812 ut

275 3871 421 3916 esset
447 3860 673 3928 pretium
693 3852 1076 3923 redemptionis
1100 3851 1293 3904 anima:
1319 3864 1527 3904 eorum.
1556 3851 1643 3903 Ait
1666 3851 1807 3903 enim
1839 3867 1853 3905 :

275 3953 528 4007 Divitibus
548 3949 697 4014 huius
714 3946 883 4000 saeculi
929 3944 1163 4012 praecipe,
1194 3957 1294 3994 non
1314 3940 1524 4010 superbe
1539 3956 1734 4008 sapere,
1763 3957 1855 3993 ne-

272 4059 376 4115 que
396 4055 598 4112 sperare
621 4039 674 4091 in
702 4038 890 4089 incerto
916 4033 1237 4096 divitiarum,
1273 4031 1362 4083 sed
1384 4031 1436 4085 in
1476 4029 1582 4084 Deo
1610 4031 1742 4098 vivo,
1769 4032 1858 4100 qui

275 4142 485 4205 prastat
511 4130 651 4184 nobis
679 4128 849 4182 omnia
875 4127 1187 4178 abundanter
1202 4124 1269 4175 ad
1293 4123 1590 4194 fruendum.
1615 4121 1680 4177 Et
1705 4124 1854 4191 quasi

274 4224 556 4280 dicerent:
589 4218 723 4285 Quid
743 4231 872 4286 ergo
898 4215 1084 4269 facturi
1111 4227 1296 4267 sumus
1324 4213 1390 4266 de
1413 4213 1612 4266 divitiis
1641 4215 1856 4268 inisti-is?

275 4313 472 4368 Divite:
501 4311 622 4374 sint,
661 4309 849 4378 inquit,
883 4308 937 4359 in
970 4305 1200 4375 operibus
1229 4305 1390 4368 bonis,
1432 4304 1581 4373 facile
1615 4306 1852 4365 tribuunt,

273 4403 674 4459 communicent:
694 4407 867 4453 etnon
887 4397 1012 4450 illud
1033 4394 1286 4466 perdituri
1303 4405 1442 4448 sunt.
1461 4394 1608 4450 Unde
1628 4398 1858 4449 scitnus'!

273 4492 418 4550 Audi
463 4489 591 4560 quid
633 4489 907 4558 sequitur:
941 4484 1297 4539 Tltesattrizrnt
1336 4483 1429 4536 sibi
1474 4485 1856 4556 fundamentum

273 4567 464 4637 bonum
483 4581 536 4633 in
563 4581 810 4651 futurum,
832 4588 883 4628 ut
902 4575 1278 4644 appre/tendant
1298 4590 1462 4626 verant
1485 4575 1634 4627 vitam
1658 4574 1698 4644 (Ι
1726 4575 1854 4631 Tim.

273 4689 353 4738 vt,
395 4659 613 4738 £749).
639 4665 740 4738 ,Sic
768 4666 968 4719 dabunt
1008 4664 1233 4734 pretium
1261 4662 1638 4730 redemptionis
1667 4665 1858 4729 auium:

273 4737 410 4818 suae.
438 4760 507 4815 Et
534 4737 787 4814 Dominus
814 4765 989 4810 noster
1016 4755 1114 4808 hoc
1140 4763 1317 4808 monet
1346 4770 1360 4807 :
1389 4751 1567 4806 Facite
1595 4755 1730 4807 vobis
1749 4772 1860 4808 sac-

273 4857 420 4910 culos
449 4871 550 4908 non
577 4859 960 4906 veteraseentes.
999 4850 1292 4902 thesaurum
1336 4863 1436 4900 non
1471 4849 1780 4916 deﬁcientem
1806 4853 1858 4904 in

275 4945 440 5008 cretis,
466 4960 565 5014 quo
590 4943 674 5011 fur
695 4956 794 4994 non
822 4940 1028 4998 accedit,
1063 4953 1222 5006 neque
1245 4939 1378 4990 tinea
1406 4941 1679 5008 corrumpit
1710 4940 1858 5010 (an.

279 5057 376 5103 xu,
405 5039 516 5106 33).
547 5034 725 5090 Noluit
762 5033 900 5088 Deus
934 5041 990 5084 ut
1032 5030 1221 5099 pallas
1262 5030 1471 5084 divitias
1500 5040 1613 5085 tuas
1637 5072 1652 5091 .
1681 5033 1774 5087 sed
1804 5043 1862 5088 ut

279 5133 458 5186 locum
486 5127 589 5181 illis
609 5134 784 5180 mutes
808 5121 1086 5177 consilium
1117 5120 1207 5174 tibi
1229 5119 1395 5174 dedit.
1428 5121 1690 5192 lntelligat
1718 5125 1859 5178 (ilia-

277 5223 412 5276 ritas
451 5225 623 5273 vestra
651 5232 664 5270 :
693 5213 853 5268 modo
872 5213 917 5266 si
944 5210 1146 5265 amicus
1167 5218 1289 5264 tuus
1315 5210 1536 5267 intraret
1563 5211 1616 5266 in
1645 5214 1859 5269 donnnn

280 5325 450 5375 tuam,
473 5317 526 5362 et
546 5305 807 5362 inveniret
833 5312 885 5358 te
915 5303 966 5357 iu
988 5302 1104 5357 loco
1125 5300 1341 5356 humido
1363 5301 1626 5358 frumenta
1656 5305 1862 5373 posuis-

279 5418 363 5466 se,
387 5401 478 5471 qui
505 5397 639 5453 forte
663 5397 823 5450 sciret
841 5403 1081 5448 naturam
1098 5391 1455 5463 corruptionis
1476 5393 1860 5452 frumentorum

279 5507 441 5561 quam
469 5501 525 5544 tu
551 5487 807 5551 nescires,
833 5484 984 5539 daret
1006 5483 1097 5538 tibi
1122 5482 1425 5554 bujusmodi
1450 5487 1751 5553 "consilium,
1779 5488 1863 5542 di-

283 5599 412 5641 cens
442 5600 457 5638 :
497 5581 700 5645 Frater,
735 5577 913 5649 perdis
954 5575 1095 5647 quod
1122 5589 1241 5631 cum
1267 5589 1459 5646 magno
1489 5575 1670 5635 labore
1697 5579 1862 5635 colle-

345 5739 366 5766 ι
384 5735 535 5791 τωη
560 5733 623 5780 αι
659 5725 994 5796 propinatione
1028 5738 1135 5796 sua.
1174 5733 1227 5776 Αι
1262 5732 1366 5777 uss.
1423 5722 1864 5790 depioyn'tiatt'mmn

283 5810 421 5848 suam
440 5810 457 5856 ;
475 5789 622 5855 juxta
640 5789 1008 5839 tlxx’rt'itusma
1029 5795 1218 5838 eautott.

1327 377 1720 434 EN.\RRATIO
1759 378 1822 432 ιη
1863 380 2184 440 Ρελιιιυιιι
2221 385 2450 445 XLVIII.

1969 493 2087 561 gisti
2112 512 2128 558 ;
2159 493 2354 553 inloco
2378 497 2598 554 humido
2623 503 2863 572 posuisti,
2895 509 3075 574 paucis
3102 509 3294 568 diebus
3320 513 3417 571 ista
3439 531 3544 587 pu-

1967 593 2220 639 trescunt.
2247 585 2312 641 Et
2331 589 2458 658 quid
2483 589 2635 652 l‘acio,
2660 594 2856 650 frater?
2877 596 3014 653 Lava
3035 601 3089 656 in
3115 607 3408 674 superiora.
3430 585 3542 662 nu-

1963 671 2111 727 dires
2153 676 2382 731 amicum
2421 692 2786 749 suggerentcm
2828 696 2885 740 ut
2926 671 3196 746 frumenta
3234 694 3438 754 levares
3469 699 3542 757 da

1965 759 2303 818 inferioribus
2323 765 2390 820 ad
2416 771 2720 838 superiora;
2742 783 2797 827 et
2817 789 2924 829 non
2949 777 3101 833 audis
3125 779 3393 842 Christum
3417 802 3540 843 mo-

1966 862 2178 910 nentem
2213 866 2268 909 ut
2302 859 2604 915 thesaurum
2627 869 2774 916 tuum
2798 863 2942 921 leves
2967 867 3035 924 de
3063 879 3205 926 terra
3233 874 3299 928 ad
3322 878 3515 933 emtum

1966 941 2056 995 ubi
2080 958 2182 998 non
2211 945 2310 1000 hoc
2339 947 2428 1001 tibi
2452 948 2700 1006 reddatur
2724 955 2866 1023 quod
2894 969 3096 1023 servas,
3120 960 3213 1015 sed
3233 977 3418 1020 serves
3435 975 3544 1023 ter-

1964 1047 2099 1099 ram,
2121 1036 2349 1104 accipias
2376 1040 2591 1105 crclum,
2619 1057 2801 1099 serves
2831 1048 3102 1115 mortalia,
3131 1054 3358 1123 accipias
3395 1070 3543 1115 sem~

1965 1122 2203 1190 piternal
2237 1125 2468 1182 Feneres
2493 1130 2831 1200 Christum‘;
2862 1137 3089 1210 accipiat
3111 1142 3164 1196 in
3191 1122 3327 1199 terra
3357 1163 3539 1217 panni,

1966 1221 2023 1262 ut
2061 1213 2247 1267 reddat
2285 1217 2377 1272 tibi
2405 1219 2456 1271 in
2481 1221 2621 1275 coelo
2656 1224 2841 1278 multa.
2877 1226 3070 1284 Verum
3099 1243 3275 1288 autem
3303 1213 3376 1292 illi
3406 1213 3543 1309 quos

1963 1302 2310 1361 circumdabit
2336 1309 2584 1379 iniquitas
2602 1314 2838 1370 calcauei
2862 1318 2970 1385 sui,
2997 1322 3118 1391 quia
3139 1325 3160 1355 ²
3185 1302 3460 1384 confidunt
3485 1332 3540 1386 in

1965 1392 2157 1447 virtute
2182 1409 2274 1448 sua
2298 1437 2313 1461 ,
2349 1409 2403 1452 et
2432 1401 2483 1452 in
2513 1403 2832 1459 abundantia
2858 1408 3157 1466 divitiarum
3178 1428 3393 1472 suarum
3415 1420 3538 1490 glo-

1965 1481 2186 1550 riantur,
2216 1496 2267 1540 et
2288 1486 2354 1541 de
2377 1491 2562 1546 amicis
2592 1493 2894 1551 hominibus
2919 1499 3044 1554 nihil
3077 1505 3374 1562 valentibus
3400 1525 3540 1577 prte-

1965 1581 2107 1627 stare
2155 1589 2499 1644 praesumunt,
2548 1599 2647 1636 non
2690 1584 2881 1639 dabunt
2924 1587 3032 1642 Deo
3074 1592 3543 1666 depropitiatiottm

1963 1677 2124 1722 suam.
2150 1673 2194 1716 et
2222 1667 2434 1734 pretium
2463 1671 2817 1740 redemptionis
2835 1677 3020 1732 anima:
3038 1697 3163 1735 suae.

2037 1755 2122 1808 10.
2165 1755 2314 1826 [vers.
2351 1760 2463 1832 10.]
2495 1761 2559 1815 Et
2580 1764 2704 1832 quid
2730 1765 2862 1820 dixit
2882 1768 2948 1822 de
2974 1771 3061 1824 tali
3090 1772 3340 1831 homine?
3366 1777 3433 1833 Et
3457 1781 3541 1834 las

1963 1844 2151 1898 beravit
2176 1847 2196 1878 ³
2228 1848 2277 1900 in
2305 1859 2547 1905 a'ternum
2566 1895 2580 1918 ,
2609 1842 2657 1907 et
2691 1856 2816 1910 vivet
2843 1858 2896 1910 in
2927 1860 3097 1926 linem.
3126 1862 3299 1920 Labor
3322 1867 3440 1938 ejus
3464 1867 3542 1926 sl-

1966 1949 2032 1987 ne
2065 1937 2168 1989 line
2204 1940 2344 2003 erit,
2379 1941 2482 1993 vita
2527 1942 2689 2009 ipsius
2735 1944 2949 2002 habebit
2994 1950 3172 2006 lluem.
3217 1937 3394 2022 Quare
3440 1958 3544 2015 hoc

1963 2024 2115 2085 dixit.
2147 2026 2267 2082 vivet
2296 2028 2349 2082 in
2376 2030 2571 2097 ﬁnem?
2613 2031 2783 2088 Vitam
2809 2037 3005 2108 quippe
3045 2055 3152 2095 non
3178 2054 3380 2112 penum
3419 2045 3539 2114 isti,

1964 2115 2063 2166 nisi
2092 2114 2310 2170 delicias
2332 2120 2686 2189 quotidianae.
2708 2123 2861 2179 Adeo
2883 2127 3036 2183 multi
3064 2130 3249 2200 inopes
3265 2143 3320 2188 et
3343 2150 3541 2207 paupe-

1964 2219 2048 2257 res
2075 2206 2274 2272 nostri,
2307 2223 2493 2277 parum
2526 2211 2659 2265 lirmi
2680 2253 2695 2277 ,
2738 2223 2794 2268 et
2835 2230 2940 2270 non
2984 2217 3254 2276 intuentes
3279 2206 3404 2295 quid
3433 2227 3540 2283 illia

1964 2296 2234 2364 promittat
2261 2299 2399 2354 Deus
2427 2317 2520 2369 pro
2549 2302 2665 2357 istis
2694 2304 2983 2371 laboribus,
3006 2321 3126 2364 cum
3153 2311 3378 2370 viderint
3401 2314 3539 2370 divi-

1962 2396 2042 2441 tes
2071 2388 2122 2441 in
2149 2390 2316 2456 epulis
2342 2392 2682 2460 quotidianis,
2705 2395 2756 2448 in
2778 2396 3062 2466 Splendore
3078 2409 3132 2454 et
3159 2404 3326 2458 nitore
3347 2407 3462 2460 auri
3479 2420 3538 2462 et

1962 2480 2189 2548 argenti,
2215 2479 2339 2550 quid
2367 2481 2586 2537 dicunt?
2612 2482 2721 2540 Soli
2739 2485 2760 2517 ‘
2783 2496 2908 2544 sunt
2933 2489 3042 2555 isti,
3064 2491 3150 2546 isti
3173 2507 3302 2549 vere
3329 2495 3530 2557 vivunt.

1965 2566 2190 2629 Dicitur;
2217 2569 2324 2637 jam
2360 2586 2464 2625 non
2489 2572 2725 2642 dicatur,
2762 2586 2815 2630 et
2842 2592 3152 2644 monemus;
3178 2583 3276 2640 etsi
3305 2585 3409 2642 dici
3439 2587 3540 2641 hac

1961 2658 2071 2724 bet,
2100 2661 2179 2713 vel
2207 2675 2236 2711 ει
2263 2663 2594 2728 paucioribus
2617 2664 2844 2733 dicatur,
2881 2683 3040 2737 quam
3069 2670 3336 2730 diceretur
3358 2678 3402 2735 si
3431 2694 3540 2736 non

1961 2762 2318 2802 maneremus.
2362 2749 2494 2804 Nam
2533 2769 2634 2809 nec
2673 2770 2773 2810 nos
2803 2762 3170 2826 prmsumimus
3199 2763 3268 2817 ita
3307 2783 3405 2823 nos
3440 2770 3539 2823 ista

1959 2836 2136 2891 dicere
2167 2849 2221 2892 ut
2249 2853 2352 2893 non
2383 2840 2610 2906 dicatur,
2637 2845 2730 2898 sed
2764 2848 2844 2900 vel
2879 2865 2908 2900 a
2938 2850 3271 2917 paucioribus
3293 2855 3537 2921 dicatur;

1961 2943 2081 2981 nam
2123 2927 2328 2984 dicetur
2360 2946 2523 3000 usque
2567 2933 2620 2989 in
2665 2934 2822 2990 linem
2853 2939 3056 2993 saeculi.
3093 2941 3282 2998 Parum
3310 2954 3392 3000 est
3417 2956 3540 3018 quin

1957 3017 2087 3072 dicit
2124 3035 2244 3072 cum
2288 3023 2496 3088 vivere;
2542 3025 2772 3095 adjuogil
2797 3069 2812 3092 ,
2851 3040 2902 3082 et
2927 3029 3097 3083 dicit“
3122 3075 3134 3098 ,
3167 3043 3346 3090 tonat:
3381 3017 3541 3096 Putas

1958 3122 2079 3162 eum
2107 3111 2279 3165 solum
2321 3115 2516 3167 vivere.
2551 3115 2728 3182 Vivat;
2776 3118 2988 3174 linictur
3028 3124 3128 3177 vita
3166 3125 3370 3196 ipsius:
3401 3148 3543 3202 quoa.

1959 3200 2101 3253 niam
2128 3217 2232 3255 non
2262 3201 2352 3256 dat
2378 3205 2601 3272 pretium
2623 3207 3002 3277 redemptionis
3019 3213 3210 3270 aninue
3229 3231 3360 3286 sua,
3388 3200 3542 3278 ηὶιίιε.

1961 3297 2046 3343 tur
2070 3289 2205 3358 vita,
2237 3291 2384 3347 labor
2416 3307 2518 3346 non
2552 3296 2778 3351 liuictur.
2810 3297 3078 3356 Laboravit
3118 3306 3168 3357 in
3196 3320 3456 3378 aeternum,
3485 3325 3538 3368 et

1960 3379 2084 3433 vivet
2103 3380 2154 3432 in
2176 3380 2344 3448 ﬁnent.
2371 3380 2646 3450 Quomodo
2666 3387 2787 3440 vivet
2810 3389 2860 3442 in
2885 3391 3037 3457 ﬁnem
3055 3393 3080 3446 2‘
3099 3394 3375 3460 Quomodo
3401 3403 3538 3460 vive-

1962 3467 2050 3522 bat
2080 3470 2166 3524 ille
2192 3473 2279 3540 qui
2305 3472 2623 3555 induebatur
2652 3492 2880 3547 purpura
2909 3490 2961 3534 et
2985 3483 3162 3553 bysso,
3189 3497 3244 3541 et
3282 3491 3536 3560 epulaba-

1962 3571 2046 3614 tur
2087 3547 2322 3630 quotidie
2359 3565 2668 3634 splendide;
2701 3579 2755 3622 et
2790 3569 3054 3639 jacentem
3088 3577 3385 3639 ulcerosum
3413 3598 3540 3645 ante

1956 3652 2190 3719 januam,
2219 3655 2368 3723 cujus
2399 3656 2574 3710 ulcera
2610 3673 2770 3712 canes
2833 3663 3121 3735 lingebant,
3143 3677 3198 3724 et
3223 3669 3535 3731 desideran-

1969 3753 2072 3799 tem
2108 3746 2272 3798 micas
2297 3763 2412 3815 qua:
2435 3748 2504 3802 de
2533 3764 2714 3804 mensa
2746 3751 2861 3820 ejus
2887 3755 3167 3823 cadebant,
3198 3766 3457 3832 superbus
3485 3779 3540 3824 et

1962 3835 2192 3902 tumidus
2217 3838 2607 3892 contemnebat.
2633 3839 2770 3906 Quid
2814 3844 2886 3898 illi
2911 3846 3221 3913 profuerunt
3259 3855 3363 3910 illae
3396 3857 3537 3914 divi-

1963 3925 2088 3979 tiae?
2114 3924 2447 3981 Mutavcruut
2471 3930 2613 3985 vices
2641 3933 2800 4002 ambo
2825 3950 2839 3986 :
2867 3933 2955 3989 ille
2983 3951 3011 3988 a
3033 3939 3193 4006 janua
3223 3943 3401 4000 divitis
3420 3952 3543 4003 sub-

1960 4014 2098 4069 latus
2125 4029 2207 4070 eSt
2235 4018 2284 4070 in
2324 4018 2498 4071 sinum
2530 4019 2754 4073 Abrahae
2781 4039 2794 4086 ;
2830 4024 2916 4078 ille
2944 4027 3012 4079 ab
3054 4032 3222 4098 epulis
3248 4036 3541 4103 splmididis

1962 4107 2153 4161 missus
2181 4116 2268 4161 est
2294 4110 2345 4161 in
2375 4110 2548 4177 ignem
2577 4125 2592 4161 :
2632 4111 2718 4164 ille
2753 4116 3140 4184 rcqtticscebat,
3167 4121 3255 4176 ille
3284 4125 3539 4194 ardebat;

1961 4200 2252 4254 satiabatur
2274 4201 2384 4263 ille,
2421 4202 2506 4254 ille
2530 4203 2777 4259 sitiebat:
2810 4207 2896 4260 ille
2927 4208 3256 4272 laboraverat
3282 4219 3330 4272 in
3358 4219 3539 4289 ῆηριιο,

1962 4295 2170 4344 vocb-t
2211 4293 2262 4344 in
2294 4301 2588 4357 urtcrnznn;
2620 4294 2708 4348 ille
2743 4298 2943 4352 vixerat
2981 4301 3030 4354 in
3063 4302 3240 4367 linem,
3271 4309 3543 4368 laborabat

1965 4382 2013 4433 in
2040 4389 2296 4435 anethum
2355 4381 2420 4436 Et
2444 4383 2567 4451 quid
2601 4385 2799 4452 profuit
2821 4388 2989 4470 diviti,
3023 4394 3111 4462 qui
3139 4401 3374 4464 quit-sivit
3403 4406 3542 4474 apud

1965 4471 2161 4524 inferos
2189 4472 2237 4523 in
2267 4473 2548 4527 tormentis
2577 4476 2796 4542 pasitus,
2827 4481 3015 4534 stuiari
3047 4485 3144 4538 sibi
3171 4497 3369 4555 guttam
3391 4471 3542 4564 aqua:

1966 4564 2017 4615 in
2048 4574 2278 4631 linguam
2315 4578 2464 4617 suam
2508 4565 2572 4617 de
2610 4566 2776 4636 digito
2812 4567 3018 4637 Lazmi,
3049 4572 3260 4644 dicens,
3295 4580 3544 4646 Quoniam

1964 4654 2115 4704 ardm
2140 4655 2213 4704 hic
2236 4654 2286 4706 in
2313 4653 2409 4708 hac
2429 4657 2656 4723 ﬂamma,
2684 4668 2739 4710 et
2761 4675 2862 4712 non
2891 4662 2962 4714 illi
2982 4675 3296 4724 concessum
3323 4683 3401 4726 cst
3429 4675 3542 4743 (Id.

1967 4761 2072 4809 1m,
2106 4745 2337 4814 Iit-26)?
2381 4747 2467 4800 Sic
2501 4748 2823 4805 desideravit
2879 4753 2965 4806 ille
2989 4766 3190 4826 guttam
3236 4761 3304 4815 de
3345 4765 3542 4835 digito,

1967 4821 2229 4904 quomodo
2261 4835 2348 4888 ille
2375 4837 2536 4888 micas
2558 4838 2622 4888 de
2647 4855 2824 4892 incuso
2857 4843 3036 4897 divitis
3067 4863 3079 4898 :
3107 4849 3199 4902 sed
3234 4851 3372 4908 illius
3400 4856 3544 4913 labor

1969 4926 2146 4981 ﬁnitus
2168 4937 2268 4990 cst,
2300 4937 2350 4978 et
2378 4929 2516 4982 illius
2540 4931 2642 4981 vita
2672 4933 2817 4985 tinilu
2842 4942 2955 4999 est;
2981 4936 3130 4992 labor
3152 4940 3377 5009 ltujmin
3401 4960 3544 5002 micis.

1970 5034 2114 5079 ltttlll,
2148 5018 2249 5069 vita
2275 5017 2414 5070 illius
2443 5017 2494 5070 in
2521 5029 2802 5074 mtcrnnm.
2835 5022 2950 5079 Non
2969 5025 3058 5081 hic
3078 5025 3333 5090 habemus
3361 5038 3543 5107 vitam,

1968 5108 2059 5178 qui
2102 5107 2236 5162 forte
2271 5109 2356 5162 bic
2384 5108 2688 5167 laboramus
2719 5114 2770 5167 in
2799 5122 2976 5172 terra:
3006 5128 3063 5173 et
3087 5137 3192 5179 non
3236 5123 3314 5181 sic
3347 5130 3546 5188 erimus

2036 5305 2225 5377 t_t~:dd.,_
2257 5306 2428 5377 fenero
2449 5307 2649 5358 Chrislo.
2684 5314 2792 5377 ιιεᾳ.
2825 5324 2965 5377 vero.
2988 5315 3171 5375 ﬁnem
3198 5319 3455 5375 chi-nium.
3480 5333 3555 5377 Sic

1970 5367 2338 5444 verbunListud
2395 5381 2506 5419 cum
2559 5373 2828 5422 accusativo
2885 5367 3046 5438 jungit
3071 5367 3455 5436 'Martlalismlib'.’
3481 5367 3518 5436 wi

1973 5429 2237 5491 epigr.77.
2885 5429 2903 5437 '
2974 5429 3003 5438 '

2035 5551 2056 5563 .
2193 5559 2202 5563 _
2237 5493 2746 5563 ιιωορῑηηθδῐεξιιθηι
2767 5507 2862 5544 una
2885 5502 3027 5563 Deos-

2035 5551 2058 5617 ξ
2089 5551 2281 5617 sicani.
2307 5558 2356 5617 et
2383 5558 2490 5617 uss.
2517 5561 2570 5600 At
2593 5559 2663 5601 Er.
2686 5562 2744 5617 et
2761 5558 3003 5617 [οι-..θυι

2038 5610 2060 5644 ³
2089 5609 2579 5689 ωρένιαιξονφὶεὶᾼι
2599 5614 2814 5667 moliens
2830 5609 2956 5669 nota.-
2979 5625 3110 5679 ηδε..
3136 5621 3364 5676 laboravit
3381 5659 3397 5684 ,
3418 5631 3547 5689 ,‘uvta

1973 5678 2120 5723 (mc.
2147 5677 2256 5720 LXX
2277 5671 2548 5732 ekopiasen.

2038 5736 2063 5804 ξ
2094 5738 2193 5804 ἐτη
2219 5732 2417 5804 ι’ςξέςξε-
2555 5795 2566 5804 .

2042 5795 2062 5827 ³
2097 5801 2221 5852 .ttss.,
2248 5793 2365 5845 dicit
2387 5808 2493 5846 eum
2516 5795 2710 5858 rirrre;
2733 5805 2876 5856 tonat,
2903 5802 3038 5861 dii-lt,
3068 5809 3229 5866 Putas,
3257 5814 3354 5860 etc.
