3968 6328
433 354 528 414 551

431 479 644 541 postea;
677 463 776 520 erit
805 461 945 515 enim
978 458 1084 511 vita
1112 463 1289 509 nostra
1322 450 1567 505 Christus
1604 446 1657 500 in
1694 455 1951 499 aeternum
1985 460 1998 494 :

431 532 506 616 illi
534 568 709 613 autem
738 554 826 624 qui
858 552 945 604 hic
973 548 1157 601 volunt
1184 542 1383 598 habere
1405 543 1591 603 vitam,
1622 534 1934 590 laborabunt
1954 532 2006 585 in

432 660 715 707 aeternum,
752 652 806 698 et
835 642 1015 694 vivent
1042 638 1094 691 itt
1126 637 1304 689 linem.

506 743 592 797 11.
634 737 787 813 [verm
824 738 845 788 -ι
859 732 935 805 1.]
968 730 1219 796 Quoniam
1250 741 1350 777 non
1382 720 1566 776 videbit
1586 716 1865 778 interitum,
1895 727 2010 766 cum

436 834 614 889 viderit
638 807 895 897 sapientes
923 822 1211 875 morientes.
1242 816 1342 870 Iste
1371 813 1458 883 qui
1492 810 1752 863 laboravit
1775 807 1826 859 in
1856 814 2013 857 teter-

436 938 586 983 num,
611 928 665 972 et
689 919 827 970 vivet
857 915 906 967 in
937 911 1095 964 linem
1118 950 1133 971 ,
1159 922 1259 960 non
1285 902 1464 957 videbit
1489 900 1763 957 interitum,
1789 910 1903 947 cum
1936 892 2016 943 oi-

439 1013 561 1065 derit
585 1010 836 1079 sapientes
856 1002 1118 1055 morientes
1140 1014 1159 1052 :
1185 994 1310 1065 quid
1337 1000 1420 1047 est
1448 988 1588 1043 hoc?
1609 987 1725 1077 Non
1754 982 2016 1051 intelliget

439 1101 563 1173 quid
592 1076 662 1154 sit
685 1095 944 1155 interitus,
965 1088 1177 1160 quando
1202 1084 1395 1139 viderit
1420 1080 1686 1149 sapientes
1703 1076 2013 1130 morientes.

440 1194 575 1247 Dicit
600 1190 740 1245 enim
770 1186 870 1241 sibi
904 1202 918 1236 :
952 1184 1086 1246 Iste,
1118 1179 1239 1250 quia
1277 1176 1490 1244 sapiens
1517 1179 1664 1230 erat,
1695 1177 1754 1222 et
1776 1182 1896 1221 cum
1926 1179 2016 1217 sa-

440 1285 633 1355 pientia
663 1277 1012 1341 inhabitabat,
1038 1283 1230 1328 etcum
1259 1269 1454 1336 pietate
1476 1259 1836 1331 Deumeoluit,
1860 1272 2018 1311 ninn-

440 1348 565 1444 qnid
592 1387 698 1427 non
724 1378 807 1424 est
837 1360 1118 1420 morttnis?
1149 1349 1360 1413 Faciam
1387 1353 1515 1408 mihi
1552 1365 1681 1420 ergo
1712 1348 1867 1407 bene,
1897 1358 2016 1397 cmn

444 1439 563 1518 vivo
593 1480 608 1516 :
639 1476 760 1516 nam
808 1458 851 1511 si
881 1450 1079 1523 aliquid
1111 1454 1326 1521 possent
1353 1445 1443 1516 qni
1481 1440 1622 1496 aliud
1650 1439 1884 1508 sapiunt,
1912 1448 2017 1488 non

444 1564 799 1613 morerentur.
830 1549 986 1602 Videt
1016 1544 1162 1599 illum
1196 1540 1329 1595 mori
1352 1579 1367 1603 ,
1408 1543 1466 1591 et
1494 1550 1598 1588 non
1627 1532 1773 1585 videt
1802 1541 1920 1597 quae
1954 1527 2023 1578 sit

448 1662 613 1703 mors.
648 1644 768 1699 Non
796 1640 977 1695 videbit
1000 1636 1273 1695 interitum,
1302 1646 1415 1683 cum
1434 1627 1617 1682 uidebit
1641 1624 1889 1691 sapientes
1916 1634 2025 1671 mo-

449 1743 649 1795 rientcs.
680 1734 958 1803 Quomodo
1000 1729 1169 1785 Judaei
1212 1725 1461 1779 viderunt
1488 1720 1757 1774 Christum
1788 1711 2026 1785 pendens

456 1845 559 1886 tem
589 1834 641 1882 in
671 1841 860 1892 cruce,
885 1833 938 1879 et
960 1823 1419 1888 contempserunt,
1446 1812 1705 1871 dicentes,
1735 1808 1838 1861 Iste
1862 1806 1905 1860 si
1936 1803 2018 1858 Fi-

457 1926 559 1978 lius
600 1921 689 1975 Dei
731 1925 899 1977 esset,
930 1910 1276 1969 descenderet
1309 1907 1377 1961 de
1414 1917 1573 1959 cruce
1600 1900 1619 1972 (
1646 1898 1831 1953 Matth.
1863 1910 2028 1978 xxx-tr,

647 1969 757 2063 non
768 1969 1009 2060 videntes
1032 2000 1159 2071 quid
1179 1999 1249 2053 sit
1268 1995 1531 2051 interitus.
1560 1969 1618 2047 Si
1640 1988 1883 2043 viderent
1903 1969 2027 2056 quid

458 2106 529 2161 sit
550 2078 812 2161 interitus,
840 2098 883 2151 si
915 2091 1223 2148 viderent'!
1255 2088 1346 2142 Ille
1370 2084 1693 2140 moriebatur
1722 2078 2031 2149 temporali-

460 2205 564 2259 ter,
594 2203 653 2247 ut
685 2190 1024 2247 revivisceret
1061 2184 1113 2239 in
1142 2191 1429 2244 aeternum;
1458 2177 1531 2231 illi
1560 2174 1806 2229 vivebant
1826 2182 2029 2238 tempo-

461 2288 673 2349 raliter,
715 2289 775 2336 ut
818 2284 1153 2333 morerentur
1180 2273 1231 2327 in
1260 2279 1538 2325 internum.
1584 2266 1687 2323 Sed
1734 2263 1855 2331 quia
1888 2261 2034 2313 illum

466 2376 717 2430 videbant
750 2370 1063 2425 morientem
1083 2406 1097 2429 ,
1133 2378 1237 2417 non
1263 2360 1511 2414 videbant
1536 2350 1832 2414 interitum,
1857 2350 1907 2404 id
1930 2358 2033 2414 est,

464 2482 572 2521 non
603 2460 960 2530 intelligebant
988 2455 1106 2525 quis
1129 2458 1276 2507 esset
1301 2462 1457 2502 verus
1494 2445 1760 2500 interitus.
1794 2437 1929 2507 Quid
1956 2437 2035 2489 tli-

463 2567 593 2614 eunt
619 2555 777 2609 etiam
815 2552 868 2606 in
893 2544 1195 2617 Sapientia?
1229 2542 1394 2596 Morte
1419 2537 1708 2607 turpissima
1736 2534 2035 2587 condemne-

464 2666 578 2704 mus
602 2646 769 2711 illum,
810 2644 903 2696 erit
920 2641 1053 2694 enim
1085 2643 1339 2705 respectus
1368 2648 1430 2686 ea:
1458 2627 1769 2685 tentionibus
1793 2625 1929 2678 illius
1946 2640 1964 2683 ;
1993 2622 2038 2675 si

464 2742 597 2796 enim
618 2746 688 2791 est
709 2752 819 2788 vere
834 2730 1003 2794 Filius
1018 2723 1371 2784 Dei.liberabit
1391 2720 1535 2775 illum
1568 2718 1630 2771 de
1657 2716 1886 2770 inanibus
1917 2729 2039 2767 con-

465 2830 735 2885 trariorum
755 2823 911 2895 (Sap.
941 2834 1002 2885 n,
1031 2816 1121 2880 9.0,
1146 2813 1235 2884 i8)
1259 2830 1272 2865 :
1293 2825 1399 2866 non
1420 2808 1692 2880 permittet
1718 2801 2053 2860 moriFiiinm

464 2936 618 2977 suum
639 2960 654 2983 ,
682 2918 726 2972 si
748 2894 873 2967 vere
893 2907 1057 2963 Filius
1084 2906 1250 2976 ipsius
1273 2911 1375 2958 est;
1411 2903 1482 2957 At
1506 2901 1597 2955 ubi
1622 2897 1867 2953 viderunt
1890 2894 2035 2947 illum

466 3015 519 3068 in
545 3024 703 3066 crure
729 3005 1050 3061 insultantes
1071 3013 1151 3062 se,
1175 3006 1228 3051 et
1251 2996 1397 3049 illum
1420 3008 1523 3047 non
1546 2984 2039 3046 descendentem'de

465 3118 645 3167 cruce,
678 3100 945 3160 dixerunt,
975 3093 1111 3146 Vere
1150 3088 1311 3143 homo
1337 3084 1454 3140 fuit.
1482 3083 1686 3138 Dictum
1708 3088 1790 3134 est
1817 3094 1830 3129 :
1860 3084 1915 3130 et
1939 3077 2043 3129 uti-

465 3212 570 3269 que
596 3200 799 3265 poterat
825 3184 1152 3244 descendere
1176 3180 1243 3235 de
1265 3192 1443 3243 cruce,
1467 3175 1555 3244 qui
1582 3172 1750 3243 potuit
1772 3169 1839 3225 de
1860 3166 2040 3237 sepul-

468 3258 572 3342 cro'
593 3258 906 3351 resurgem;
935 3274 1029 3331 sed
1058 3271 1241 3328 docuit
1265 3282 1361 3323 nos
1388 3266 1527 3321 ferre
1564 3261 1876 3317 insultantes
1898 3300 1912 3319 ,
1940 3258 2040 3312 do-

464 3379 574 3434 cuit
599 3349 855 3429 adversus
876 3370 1080 3435 linguas
1104 3363 1380 3418 hominum
1405 3372 1523 3413 esse
1548 3358 1828 3425 patientes,
1859 3349 2042 3405 bibere

464 3467 624 3524 modo
651 3464 872 3519 calicem
899 3453 1268 3511 amaritudinis
1287 3492 1302 3514 ,
1333 3459 1385 3504 et
1424 3456 1605 3516 postea
1634 3443 1877 3512 accipere
1902 3453 2043 3494 sem-

465 3561 723 3629 piternam
750 3552 993 3607 salutem.
1028 3544 1176 3609 Bibe,
1204 3556 1366 3610 :rger,
1417 3536 1634 3591 calicem
1677 3546 1938 3594 amarum,
1988 3538 2044 3581 ut

468 3621 633 3703 sanus
671 3645 765 3705 sis,
786 3642 867 3696 cui
894 3653 998 3691 non
1024 3642 1149 3690 sunt
1178 3646 1304 3685 sana
1323 3630 1524 3681 viscera
1560 3643 1571 3677 :
1604 3623 1708 3677 noli
1747 3621 2039 3690 trepidare,

465 3740 587 3811 quia
624 3751 691 3791 ne
717 3731 1033 3801 trepidares,
1076 3726 1220 3794 prior
1254 3721 1385 3777 bibit
1408 3717 1679 3773 medicus:
1708 3714 1758 3767 id
1790 3721 1894 3777 c~t,
1917 3726 2043 3781 pas-

466 3800 635 3886 sionis
674 3800 1078 3879 amaritudinem
1121 3815 1252 3869 bibit
1288 3812 1433 3883 prior
1461 3808 1735 3862 Dominus.
1779 3803 1915 3857 Bibit
1954 3800 2042 3868 qui

477 3930 752 3992 peceatum
779 3930 885 3969 non
914 3909 1161 3974 habebat,
1185 3906 1271 3977 qui
1295 3902 1433 3972 quod
1461 3902 1512 3954 in
1548 3914 1613 3953 eo
1638 3905 1916 3950 sanarctur
1942 3909 2043 3947 non

470 3986 723 4067 habebat.
749 4007 880 4061 Bibe
906 4003 1078 4058 donec
1099 4004 1331 4052 transeat
1347 3990 1642 4047 amaritudo
1663 3987 1819 4058 hujus
1843 3986 2043 4050 sazculi,

470 4117 523 4162 et
551 4104 729 4159 veniat
756 4100 1009 4153 saeculum
1037 4091 1127 4146 ubi
1154 4087 1357 4144 nullum
1398 4081 1736 4146 scandalum,
1780 4078 1920 4132 nulla
1946 4077 2045 4141 ira,

473 4196 615 4251 nulla
639 4192 811 4257 tabes,
833 4187 977 4243 nulla
999 4175 1476 4245 amaritudo,nulla
1490 4174 1669 4239 febris,
1684 4170 1856 4226 nullus
1870 4168 2045 4233 dolus,

478 4286 635 4340 nullae
682 4278 1006 4339 inimicitiae,
1033 4271 1176 4327 nulla
1219 4274 1498 4330 senectus,
1529 4262 1670 4317 nulla
1697 4274 1876 4325 mors,
1906 4258 2047 4313 nulla

477 4372 767 4430 contentio.
793 4367 1000 4422 Labora
1033 4363 1136 4425 hic,
1161 4366 1415 4413 venturus
1442 4353 1506 4407 ad
1538 4353 1729 4415 linem;
1758 4350 1957 4410 labora,
1984 4362 2051 4401 ne

474 4483 594 4523 cum
634 4478 740 4518 non
779 4461 858 4514 vis
903 4457 990 4512 hic
1017 4454 1260 4508 laborare
1280 4490 1293 4509 ,
1327 4447 1506 4500 venias
1532 4443 1597 4495 ad
1626 4441 1782 4495 finem
1813 4440 1968 4503 vitae,
2000 4445 2055 4491 et

482 4568 748 4625 nunquam
774 4551 956 4605 venias
982 4543 1049 4599 ad
1080 4542 1238 4596 ﬁnem
1268 4537 1531 4593 laborum.
1566 4532 1815 4599 Quoniam
1844 4545 1943 4583 non
1980 4528 2057 4581 υἰο

484 4623 627 4702 dabit
643 4643 922 4703 interitum,
945 4650 1058 4688 rum
1087 4630 1265 4685 viderit
1288 4626 1531 4697 sapientes
1558 4623 1841 4675 morientes.

554 4739 639 4791 η.
683 4729 852 4788 Simul
892 4724 1182 4796 imprudens
1209 4731 1252 4775 et
1281 4719 1520 4786 insipiens
1546 4714 1795 4783 peribunt.
1819 4711 1947 4778 Quis
1974 4719 2057 4765 est

479 4825 803 4898 imprimens?
827 4820 926 4888 Qui
969 4831 1074 4871 non
1113 4812 1215 4870 sibi
1256 4810 1507 4880 ριόερίεἰι
1546 4809 1597 4860 in
1641 4805 1894 4860 futurum.
1928 4802 2057 4868 Quis

482 4891 565 4974 est
592 4907 991 4982 insipiens?Qui
1019 4920 1123 4959 non
1162 4899 1408 4969 intelligit
1449 4900 1500 4952 in
1540 4910 1645 4966 quo
1684 4895 1821 4947 malo
1862 4893 1949 4946 sit.
1978 4891 2056 4945 Tu

483 5022 611 5063 vero
636 4981 866 5071 intellige
893 4999 944 5052 in
970 5010 1076 5066 quo
1106 4991 1249 5047 malo
1276 4991 1349 5043 sis
1378 4987 1555 5051 modo,
1579 4994 1631 5039 et
1658 4985 1899 5055 prospice
1920 4991 1975 5037 ut
2005 4981 2057 5035 in

484 5098 636 5154 bonis
666 5096 741 5150 sis
768 5095 818 5146 in
845 5097 1138 5162 posterum.
1168 5077 1512 5149 Intelligendo
1551 5079 1601 5130 in
1645 5091 1751 5146 quo
1792 5077 1928 5128 malo
1962 5075 2055 5138 sis,

485 5205 590 5245 non
619 5186 725 5241 eris
752 5181 1043 5250 insipiens:
1070 5168 1440 5245 prospiciendo
1469 5167 1562 5222 tibi
1594 5168 1645 5221 in
1679 5165 1931 5229 futurum,
1956 5180 2061 5217 non

487 5274 607 5339 cris-
640 5273 964 5344 imprudens.
992 5268 1124 5335 Quis
1168 5271 1252 5319 est
1290 5261 1378 5332 qui
1415 5260 1514 5314 sibi
1556 5257 1844 5328 prospicit?
1868 5256 2063 5312 Servus

490 5372 570 5425 llu-
604 5380 684 5423 ctn
714 5362 856 5415 dedit
893 5358 1144 5413 Dominus
1170 5365 1299 5407 suus
1325 5349 1465 5421 quod
1494 5356 1773 5418 erogaret,
1801 5355 1855 5401 et
1884 5354 2064 5415 postea

488 5460 621 5515 dixit
650 5459 696 5511 cl
725 5472 735 5504 τ
766 5450 883 5509 Non
914 5458 1053 5513 potes
1093 5443 1214 5497 mihi
1258 5455 1425 5511 agere,
1454 5440 1605 5493 redde
1642 5440 1888 5490 rationem
1926 5446 2067 5488 actus

492 5561 589 5604 tm.
621 5546 687 5601 Et
717 5545 803 5597 ille
829 5560 836 5591 ε
864 5538 993 5603 Quid
1025 5534 1191 5605 facio?
1218 5534 1389 5603 fodere
1412 5545 1512 5583 non
1540 5544 1761 5597 possunt,
1790 5526 2073 5581 mendicare

496 5634 799 5707 confundat.
822 5628 925 5685 Sed
953 5637 999 5682 et
1036 5626 1101 5679 de
1132 5639 1189 5676 re
1216 5619 1414 5675 domini
1448 5618 1528 5672 stti
1561 5617 1681 5673 fecit
1710 5617 1808 5671 sibi
1849 5616 2068 5683 amicos,

558 5750 579 5785 ί
610 5750 677 5801 Ita
695 5742 907 5797 nonnulli
932 5749 1029 5800 Ms.
1052 5740 1161 5788 mo.
1178 5738 1318 5796 vero,
1340 5746 1389 5784 se
1414 5733 1642 5784 viderem.

1664 333 1724 386 S.
1768 324 2127 387 AUGUSTINI
2168 320 2461 377 EPISCOI‘I

3586 311 3691 368 553

2116 440 2203 506 qui
2228 437 2370 490 illum
2394 433 2710 501 reciperent,
2737 444 2854 484 cum
2882 429 3092 485 deactu
3118 425 3484 497 proficeretur.
3509 424 3576 480 Et
3601 425 3690 478 ille

2115 528 2355 581 l'taudem
2386 525 2511 577 fecit
2532 523 2748 576 domino
2778 535 2896 583 suo,
2925 530 2983 573 ut
3006 528 3339 587 compararet
3364 516 3465 571 sibi
3491 516 3690 570 amicos

2113 621 2203 688 qui
2232 620 2375 670 illmn
2407 615 2739 681 susciperent
2770 628 2783 664 :
2816 620 2871 664 tu
2902 609 3009 665 noli
3039 610 3229 663 timere
3254 623 3322 663 ne
3348 604 3586 661 fraudem
3614 603 3689 657 fa-

2115 713 2260 773 cias;
2294 710 2405 776 ipse
2434 708 2688 760 Dominus
2718 703 2961 758 hortatur
2988 714 3046 756 ut
3074 700 3254 763 facias,
3285 698 3398 767 ipse
3423 698 3515 753 tibi
3539 696 3688 756 dicit,

2117 800 2220 854 Fac
2251 799 2341 853 tibi
2372 798 2573 850 amicos
2608 784 2676 848 de
2712 806 3013 847 mammona
3058 790 3347 859 iniquitatis
3386 787 3551 859 (Luc.
3578 803 3688 847 xvi,

2118 892 2261 961 μὴ).
2286 890 2549 945 Fortassis
2579 903 2641 943 ea
2669 902 2787 957 quae
2812 884 3103 959 aequisisti,
3129 884 3197 938 de
3224 882 3494 951 iniquitate
3512 881 3693 946 acqui-

2118 985 2231 1037 sisti
2254 1001 2267 1045 ;
2299 991 2390 1037 ant
2417 981 2643 1036 fortasse
2667 994 2729 1033 ea
2760 978 2871 1048 ipsa
2898 988 2983 1030 est
3006 976 3272 1045 iniquitas,
3294 974 3415 1043 quia
3446 982 3499 1027 tu
3528 972 3694 1026 babes

2119 1083 2173 1127 et
2196 1074 2332 1127 alter
2359 1086 2463 1126 non
2494 1070 2672 1133 habet,
2710 1080 2764 1123 tu
2801 1068 3039 1143 abundas
3065 1076 3117 1119 et
3146 1065 3280 1119 alter
3311 1075 3451 1133 eget.
3484 1064 3558 1118 De
3596 1064 3693 1116 ista

2119 1177 2420 1218 mammona
2449 1160 2756 1229 iniquitatis,
2785 1144 2852 1213 de
2880 1158 3076 1211 divitiis
3107 1157 3218 1211 istis
3244 1171 3377 1226 quas
3402 1153 3567 1225 iniqui
3596 1170 3694 1206 vo-

2120 1264 2245 1307 cant
2265 1252 2495 1313 divitias,
2519 1250 2601 1304 fac
2628 1250 2721 1304 tibi
2748 1251 2948 1304 amicos
2976 1260 3029 1303 et
3056 1248 3287 1318 prudens
3307 1247 3413 1301 eris
3439 1265 3453 1301 :
3475 1261 3697 1315 Compa-

2122 1360 2211 1401 ras
2237 1345 2357 1403 tibi,
2388 1359 2495 1397 non
2541 1343 2819 1397 fraudat-is.
2856 1341 3012 1396 Modo
3047 1343 3187 1394 enim
3217 1340 3415 1395 videris
3453 1339 3695 1409 perdere.

2123 1435 2385 1504 Numquid
2413 1434 2607 1504 perdes
2634 1435 2684 1487 in
2716 1432 3043 1487 thesaurario
3064 1433 3081 1464 ¹
3108 1431 3349 1500 ponens?
3369 1430 3498 1484 Nam
3525 1431 3695 1503 pueri.

2127 1526 2339 1590 fratres,
2370 1526 2509 1580 unde
2544 1524 2641 1579 sibi
2672 1532 2854 1578 emant
2885 1523 3067 1577 nescio
3092 1522 3215 1592 quid
3241 1522 3397 1576 simul
3427 1521 3703 1576 inveniunt.

2128 1634 2395 1675 nutnmt's.
2417 1627 2471 1672 et
2498 1624 2699 1687 ponunt
2737 1616 2788 1669 in
2827 1614 3179 1679 thesaurario,
3218 1625 3272 1669 et
3308 1628 3416 1668 non
3459 1614 3703 1682 aperiunt

2128 1710 2230 1764 nisi
2261 1719 2439 1779 postea
2461 1726 2473 1762 ε
2495 1707 2745 1775 numquid
2772 1708 2893 1777 quia
2918 1722 3022 1761 non
3047 1707 3228 1761 vident
3256 1706 3395 1776 quod
3424 1707 3701 1775 colligunt,

2131 1801 2252 1855 ideo
2278 1798 2658 1867 perdiderunt?
2680 1798 2797 1855 Noli
2826 1798 3015 1853 timere
3042 1814 3057 1852 :
3084 1806 3286 1866 ponunt
3318 1796 3465 1866 pueri
3502 1795 3555 1852 in
3582 1794 3703 1853 thr-

2132 1892 2391 1953 saurario,
2419 1899 2473 1943 et
2500 1890 2673 1943 securi
2698 1896 2853 1951 sunt;
2882 1888 3035 1957 ponis
3063 1897 3117 1942 tu
3143 1889 3194 1940 in
3222 1902 3380 1940 manu
3404 1886 3624 1947 Christi,
3652 1896 3707 1937 rt

2135 1981 2323 2036 times!
2356 1980 2484 2033 Esto
2514 1979 2766 2049 prudens,
2787 1988 2839 2032 et
2866 1978 3110 2047 prospice
3135 1978 3225 2031 tibi
3268 1977 3319 2030 in
3355 1962 3625 2046 posterum
3654 1976 3705 2027 in

2133 2073 2288 2126 ccelo.
2316 2072 2441 2125 Esto
2464 2086 2590 2140 ergo
2616 2070 2869 2139 prudens,
2896 2069 3104 2123 imitare
3135 2069 3429 2135 formicam,
3454 2068 3593 2123 sicut
3619 2068 3704 2121 di-

2136 2163 2211 2216 cit
2234 2162 2505 2229 Scriptura
2530 2158 2709 2228 (Prov.
2734 2161 2878 2225 v1.6,
2901 2170 2949 2212 et
2970 2175 3097 2224 xxx,
3117 2157 3208 2229 25)
3225 2175 3239 2222 ;
3257 2159 3485 2213 reconde
3505 2168 3706 2217 instate,

2137 2268 2206 2308 ne
2229 2254 2432 2308 esurias
2460 2253 2514 2306 in
2542 2251 2715 2307 hieme
2744 2270 2757 2304 :
2788 2250 2959 2306 hiems
2982 2260 3066 2308 est
3088 2251 3202 2304 dies
3231 2250 3569 2315 novissimus,
3594 2250 3711 2304 dies

2140 2343 2525 2409 tribulationis;
2554 2343 2723 2414 hiems
2748 2352 2831 2399 est
2854 2343 2968 2398 dies
2988 2342 3355 2397 scandalorum
3381 2351 3436 2396 ct
3457 2345 3712 2397 amaritu-

2138 2438 2276 2491 dinis
2300 2448 2319 2492 ‘:‘
2347 2438 2535 2507 collige
2563 2437 2703 2507 quod
2741 2436 2812 2490 ibi
2852 2436 2943 2490 tibi
2983 2436 3051 2489 sit
3077 2436 3099 2466 ¹
3130 2435 3180 2488 in
3210 2444 3517 2504 posterum;
3544 2434 3589 2489 si
3614 2450 3710 2487 au-

2141 2540 2246 2585 tem
2276 2536 2381 2586 non
2413 2530 2562 2595 facis,
2590 2529 2745 2583 simul
2770 2526 3085 2597 imprudens
3120 2536 3174 2582 et
3215 2528 3467 2595 insipiens
3492 2525 3709 2597 peribis.

2211 2624 2298 2679 15.
2341 2622 2446 2677 Sed
2477 2632 2718 2677 mortuus
2742 2630 2824 2676 est
2852 2621 2943 2676 ille
2967 2620 3136 2682 divos,
3160 2629 3214 2674 et
3235 2620 3337 2674 tale
3364 2620 3434 2674 illi
3458 2618 3614 2673 funus
3632 2616 3712 2671 fa-

2142 2724 2284 2772 ctum
2298 2723 2410 2781 est.
2437 2714 2576 2769 Ecce
2600 2729 2707 2785 quo
2735 2728 2795 2767 se
2817 2720 3197 2767 converterunt
3219 2710 3462 2765 homines
3480 2728 3495 2764 :
3513 2725 3617 2764 non
3638 2720 3719 2762 at-

2150 2806 2371 2861 tendunt
2391 2820 2549 2875 quam
2571 2805 2762 2858 malam
2785 2804 2948 2857 vitam
2979 2803 3218 2856 habuerit
3239 2817 3358 2857 eum
3381 2802 3599 2867 viveret,
3621 2801 3713 2855 sed

2142 2913 2301 2968 quam
2351 2911 2598 2967 pompam
2641 2910 2760 2950 cum
2808 2903 3122 2950 moreretur.
3150 2893 3195 2949 0
3225 2892 3349 2947 felix
3389 2907 3545 2962 quem
3588 2892 3715 2946 tanti

2142 2989 2427 3061 plangunt!
2470 2989 2574 3044 Iste
2604 2988 2625 3020 '
2652 3002 2780 3042 vero
2830 2987 2907 3042 sie
2955 2986 3088 3040 vixit
3140 2994 3198 3039 ut
3244 2985 3396 3055 pauci
3445 2985 3713 3053 plangant.

2141 3083 2341 3138 Omnes
2369 3082 2509 3136 enim
2537 3080 2793 3134 deberent
2831 3080 3077 3148 plangere
3116 3086 3221 3131 tam
3255 3075 3396 3129 male
3428 3076 3715 3146 viventem.

2145 3173 2249 3228 Sed
2279 3179 2470 3241 pompa
2511 3179 2594 3226 est
2637 3170 2854 3231 funeris,
2885 3168 3147 3237 excipitur
3185 3166 3430 3236 sepulcro
3462 3166 3716 3235 pretiose,

2146 3267 2431 3321 involvitur
2475 3263 2722 3333 pretiosis
2765 3260 3021 3321 vestibus,
3066 3260 3321 3328 sepelitur
3357 3258 3640 3327 unguentis
3667 3266 3721 3310 et

2144 3358 2419 3411 aromatis.
2468 3354 2667 3409 Deinde
2718 3354 3028 3407 memoriam
3073 3352 3281 3418 qualem
3331 3349 3518 3404 habet!
3563 3362 3719 3419 quam

2148 3456 2520 3504 marmoratam
2547 3447 2560 3500 l
2588 3444 2795 3499 Vivitur
2812 3444 2877 3496 in
2906 3442 3019 3511 ipsa
3049 3441 3303 3495 memoria
3323 3439 3348 3493 ?
3370 3439 3466 3493 Ille
3489 3439 3559 3494 ibi
3583 3454 3724 3492 mor-

2148 3550 2269 3593 tuus
2302 3547 2384 3592 est
2406 3535 2451 3591 ‘.
2480 3537 2582 3593 Ista
2614 3545 2858 3605 putantes
2885 3532 3127 3587 homines
3160 3532 3318 3594 bona,
3347 3531 3725 3584 alienaverunt

2147 3646 2175 3683 a
2206 3631 2332 3691 Deo,
2360 3642 2459 3683 nec
2496 3628 2821 3697 qu:esicrnnt
2859 3640 3004 3689 vera,
3042 3634 3095 3677 et
3134 3623 3337 3690 decepti
3378 3631 3503 3676 sunt
3540 3622 3721 3677 falsis:

2148 3721 2281 3775 adeo
2307 3720 2424 3774 vide
2449 3719 2572 3790 quid
2598 3719 2852 3787 sequitur.
2879 3716 2974 3770 Ille
2999 3716 3086 3783 qui
3106 3730 3207 3768 non
3229 3714 3374 3768 dedit
3393 3710 3619 3782 pretium
3640 3727 3722 3766 re-

2150 3810 2471 3881 demptionis
2502 3807 2694 3862 anima:
2728 3823 2855 3869 sure,
2881 3808 2969 3877 qui
3002 3821 3105 3860 non
3146 3805 3401 3858 intellexit
3432 3800 3724 3868 interitum,

2150 3904 2268 3972 quia
2294 3902 2427 3955 vidit
2464 3901 2733 3972 sapientes
2771 3900 3078 3961 morientes,
3112 3898 3279 3951 factus
3308 3904 3391 3950 cst
3417 3896 3726 3965 imprudens

2154 4006 2208 4047 ct
2256 3994 2531 4060 insipiens,
2576 4002 2632 4045 ut
2668 3990 2825 4045 simul
2860 3990 3075 4059 periret.
3098 3989 3165 4042 Et
3191 3987 3459 4058 quomodo
3484 3988 3730 4058 peribunt

2152 4083 2239 4152 qui
2263 4083 2541 4150 relinquent
2564 4081 2743 4133 alienis
2768 4079 2966 4132 divitias
2991 4078 3151 4140 suas?
3177 4076 3345 4132 Simul
3371 4079 3663 4146 imprudens
3685 4086 3731 4132 et

2150 4175 2389 4242 insipiens
2415 4171 2666 4242 peribunt.

2227 4268 2316 4321 14.
2354 4265 2625 4320 Attendite
2684 4265 2908 4317 fratres:
2940 4260 3006 4314 Et
3031 4260 3310 4330 relinquent
3334 4261 3511 4315 alienis
3534 4261 3735 4315 divitias

2157 4374 2295 4411 suas.
2318 4357 2478 4425 Quasi
2509 4369 2600 4410 eos
2625 4354 2805 4424 posuit
2842 4354 2894 4405 in
2932 4350 3234 4415 maledicto,
3267 4351 3354 4420 qui
3392 4366 3512 4405 cum
3539 4356 3732 4407 mortui

2161 4448 2377 4510 fuerint,
2411 4446 2567 4499 alieni
2602 4443 2946 4513 possidebunt
2975 4457 3063 4497 res
3098 4443 3353 4509 ipsorum.
3385 4442 3526 4512 Ergo
3555 4444 3737 4501 felices

2158 4540 2234 4593 illi
2256 4538 2343 4607 qui
2367 4537 2670 4606 relinquunt
2699 4535 2835 4588 filios
2860 4534 2915 4587 in
2946 4533 3282 4603 posscssiotte
3310 4548 3424 4601 sua,
3445 4534 3637 4604 quibus
3657 4538 3738 4592 sui

2158 4629 2472 4686 su‘scedunt.
2504 4627 2697 4681 liabuit
2739 4626 2895 4685 filios.
2924 4641 3028 4678 non
3075 4635 3154 4677 est
3198 4634 3457 4680 mortuus.
3478 4625 3615 4694 Quid
3649 4629 3741 4683 filii

2160 4720 2360 4791 ipsius?
2386 4719 2454 4772 Et
2482 4718 2579 4787 ipsi
2611 4725 2826 4771 servant
2853 4716 2993 4785 quod
3021 4717 3455 4791 eisreliguerunt
3496 4728 3743 4785 parentes

2161 4812 2241 4866 sui
2274 4830 2287 4866 :
2317 4826 2500 4881 parum
2549 4817 2631 4863 est
2677 4809 2795 4877 quia
2840 4818 3086 4869 servant;
3120 4817 3174 4861 et
3212 4818 3426 4878 augent.
3455 4808 3661 4874 Quibus
3690 4820 3746 4864 et-

2165 4902 2267 4971 ipsi
2298 4900 2552 4954 servant?
2606 4899 2751 4952 Filiis
2792 4898 2924 4961 suis,
2964 4906 3020 4951 et
3060 4897 3134 4951 illi
3180 4896 3324 4965 ﬁliis,
3349 4908 3402 4952 et
3430 4897 3569 4953 tertii
3600 4900 3744 4955 liliis.

2165 4992 2299 5060 Quid
2338 4991 2587 5045 Christo?
2628 4990 2751 5059 quid
2803 4989 2993 5042 animae
3042 4988 3187 5042 sum?
3213 4987 3399 5043 Omnia
3434 4988 3575 5043 filiis.
3604 4989 3747 5044 Inter

2170 5086 2306 5139 filios
2351 5098 2477 5137 suos
2519 5096 2654 5140 quos
2696 5079 2894 5149 habent
2936 5079 2989 5132 in
3032 5088 3205 5144 terra,
3237 5087 3544 5148 computent
3582 5094 3748 5133 unum

2171 5176 2387 5231 fratrem
2418 5187 2573 5243 quem
2607 5173 2803 5225 habent
2840 5169 2892 5223 in
2930 5169 3066 5223 coelo
3094 5170 3212 5223 :cui
3238 5175 3405 5222 totum
3431 5168 3559 5223 dare
3582 5170 3750 5225 debe-

2236 5308 2251 5339 ι
2288 5313 2416 5362 ιον,
2442 5303 2490 5353 in
2510 5302 2808 5352 lhesauran’o
2829 5298 3021 5351 Christi.
3048 5307 3146 5362 Vox
3171 5298 3349 5350 Christi
3366 5301 3506 5350 abest
3525 5302 3587 5350 ah
3609 5307 3683 5352 Er.
3699 5307 3753 5352 et

2172 5382 2199 5417 a
2224 5375 2352 5425 Mss,
2368 5360 2448 5426 qni
2471 5363 2695 5427 plerique
2729 5363 2908 5427 habent
2930 5362 3007 5410 hic
3029 5360 3282 5427 thesauro,
3307 5374 3394 5423 pro
3414 5362 3709 5413 tltestntrario
3734 5375 3753 5417 ;

2176 5431 2266 5480 hoc
2298 5423 2417 5476 vero
2452 5423 2509 5476 s'e
2547 5438 2575 5473 a
2596 5423 2761 5487 pueris
2787 5424 3043 5473 barbarum
3076 5423 3360 5473 vocabulum
3383 5437 3615 5486 usurpare
3640 5428 3754 5472 satis

2177 5491 2353 5551 indicat
2377 5488 2680 5551 Augustinus.

2242 5553 2261 5582 ²
2298 5543 2485 5611 Aliquot
2506 5554 2633 5606 Mss,
2657 5543 2821 5611 prosit.

2245 5612 2265 5644 ³
2299 5610 2425 5667 Mss},
2449 5610 2530 5661 ita.

2178 5674 2269 5786 ωδ
2301 5673 2375 5721 sic
2393 5662 2496 5720 his.
2518 5676 2572 5718 At
2596 5668 2730 5729 edd,
2754 5666 2946 5719 Vivit-in
2962 5664 3075 5732 ipsa
3093 5666 3322 5716 Memoria
3343 5662 3424 5714 ille
3448 5662 3524 5713 ubi
3546 5667 3763 5713 mortals
