3968 6358
199 503 349 567 bant,
375 499 459 554 vel
497 497 734 552 dividant
763 510 882 550 cum
916 493 1027 548 illo.
1194 502 1382 590 tamen
1424 489 1498 542 ait
1536 485 1662 540 tnihi
1689 486 1801 590 alio.

195 593 315 660 quis
339 609 354 646 :
381 590 522 646 Ecce
549 604 684 658 quos
707 586 1020 641 maledictos
1039 584 1174 638 dixit
1193 581 1646 688 Scripturatquos
1670 577 1804 688 dixit

199 687 374 754 perire
403 695 459 740 et
489 684 794 752 relinquere
833 679 1020 734 alienis
1049 677 1259 732 divitias
1305 691 1466 740 suas;
1497 675 1584 729 ille
1619 684 1799 777 autem

196 786 384 831 neatus
412 776 501 846 qui
532 776 645 829 suis
675 773 943 843 relinquit.
977 771 1089 841 Ego
1113 769 1342 825 discutio
1367 769 1798 870 sensumdstum,

193 869 320 946 quia
346 868 544 923 inclino
575 869 628 920 in
660 864 967 938 parabolam
994 877 1177 917 aurem
1206 876 1377 963 meam
1401 878 1414 923 ;
1439 870 1489 914 et
1520 859 1672 963 video
1694 873 1798 963 pou

194 965 390 1017 ‘rnstra
431 961 508 1016 sic
550 960 692 1031 loqui
721 959 1072 1027 Scripturam.
1101 954 1266 1009 Video
1293 954 1435 1006 enim
1471 953 1662 1005 utullus
1694 953 1773 1055 iui.

193 1071 329 1124 quos
371 1054 528 1116 mori,
559 1053 753 1121 quibus
796 1063 1138 1104 successores
1180 1057 1303 1101 sum
1346 1045 1472 1147 lilii;
1502 1059 1600 1147 nec
1630 1045 1798 1114 potuit

190 1149 272 1202 sic
309 1147 453 1218 loqui
493 1144 792 1213 Scriptura,
823 1150 880 1195 ut
908 1147 1182 1209 separaret
1210 1152 1309 1238 eos
1329 1153 1358 1191 a
1391 1144 1627 1238 miseria,
1659 1149 1797 1238 quo-

192 1251 308 1291 rum
346 1237 513 1293 vitam
553 1234 818 1304 improbat
847 1251 860 1284 :
887 1241 941 1286 et
978 1230 1101 1301 qttid
1147 1228 1361 1331 putatis,
1394 1227 1653 1331 intelligo,

192 1338 326 1393 tres,
357 1327 456 1380 nisi
487 1327 606 1396 quia
649 1341 834 1379 omnes
876 1326 1008 1378 tales
1041 1321 1229 1376 alienis
1259 1319 1796 1424 relinqttun‘t‘divitias

187 1421 360 1476 snas?
385 1419 665 1488 Quomodo
691 1418 850 1473 alieni
881 1429 1001 1470 sunt
1034 1415 1161 1468 ﬁlii?
1185 1414 1491 1485 Iaiquorum
1524 1413 1615 1466 lilii
1636 1413 1794 1514 alieni

185 1525 350 1578 sunt;
390 1529 508 1565 nam
555 1511 860 1565 invenimus
897 1506 1181 1577 quemdam
1221 1514 1533 1560 extraneum
1560 1506 1794 1609 propin:

187 1625 356 1678 quum
401 1608 617 1669 factum,
647 1605 766 1674 quia
799 1601 1014 1671 profuit.
1045 1599 1118 1701 Si.
1142 1599 1261 1669 quis
1291 1607 1504 1701 tuorum
1538 1597 1628 1651 tibi
1662 1597 1792 1701 nihil

188 1702 434 1773 prodest,
457 1698 664 1752 alienus
689 1705 789 1750 est.
817 1693 914 1750 Ubi
946 1692 1446 1790 invenitnus‘nescio
1465 1703 1622 1790 quem
1644 1697 1794 1790 eate-

185 1809 308 1848 rnm
345 1792 700 1862 propinquum
735 1787 954 1850 factum,
982 1784 1103 1853 quia
1137 1780 1368 1882 proluit?
1396 1781 1452 1882 In
1478 1780 1788 1882 Evangelio.

183 1883 410 1940 Jacebat
438 1881 653 1952 quidam
679 1881 983 1932 vulneratus
1006 1891 1037 1929 a
1069 1873 1386 1938 latronibus,
1418 1872 1673 1926 Dominus
1697 1885 1792 1925 auo

187 1990 300 2033 tem
328 1975 542 2029 lecl‘al
569 1973 778 2026 cuidam
806 1989 818 2022 :
848 1967 1036 2038 Diliges
1068 1966 1354 2036 proximum
1383 1974 1524 2087 talum
1551 1973 1792 2087 tanquan;

189 2082 200 2087 -
240 2071 250 2079 -
305 2084 402 2087 αλ-»
460 2065 518 2087 υ.
547 2065 632 2087 :u-
651 2060 974 2087 -.--..,...,1......
1005 2074 1015 2084 .
1043 2056 1101 2087 ι’.
1127 2057 1234 2087 ηυξ.
1264 2064 1332 2087 ,νο
1355 2057 1421 2087 ..ιὶ
1447 2072 1476 2087 η
1505 2070 1760 2087 sus-Amanu-

181 2071 426 2139 teipsam.
451 2065 518 2118 Et
545 2065 633 2118 ille
651 2060 974 2129 responderat
997 2074 1015 2113 .·
1038 2056 1101 2110 Et
1124 2057 1234 2127 quis
1261 2064 1332 2108 est
1352 2056 1476 2107 milii
1501 2056 1778 2123 proximus!

186 2159 254 2215 Et
287 2159 512 2215 narravit
538 2155 820 2210 Dominus:
848 2151 1013 2205 "omo
1041 2150 1244 2221 quidam
1273 2147 1598 2201 descendebat
1618 2146 1680 2201 ab
1698 2145 1791 2201 Je-

182 2253 412 2308 rusalem
438 2253 492 2303 in
513 2248 741 2312 Iericho,
768 2257 816 2299 et
846 2244 1020 2297 incidit
1063 2243 1114 2295 in
1151 2243 1392 2305 latrones,
1419 2241 1505 2310 qui
1533 2255 1647 2340 eum
1675 2241 1788 2292 vul-

180 2351 506 2404 neraverunt,
530 2352 578 2394 et
605 2337 896 2393 smnieivum
924 2335 976 2388 in
998 2333 1076 2386 via
1097 2333 1404 2402 reliquerunt
1423 2347 1441 2383 :
1463 2333 1787 2384 transierunt

181 2434 506 2507 propinqui;
539 2430 755 2487 Judaeus
779 2428 921 2483 enim
953 2436 1070 2525 erat
1089 2469 1103 2491 ,
1133 2425 1202 2479 de
1231 2425 1526 2525 Jerusalem
1557 2421 1786 2525 descent.-

181 2529 347 2584 debat
375 2525 591 2581 Iericho
617 2542 631 2577 :
654 2521 858 2575 transiit
892 2517 1158 2580 sacerdos,
1193 2524 1239 2569 et
1277 2517 1559 2625 prwteriit;
1588 2517 1787 2625 transiit

178 2624 402 2686 Levites,
425 2633 470 2675 et
499 2618 735 2689 pra'teriit
758 2615 909 2670 etiam
942 2613 1084 2684 ipse;
1109 2610 1343 2711 transivit
1368 2608 1576 2678 quidam
1599 2608 1788 2711 Sarna-

176 2719 402 2778 rienes,
426 2710 793 2767 Samaritanus
822 2707 1002 2760 nescio
1032 2703 1170 2774 quis,
1198 2709 1653 2803 extraneuserat;
1678 2703 1786 2804 ipse

173 2810 246 2861 ad
275 2807 421 2860 illum
450 2810 676 2865 σει-εδδιι,
702 2797 919 2869 inspexit
947 2797 1199 2849 miseriam
1217 2795 1345 2865 ejus,
1365 2802 1408 2894 et
1440 2795 1784 2894 misericordia

174 2899 377 2953 curavit
405 2897 633 2955 uulnera,
665 2892 840 2944 levavit
867 2889 917 2941 in
939 2889 1248 2959 jumentum,
1277 2894 1324 2936 et
1354 2884 1498 2937 dunt
1528 2883 1579 2984 in
1606 2883 1783 2986 stultu-

179 2993 312 3054 lum,
340 2985 706 3041 commendavit
750 2978 1051 3034 stabulario.
1082 2976 1210 3045 Qua:
1350 2976 1605 3076 mysterio
1643 2976 1783 3076 dicta

175 3092 326 3147 stult,
365 3088 419 3134 e'.
461 3077 528 3130 ad
568 3071 958 3129 discutiendum
995 3083 1137 3122 nunc
1176 3067 1461 3171 molitione
1495 3065 1778 3171 videntur:

173 3136 360 3229 tamen
404 3179 622 3242 pmpter
655 3165 796 3236 quod
841 3155 1115 3234 prOposui,
1153 3161 1467 3265 fratrcns,.ait
1502 3161 1780 3265 Dominus,

176 3270 311 3337 Quis
335 3277 406 3321 est
427 3265 634 3318 illorum
660 3260 738 3315 illi
767 3258 993 3313 sauciata
1019 3257 1281 3360 promittitis
1299 3253 1326 3307 Ρ
1354 3254 1632 3360 Respondit
1652 3254 1781 3360 :

172 3363 365 3428 Credo,
397 3360 486 3432 qui
511 3373 626 3411 cum
657 3354 746 3409 illo
786 3351 906 3422 fecit
944 3347 1362 3452 "fietjfprt‘l‘lftttt.
1399 3344 1553 3452 I’ade,
1583 3346 1778 3452 inquit,

168 3468 220 3511 et
249 3465 304 3514 ut
335 3456 420 3524 [ac
445 3449 677 3505 similiter
707 3444 857 3517 (Luc.
892 3459 944 3508 Χ,
972 3441 1183 3541 ξΠ-ΞἹ).
1214 3439 1310 3492 Cui
1356 3439 1777 3541 inrisericordiam

170 3550 326 3612 iacis,
353 3542 630 3615 proximus
660 3538 755 3593 tibi
796 3543 895 3589 est.
929 3534 983 3587 Si
1013 3546 1142 3602 ergo
1171 3541 1455 3633 extraneos
1483 3530 1776 3633 Samarita-

170 3656 276 3695 nus
306 3634 550 3692 faciendo
575 3627 1001 3685 misericordiam
1029 3634 1085 3679 et
1110 3621 1473 3725 subveniendo
1500 3622 1776 3725 llr-Oﬁllius

171 3734 348 3787 Iactus
375 3736 492 3792 est;
533 3725 855 3796 quicumque
884 3717 976 3771 tibi
1022 3717 1073 3770 in
1117 3714 1460 3769 tribulatione
1489 3714 1775 3772 subvenire

170 3842 280 3880 non
311 3828 554 3893 possunt,
585 3814 743 3871 alieni
783 3829 813 3867 a
859 3823 909 3866 te
951 3809 1071 3866 iacti
1110 3818 1235 3865 sunt
1278 3807 1396 3896 Iam
1435 3809 1774 3862 attendamus

170 3921 296 3974 illos
322 3915 517 3971 divites
554 3911 646 3982 qui
681 3908 820 3963 male
851 3906 1117 3967 vixerunt,
1150 3906 1236 4006 qui
1268 3902 1496 3971 superbe
1524 3911 1769 4006 egerit-nt,

167 4007 368 4066 Itlttl'llll
398 4012 542 4070 sunt,
572 4011 628 4058 et
662 4000 1011 4069 reliquerunt,
1040 4011 1147 4050 non
1175 3995 1295 4049 dico
1330 4001 1618 4098 extraneis,
1648 3994 1772 4050 liliis

167 4104 282 4160 suis
309 4100 644 4170 reliquerunt
667 4091 904 4157 divitias,
935 4099 990 4191 et
1019 4087 1379 4191 lilii‘ipaorum.
1401 4087 1547 4191 ’νὶεμιι
1579 4102 1768 4191 paren-

167 4209 282 4251 tum
312 4205 535 4249 suornm
560 4193 858 4257 sequuntur
885 4200 898 4235 :
930 4181 1067 4236 sicut
1098 4181 1168 4234 illi
1199 4179 1436 4282 superbi,
1469 4180 1539 4281 ita
1566 4189 1620 4234 et
1643 4181 1768 4282 isti;

166 4288 312 4342 sicut
355 4282 435 4338 illi
479 4293 723 4351 rapaces,
764 4274 837 4329 ita
884 4283 940 4328 et
985 4273 1106 4338 isti;
1149 4271 1318 4374 uotoilli
1361 4271 1526 4374 avari,
1558 4282 1612 4374 et
1642 4271 1768 4374 isti:

165 4377 333 4434 alieni
369 4375 437 4428 ab
464 4371 572 4426 illis
596 4379 740 4424 sunt.
764 4366 897 4421 Nam
925 4373 982 4419 ut
1011 4363 1267 4419 noveritis
1288 4361 1410 4432 quia
1435 4360 1594 4418 alieni
1622 4371 1767 4432 sunt,

163 4466 520 4526 subvenirent
559 4460 638 4515 illi
675 4457 823 4514 diviti
861 4455 950 4527 qui
980 4454 1202 4556 ardebat
1231 4454 1282 4506 in
1315 4453 1767 4557 Πῆιιιξιιξειιεξξίῗῗ

161 4577 322 4619 seres
359 4557 665 4612 divitiarum
703 4550 892 4621 ipsius.
913 4547 1020 4603 Sed
1058 4545 1195 4601 torte
1230 4545 1552 4649 noultabuit
1577 4545 1767 4649 qqiilli

161 4653 538 4712 succederent,
560 4656 618 4702 et
646 4643 806 4699 alieni
835 4641 1187 4712 possederunt
1211 4638 1427 4744 divitias
1452 4638 1768 4744 ips-insiliu-

159 4743 481 4806 veuimusin
500 4744 616 4810 ipso
641 4736 928 4808 Evangele
947 4736 1070 4804 quia
1103 4732 1286 4836 habuit
1312 4748 1328 4788 :
1353 4732 1430 4835 ait
1457 4733 1622 4836 enim,
1644 4732 1766 4836 Illa-

161 4846 250 4897 beo
276 4844 501 4910 quinque
521 4837 705 4906 fratres
726 4826 839 4899 (Id.
865 4843 974 4890 xvt,
996 4825 1110 4896 28).
1135 4825 1352 4929 Fratres
1381 4825 1549 4929 ipsius
1573 4825 1768 4929 salire:

161 4936 281 4986 nire
324 4929 397 4983 illi
436 4923 643 4980 ardenti
672 4922 726 4975 in
754 4920 966 4974 ﬂamma
1005 4932 1108 4970 nou
1150 4925 1456 4985 nituerunt.
1491 4915 1626 4983 Quid
1673 4917 1765 4971 tibi

161 5027 372 5079 diceret
412 5017 602 5074 dives?
645 5013 830 5070 Habeo
871 5009 1106 5081 quinque
1153 5009 1345 5064 Itatres
1371 5009 1386 5038 ¹
1411 5026 1423 5062 :
1453 5023 1616 5112 unum
1657 5010 1767 5064 l'ra-

163 5131 300 5172 trem
324 5111 455 5167 mihi
481 5109 714 5166 amicum
737 5120 843 5160 non
873 5103 993 5170 ieci,
1015 5103 1104 5172 qui
1125 5101 1336 5172 jacehat
1361 5113 1484 5205 ante
1508 5101 1764 5207 januam:

163 5210 237 5265 illi
272 5205 405 5262 mihi
437 5202 631 5258 fratres
657 5199 941 5258 subvenire
967 5211 1071 5281 non
1103 5205 1326 5264 possunt
1363 5196 1457 5300 qui
1485 5196 1766 5300 possident

163 5300 386 5356 divitias
430 5309 619 5356 meas;
668 5290 830 5345 alieni
860 5304 891 5342 a
921 5303 1007 5344 me
1051 5287 1171 5341 facti
1215 5296 1360 5392 sunt.
1395 5285 1602 5392 Videtis
1641 5289 1766 5392 quia

162 5408 357 5449 omnes
401 5388 493 5462 qui
541 5385 681 5441 male
729 5385 944 5450 vivunt,
973 5380 1165 5435 alienis
1211 5380 1516 5450 relinquunt
1553 5379 1766 5437 divitias

151 5492 322 5634 misti.
368 5573 522 5649 [verm
553 5567 666 5644 12.]
697 5567 804 5624 Sed
834 5567 991 5636 plane
1018 5574 1279 5636 praestant
1317 5563 1423 5618 illis
1452 5563 1549 5633 ipsi
1577 5562 1762 5631 alieni,

225 5695 241 5726 ι
279 5691 448 5741 milia
485 5694 614 5736 noue
654 5690 782 5740 κει,
808 5678 1110 5753 εαὺιξεηρνεπι
1144 5678 1218 5730 illi
1241 5677 1449 5764 ardenti
1550 5676 1761 5771 ﬂanuna.

225 5754 266 5802 υἱ.
293 5751 382 5802 tibi
427 5750 613 5801 diceret
653 5746 804 5802 dives,
844 5757 926 5802 qni
962 5743 1183 5802 patres?
1213 5751 1367 5791 buunt
1402 5739 1516 5802 [tati
1531 5755 1625 5799 em,
1665 5749 1761 5791 (te.

164 5752 386 5865 3115.333
410 5746 1430 5872 .“aitutmasters;17:33:!
1426 5749 1634 5854 ἒιαῧιῖιὶῗῖι
1655 5749 1763 5864 [ἐξ.

166 5890 306 5931 trem.
335 5885 432 5923 9"!-

355 5949 631 6008 Pamon.
680 5937 982 6005 XXXVI.

1272 371 1671 430 ENARRATIO
1707 371 1774 428 IN
1813 370 2138 431 Ρδιιωιωι
2183 375 2410 431 XLVIII.

3411 394 3515 449 55‘

1914 486 2003 555 qui
2036 500 2295 543 vocantur
2330 492 2457 544 sui?
2483 492 2678 549 Audite
2703 497 2830 567 quid
2864 498 2968 555 illis
3000 511 3292 569 przrstant,
3338 517 3516 561 atten-

1911 575 2025 631 dite
2063 581 2334 652 quomodo
2384 583 2702 642 irrideantur
2730 604 2745 641 :
2778 590 2948 644 Simul
2977 593 3274 663 imprudens
3302 609 3348 651 et
3386 597 3523 652 insi-

1913 669 2056 736 piens
2082 673 2349 740 peribunt;
2371 686 2417 729 et
2439 678 2718 747 relinquent
2745 683 2924 738 alienis
2945 687 3148 743 divitias
3165 705 3306 745 suos.
3335 692 3514 757 Quare

1910 761 2045 816 dixit
2072 765 2288 820 alienis?
2311 767 2442 834 Quia
2476 770 2608 824 nihil
2647 773 2725 827 eis
2769 775 3024 844 prodesse
3053 792 3299 849 possunt.
3333 782 3402 838 Et
3429 795 3507 839 ta-

1909 868 2032 906 men
2067 855 2117 908 in
2145 871 2252 926 quo
2275 859 2374 913 sibi
2399 861 2644 916 videntur
2665 866 2918 934 prodesse
2944 888 2956 919 :
2988 868 3054 923 Et
3078 875 3315 943 sepulcra
3339 894 3514 933 eorum

1908 945 2091 1000 domus
2118 965 2290 1003 eorum
2329 953 2382 1006 in
2407 965 2672 1010 a'ternnm.
2696 959 2814 1015 .Iam
2853 966 2974 1034 quia
3017 967 3114 1021 iSIa
3146 981 3346 1028 structa
3390 989 3516 1033 sunt

1906 1040 2174 1106 sepulcra,
2199 1042 2391 1099 domus
2421 1057 2544 1101 sunt
2572 1052 2838 1120 sepulcra.
2864 1056 2996 1110 Nam
3027 1060 3342 1133 plerumque
3363 1068 3517 1122 audis

1906 1127 2124 1204 divitem
2155 1133 2420 1190 dicentem
2447 1156 2460 1191 :
2486 1139 2670 1197 Ilabeo
2699 1159 3080 1204 marmoratam
3107 1153 3324 1210 domum
3353 1176 3509 1228 quam

1904 1222 2191 1279 relicturus
2217 1242 2356 1295 sum,
2387 1240 2438 1284 et
2474 1248 2579 1287 non
2621 1237 2799 1307 cogito
2840 1242 2966 1294 mihi
3008 1254 3264 1302 :eternam
3289 1250 3506 1311 domum

1905 1311 1995 1366 υιιί
2037 1331 2251 1385 semper
2277 1335 2392 1374 cro.
2416 1323 2639 1389 Quando
2665 1330 2861 1398 cogitat
2890 1334 2990 1388 sibi
3024 1341 3335 1396 memoriam
3368 1333 3507 1400 mar-

1903 1415 2166 1460 moratam
2190 1420 2280 1464 aut
2301 1414 2631 1484 exsculptam
2660 1417 2855 1486 facere,
2876 1428 3026 1494 quasi
3046 1430 3113 1480 de
3131 1432 3290 1487 tlomo
3306 1447 3505 1494 mtema

1897 1498 2132 1565 cogitat;
2171 1504 2320 1570 quasi
2365 1505 2431 1558 ibi
2483 1521 2689 1564 maneat
2725 1513 2814 1567 ille
2848 1516 3018 1572 dives.
3049 1520 3103 1575 Si
3138 1523 3210 1576 ibi
3241 1540 3504 1591 maneret,

1903 1602 2006 1638 non
2052 1589 2264 1645 arderet
2303 1595 2443 1662 apud
2487 1597 2698 1655 inferos.
2735 1602 2832 1658 Ubi
2876 1622 3088 1663 maneat
3114 1615 3333 1683 spiritus
3364 1621 3506 1676 male

1901 1679 2128 1744 agentis.
2161 1696 2264 1734 non
2291 1685 2376 1737 ubi
2410 1699 2636 1754 ponatur
2658 1706 2855 1762 corpus
2883 1702 3129 1764 mortale,
3159 1706 3523 1784 cogitandum

1898 1777 1979 1820 est
2005 1787 2016 1821 :
2043 1771 2137 1823 sed
2166 1772 2346 1828 domus
2369 1793 2539 1832 eorum
2568 1785 2801 1851 sepulcra
2831 1804 3004 1843 eorum
3030 1793 3082 1846 in
3103 1806 3370 1853 retentum.
3403 1801 3492 1856 Ta-

1899 1858 2171 1926 bernacula
2206 1880 2380 1919 eorum
2416 1870 2466 1922 in
2500 1876 2877 1940 generationem
2905 1892 2951 1933 et
2975 1889 3369 1953 generationem.
3393 1890 3504 1948 Ta-

1897 1951 2192 2020 bernacula,
2236 1957 2287 2009 in
2342 1961 2533 2030 quibus
2575 1970 2943 2036 temporaliter
2987 1989 3299 2035 manserunt
3339 2000 3354 2014 ·
3397 1985 3496 2040 tia-

1895 2059 2028 2105 mus,
2068 2044 2123 2100 in
2163 2049 2359 2117 quibus
2401 2056 2551 2122 quasi
2595 2057 2645 2112 in
2681 2071 2942 2118 ll‘lCl‘IlllIll
2975 2071 3288 2132 manelmnt,
3323 2075 3372 2130 id
3419 2088 3502 2133 est

1895 2135 2160 2201 sepulcra.
2188 2139 2554 2201 Tabernacnla
2584 2165 2714 2222 ergo
2740 2157 2851 2210 suis
2871 2158 3165 2227 dimittunt,
3197 2167 3283 2220 tibi
3313 2185 3500 2225 manc-

1894 2224 2023 2279 baut
2041 2242 2161 2283 cum
2189 2232 2448 2303 viverent,
2474 2247 2751 2299 transeunt
2779 2250 2930 2317 quasi
2961 2252 3026 2305 ad
3057 2255 3246 2313 domos
3268 2271 3498 2317 aeternas

1891 2315 1960 2369 ad
2001 2320 2268 2387 sepulcra.
2309 2325 2444 2392 Quid
2489 2330 2594 2386 illis
2635 2315 2858 2403 prosunt
2885 2341 3212 2402 tabernacula
3239 2367 3414 2406 eorum
3442 2357 3495 2410 in

1890 2411 2269 2475 generationem
2293 2427 2338 2471 et
2368 2425 2740 2489 generationem
2757 2431 2783 2482 Ρ
2805 2430 2920 2486 .Iam
2947 2441 3225 2504 generatio
3253 2456 3308 2499 et
3332 2461 3496 2517 gene-

1891 2499 2049 2567 ratio,
2093 2515 2237 2572 puta,
2281 2509 2374 2563 lilii
2408 2523 2553 2582 sunt,
2579 2531 2800 2588 nepotes
2843 2499 3001 2583 erunt
3038 2540 3091 2584 et
3126 2499 3492 2606 pronepiites:

1891 2590 2016 2658 quid
2046 2591 2263 2661 faciunt,
2286 2602 2411 2670 quid
2442 2619 2660 2674 prosunt
2693 2613 3034 2674 tabernacula
3066 2590 3494 2698 cdrum‘dQuid?

3275 2680 3285 2682 _
3327 2680 3486 2698 ν---

1891 2680 2028 2735 Audi
2059 2702 2072 2737 :
2101 2684 2418 2746 lnvocabunt
2467 2700 2673 2753 nomina
2718 2721 2889 2759 eorum
2940 2711 2992 2763 in
3045 2717 3192 2769 terris
3240 2721 3488 2789 ipsorum.

1889 2772 2026 2842 Quid
2056 2790 2136 2833 est
2172 2780 2306 2837 hoc?
2336 2785 2546 2844 Tollent
2579 2809 2766 2861 panem
2797 2810 2850 2852 et
2885 2818 3091 2860 merum
3125 2809 3190 2863 ad
3216 2814 3487 2883 sepulcra,

1889 2876 1944 2918 et
1971 2869 2293 2929 invocahuut
2320 2876 2388 2932 ibi
2419 2885 2630 2938 nomina
2659 2900 3012 2956 morture-mn.
3039 2895 3201 2958 Putas
3226 2869 3487 2975 quantum

3176 2955 3196 2958 _
3231 2955 3487 2975 _,,-_---.-...

1890 2955 2191 3015 invocatum
2237 2976 2320 3021 est
2364 2985 2558 3027 nomen
2612 2977 2753 3032 illius
2795 2983 2978 3042 divitis
3024 3002 3226 3062 postea,
3275 3002 3488 3065 quando

3024 3046 3035 3058 ι
3179 3046 3226 3062 "3
3279 3046 3486 3065 ⁷Ι“““”“’“”“’

1887 3046 2224 3109 inebriabant
2263 3073 2324 3114 se
2367 3063 2615 3122 homines
2647 3069 2696 3123 in
2741 3080 3000 3132 memoria
3042 3082 3230 3153 ipsius,
3260 3104 3360 3147 nec
3384 3093 3486 3149 tle-

1885 3142 2176 3200 scendebat
2207 3164 2308 3203 una
2339 3163 2483 3222 gutta
2512 3171 2676 3229 super
2717 3165 2953 3236 linguam
2999 3142 3163 3241 ipsius
3203 3142 3483 3239 ardentem

1886 3229 2036 3302 (Luc.
2075 3253 2185 3303 xvi,
2228 3241 2360 3312 2.4)?
2393 3247 2569 3305 Ventri
2620 3271 2717 3308 suo
2767 3264 3006 3317 serviunt
3058 3271 3323 3342 homines,
3373 3293 3481 3334 non

1883 3325 2158 3392 Spiritibus
2195 3347 2437 3390 suorum.
2466 3341 2546 3396 Ad
2577 3345 2797 3412 spiritus
2828 3367 3160 3414 mortuorum
3206 3381 3311 3418 non
3361 3383 3485 3437 per-

3280 3417 3308 3418 ρ
3361 3417 3444 3437 τ--

1881 3417 2047 3482 venit,
2081 3419 2180 3474 nisi
2227 3427 2370 3494 quod
2415 3446 2598 3490 secum
2643 3439 2749 3492 vivi
2794 3443 3141 3507 fecerunhsi
3167 3468 3344 3513 autem
3373 3463 3478 3516 vivi

1879 3598 2006 3665 quid
2039 3601 2236 3660 faciunt
2263 3608 2380 3665 illi?
2403 3610 2588 3672 Solum
2633 3619 2935 3682 invocabant
2972 3598 3180 3690 nomina
3215 3654 3390 3697 eorum
3424 3646 3478 3700 in

1878 3692 2024 3746 terris
2049 3694 2297 3764 ipsorum.

1953 3806 2036 3860 16.
2072 3807 2232 3886 [rem
2256 3816 2338 3870 I5.
2420 3818 2487 3874 Et
2511 3825 2694 3893 homo,
2726 3846 2843 3884 cum
2887 3835 2938 3888 in
2970 3837 3162 3896 Itanore
3187 3857 3347 3914 esset,
3375 3866 3478 3905 non

2681 3892 2685 3893 ,
3059 3892 3088 3893 η
3108 3892 3115 3894 ~
3136 3892 3153 3896 ν
3188 3892 3312 3900 νννπ
3329 3892 3347 3914 s
3375 3892 3477 3905 "V"

1875 3892 2156 3956 intellexit:
2186 3920 2509 3976 comparatus
2533 3927 2605 3969 est
2620 3920 2867 3989 jnmentis
2895 3927 3161 3986 insensatis
3181 3977 3194 3997 ,
3224 3945 3269 3989 et
3294 3938 3477 3994 similis

1877 3991 2040 4056 factus
2078 4003 2150 4045 est
2196 3996 2320 4052 illis.
2353 4001 2634 4067 Quomodo
2667 4011 2974 4070 insultatum
3007 4032 3092 4075 est
3123 3991 3430 4085 hominibus
3459 4076 3474 4098 ,

1875 4078 1964 4144 qui
2015 4081 2138 4135 non
2168 4085 2545 4148 intellexerunt
2573 4099 2698 4166 quid
2739 4101 2977 4161 facerent
3021 4110 3090 4166 de
3114 4114 3312 4172 divitiis
3351 4078 3472 4177 cuni

1874 4170 2120 4226 viverent
2145 4217 2160 4241 ,
2193 4187 2244 4232 et
2274 4191 2524 4247 putarunt
2549 4203 2610 4242 se
2635 4189 2822 4249 beatos
2848 4194 3059 4255 futuros
3083 4245 3098 4266 ,
3131 4206 3174 4258 si
3211 4206 3470 4266 haberent

1875 4267 2190 4323 memoriam
2220 4286 2599 4333 marmoratam
2624 4322 2639 4341 ,
2671 4287 2823 4353 quasi
2847 4299 3104 4347 :rtcrnam
3131 4296 3384 4369 domum,
3416 4316 3472 4359 et

1873 4354 1918 4408 si
1945 4357 2064 4421 sui,
2096 4360 2290 4429 quibus
2327 4366 2670 4437 reliquissent
2711 4376 3063 4440 substantiam
3094 4400 3245 4440 suam
3272 4431 3286 4451 ,
3319 4392 3472 4447 invo-

1873 4459 2058 4503 carent
2096 4453 2310 4509 nomina
2342 4473 2528 4514 eorum
2570 4462 2624 4517 in
2668 4468 2827 4522 terris
2872 4471 3130 4541 ipsorum.
3160 4479 3472 4542 Dehuerunt

1872 4551 2050 4598 autem
2097 4557 2280 4601 t'ontra
2333 4566 2637 4621 praeparare
2679 4558 2780 4614 sibi
2831 4562 3054 4620 domum
3109 4581 3368 4631 aeternam
3416 4581 3468 4636 in

1874 4632 2028 4688 bouis
2070 4639 2357 4707 eperibus,
2391 4659 2693 4718 praeparare
2728 4652 2828 4707 sibi
2872 4657 3031 4711 vitam
3065 4661 3460 4736 immortalem,

1874 4729 2086 4785 mittere
2116 4744 2241 4787 ante
2267 4747 2327 4789 se
2354 4748 2628 4808 smuptus,
2652 4743 2804 4813 sequi
2831 4761 2995 4816 opera
3025 4767 3121 4807 sua
3139 4795 3154 4819 ,
3188 4760 3465 4821 attendere

1871 4823 2122 4878 comitem
2172 4838 2417 4896 egentem
2447 4873 2462 4895 ,
2511 4833 2640 4888 dare
2678 4837 2726 4891 ei
2757 4853 2882 4892 eum
2927 4857 3033 4912 quo
3078 4847 3466 4922 ambulabant,

1873 4929 1977 4968 non
2009 4926 2355 4975 contemnere
2381 4923 2652 4980 Christum
2685 4939 2808 4985 ante
2849 4932 3068 5002 januam
3119 4941 3423 5001 ulcerosum
3450 4992 3466 5013 ,

1871 5007 1960 5074 qui
1989 5008 2123 5061 dixit
2148 5028 2160 5061 :
2184 5010 2311 5064 Cum
2356 5014 2443 5066 uni
2479 5031 2544 5070 ea:
2581 5019 2802 5075 minimis
2829 5026 2951 5079 meis
2979 5031 3196 5097 fecistis,
3229 5037 3355 5090 mihi
3393 5043 3472 5108 [e-

1869 5097 2236 5168 eistisUlatt/a.
2263 5119 2391 5173 xxv,
2417 5107 2540 5177 40).
2559 5109 2693 5175 Quia
2721 5129 2849 5183 ergo
2879 5133 2982 5171 non
3010 5119 3278 5181 intellexit
3309 5097 3470 5185 homo

1874 5197 1926 5250 in
1946 5196 2148 5251 honore
2165 5200 2389 5268 positus.
2405 5200 2540 5269 Quid
2559 5205 2718 5271 est,iu
2738 5206 2941 5264 it0nore
2957 5217 3188 5282 positus?
3200 5218 3390 5278 Facms
3401 5225 3469 5280 ad

1872 5289 2157 5358 imaginem
2173 5301 2228 5346 et
2244 5291 2644 5349 similitudinem
2665 5297 2775 5361 Dei,
2802 5299 2964 5354 homo
2993 5309 3470 5379 prarlatusjumen-

1873 5380 1940 5435 tis
1967 5381 2117 5449 (Gen.
2139 5387 2192 5446 l,
2208 5383 2321 5454 9.6).
2337 5384 2453 5438 Non
2471 5387 2611 5441 enim
2629 5387 2754 5441 fecit
2779 5393 2915 5445 Deus
2936 5409 3013 5447 Sic
3032 5399 3322 5466 hominem,
3342 5420 3473 5473 quo.

1872 5474 2034 5528 modo
2055 5474 2491 5545 l'ecitjumentum
2507 5495 2522 5544 ;
2541 5481 2635 5535 sed
2655 5482 2780 5537 fecit
2794 5485 2929 5539 Deus
2954 5488 3227 5549 hominem
3252 5497 3338 5552 cui
3363 5515 3474 5555 ser-

1873 5569 2046 5623 virent
2067 5567 2307 5638 jumeuta
2329 5587 2344 5626 :
2366 5570 2622 5641 numquid
2649 5573 2764 5642 ejus
2783 5576 3005 5646 viribus,
3020 5590 3075 5634 et
3107 5593 3216 5637 non
3263 5585 3475 5644 intelle-

1871 5662 2006 5716 ctui?
2018 5661 2108 5717 Ille
2129 5671 2304 5717 autem
2322 5679 2421 5716 non
2438 5662 2713 5720 intellexit:
2729 5669 2878 5737 etqui
2899 5671 3271 5731 factuseratatl
3287 5679 3473 5750 imagi-

1873 5771 1995 5810 nem
2022 5754 2144 5818 Dei,
2175 5767 2495 5824 comparatus
2521 5766 2595 5811 est
2614 5759 2863 5827 jumentis
2889 5761 3157 5820 insensatis
3175 5805 3194 5834 ,
3214 5777 3264 5821 et
3291 5771 3474 5836 similis

1876 5852 2040 5917 factus
2063 5859 2132 5901 est
2151 5847 2270 5901 illis.
2292 5846 2441 5902 Unde
2458 5849 2582 5904 alibi
2601 5850 2794 5906 dicitur
2811 5872 2822 5908 :
2847 5852 3022 5909 Nolite
3038 5872 3148 5911 esse
3162 5859 3297 5914 sicut
3318 5877 3474 5932 equus

2847 5957 2880 6029 (
2887 5951 3264 6026 Μίνωα.)
