3968 6326
466 396 574 457 555

469 530 517 571 et
545 516 713 570 "tutus
734 556 750 582 ,
778 511 959 585 quibus
979 526 1086 565 non
1116 518 1189 566 est
1231 506 1514 562 intellectus
1541 503 1560 574 (
1589 501 1735 557 Psal.
1777 513 1903 554 sui
1927 537 1944 565 ,
1972 495 2074 565 9).

545 610 636 665 17.
669 606 828 682 [εει-ι,
869 600 983 678 14.]
1020 601 1143 658 Ηωε
1189 601 1272 656 via
1317 600 1547 670 ipsorum
1587 591 1886 649 scandalum
1928 587 2073 658 ipsis.

476 700 610 770 Ipsis
636 681 707 754 sit
732 694 1078 757 scandalum,
1110 706 1219 747 non
1266 690 1381 744 libi.
1404 686 1630 754 Quando
1663 692 1841 737 autem
1882 681 1988 736 erit
2024 688 2079 734 et

462 790 616 845 'tihi?
644 789 699 846 Si
733 798 885 859 putes
911 786 1051 856 quod
1082 784 1224 838 beati
1256 783 1362 835 sint
1396 779 1548 833 tales.
1571 776 1627 832 Si
1660 773 1923 844 intelligas
1952 770 2077 840 quia

479 896 585 936 non
630 890 761 935 sunt
791 877 967 941 beati,
1018 875 1149 945 ipsis
1183 874 1286 928 erit
1328 870 1635 927 scandalum
1680 866 1761 919 via
1804 865 2075 934 ipsorum;

484 988 587 1024 non
614 970 867 1032 Christo,
903 983 1006 1021 non
1052 964 1264 1035 corpori
1307 961 1423 1031 ejus
1452 1002 1466 1026 ,
1511 974 1618 1013 non
1658 954 1915 1013 membris
1937 951 2074 1022 ejus.

486 1063 550 1116 Et
576 1073 750 1132 postea
779 1062 827 1113 in
858 1077 944 1114 ore
968 1075 1060 1112 suo
1091 1050 1546 1132 benedicentQuid
1575 1060 1686 1115 ρει,
1713 1055 1886 1118 postea
1913 1046 1968 1098 in
1992 1058 2078 1096 ore

476 1156 894 1211 suo'bcncdicent
918 1154 942 1206 ?
970 1152 1103 1206 Cum
1147 1122 1270 1203 facti
1312 1146 1506 1200 fuerint
1547 1142 1681 1198 tales
1709 1150 1765 1193 ut
1795 1154 1899 1193 non
1926 1152 2077 1206 qua:-

473 1249 731 1305 rant'nisi
755 1248 890 1301 bona
921 1242 1257 1312 temporalia,
1282 1238 1411 1292 fiunt
1439 1234 1759 1307 hypocritae;
1789 1241 1845 1285 et
1864 1227 2078 1300 quando

483 1340 807 1395 benedicunt
856 1330 1268 1399 Deum,_labiis
1329 1325 1688 1383 benedicunt,
1738 1336 1844 1375 non
1890 1316 2074 1373 corde.

479 1432 639 1487 Tales
667 1430 788 1485 .‘acti
820 1426 1119 1490 christiani,
1144 1420 1363 1493 quando
1387 1420 1488 1473 illis
1521 1414 1764 1470 laudatur
1786 1414 1892 1465 vita
1917 1419 2077 1464 aster-

480 1541 548 1580 na
567 1566 581 1590 ,
605 1532 660 1577 et
684 1521 879 1575 dicitur
908 1518 1015 1573 illis
1041 1522 1440 1583 eontemptores
1472 1512 1484 1541 ³
1515 1508 1818 1562 divitiarum
1844 1518 1965 1557 esse
1987 1501 2081 1557 de-

480 1618 615 1689 bere
646 1616 697 1668 iu
741 1611 957 1668 nomine
997 1607 1236 1673 Christi,
1269 1611 1519 1673 torquent
1549 1616 1612 1654 os
1656 1599 1708 1652 in
1735 1594 1902 1653 corde
1941 1608 2079 1649 suo:

480 1718 537 1762 et
564 1706 609 1761 si
638 1721 744 1760 non
771 1701 969 1771 audent
999 1699 1051 1753 in
1086 1696 1241 1762 facie,
1275 1710 1343 1749 ne
1373 1693 1694 1748 erubescant
1713 1728 1727 1752 ,
1757 1695 1850 1740 aut
1875 1700 1941 1739 ne
1962 1697 2082 1738 cor-

481 1798 743 1868 ripiantur
771 1795 838 1849 ab
865 1791 1191 1855 hominibus,
1227 1788 1279 1842 in
1306 1786 1470 1841 corde
1521 1782 1571 1837 id
1624 1781 1863 1842 faciunt,
1895 1785 2079 1833 conte-

485 1867 713 1946 mnunt:
742 1898 796 1944 et
820 1894 1067 1941 remanet
1095 1881 1174 1937 eis
1203 1879 1256 1935 in
1288 1895 1382 1933 ore
1408 1874 1731 1938 benedictio,
1753 1880 1808 1926 et
1834 1870 1887 1923 in
1918 1867 2093 1923 corde

477 1979 809 2035 maledictio.
838 1976 904 2031 Et
935 1985 1107 2046 postea
1145 1973 1197 2025 in
1228 1986 1314 2024 ore
1349 1984 1442 2021 suo
1483 1966 1795 2019 benedicent.
1838 1960 2080 2031 Longum

474 2083 568 2129 est
611 2081 669 2127 ιιι
690 2068 969 2126 Psalmum
1012 2066 1257 2120 finiamus
1290 2079 1303 2115 :
1332 2058 1563 2115 sufficiat
1589 2054 1851 2112 Charitati
1878 2051 2081 2107 Vestra:

480 2162 627 2236 quod
654 2159 879 2217 audistis
906 2156 1120 2213 interim
1150 2152 1342 2215 hodie;
1373 2164 1513 2216 cras,
1547 2145 1690 2219 quod
1717 2143 1943 2201 Domino
1965 2142 2082 2212 pla-

474 2254 649 2311 euerit
677 2252 927 2309 audietis.

1157 2373 1331 2415 δειιιο
1368 2372 1425 2411 ll.

911 2472 993 2528 De
1011 2469 1232 2525 secunda
1262 2477 1406 2538 parte
1437 2462 1652 2518 Psalmi.

560 2597 608 2653 l.
637 2594 791 2668 [verm
814 2588 929 2663 ιιι]
956 2582 1223 2643 “esterno
1250 2583 1336 2637 die
1366 2589 1545 2647 empto
1576 2570 2083 2631 Psalmoterminus

483 2663 800 2750 debebatur,
832 2683 971 2737 sicut
1015 2676 1260 2734 meminit
1299 2672 1543 2729 Charitas
1574 2666 1784 2722 Vestra.
1812 2663 2083 2718 Pervene-

483 2794 668 2836 ramus
697 2786 875 2829 autem
906 2784 1074 2840 usque
1102 2764 1169 2822 ad
1200 2764 1358 2819 istum
1405 2770 1621 2815 versum
1644 2798 1657 2819 ,
1711 2754 1799 2808 ubi
1842 2751 2086 2821 designat

484 2868 719 2940 Spiritus
749 2862 846 2920 Dei
874 2861 1120 2915 homines
1167 2871 1273 2910 non
1324 2850 1662 2907 attendentes
1712 2843 1818 2899 nisi
1844 2842 1910 2898 ad
1942 2856 2081 2912 prie-

485 2962 657 3019 sentia
685 2955 961 3015 sa'cularia
992 2962 1045 3008 et
1072 2961 1305 3014 terrena,
1335 2955 1389 3000 et
1418 2946 1471 2999 in
1501 2952 1771 3012 posterum
1802 2947 1924 3008 post
1944 2934 2083 2990 hanc

486 3058 649 3110 vitam
682 3050 814 3106 nihil
844 3046 1173 3117 cogitantes,
1226 3053 1399 3109 neque
1428 3035 1589 3088 ullam
1622 3032 1925 3087 felicitatem
1961 3041 2085 3083 esse

486 3136 815 3201 arbitrantes
836 3182 852 3205 ,
882 3138 983 3193 nisi
1013 3134 1223 3189 divitias
1247 3139 1307 3188 et
1334 3129 1571 3184 honores
1599 3123 1760 3193 hujus
1784 3120 1967 3177 stecnli
1985 3161 2002 3186 ,
2031 3129 2083 3172 et

489 3232 852 3292 transitoriam
883 3228 1134 3282 virtutem
1166 3224 1229 3287 ';
1277 3227 1400 3291 post
1447 3216 1651 3273 obitum
1696 3223 1876 3267 autem
1926 3225 2081 3264 suum

488 3342 599 3383 non
626 3323 987 3398 attendentes,
1017 3316 1118 3371 nisi
1146 3308 1597 3389 quemadmodum
1626 3304 1706 3361 eis
1727 3311 2084 3374 procurentur

487 3394 675 3474 funera
704 3427 983 3487 pomposa,
1011 3418 1067 3464 et
1093 3404 1423 3478 sepeliantur
1446 3402 1501 3454 in
1531 3385 1893 3453 monumentis
1922 3408 2085 3463 opere

486 3507 717 3568 mirabili
777 3501 1066 3561 exstructis
1095 3540 1112 3565 ,
1157 3502 1212 3553 et
1269 3497 1591 3550 invocentur
1632 3488 1852 3544 nomina
1895 3500 2081 3541 eorum

483 3604 542 3658 in
602 3600 761 3657 terris
805 3598 1044 3668 ipsorum
1086 3607 1117 3646 a
1162 3585 1415 3643 domibus
1461 3596 1688 3645 eorum;
1748 3594 1857 3633 non
1901 3586 2082 3630 autem

483 3693 586 3751 sibi
635 3695 989 3759 comparant,
1038 3681 1125 3735 ubi
1165 3677 1387 3749 spiritus
1426 3674 1498 3729 sit
1543 3680 1669 3744 post
1708 3670 1849 3725 hanc
1884 3668 2081 3733 vitam,

484 3781 632 3837 stulti
665 3794 770 3833 non
816 3772 1300 3831 comremiscentes
1336 3779 1521 3820 vocem
1546 3760 1779 3829 Christi,
1805 3758 2040 3816 dicentis
2064 3798 2081 3824 ,

486 3872 690 3937 Stulte,
722 3868 818 3924 hac
856 3876 1001 3921 nocte
1036 3864 1297 3934 auferetur
1336 3856 1511 3910 animo
1552 3862 1640 3907 tua
1678 3868 1712 3904 a
1756 3862 1841 3917 te,
1886 3859 1931 3903 et
1968 3864 2086 3921 qua:

486 3962 786 4036 pra'parasti
837 3958 988 4028 cujus
1026 3962 1173 4009 erunt
1212 3949 1233 4021 (
1254 3947 1383 4002 Luc.
1413 3961 1522 4011 xu,
1549 3942 1702 4013 20)?
1749 3956 1851 3996 nec
1904 3949 2083 3994 atten-

484 4035 679 4114 dentes
702 4062 824 4126 post
851 4048 1041 4120 epulas
1067 4042 1408 4115 quotidianas
1427 4035 1734 4109 splendidas
1754 4075 1771 4100 ,
1798 4040 1852 4087 et
1876 4048 2084 4103 purpu-

485 4163 601 4204 ram
625 4155 682 4204 ct
706 4124 960 4217 byssnm,
988 4137 1209 4195 divitem
1256 4131 1568 4189 damnatum
1613 4124 1683 4180 ad
1723 4133 1988 4180 tormenta
2032 4124 2083 4177 in

486 4215 794 4302 infernum;
821 4237 877 4288 et
907 4241 1026 4302 post
1068 4228 1284 4283 labores
1320 4232 1377 4277 et
1405 4220 1583 4276 ulcera
1616 4226 1669 4272 et
1698 4215 1914 4280 fatnem,
1950 4229 2085 4283 pau-

486 4348 670 4403 perem
700 4327 1129 4398 requiescentem
1164 4321 1220 4373 in
1246 4304 1368 4369 sinu
1392 4310 1623 4368 Abrahae
1649 4308 1769 4381 (Id.
1802 4322 1886 4361 xvi
1910 4348 1927 4373 ,
1954 4304 2083 4377 l9):

485 4399 586 4480 ista
624 4436 730 4478 non
757 4426 1044 4479 curantes,
1074 4411 1168 4467 sed
1206 4406 1543 4464 attendentes
1580 4402 1647 4457 ad
1676 4400 1727 4455 id
1767 4399 1909 4468 quod
1953 4415 2086 4468 pra--

485 4529 613 4570 sens
634 4521 755 4577 est,
778 4519 841 4573 .et
868 4516 988 4579 post
1007 4506 1146 4559 hanc
1174 4509 1402 4556 mortem
1434 4511 1540 4551 non
1571 4492 1949 4565 providentes,
1981 4489 2085 4543 nisi

484 4602 940 4676 quemadmodum
990 4607 1184 4649 nomen
1230 4604 1415 4646 eorum
1467 4585 1612 4658 quod
1666 4583 1985 4653 reprobatur
2030 4576 2119 4634 in”

482 4671 643 4759 emlo,
672 4696 950 4750 invocaur
978 4688 1031 4742 in
1063 4696 1223 4741 terra.
1252 4679 1572 4736 Describens
1598 4691 1727 4745 ergo
1757 4675 1890 4729 tales
1911 4671 2084 4741 Spiri-

484 4801 574 4846 tus
611 4796 829 4843 sanctus
854 4781 968 4837 ait:
1010 4777 1135 4835 llcc
1156 4776 1238 4831 uia
1266 4786 1494 4843 ipsorum
1522 4767 1824 4824 scandalum
1849 4765 2004 4833 ipsis,
2036 4773 2095 4829 et,

484 4893 656 4956 postea
683 4880 734 4935 in
763 4894 851 4933 ore
874 4891 967 4930 suo
995 4870 1301 4927 benedicent.
1324 4868 1475 4920 Sicut
1497 4864 1632 4919 dixit
1651 4860 1907 4916 Dominus
1927 4858 2085 4914 Jesus

482 4950 727 5027 Christus
750 4968 819 5024 de
838 4958 1157 5037 quibusdam
1181 5002 1196 5025 ,
1225 4959 1315 5030 qui
1342 4958 1517 5029 primo
1542 4954 1803 5010 accedunt
1831 4953 1896 5006 ad
1922 4950 2083 5005 fidem

480 5065 721 5124 ntundati
752 5062 915 5116 verbo
946 5058 1036 5113 Dei
1070 5066 1124 5111 et
1151 5051 1471 5110 exorcismis
1511 5049 1563 5103 in
1591 5048 1806 5101 nomine
1845 5043 2081 5113 Christi,

480 5172 537 5214 nt
566 5156 831 5227 accipiant
874 5150 1104 5222 gratiam
1133 5146 1259 5207 Dei,
1290 5152 1348 5197 ut
1391 5142 1752 5211 haptizcutur,
1798 5145 1854 5192 et
1894 5144 2080 5206 postea

477 5252 767 5307 redeuntes
792 5245 860 5299 ad
892 5243 1076 5315 pejora
1108 5236 1245 5292 maia
1272 5250 1431 5306 quam
1477 5243 1633 5287 antea
1660 5233 2079 5293 commiserant,

483 5341 632 5398 Fient
657 5340 760 5394 illis
785 5379 800 5400 ,
832 5334 1043 5405 inquit,
1077 5329 1380 5400 posteriora
1409 5325 1660 5380 deteriora
1716 5323 1973 5394 prioribus
1998 5322 2016 5392 (
2037 5320 2077 5375 ll

481 5436 629 5490 l’etr.
657 5449 723 5497 ιι,
744 5429 872 5501 20}:
899 5427 1001 5481 hoc
1027 5424 1218 5479 Petrus
1246 5418 1521 5489 apostolus
1548 5433 1563 5470 :
1593 5415 1851 5470 Dominus
1874 5424 2075 5479 autem,

541 5591 555 5621 ¹
593 5595 775 5636 manes
793 5587 1097 5647 [il‘OpQMSSq
1124 5578 1477 5647 cantemptitnt
1498 5572 1779 5647 divitiarum
1800 5584 1826 5647 _:
1861 5580 1913 5622 et
1938 5572 2079 5633 [aulo

474 5660 604 5723 post,
631 5637 845 5723 torquent
864 5637 917 5694 os
938 5642 989 5693 in
1012 5641 1162 5692 corde
1186 5652 1274 5689 suo
1298 5637 1423 5688 :‘ubi
1449 5637 1561 5686 liud.
1588 5637 1769 5691 ferunt,
1796 5640 2083 5699 torquentur

547 5725 574 5758 ί
621 5725 630 5733 ·
771 5721 817 5756 ο.

472 5726 524 5763 m
539 5777 557 5804 ι
575 5709 868 5825 ρῖ-ιᾳεξδδξεςη
893 5774 936 5816 et
961 5762 1289 5816 transitoriam
1326 5760 1487 5810 vitam.
1515 5768 1615 5808 sm.
1632 5795 1646 5811 .
1668 5767 1733 5825 t‘tm
1748 5744 2079 5825 ιζ’(ιηδίιονῖαηι

472 5820 769 5894 {elit'itntmt
799 5820 894 5891 t;r.,
920 5840 960 5880 ct
987 5825 1314 5885 Numitorium
1339 5824 1560 5873 uirtutem
1584 5830 1626 5872 et
1650 5820 1947 5885 felicitatem.

1724 386 1778 442 s.
1824 382 2189 440 AUGUSTth
2218 348 2521 439 spissum

2183 495 2250 551 Et
2279 508 2426 598 erunt
2445 494 2752 598 posteriora,
2784 504 2985 598 inquit,
3017 507 3157 565 illius
3182 508 3409 571 hominis
3429 521 3610 589 pejora
3627 540 3786 598 quam

2184 596 2329 639 erant
2376 589 2547 659 priora
2592 590 2761 661 (Luc.
2787 610 2838 649 ιιι
2858 637 2874 662 ,
2895 596 3023 667 26).
3055 599 3273 664 Quare?
3316 603 3449 672 Quia
3479 589 3658 679 primo
3696 618 3784 671 vel

2183 689 2398 779 apertus
2428 695 2661 779 paganus
2686 695 2806 779 erat
2827 728 2844 754 ,
2875 699 3059 759 postea
3088 694 3339 763 pailiatur
3364 702 3585 761 nomine
3632 710 3786 765 chri-

2182 772 2492 833 stiano,sub
2508 774 2770 831 velamine
2797 780 3067 851 religionis
3098 787 3342 843 occultus
3371 793 3568 850 malus.
3592 798 3662 855 Et
3680 804 3788 857 erit

2183 858 2439 956 deterior,
2466 870 2587 935 quia
2616 871 2861 927 occultus
2886 886 2989 940 est,
3020 877 3161 933 sicut
3186 881 3282 947 ait,
3313 882 3383 938 Et
3414 899 3590 956 postea
3613 891 3669 945 in
3698 910 3789 949 ore

2184 952 2597 1054 suoubcpedicent
2618 975 2638 1015 :
2664 960 2713 1016 id
2740 974 2855 1031 est,
2889 981 3083 1024 nomen
3120 970 3214 1027 Dei
3259 984 3316 1029 et
3354 952 3555 1035 nomen
3582 982 3785 1041 Christi

2182 1041 2336 1098 audis
2362 1043 2415 1100 in
2455 1045 2608 1103 labiis
2630 1092 2648 1119 ,
2680 1051 2732 1105 in
2760 1054 2923 1111 corde
2947 1073 3053 1112 non
3098 1060 3328 1136 invenis-
3350 1064 3427 1122 De
3462 1071 3660 1141 quibus
3697 1075 3785 1129 di-

2184 1144 2327 1190 ctum
2369 1148 2492 1193 est:
2536 1140 2767 1211 Populus
2801 1147 2894 1202 iste
2934 1149 3081 1205 labiis
3111 1169 3191 1208 me
3216 1133 3590 1228 honorat,‘oor
3614 1176 3785 1222 autem

2185 1241 2358 1335 eorum
2386 1228 2534 1303 longe
2556 1245 2629 1287 est
2652 1253 2685 1289 a
2713 1255 2793 1292 me
2811 1237 2832 1311 (
2843 1238 2971 1295 Isai.
2999 1258 3148 1310 xxix,
3173 1246 3241 1300 15
3258 1246 3303 1318 ).
3326 1247 3443 1307 Huc
3464 1269 3638 1327 usque
3654 1273 3793 1335 ergo

2183 1324 2430 1383 .Psalmus
2460 1339 2723 1389 tractatus
2751 1347 2887 1393 erat.

2258 1416 2313 1523 ἓ.
2342 1417 2492 1523 [υξνε.
2516 1422 2627 1497 15.]
2660 1426 2858 1482 Deinde
2884 1428 2962 1485 sic
2992 1428 3255 1502 incipiunt
3277 1451 3467 1494 versus
3493 1440 3656 1497 hodie
3674 1442 3789 1500 dis-

2186 1511 2421 1602 cutiendi
2446 1522 2607 1591 ιιιᾳιῳ
2638 1521 2897 1574 tractandi
2922 1539 2937 1575 :
2973 1521 3118 1577 Sicut
3141 1541 3258 1580 oves
3277 1529 3331 1582 in
3356 1529 3558 1602 inferno
3581 1522 3785 1602 positis,

2188 1617 2324 1656 mors
2346 1615 2520 1673 pastor
2545 1617 2617 1661 est
2642 1610 2735 1664 eis.
2761 1610 3012 1676 Quibus?
3046 1613 3155 1670 illis
3184 1631 3410 1687 quorum
3441 1622 3522 1675 via
3552 1626 3787 1679 scanda-

2324 1694 2473 1787 ipsis.
2502 1696 2743 1765 Quibus?
2769 1700 2879 1759 Illis
2903 1704 2993 1773 qui
3025 1709 3307 1774 praasentia
3334 1710 3445 1764 sola
3475 1714 3765 1771 attendunt

2359 1786 2530 1841 futura
2560 1805 2666 1844 non
2705 1793 2974 1862 cogitant;
3006 1759 3111 1851 iiiis
3152 1799 3241 1868 qui
3266 1800 3429 1856 vitam
3464 1759 3790 1875 ηοξᾖῖιῖξῖ

2190 1885 2291 1977 nisi
2321 1885 2474 1977 istam
2495 1921 2510 1945 ,
2541 1895 2661 1949 quas
2685 1898 2831 1939 mors
2874 1885 3096 1941 dicenda
3124 1900 3225 1944 est.
3254 1888 3369 1946 Non
3401 1891 3561 1963 igitur
3588 1895 3783 1952 imme.

2189 1973 2296 2023 rito
2321 1976 2568 2040 tanquam
2593 1986 2721 2028 oves
2752 1973 2805 2028 in
2833 1974 3077 2045 inferno,
3113 1991 3349 2053 mortem
3379 1982 3579 2040 habent
3603 2000 3790 2058 pasto-

2191 2072 2328 2112 rem.
2355 2058 2492 2126 Quid
2517 2072 2601 2116 est
2618 2103 2635 2130 ,
2662 2074 2889 2121 mortem
2916 2066 3113 2125 habent
3142 2081 3411 2140 pastorem
3427 2074 3453 2129 2
3472 2074 3619 2132 Mors
3643 2079 3789 2135 enim

2190 2150 2368 2222 aliqua
2400 2168 2487 2208 res
2520 2162 2641 2222 est,
2672 2167 2765 2213 aut
2790 2160 2968 2231 aliqua
2994 2171 3232 2232 potestas
3254 2166 3384 2222 est?
3426 2168 3570 2225 Mors
3592 2188 3791 2245 nempe

2191 2248 2284 2295 aut
2321 2245 2589 2312 separatio
2624 2254 2709 2301 est
2750 2250 2945 2304 animae
2984 2266 3015 2306 ιι
3045 2266 3276 2323 corpore
3312 2271 3329 2310 :
3358 2265 3414 2314 et
3450 2272 3513 2313 ea
3567 2262 3790 2332 quidem

2191 2346 2351 2403 quam
2383 2333 2573 2390 timent
2598 2338 2842 2395 homines
2860 2381 2877 2407 ,
2909 2345 3178 2411 separatio
3203 2355 3288 2401 est
3311 2348 3504 2405 anima:
3531 2367 3562 2405 a
3587 2368 3787 2427 corpo-

2192 2437 2253 2478 re
2277 2441 2290 2477 :
2323 2438 2468 2526 mors
2491 2437 2670 2526 autem
2692 2444 2818 2485 vera
2845 2446 3004 2502 quam
3034 2449 3139 2490 non
3169 2436 3363 2493 timent
3394 2438 3640 2499 homines
3658 2486 3674 2509 ,
3701 2462 3795 2501 se-

2194 2517 2400 2597 paratio
2428 2526 2512 2571 est
2550 2517 2745 2572 anima:
2775 2533 2805 2574 ιι
2837 2520 2966 2579 Deo.
2997 2522 3065 2578 Et
3091 2524 3404 2598 plerumque
3438 2545 3563 2587 cum
3597 2530 3793 2591 timent

2195 2604 2440 2661 homines
2466 2608 2622 2663 istam
2648 2628 2768 2681 qua:
2797 2611 3010 2683 separat
3034 2614 3269 2672 animam
3296 2635 3327 2674 a
3356 2636 3584 2694 corpore
3607 2667 3625 2693 ,
3656 2626 3792 2683 inci-

2193 2697 2324 2754 dunt
2351 2699 2405 2754 in
2434 2701 2575 2756 illam
2607 2704 2693 2758 ubi
2719 2704 2898 2761 anima
2923 2719 3204 2779 separatur
3227 2727 3257 2766 a
3286 2712 3415 2769 Deo.
3442 2715 3570 2773 lltec
3594 2731 3681 2775 est
3710 2738 3793 2777 er-

2192 2805 2263 2862 go
2289 2807 2453 2847 mors.
2477 2791 2756 2862 Quomodo
2784 2807 2962 2855 autem
2992 2817 3128 2858 mors
3146 2814 3322 2875 pastor
3343 2816 3417 2862 est
3442 2808 3656 2868 illis?Si
3684 2816 3792 2867 vim

2192 2880 2441 2939 Christus
2469 2893 2586 2953 est,
2632 2902 2779 2943 mors
2805 2888 3071 2947 diabolus.
3106 2894 3375 2953 Habemus
3401 2909 3579 2956 autem
3608 2905 3796 2962 multis

2195 2973 2327 3029 locis
2357 2974 2409 3030 in
2440 2973 2715 3047 Scriptura
2734 3020 2751 3045 ,
2777 2981 2899 3051 quia
2930 2981 3037 3039 vita
3059 2994 3143 3039 est
3160 2984 3425 3047 Christus.
3448 2992 3592 3048 Mors
3608 3007 3793 3052 autem

2193 3063 2439 3121 diabolus
2472 3078 2582 3133 est;
2634 3084 2739 3124 non
2771 3073 2895 3142 quia
2922 3072 3038 3143 ipse
3062 3091 3208 3131 mors
3237 3087 3350 3145 est,
3398 3084 3493 3136 sed
3523 3085 3646 3154 quia
3696 3101 3796 3157 per

2194 3156 2344 3213 illum
2371 3171 2536 3214 mors.
2574 3158 2700 3218 Sive
2724 3161 2867 3218 enim
2898 3165 2987 3220 illa
3033 3166 3087 3222 in
3125 3183 3229 3238 qua
3256 3168 3437 3241 lapsus
3464 3184 3550 3231 est
3575 3156 3750 3235 Adam

2197 3248 2364 3320 ipsius
2393 3250 2739 3319 persuasione
2767 3252 2972 3309 homini
3005 3222 3278 3328 propinata
3306 3222 3435 3328 ζ
3455 3222 3794 3326 ἆθῖέῐῖιι

2191 3354 2298 3413 qua
2326 3352 2608 3413 separatur
2625 3342 2803 3399 anima
2833 3361 2865 3400 a
2890 3361 3146 3417 corpore,
3179 3350 3354 3422 ipsum
3383 3353 3583 3412 habent
3601 3370 3792 3415 aucto—

2196 3445 2311 3485 rem
2338 3433 2429 3501 qui
2452 3434 2625 3502 primo
2648 3450 2744 3505 per
2780 3438 3086 3508 superbiam
3121 3442 3321 3499 cadens
3360 3443 3553 3502 invidit
3589 3454 3750 3516 stanti
3774 3496 3790 3516 ,

2195 3535 2250 3579 et
2278 3536 2450 3581 morte
2476 3525 2726 3584 invisibili
2755 3528 2955 3599 dejecit
2978 3540 3208 3588 stantem
3226 3575 3243 3601 ,
3272 3548 3328 3590 ut
3357 3538 3516 3593 etiam
3560 3514 3793 3598 mortem

2198 3614 2464 3673 visibilem
2493 3618 2751 3689 penderet
2774 3622 2796 3651 ¹
2825 3620 2990 3693 (Gen.
3024 3640 3108 3689 ιιι,
3138 3625 3227 3695 2).
3252 3627 3331 3683 Ad
3359 3644 3483 3685 eum
3513 3633 3789 3702 pertinen-

2197 3718 2305 3774 tes,
2336 3711 2603 3779 pastorem
2634 3724 2859 3773 mortem
2890 3716 3127 3773 habent:
3157 3736 3255 3773 nos
3284 3732 3460 3776 autem
3488 3712 3579 3793 qui
3611 3727 3678 3782 de
3707 3728 3791 3782 ιησ

2197 3812 2313 3857 tura
2360 3804 2764 3860 innuortalitate
2787 3809 3085 3877 cogitamus
3107 3851 3125 3873 ,
3171 3820 3225 3865 et
3254 3807 3360 3867 non
3389 3815 3507 3870 sine
3531 3832 3693 3873 causa
3737 3822 3793 3875 in

2194 3892 2370 3949 ﬂ'onte
2395 3894 2603 3966 signant
2630 3896 2804 3951 crucis
2828 3898 3029 3954 Christi
3061 3912 3369 3974 portamus,
3400 3922 3505 3962 non
3530 3910 3793 3968 habemus

2195 3999 2465 4058 pastorem
2512 3989 2615 4044 nisi
2662 3991 2845 4046 vitam.
2878 3992 3173 4049 lnfidelium
3206 4000 3389 4065 pastor
3445 4016 3630 4069 mors,
3663 4007 3794 4061 tide-

2199 4080 2326 4132 l‘ium
2357 4090 2539 4149 pastor
2565 4083 2692 4135 vita.
2733 4081 2789 4138 Si
2819 4098 2948 4155 ergo
2971 4087 3024 4139 in
3056 4087 3266 4143 inferno
3293 4098 3419 4147 sunt
3445 4108 3576 4150 oves
3600 4099 3795 4168 quibus

2196 4180 2379 4242 puSlOt‘
2402 4188 2549 4227 mors
2576 4184 2657 4228 est
2678 4216 2691 4235 ,
2721 4175 2771 4228 in
2800 4177 2940 4231 caglo
2969 4190 3091 4234 sunt
3115 4197 3245 4238 oves
3269 4184 3461 4253 quibus
3480 4201 3667 4259 pastor
3688 4194 3792 4247 vita

2193 4275 2300 4322 est.
2321 4264 2456 4333 Quid
2488 4265 2681 4337 igitur?
2707 4267 2825 4323 Jam
2857 4271 2909 4325 in
2944 4272 3084 4328 etelo
3108 4278 3328 4332 sumus?
3351 4278 3404 4334 ln
3433 4282 3572 4338 caelo
3595 4301 3794 4341 secun-

2193 4358 2322 4413 dum
2367 4358 2547 4414 fidem.
2579 4359 2634 4414 Si
2680 4376 2809 4432 ergo
2854 4364 2906 4429 in
2950 4367 3089 4421 coelo
3110 4410 3125 4433 ,
3162 4369 3284 4435 ubi,
3318 4371 3543 4429 Sursum
3574 4380 3708 4432 cor?
3734 4381 3790 4435 Si

2196 4468 2302 4507 non
2345 4454 2395 4506 in
2435 4454 2610 4517 cmln,
2656 4455 2808 4510 unde
2848 4458 3123 4525 apostolus
3168 4460 3365 4518 Paulus
3394 4464 3560 4533 dicit,
3593 4468 3791 4525 Nostro

2194 4542 2328 4597 enim
2351 4546 2661 4601 conversatio
2687 4546 2739 4599 in
2766 4546 2904 4601 cretis
2931 4558 3003 4602 est
3031 4547 3264 4629 (Philip.
3294 4569 3348 4607 ιιι
3367 4556 3796 4631 ,20)2ιζοιιροτιε

2194 4634 2529 4691 ambulamus
2558 4636 2609 4693 in
2642 4644 2782 4691 terra
2805 4681 2821 4703 ,
2845 4641 3013 4697 corde
3040 4642 3342 4701 habitamus
3368 4647 3418 4702 in
3446 4651 3605 4706 cmlo.
3629 4652 3793 4712 Hahi.

2196 4740 2373 4786 tamus
2400 4730 2509 4798 ibi,
2543 4732 2586 4787 si
2615 4731 2740 4787 illnc
2767 4723 2968 4802 aliquid
3011 4731 3273 4795 mittimus
3297 4726 3439 4810 quod
3480 4744 3552 4798 ibi
3584 4761 3685 4803 nos
3714 4758 3794 4805 te-

2195 4832 2338 4877 neat.
2369 4821 2535 4877 Nemo
2571 4825 2712 4879 enim
2760 4824 3021 4895 inhabitat
3040 4827 3204 4882 corde
3223 4870 3239 4899 ,
3268 4832 3367 4885 nisi
3395 4834 3535 4889 unde
3557 4839 3791 4908 cogitat:

2196 4915 2319 4971 inde
2342 4911 2520 4970 autem
2547 4917 2781 4986 cogitat,
2813 4917 2903 4971 ubi
2933 4918 3280 4975 tbesaurizat.
3304 4922 3709 4984 'l‘ltesaurizavit
3738 4931 3793 4988 iu

2196 5015 2357 5069 terra,
2376 5023 2469 5062 cor
2500 5008 2665 5076 ipsius
2687 5022 2715 5060 a
2749 5017 2890 5062 terra
2920 5025 3024 5064 non
3054 5008 3292 5080 recedit,
3324 5013 3702 5076 tbesaurizavit
3734 5023 3789 5077 in

2192 5094 2370 5158 rmlo,
2412 5113 2507 5152 cor
2551 5096 2716 5166 ipsius
2761 5098 2827 5151 de
2880 5100 3021 5155 cmlo
3064 5092 3169 5158 non
3209 5103 3523 5166 descendit:
3555 5113 3789 5171 Domino

2192 5198 2375 5255 aperte
2397 5189 2629 5252 dicente,
2655 5187 2750 5243 Ulli
2779 5202 2847 5243 est
2878 5192 3144 5248 thesaurus
3171 5206 3308 5264 tuus,‘
3331 5199 3437 5255 illi:
3462 5212 3507 5256 et
3532 5218 3620 5256 tor
3643 5217 3795 5261 tuum

2189 5282 2285 5334 erit
2307 5281 2324 5349 (
2345 5278 2530 5334 Matth.
2564 5298 2612 5335 \‘t
2633 5322 2648 5347 ,
2674 5280 2735 5336 Ξι
2756 5278 2801 5349 ).

2262 5374 2316 5427 5.
2346 5370 2431 5426 Isti
2463 5388 2591 5444 ergo
2620 5375 2814 5442 quibus
2854 5390 2999 5429 mors
3031 5386 3215 5447 pastor
3255 5391 3370 5447 est,
3411 5384 3667 5442 videntur
3690 5388 3789 5445 llo.

2192 5484 2312 5523 rere
2335 5468 2400 5522 ad
2429 5465 2670 5538 tempus,
2707 5477 2761 5522 et
2805 5468 2933 5539 justi
2978 5470 3221 5528 laborare
3246 5492 3261 5528 :
3289 5474 3382 5530 sed
3420 5479 3622 5546 quare?
3650 5483 3787 5548 Quia

2190 5574 2294 5613 nox
2321 5567 2403 5611 est
2425 5558 2619 5613 adhuc.
2650 5552 2786 5624 Quid
2814 5568 2896 5613 est
2916 5555 2940 5637 ,⁵
2962 5576 3067 5615 nox
3092 5565 3213 5619 est?
3240 5563 3354 5619 Non
3386 5580 3647 5636 apparent
3673 5588 3767 5628 me

2188 5651 2289 5704 rita
2316 5650 2605 5718 justorum,
2624 5658 2675 5704 et
2703 5651 2853 5719 quasi
2878 5653 3184 5707 nominatur
3205 5648 3432 5735 felicitas
3454 5659 3781 5729 impiorum.

2223 5761 2273 5830 ,ι’
2296 5759 2378 5840 sic
2399 5758 2615 5810 melioris
2646 5768 2772 5810 notze
2813 5767 2917 5810 Mss.
2946 5761 3164 5813 Nonnulli
3207 5778 3328 5816 vero
3360 5780 3471 5817 cum
3511 5774 3569 5820 Er
3633 5781 3785 5826 morte

2223 5822 2357 5854 inlati
2385 5826 2605 5854 nuntiarit!
2660 5833 2698 5854 ιι
2728 5830 2740 5854 ι
2759 5838 2818 5854 m-
2884 5831 3033 5854 mm-m
3058 5824 3281 5854 ὀηηεκέιάιε
3300 5834 3523 5854 ..ἀνία-,λ
3573 5802 3613 5833 ⁸,

2191 5824 2358 5873 t'isiiiiti
2381 5826 2621 5886 perderet.
2651 5833 2704 5873 At
2728 5830 2855 5887 Lov.,
2884 5831 3033 5876 morte
3057 5824 3281 5878 intisibili
3298 5834 3542 5891 perderet.
