  <div class='ocr_page' id='page_1' title='image "/cluster/home/n/w/nwhite01/storage/ocr_20150623/36/umn.319510024773307/288.png"; bbox 0 0 3968 6334; ppageno 0'>
   <div class='ocr_carea' id='block_1_1' title="bbox 141 352 246 410">
    <p class='ocr_par' dir='ltr' id='par_1_1' title="bbox 141 352 246 410">
     <span class='ocr_line' id='line_1_1' title="bbox 141 352 246 410; baseline 0 0"><span class='ocrx_word' id='word_1_1' title='bbox 141 352 246 410; x_wconf 67' lang='lat'><strong>557</strong></span> 
     </span>
    </p>
   </div>
   <div class='ocr_carea' id='block_1_2' title="bbox 139 463 1745 535">
    <p class='ocr_par' dir='ltr' id='par_1_2' title="bbox 139 463 1745 535">
     <span class='ocr_line' id='line_1_2' title="bbox 139 463 1745 535; baseline -0.006 -12"><span class='ocrx_word' id='word_1_2' title='bbox 139 467 373 523; x_wconf 83' lang='lat' dir='ltr'><strong>Tamdiu</strong></span> <span class='ocrx_word' id='word_1_3' title='bbox 412 466 622 523; x_wconf 73' lang='lat' dir='ltr'><strong>videtur</strong></span> <span class='ocrx_word' id='word_1_4' title='bbox 659 465 819 520; x_wconf 82' lang='lat' dir='ltr'><strong>herba</strong></span> <span class='ocrx_word' id='word_1_5' title='bbox 851 466 1020 521; x_wconf 85' lang='lat' dir='ltr'><strong>hetior</strong></span> <span class='ocrx_word' id='word_1_6' title='bbox 1056 480 1214 535; x_wconf 88' lang='lat' dir='ltr'><strong>quam</strong></span> <span class='ocrx_word' id='word_1_7' title='bbox 1253 465 1412 519; x_wconf 88' lang='lat' dir='ltr'><strong>arbor</strong></span> <span class='ocrx_word' id='word_1_8' title='bbox 1436 505 1451 525; x_wconf 89' lang='lat'><strong>,</strong></span> <span class='ocrx_word' id='word_1_9' title='bbox 1493 463 1745 534; x_wconf 90' lang='lat' dir='ltr'><strong>quamdiu</strong></span> 
     </span>
    </p>
   </div>
   <div class='ocr_carea' id='block_1_3' title="bbox 138 556 1744 627">
    <p class='ocr_par' dir='ltr' id='par_1_3' title="bbox 138 556 1744 627">
     <span class='ocr_line' id='line_1_3' title="bbox 138 556 1744 627; baseline -0.004 -12"><span class='ocrx_word' id='word_1_10' title='bbox 138 562 325 617; x_wconf 73' lang='lat' dir='ltr'><strong>hiems</strong></span> <span class='ocrx_word' id='word_1_11' title='bbox 341 570 442 614; x_wconf 74' lang='lat' dir='ltr'><strong>est.</strong></span> <span class='ocrx_word' id='word_1_12' title='bbox 464 559 637 615; x_wconf 80' lang='lat' dir='ltr'><strong>Herba</strong></span> <span class='ocrx_word' id='word_1_13' title='bbox 652 559 791 613; x_wconf 87' lang='lat' dir='ltr'><strong>enim</strong></span> <span class='ocrx_word' id='word_1_14' title='bbox 813 574 906 627; x_wconf 84' lang='lat' dir='ltr'><strong>per</strong></span> <span class='ocrx_word' id='word_1_15' title='bbox 926 557 1156 612; x_wconf 89' lang='lat' dir='ltr'><strong>hiemem</strong></span> <span class='ocrx_word' id='word_1_16' title='bbox 1175 558 1336 626; x_wconf 74' lang='lat' dir='ltr'><strong>viget,</strong></span> <span class='ocrx_word' id='word_1_17' title='bbox 1349 556 1508 610; x_wconf 87' lang='lat' dir='ltr'><strong>arbor</strong></span> <span class='ocrx_word' id='word_1_18' title='bbox 1525 570 1618 624; x_wconf 91' lang='lat' dir='ltr'><strong>per</strong></span> <span class='ocrx_word' id='word_1_19' title='bbox 1635 556 1744 609; x_wconf 87' lang='lat' dir='ltr'><strong>hie-</strong></span> 
     </span>
    </p>
   </div>
   <div class='ocr_carea' id='block_1_4' title="bbox 140 645 1746 720">
    <p class='ocr_par' dir='ltr' id='par_1_4' title="bbox 140 645 1746 720">
     <span class='ocr_line' id='line_1_4' title="bbox 140 645 1746 720; baseline -0.004 -15"><span class='ocrx_word' id='word_1_20' title='bbox 140 665 289 705; x_wconf 86' lang='lat' dir='ltr'><strong>mem</strong></span> <span class='ocrx_word' id='word_1_21' title='bbox 317 650 469 720; x_wconf 89' lang='lat' dir='ltr'><strong>quasi</strong></span> <span class='ocrx_word' id='word_1_22' title='bbox 500 651 646 703; x_wconf 84' lang='lat' dir='ltr'><strong>arida</strong></span> <span class='ocrx_word' id='word_1_23' title='bbox 675 659 757 702; x_wconf 88' lang='lat' dir='ltr'><strong>est</strong></span> <span class='ocrx_word' id='word_1_24' title='bbox 781 665 795 701; x_wconf 92' lang='lat'>:</span> <span class='ocrx_word' id='word_1_25' title='bbox 825 664 946 702; x_wconf 88' lang='lat' dir='ltr'><strong>cum</strong></span> <span class='ocrx_word' id='word_1_26' title='bbox 970 648 1049 702; x_wconf 89' lang='lat' dir='ltr'><strong>sol</strong></span> <span class='ocrx_word' id='word_1_27' title='bbox 1078 647 1267 701; x_wconf 76' lang='lat' dir='ltr'><strong>exierit</strong></span> <span class='ocrx_word' id='word_1_28' title='bbox 1297 645 1587 700; x_wconf 76' lang='lat' dir='ltr'><strong>ferventior</strong></span> <span class='ocrx_word' id='word_1_29' title='bbox 1612 654 1746 699; x_wconf 78' lang='lat' dir='ltr'><strong>tctu-</strong></span> 
     </span>
    </p>
   </div>
   <div class='ocr_carea' id='block_1_5' title="bbox 138 737 1741 814">
    <p class='ocr_par' dir='ltr' id='par_1_5' title="bbox 138 737 1741 814">
     <span class='ocr_line' id='line_1_5' title="bbox 138 737 1741 814; baseline -0.005 -15"><span class='ocrx_word' id='word_1_30' title='bbox 138 759 279 814; x_wconf 85' lang='lat' dir='ltr'><strong>pore</strong></span> <span class='ocrx_word' id='word_1_31' title='bbox 308 744 708 808; x_wconf 47' lang='lat' dir='ltr'><strong>astutiam-hor</strong></span> <span class='ocrx_word' id='word_1_32' title='bbox 737 757 856 812; x_wconf 76' lang='lat' dir='ltr'><strong>quae</strong></span> <span class='ocrx_word' id='word_1_33' title='bbox 887 755 980 809; x_wconf 82' lang='lat' dir='ltr'><strong>per</strong></span> <span class='ocrx_word' id='word_1_34' title='bbox 1009 739 1239 794; x_wconf 86' lang='lat' dir='ltr'><strong>hiemem</strong></span> <span class='ocrx_word' id='word_1_35' title='bbox 1265 738 1414 793; x_wconf 81' lang='lat' dir='ltr'><strong>arida</strong></span> <span class='ocrx_word' id='word_1_36' title='bbox 1444 737 1741 804; x_wconf 74' lang='lat' dir='ltr'><strong>videbatur,</strong></span> 
     </span>
    </p>
   </div>
   <div class='ocr_carea' id='block_1_6' title="bbox 138 820 1742 907">
    <p class='ocr_par' dir='ltr' id='par_1_6' title="bbox 138 820 1742 907">
     <span class='ocr_line' id='line_1_6' title="bbox 138 820 1742 907; baseline -0.004 -17"><span class='ocrx_word' id='word_1_37' title='bbox 138 839 397 907; x_wconf 70' lang='lat' dir='ltr'><strong>expletur</strong></span> <span class='ocrx_word' id='word_1_38' title='bbox 426 835 589 900; x_wconf 74' lang='lat' dir='ltr'><strong>foliis,</strong></span> <span class='ocrx_word' id='word_1_39' title='bbox 616 837 813 904; x_wconf 65' lang='lat' dir='ltr'><strong>profert</strong></span> <span class='ocrx_word' id='word_1_40' title='bbox 840 833 1079 897; x_wconf 87' lang='lat' dir='ltr'><strong>fructus;</strong></span> <span class='ocrx_word' id='word_1_41' title='bbox 1109 833 1276 887; x_wconf 89' lang='lat' dir='ltr'><strong>herba</strong></span> <span class='ocrx_word' id='word_1_42' title='bbox 1306 839 1485 886; x_wconf 87' lang='lat' dir='ltr'><strong>autem</strong></span> <span class='ocrx_word' id='word_1_43' title='bbox 1511 820 1705 884; x_wconf 77' lang='lat' dir='ltr'><strong>arescit</strong></span> <span class='ocrx_word' id='word_1_44' title='bbox 1728 849 1742 884; x_wconf 92' lang='lat'><strong>:</strong></span> 
     </span>
    </p>
   </div>
   <div class='ocr_carea' id='block_1_7' title="bbox 139 923 1745 990">
    <p class='ocr_par' dir='ltr' id='par_1_7' title="bbox 139 923 1745 990">
     <span class='ocr_line' id='line_1_7' title="bbox 139 923 1745 990; baseline -0.004 -8"><span class='ocrx_word' id='word_1_45' title='bbox 139 930 360 987; x_wconf 92' lang='lat' dir='ltr'><strong>videbis</strong></span> <span class='ocrx_word' id='word_1_46' title='bbox 405 930 661 984; x_wconf 72' lang='lat' dir='ltr'><strong>honorem</strong></span> <span class='ocrx_word' id='word_1_47' title='bbox 709 928 917 982; x_wconf 83' lang='lat' dir='ltr'><strong>arboris</strong></span> <span class='ocrx_word' id='word_1_48' title='bbox 947 970 961 990; x_wconf 86' lang='lat'><em>.</em></span> <span class='ocrx_word' id='word_1_49' title='bbox 1008 926 1172 980; x_wconf 87' lang='lat' dir='ltr'><strong>herba</strong></span> <span class='ocrx_word' id='word_1_50' title='bbox 1219 927 1366 978; x_wconf 86' lang='lat' dir='ltr'><strong>arida</strong></span> <span class='ocrx_word' id='word_1_51' title='bbox 1411 937 1513 978; x_wconf 89' lang='lat' dir='ltr'><strong>est.</strong></span> <span class='ocrx_word' id='word_1_52' title='bbox 1557 923 1647 978; x_wconf 86' lang='lat' dir='ltr'><strong>Sic</strong></span> <span class='ocrx_word' id='word_1_53' title='bbox 1690 932 1745 976; x_wconf 87' lang='lat' dir='ltr'><strong>et</strong></span> 
     </span>
    </p>
   </div>
   <div class='ocr_carea' id='block_1_8' title="bbox 138 1001 1740 1090">
    <p class='ocr_par' dir='ltr' id='par_1_8' title="bbox 138 1001 1740 1090">
     <span class='ocr_line' id='line_1_8' title="bbox 138 1001 1740 1090; baseline -0.005 -13"><span class='ocrx_word' id='word_1_54' title='bbox 138 1024 309 1078; x_wconf 71' lang='lat' dir='ltr'><strong>modo</strong></span> <span class='ocrx_word' id='word_1_55' title='bbox 331 1023 462 1090; x_wconf 80' lang='lat' dir='ltr'><strong>justi</strong></span> <span class='ocrx_word' id='word_1_56' title='bbox 488 1022 763 1086; x_wconf 77' lang='lat' dir='ltr'><strong>laborant,</strong></span> <span class='ocrx_word' id='word_1_57' title='bbox 792 1031 1076 1090; x_wconf 88' lang='lat' dir='ltr'><strong>antequam</strong></span> <span class='ocrx_word' id='word_1_58' title='bbox 1105 1023 1282 1073; x_wconf 82' lang='lat' dir='ltr'><strong>veniat</strong></span> <span class='ocrx_word' id='word_1_59' title='bbox 1307 1029 1485 1071; x_wconf 71' lang='lat' dir='ltr'><strong>a-stas.</strong></span> <span class='ocrx_word' id='word_1_60' title='bbox 1511 1001 1609 1071; x_wconf 84' lang='lat' dir='ltr'><strong>Est</strong></span> <span class='ocrx_word' id='word_1_61' title='bbox 1635 1016 1740 1070; x_wconf 88' lang='lat' dir='ltr'><strong>vita</strong></span> 
     </span>
    </p>
   </div>
   <div class='ocr_carea' id='block_1_9' title="bbox 137 1108 1739 1183">
    <p class='ocr_par' dir='ltr' id='par_1_9' title="bbox 137 1108 1739 1183">
     <span class='ocr_line' id='line_1_9' title="bbox 137 1108 1739 1183; baseline -0.006 -13"><span class='ocrx_word' id='word_1_62' title='bbox 137 1132 195 1170; x_wconf 84' lang='grc' dir='ltr'><strong>ιιι</strong></span> <span class='ocrx_word' id='word_1_63' title='bbox 246 1116 464 1181; x_wconf 72' lang='lat' dir='ltr'><strong>radice,</strong></span> <span class='ocrx_word' id='word_1_64' title='bbox 510 1113 748 1168; x_wconf 90' lang='lat' dir='ltr'><strong>nondum</strong></span> <span class='ocrx_word' id='word_1_65' title='bbox 778 1122 999 1183; x_wconf 79' lang='lat' dir='ltr'><strong>apparet</strong></span> <span class='ocrx_word' id='word_1_66' title='bbox 1043 1111 1096 1164; x_wconf 94' lang='lat' dir='ltr'><strong>in</strong></span> <span class='ocrx_word' id='word_1_67' title='bbox 1131 1110 1316 1165; x_wconf 85' lang='lat' dir='ltr'><strong>ramis.</strong></span> <span class='ocrx_word' id='word_1_68' title='bbox 1361 1108 1528 1163; x_wconf 79' lang='lat' dir='ltr'><strong>Radix</strong></span> <span class='ocrx_word' id='word_1_69' title='bbox 1558 1117 1739 1162; x_wconf 85' lang='lat' dir='ltr'><strong>autem</strong></span> 
     </span>
    </p>
   </div>
   <div class='ocr_carea' id='block_1_10' title="bbox 138 1198 1736 1273">
    <p class='ocr_par' dir='ltr' id='par_1_10' title="bbox 138 1198 1736 1273">
     <span class='ocr_line' id='line_1_10' title="bbox 138 1198 1736 1273; baseline -0.008 -12"><span class='ocrx_word' id='word_1_70' title='bbox 138 1216 330 1261; x_wconf 72' lang='lat' dir='ltr'><strong>tuostra</strong></span> <span class='ocrx_word' id='word_1_71' title='bbox 359 1205 594 1261; x_wconf 88' lang='lat' dir='ltr'><strong>charitas</strong></span> <span class='ocrx_word' id='word_1_72' title='bbox 617 1215 718 1260; x_wconf 87' lang='lat' dir='ltr'><strong>est.</strong></span> <span class='ocrx_word' id='word_1_73' title='bbox 747 1203 813 1258; x_wconf 80' lang='lat' dir='ltr'><strong>Et</strong></span> <span class='ocrx_word' id='word_1_74' title='bbox 843 1202 969 1273; x_wconf 90' lang='lat' dir='ltr'><strong>quid</strong></span> <span class='ocrx_word' id='word_1_75' title='bbox 997 1204 1071 1256; x_wconf 89' lang='lat' dir='ltr'><strong>ait</strong></span> <span class='ocrx_word' id='word_1_76' title='bbox 1090 1199 1414 1272; x_wconf 79' lang='lat' dir='ltr'><strong>Apostolus?</strong></span> <span class='ocrx_word' id='word_1_77' title='bbox 1441 1198 1499 1254; x_wconf 84' lang='lat' dir='ltr'><strong>Ul</strong></span> <span class='ocrx_word' id='word_1_78' title='bbox 1525 1211 1736 1252; x_wconf 87' lang='lat' dir='ltr'><strong>sursum</strong></span> 
     </span>
    </p>
   </div>
   <div class='ocr_carea' id='block_1_11' title="bbox 135 1294 1735 1375">
    <p class='ocr_par' dir='ltr' id='par_1_11' title="bbox 135 1294 1735 1375">
     <span class='ocr_line' id='line_1_11' title="bbox 135 1294 1735 1375; baseline -0.008 -20"><span class='ocrx_word' id='word_1_79' title='bbox 135 1301 437 1375; x_wconf 87' lang='lat' dir='ltr'><strong>debeamus</strong></span> <span class='ocrx_word' id='word_1_80' title='bbox 467 1297 662 1354; x_wconf 84' lang='lat' dir='ltr'><strong>habere</strong></span> <span class='ocrx_word' id='word_1_81' title='bbox 709 1296 944 1350; x_wconf 82' lang='lat' dir='ltr'><strong>radicem</strong></span> <span class='ocrx_word' id='word_1_82' title='bbox 964 1338 979 1361; x_wconf 88' lang='lat'><strong>,</strong></span> <span class='ocrx_word' id='word_1_83' title='bbox 1009 1305 1063 1349; x_wconf 90' lang='lat' dir='ltr'><strong>ut</strong></span> <span class='ocrx_word' id='word_1_84' title='bbox 1095 1297 1199 1347; x_wconf 86' lang='lat' dir='ltr'><strong>vita</strong></span> <span class='ocrx_word' id='word_1_85' title='bbox 1229 1294 1299 1347; x_wconf 91' lang='lat' dir='ltr'><strong>sit</strong></span> <span class='ocrx_word' id='word_1_86' title='bbox 1327 1299 1510 1360; x_wconf 88' lang='lat' dir='ltr'><strong>pastor</strong></span> <span class='ocrx_word' id='word_1_87' title='bbox 1533 1299 1735 1353; x_wconf 85' lang='lat' dir='ltr'><strong>uoster,</strong></span> 
     </span>
    </p>
   </div>
   <div class='ocr_carea' id='block_1_12' title="bbox 133 1383 1744 1462">
    <p class='ocr_par' dir='ltr' id='par_1_12' title="bbox 133 1383 1744 1462">
     <span class='ocr_line' id='line_1_12' title="bbox 133 1383 1744 1462; baseline -0.007 -17"><span class='ocrx_word' id='word_1_88' title='bbox 133 1395 264 1462; x_wconf 84' lang='lat' dir='ltr'><strong>quia</strong></span> <span class='ocrx_word' id='word_1_89' title='bbox 299 1391 556 1446; x_wconf 89' lang='lat' dir='ltr'><strong>habitatio</strong></span> <span class='ocrx_word' id='word_1_90' title='bbox 595 1401 777 1445; x_wconf 89' lang='lat' dir='ltr'><strong>nostra</strong></span> <span class='ocrx_word' id='word_1_91' title='bbox 819 1404 922 1443; x_wconf 88' lang='lat' dir='ltr'><strong>non</strong></span> <span class='ocrx_word' id='word_1_92' title='bbox 953 1387 1114 1442; x_wconf 81' lang='lat' dir='ltr'><strong>debet</strong></span> <span class='ocrx_word' id='word_1_93' title='bbox 1153 1386 1410 1442; x_wconf 78' lang='lat' dir='ltr'><strong>recedere</strong></span> <span class='ocrx_word' id='word_1_94' title='bbox 1448 1384 1516 1439; x_wconf 90' lang='lat' dir='ltr'><strong>de</strong></span> <span class='ocrx_word' id='word_1_95' title='bbox 1556 1383 1694 1438; x_wconf 59' lang='lat' dir='ltr'><strong>caelo</strong></span> <span class='ocrx_word' id='word_1_96' title='bbox 1717 1416 1744 1449; x_wconf 57' lang='grc' dir='ltr'><strong>,τ</strong></span> 
     </span>
    </p>
   </div>
   <div class='ocr_carea' id='block_1_13' title="bbox 132 1474 1735 1553">
    <p class='ocr_par' dir='ltr' id='par_1_13' title="bbox 132 1474 1735 1553">
     <span class='ocr_line' id='line_1_13' title="bbox 132 1474 1735 1553; baseline -0.007 -16"><span class='ocrx_word' id='word_1_97' title='bbox 132 1485 267 1553; x_wconf 89' lang='lat' dir='ltr'><strong>quia</strong></span> <span class='ocrx_word' id='word_1_98' title='bbox 299 1483 351 1537; x_wconf 92' lang='lat' dir='ltr'><strong>iu</strong></span> <span class='ocrx_word' id='word_1_99' title='bbox 391 1483 491 1547; x_wconf 86' lang='lat' dir='ltr'><strong>hac</strong></span> <span class='ocrx_word' id='word_1_100' title='bbox 525 1489 664 1536; x_wconf 82' lang='lat' dir='ltr'><strong>terra</strong></span> <span class='ocrx_word' id='word_1_101' title='bbox 703 1479 967 1536; x_wconf 82' lang='lat' dir='ltr'><strong>debemus</strong></span> <span class='ocrx_word' id='word_1_102' title='bbox 995 1480 1134 1534; x_wconf 83' lang='lat' dir='ltr'><strong>sicut</strong></span> <span class='ocrx_word' id='word_1_103' title='bbox 1165 1479 1361 1533; x_wconf 86' lang='lat' dir='ltr'><strong>mortui</strong></span> <span class='ocrx_word' id='word_1_104' title='bbox 1401 1474 1676 1531; x_wconf 84' lang='lat' dir='ltr'><strong>ambulare</strong></span> <span class='ocrx_word' id='word_1_105' title='bbox 1717 1489 1735 1527; x_wconf 90' lang='lat'><strong>:</strong></span> 
     </span>
    </p>
   </div>
   <div class='ocr_carea' id='block_1_14' title="bbox 134 1558 1732 1642">
    <p class='ocr_par' dir='ltr' id='par_1_14' title="bbox 134 1558 1732 1642">
     <span class='ocr_line' id='line_1_14' title="bbox 134 1558 1732 1642; baseline -0.007 -14"><span class='ocrx_word' id='word_1_106' title='bbox 134 1587 196 1628; x_wconf 90' lang='lat' dir='ltr'><strong>ut</strong></span> <span class='ocrx_word' id='word_1_107' title='bbox 230 1590 394 1642; x_wconf 85' lang='lat' dir='ltr'><strong>supra</strong></span> <span class='ocrx_word' id='word_1_108' title='bbox 420 1574 660 1627; x_wconf 72' lang='lat' dir='ltr'><strong>viventes</strong></span> <span class='ocrx_word' id='word_1_109' title='bbox 686 1617 700 1634; x_wconf 87' lang='lat'><strong>,</strong></span> <span class='ocrx_word' id='word_1_110' title='bbox 733 1571 866 1626; x_wconf 80' lang='lat' dir='ltr'><strong>inira</strong></span> <span class='ocrx_word' id='word_1_111' title='bbox 899 1571 1095 1625; x_wconf 85' lang='lat' dir='ltr'><strong>mortui</strong></span> <span class='ocrx_word' id='word_1_112' title='bbox 1121 1558 1320 1633; x_wconf 75' lang='lat' dir='ltr'><strong>simus;</strong></span> <span class='ocrx_word' id='word_1_113' title='bbox 1360 1583 1464 1622; x_wconf 89' lang='lat' dir='ltr'><strong>non</strong></span> <span class='ocrx_word' id='word_1_114' title='bbox 1497 1577 1552 1620; x_wconf 90' lang='lat' dir='ltr'><strong>ut</strong></span> <span class='ocrx_word' id='word_1_115' title='bbox 1573 1581 1732 1636; x_wconf 90' lang='lat' dir='ltr'><strong>supra</strong></span> 
     </span>
    </p>
   </div>
   <div class='ocr_carea' id='block_1_15' title="bbox 133 1658 1735 1738">
    <p class='ocr_par' dir='ltr' id='par_1_15' title="bbox 133 1658 1735 1738">
     <span class='ocr_line' id='line_1_15' title="bbox 133 1658 1735 1738; baseline -0.007 -17"><span class='ocrx_word' id='word_1_116' title='bbox 133 1667 341 1721; x_wconf 86' lang='lat' dir='ltr'><strong>tuortui</strong></span> <span class='ocrx_word' id='word_1_117' title='bbox 362 1707 378 1729; x_wconf 92' lang='lat'><strong>,</strong></span> <span class='ocrx_word' id='word_1_118' title='bbox 402 1667 534 1719; x_wconf 80' lang='lat' dir='ltr'><strong>infra</strong></span> <span class='ocrx_word' id='word_1_119' title='bbox 565 1665 824 1718; x_wconf 80' lang='lat' dir='ltr'><strong>vivamus.</strong></span> <span class='ocrx_word' id='word_1_120' title='bbox 849 1662 982 1728; x_wconf 83' lang='lat' dir='ltr'><strong>Quia</strong></span> <span class='ocrx_word' id='word_1_121' title='bbox 1009 1676 1137 1738; x_wconf 80' lang='lat' dir='ltr'><strong>ergo</strong></span> <span class='ocrx_word' id='word_1_122' title='bbox 1167 1676 1270 1712; x_wconf 84' lang='lat' dir='ltr'><strong>non</strong></span> <span class='ocrx_word' id='word_1_123' title='bbox 1294 1659 1454 1713; x_wconf 87' lang='lat' dir='ltr'><strong>debet</strong></span> <span class='ocrx_word' id='word_1_124' title='bbox 1480 1658 1735 1712; x_wconf 80' lang='lat' dir='ltr'><strong>recedere</strong></span> 
     </span>
    </p>
   </div>
   <div class='ocr_carea' id='block_1_16' title="bbox 133 1751 1734 1820">
    <p class='ocr_par' dir='ltr' id='par_1_16' title="bbox 133 1751 1734 1820">
     <span class='ocr_line' id='line_1_16' title="bbox 133 1751 1734 1820; baseline -0.006 -11"><span class='ocrx_word' id='word_1_125' title='bbox 133 1759 245 1812; x_wconf 79' lang='lat' dir='ltr'><strong>vita</strong></span> <span class='ocrx_word' id='word_1_126' title='bbox 278 1767 460 1811; x_wconf 86' lang='lat' dir='ltr'><strong>nostra</strong></span> <span class='ocrx_word' id='word_1_127' title='bbox 485 1765 540 1810; x_wconf 88' lang='lat' dir='ltr'><strong>et</strong></span> <span class='ocrx_word' id='word_1_128' title='bbox 567 1770 661 1810; x_wconf 88' lang='lat' dir='ltr'><strong>cor</strong></span> <span class='ocrx_word' id='word_1_129' title='bbox 689 1765 930 1808; x_wconf 85' lang='lat' dir='ltr'><strong>nostrum</strong></span> <span class='ocrx_word' id='word_1_130' title='bbox 958 1753 1189 1820; x_wconf 78' lang='lat' dir='ltr'><strong>desuper</strong></span> <span class='ocrx_word' id='word_1_131' title='bbox 1213 1754 1228 1782; x_wconf 79' lang='grc'>¹</span> <span class='ocrx_word' id='word_1_132' title='bbox 1256 1792 1270 1816; x_wconf 87' lang='grc'><strong>,</strong></span> <span class='ocrx_word' id='word_1_133' title='bbox 1302 1751 1428 1820; x_wconf 87' lang='lat' dir='ltr'><strong>quid</strong></span> <span class='ocrx_word' id='word_1_134' title='bbox 1454 1752 1530 1803; x_wconf 88' lang='lat' dir='ltr'><strong>ait</strong></span> <span class='ocrx_word' id='word_1_135' title='bbox 1587 1751 1734 1818; x_wconf 81' lang='lat' dir='ltr'><strong>Apo-</strong></span> 
     </span>
    </p>
   </div>
   <div class='ocr_carea' id='block_1_17' title="bbox 131 1839 1734 1922">
    <p class='ocr_par' dir='ltr' id='par_1_17' title="bbox 131 1839 1734 1922">
     <span class='ocr_line' id='line_1_17' title="bbox 131 1839 1734 1922; baseline -0.006 -19"><span class='ocrx_word' id='word_1_136' title='bbox 131 1848 358 1904; x_wconf 83' lang='lat' dir='ltr'><strong>stolus?</strong></span> <span class='ocrx_word' id='word_1_137' title='bbox 386 1845 579 1922; x_wconf 77' lang='lat' dir='ltr'><strong>Mortui</strong></span> <span class='ocrx_word' id='word_1_138' title='bbox 602 1847 734 1901; x_wconf 90' lang='lat' dir='ltr'><strong>enim</strong></span> <span class='ocrx_word' id='word_1_139' title='bbox 759 1846 878 1900; x_wconf 85' lang='lat' dir='ltr'><strong>estis</strong></span> <span class='ocrx_word' id='word_1_140' title='bbox 899 1862 918 1899; x_wconf 90' lang='lat'><strong><em>:</em></strong></span> <span class='ocrx_word' id='word_1_141' title='bbox 937 1854 991 1898; x_wconf 85' lang='lat' dir='ltr'><strong>et</strong></span> <span class='ocrx_word' id='word_1_142' title='bbox 1028 1860 1097 1899; x_wconf 86' lang='lat' dir='ltr'><strong>tte</strong></span> <span class='ocrx_word' id='word_1_143' title='bbox 1134 1844 1379 1909; x_wconf 86' lang='lat' dir='ltr'><strong>timeres,</strong></span> <span class='ocrx_word' id='word_1_144' title='bbox 1431 1839 1544 1894; x_wconf 85' lang='lat' dir='ltr'><strong>Vita</strong></span> <span class='ocrx_word' id='word_1_145' title='bbox 1575 1852 1734 1895; x_wconf 79' lang='lat' dir='ltr'><strong>vestra</strong></span> 
     </span>
    </p>
   </div>
   <div class='ocr_carea' id='block_1_18' title="bbox 128 1923 1732 2004">
    <p class='ocr_par' dir='ltr' id='par_1_18' title="bbox 128 1923 1732 2004">
     <span class='ocr_line' id='line_1_18' title="bbox 128 1923 1732 2004; baseline -0.005 -10"><span class='ocrx_word' id='word_1_146' title='bbox 128 1940 436 1994; x_wconf 80' lang='lat' dir='ltr'><strong>abscondita</strong></span> <span class='ocrx_word' id='word_1_147' title='bbox 463 1949 535 1992; x_wconf 88' lang='lat' dir='ltr'><strong>est</strong></span> <span class='ocrx_word' id='word_1_148' title='bbox 560 1979 575 2004; x_wconf 85' lang='lat'><strong>,</strong></span> <span class='ocrx_word' id='word_1_149' title='bbox 606 1941 718 2001; x_wconf 85' lang='lat' dir='ltr'><strong>ait,</strong></span> <span class='ocrx_word' id='word_1_150' title='bbox 746 1953 861 1990; x_wconf 86' lang='lat' dir='ltr'><strong>cum</strong></span> <span class='ocrx_word' id='word_1_151' title='bbox 889 1935 1090 1990; x_wconf 83' lang='lat' dir='ltr'><strong>Christo</strong></span> <span class='ocrx_word' id='word_1_152' title='bbox 1122 1937 1176 1988; x_wconf 86' lang='lat' dir='ltr'><strong>in</strong></span> <span class='ocrx_word' id='word_1_153' title='bbox 1205 1923 1329 1987; x_wconf 71' lang='lat' dir='ltr'><strong>Deo.</strong></span> <span class='ocrx_word' id='word_1_154' title='bbox 1360 1934 1495 1988; x_wconf 84' lang='lat' dir='ltr'><strong>Ecce</strong></span> <span class='ocrx_word' id='word_1_155' title='bbox 1523 1933 1610 1987; x_wconf 84' lang='lat' dir='ltr'><strong>ubi</strong></span> <span class='ocrx_word' id='word_1_156' title='bbox 1649 1941 1732 1986; x_wconf 73' lang='lat' dir='ltr'><strong>est</strong></span> 
     </span>
    </p>
   </div>
   <div class='ocr_carea' id='block_1_19' title="bbox 130 2025 1733 2098">
    <p class='ocr_par' dir='ltr' id='par_1_19' title="bbox 130 2025 1733 2098">
     <span class='ocr_line' id='line_1_19' title="bbox 130 2025 1733 2098; baseline -0.005 -12"><span class='ocrx_word' id='word_1_157' title='bbox 130 2031 288 2086; x_wconf 80' lang='lat' dir='ltr'><strong>radix</strong></span> <span class='ocrx_word' id='word_1_158' title='bbox 323 2039 526 2083; x_wconf 75' lang='lat' dir='ltr'><strong>nostra.</strong></span> <span class='ocrx_word' id='word_1_159' title='bbox 549 2027 772 2098; x_wconf 85' lang='lat' dir='ltr'><strong>Quando</strong></span> <span class='ocrx_word' id='word_1_160' title='bbox 799 2037 977 2082; x_wconf 85' lang='lat' dir='ltr'><strong>autem</strong></span> <span class='ocrx_word' id='word_1_161' title='bbox 1019 2027 1298 2097; x_wconf 76' lang='lat' dir='ltr'><strong>apparebit</strong></span> <span class='ocrx_word' id='word_1_162' title='bbox 1339 2025 1511 2086; x_wconf 81' lang='lat' dir='ltr'><strong>honor</strong></span> <span class='ocrx_word' id='word_1_163' title='bbox 1549 2033 1733 2079; x_wconf 85' lang='lat' dir='ltr'><strong>noster</strong></span> 
     </span>
    </p>
   </div>
   <div class='ocr_carea' id='block_1_20' title="bbox 128 2114 1726 2192">
    <p class='ocr_par' dir='ltr' id='par_1_20' title="bbox 128 2114 1726 2192">
     <span class='ocr_line' id='line_1_20' title="bbox 128 2114 1726 2192; baseline -0.004 -17"><span class='ocrx_word' id='word_1_164' title='bbox 128 2133 390 2192; x_wconf 85' lang='lat' dir='ltr'><strong>tanquam</strong></span> <span class='ocrx_word' id='word_1_165' title='bbox 441 2121 492 2175; x_wconf 92' lang='lat' dir='ltr'><strong>in</strong></span> <span class='ocrx_word' id='word_1_166' title='bbox 541 2118 683 2174; x_wconf 88' lang='lat' dir='ltr'><strong>foliis</strong></span> <span class='ocrx_word' id='word_1_167' title='bbox 727 2130 781 2171; x_wconf 76' lang='lat' dir='ltr'><strong>et</strong></span> <span class='ocrx_word' id='word_1_168' title='bbox 825 2117 1084 2173; x_wconf 88' lang='lat' dir='ltr'><strong>fructibus</strong></span> <span class='ocrx_word' id='word_1_169' title='bbox 1115 2158 1128 2181; x_wconf 92' lang='lat'><strong>,</strong></span> <span class='ocrx_word' id='word_1_170' title='bbox 1178 2114 1419 2186; x_wconf 80' lang='lat' dir='ltr'><strong>sequitur</strong></span> <span class='ocrx_word' id='word_1_171' title='bbox 1457 2126 1512 2171; x_wconf 87' lang='lat' dir='ltr'><strong>et</strong></span> <span class='ocrx_word' id='word_1_172' title='bbox 1555 2115 1726 2180; x_wconf 87' lang='lat' dir='ltr'><strong>dicit,</strong></span> 
     </span>
    </p>
   </div>
   <div class='ocr_carea' id='block_1_21' title="bbox 127 2212 1730 2284">
    <p class='ocr_par' dir='ltr' id='par_1_21' title="bbox 127 2212 1730 2284">
     <span class='ocr_line' id='line_1_21' title="bbox 127 2212 1730 2284; baseline -0.007 -13"><span class='ocrx_word' id='word_1_173' title='bbox 127 2217 262 2272; x_wconf 85' lang='lat' dir='ltr'><strong>Cum</strong></span> <span class='ocrx_word' id='word_1_174' title='bbox 287 2214 521 2269; x_wconf 72' lang='lat' dir='ltr'><strong>Christus</strong></span> <span class='ocrx_word' id='word_1_175' title='bbox 547 2212 875 2284; x_wconf 81' lang='lat' dir='ltr'><strong>apparuerit,</strong></span> <span class='ocrx_word' id='word_1_176' title='bbox 911 2223 1012 2264; x_wconf 80' lang='lat' dir='ltr'><strong>tnta</strong></span> <span class='ocrx_word' id='word_1_177' title='bbox 1038 2222 1203 2264; x_wconf 72' lang='lat' dir='ltr'><strong>vestra</strong></span> <span class='ocrx_word' id='word_1_178' title='bbox 1221 2251 1236 2272; x_wconf 82' lang='lat'><strong>,</strong></span> <span class='ocrx_word' id='word_1_179' title='bbox 1292 2219 1410 2262; x_wconf 90' lang='lat' dir='ltr'><strong>tunc</strong></span> <span class='ocrx_word' id='word_1_180' title='bbox 1434 2219 1480 2262; x_wconf 87' lang='lat' dir='ltr'><strong>et</strong></span> <span class='ocrx_word' id='word_1_181' title='bbox 1496 2212 1592 2264; x_wconf 67' lang='lat' dir='ltr'><strong>eos</strong></span> <span class='ocrx_word' id='word_1_182' title='bbox 1615 2223 1730 2261; x_wconf 66' lang='lat' dir='ltr'><strong>cuin</strong></span> 
     </span>
    </p>
   </div>
   <div class='ocr_carea' id='block_1_22' title="bbox 125 2294 1728 2377">
    <p class='ocr_par' dir='ltr' id='par_1_22' title="bbox 125 2294 1728 2377">
     <span class='ocr_line' id='line_1_22' title="bbox 125 2294 1728 2377; baseline -0.005 -17"><span class='ocrx_word' id='word_1_183' title='bbox 125 2307 222 2360; x_wconf 85' lang='lat' dir='ltr'><strong>illo</strong></span> <span class='ocrx_word' id='word_1_184' title='bbox 249 2303 564 2377; x_wconf 82' lang='lat' dir='ltr'><strong>apparebitis</strong></span> <span class='ocrx_word' id='word_1_185' title='bbox 602 2305 656 2358; x_wconf 87' lang='lat' dir='ltr'><strong>in</strong></span> <span class='ocrx_word' id='word_1_186' title='bbox 697 2303 864 2374; x_wconf 77' lang='lat' dir='ltr'><strong>gloria</strong></span> <span class='ocrx_word' id='word_1_187' title='bbox 893 2300 1127 2376; x_wconf 85' lang='lat' dir='ltr'><strong>(Coloss.</strong></span> <span class='ocrx_word' id='word_1_188' title='bbox 1163 2316 1218 2354; x_wconf 86' lang='lat' dir='ltr'><strong>ut</strong></span> <span class='ocrx_word' id='word_1_189' title='bbox 1241 2341 1255 2362; x_wconf 85' lang='lat'><strong>.</strong></span> <span class='ocrx_word' id='word_1_190' title='bbox 1282 2294 1317 2355; x_wconf 78' lang='grc'>3</span> <span class='ocrx_word' id='word_1_191' title='bbox 1338 2344 1353 2363; x_wconf 89' lang='grc'><strong>.</strong></span> <span class='ocrx_word' id='word_1_192' title='bbox 1384 2301 1419 2354; x_wconf 68' lang='grc'><strong>4</strong></span> <span class='ocrx_word' id='word_1_193' title='bbox 1442 2302 1479 2369; x_wconf 87' lang='grc'><strong>).</strong></span> <span class='ocrx_word' id='word_1_194' title='bbox 1528 2297 1596 2353; x_wconf 83' lang='lat' dir='ltr'><strong>Et</strong></span> <span class='ocrx_word' id='word_1_195' title='bbox 1625 2300 1728 2354; x_wconf 87' lang='lat' dir='ltr'><strong>erit</strong></span> 
     </span>
    </p>
   </div>
   <div class='ocr_carea' id='block_1_23' title="bbox 125 2389 1726 2453">
    <p class='ocr_par' dir='ltr' id='par_1_23' title="bbox 125 2389 1726 2453">
     <span class='ocr_line' id='line_1_23' title="bbox 125 2389 1726 2453; baseline -0.006 0"><span class='ocrx_word' id='word_1_196' title='bbox 125 2413 314 2453; x_wconf 87' lang='lat' dir='ltr'><strong>mane.</strong></span> <span class='ocrx_word' id='word_1_197' title='bbox 344 2395 480 2452; x_wconf 86' lang='lat' dir='ltr'><strong>Nam</strong></span> <span class='ocrx_word' id='word_1_198' title='bbox 511 2393 671 2449; x_wconf 79' lang='lat' dir='ltr'><strong>modo</strong></span> <span class='ocrx_word' id='word_1_199' title='bbox 696 2410 802 2448; x_wconf 91' lang='lat' dir='ltr'><strong>non</strong></span> <span class='ocrx_word' id='word_1_200' title='bbox 831 2402 916 2448; x_wconf 88' lang='lat' dir='ltr'><strong>est</strong></span> <span class='ocrx_word' id='word_1_201' title='bbox 943 2409 1124 2447; x_wconf 86' lang='lat' dir='ltr'><strong>maue.</strong></span> <span class='ocrx_word' id='word_1_202' title='bbox 1147 2391 1410 2445; x_wconf 84' lang='lat' dir='ltr'><strong>Tumeant</strong></span> <span class='ocrx_word' id='word_1_203' title='bbox 1433 2389 1594 2444; x_wconf 89' lang='lat' dir='ltr'><strong>modo</strong></span> <span class='ocrx_word' id='word_1_204' title='bbox 1629 2404 1726 2445; x_wconf 84' lang='lat' dir='ltr'><strong>su-</strong></span> 
     </span>
    </p>
   </div>
   <div class='ocr_carea' id='block_1_24' title="bbox 127 2479 1723 2560">
    <p class='ocr_par' dir='ltr' id='par_1_24' title="bbox 127 2479 1723 2560">
     <span class='ocr_line' id='line_1_24' title="bbox 127 2479 1723 2560; baseline -0.008 -15"><span class='ocrx_word' id='word_1_205' title='bbox 127 2488 285 2560; x_wconf 88' lang='lat' dir='ltr'><strong>perbi</strong></span> <span class='ocrx_word' id='word_1_206' title='bbox 311 2497 368 2545; x_wconf 85' lang='lat' dir='ltr'><strong>et</strong></span> <span class='ocrx_word' id='word_1_207' title='bbox 406 2487 598 2542; x_wconf 83' lang='lat' dir='ltr'><strong>divites</strong></span> <span class='ocrx_word' id='word_1_208' title='bbox 626 2488 783 2555; x_wconf 85' lang='lat' dir='ltr'><strong>hujus</strong></span> <span class='ocrx_word' id='word_1_209' title='bbox 808 2483 1026 2549; x_wconf 71' lang='lat' dir='ltr'><strong>szeculi,</strong></span> <span class='ocrx_word' id='word_1_210' title='bbox 1058 2481 1206 2553; x_wconf 88' lang='lat' dir='ltr'><strong>impii</strong></span> <span class='ocrx_word' id='word_1_211' title='bbox 1249 2481 1403 2536; x_wconf 84' lang='lat' dir='ltr'><strong>bouis</strong></span> <span class='ocrx_word' id='word_1_212' title='bbox 1430 2479 1684 2536; x_wconf 88' lang='lat' dir='ltr'><strong>insultent</strong></span> <span class='ocrx_word' id='word_1_213' title='bbox 1708 2521 1723 2546; x_wconf 93' lang='lat'><strong>,</strong></span> 
     </span>
    </p>
   </div>
   <div class='ocr_carea' id='block_1_25' title="bbox 122 2572 1726 2645">
    <p class='ocr_par' dir='ltr' id='par_1_25' title="bbox 122 2572 1726 2645">
     <span class='ocr_line' id='line_1_25' title="bbox 122 2572 1726 2645; baseline -0.007 -8"><span class='ocrx_word' id='word_1_214' title='bbox 122 2580 379 2637; x_wconf 77' lang='lat' dir='ltr'><strong>inﬁdeles</strong></span> <span class='ocrx_word' id='word_1_215' title='bbox 399 2579 645 2634; x_wconf 83' lang='lat' dir='ltr'><strong>fidelibus</strong></span> <span class='ocrx_word' id='word_1_216' title='bbox 662 2619 679 2645; x_wconf 95' lang='lat'><strong>,</strong></span> <span class='ocrx_word' id='word_1_217' title='bbox 701 2588 755 2632; x_wconf 86' lang='lat' dir='ltr'><strong>et</strong></span> <span class='ocrx_word' id='word_1_218' title='bbox 779 2575 994 2632; x_wconf 88' lang='lat' dir='ltr'><strong>dicant:</strong></span> <span class='ocrx_word' id='word_1_219' title='bbox 1022 2574 1159 2642; x_wconf 82' lang='lat' dir='ltr'><strong>Quid</strong></span> <span class='ocrx_word' id='word_1_220' title='bbox 1185 2573 1338 2630; x_wconf 79' lang='lat' dir='ltr'><strong>vobis</strong></span> <span class='ocrx_word' id='word_1_221' title='bbox 1367 2572 1583 2644; x_wconf 80' lang='lat' dir='ltr'><strong>prodest</strong></span> <span class='ocrx_word' id='word_1_222' title='bbox 1603 2573 1726 2643; x_wconf 83' lang='lat' dir='ltr'><strong>quia</strong></span> 
     </span>
    </p>
   </div>
   <div class='ocr_carea' id='block_1_26' title="bbox 124 2663 1727 2742">
    <p class='ocr_par' dir='ltr' id='par_1_26' title="bbox 124 2663 1727 2742">
     <span class='ocr_line' id='line_1_26' title="bbox 124 2663 1727 2742; baseline -0.008 -13"><span class='ocrx_word' id='word_1_223' title='bbox 124 2671 478 2729; x_wconf 86' lang='lat' dir='ltr'><strong>credidistis?</strong></span> <span class='ocrx_word' id='word_1_224' title='bbox 500 2669 626 2742; x_wconf 91' lang='lat' dir='ltr'><strong>quid</strong></span> <span class='ocrx_word' id='word_1_225' title='bbox 651 2671 771 2740; x_wconf 85' lang='lat' dir='ltr'><strong>plus</strong></span> <span class='ocrx_word' id='word_1_226' title='bbox 793 2667 1023 2733; x_wconf 84' lang='lat' dir='ltr'><strong>habetis,</strong></span> <span class='ocrx_word' id='word_1_227' title='bbox 1045 2667 1168 2737; x_wconf 87' lang='lat' dir='ltr'><strong>quia</strong></span> <span class='ocrx_word' id='word_1_228' title='bbox 1189 2665 1462 2720; x_wconf 72' lang='lat' dir='ltr'><strong>Christum</strong></span> <span class='ocrx_word' id='word_1_229' title='bbox 1487 2663 1727 2717; x_wconf 80' lang='lat' dir='ltr'><strong>habetis?</strong></span> 
     </span>
    </p>
   </div>
   <div class='ocr_carea' id='block_1_27' title="bbox 130 2755 1720 2836">
    <p class='ocr_par' dir='ltr' id='par_1_27' title="bbox 130 2755 1720 2836">
     <span class='ocr_line' id='line_1_27' title="bbox 130 2755 1720 2836; baseline -0.009 -15"><span class='ocrx_word' id='word_1_230' title='bbox 130 2765 521 2836; x_wconf 78' lang='lat' dir='ltr'><strong>llespondeaut</strong></span> <span class='ocrx_word' id='word_1_231' title='bbox 550 2761 735 2816; x_wconf 80' lang='lat' dir='ltr'><strong>ﬁdeles</strong></span> <span class='ocrx_word' id='word_1_232' title='bbox 755 2802 770 2824; x_wconf 90' lang='lat'><strong>,</strong></span> <span class='ocrx_word' id='word_1_233' title='bbox 808 2761 854 2816; x_wconf 85' lang='lat' dir='ltr'><strong>si</strong></span> <span class='ocrx_word' id='word_1_234' title='bbox 889 2773 1016 2814; x_wconf 84' lang='lat' dir='ltr'><strong>vere</strong></span> <span class='ocrx_word' id='word_1_235' title='bbox 1040 2758 1224 2812; x_wconf 86' lang='lat' dir='ltr'><strong>fideles</strong></span> <span class='ocrx_word' id='word_1_236' title='bbox 1251 2765 1413 2811; x_wconf 86' lang='lat' dir='ltr'><strong>sunt:</strong></span> <span class='ocrx_word' id='word_1_237' title='bbox 1459 2755 1572 2810; x_wconf 78' lang='lat' dir='ltr'><strong>Nox</strong></span> <span class='ocrx_word' id='word_1_238' title='bbox 1601 2764 1684 2809; x_wconf 88' lang='lat' dir='ltr'><strong>est</strong></span> <span class='ocrx_word' id='word_1_239' title='bbox 1706 2796 1720 2816; x_wconf 84' lang='lat'><strong>,</strong></span> 
     </span>
    </p>
   </div>
   <div class='ocr_carea' id='block_1_28' title="bbox 126 2848 1728 2924">
    <p class='ocr_par' dir='ltr' id='par_1_28' title="bbox 126 2848 1728 2924">
     <span class='ocr_line' id='line_1_28' title="bbox 126 2848 1728 2924; baseline -0.008 -9"><span class='ocrx_word' id='word_1_240' title='bbox 126 2859 372 2915; x_wconf 88' lang='lat' dir='ltr'><strong>nondum</strong></span> <span class='ocrx_word' id='word_1_241' title='bbox 407 2856 616 2910; x_wconf 82' lang='lat' dir='ltr'><strong>videtur</strong></span> <span class='ocrx_word' id='word_1_242' title='bbox 634 2854 773 2924; x_wconf 89' lang='lat' dir='ltr'><strong>quod</strong></span> <span class='ocrx_word' id='word_1_243' title='bbox 806 2861 1069 2907; x_wconf 83' lang='lat' dir='ltr'><strong>tenemus.</strong></span> <span class='ocrx_word' id='word_1_244' title='bbox 1101 2848 1219 2905; x_wconf 80' lang='lat' dir='ltr'><strong>Non</strong></span> <span class='ocrx_word' id='word_1_245' title='bbox 1237 2849 1520 2920; x_wconf 85' lang='lat' dir='ltr'><strong>quiescant</strong></span> <span class='ocrx_word' id='word_1_246' title='bbox 1540 2851 1728 2902; x_wconf 85' lang='lat' dir='ltr'><strong>manus</strong></span> 
     </span>
    </p>
   </div>
   <div class='ocr_carea' id='block_1_29' title="bbox 127 2937 1726 3017">
    <p class='ocr_par' dir='ltr' id='par_1_29' title="bbox 127 2937 1726 3017">
     <span class='ocr_line' id='line_1_29' title="bbox 127 2937 1726 3017; baseline -0.009 -10"><span class='ocrx_word' id='word_1_247' title='bbox 127 2953 181 3008; x_wconf 90' lang='lat' dir='ltr'><strong>in</strong></span> <span class='ocrx_word' id='word_1_248' title='bbox 210 2949 368 3006; x_wconf 85' lang='lat' dir='ltr'><strong>bonis</strong></span> <span class='ocrx_word' id='word_1_249' title='bbox 406 2945 674 3017; x_wconf 84' lang='lat' dir='ltr'><strong>operibus.</strong></span> <span class='ocrx_word' id='word_1_250' title='bbox 708 2943 861 3015; x_wconf 83' lang='lat' dir='ltr'><strong>Unde</strong></span> <span class='ocrx_word' id='word_1_251' title='bbox 885 2941 1012 3010; x_wconf 86' lang='lat' dir='ltr'><strong>alibi</strong></span> <span class='ocrx_word' id='word_1_252' title='bbox 1033 2941 1265 2996; x_wconf 85' lang='lat' dir='ltr'><strong>dicitur:</strong></span> <span class='ocrx_word' id='word_1_253' title='bbox 1311 2937 1378 2993; x_wconf 86' lang='lat' dir='ltr'><strong>In</strong></span> <span class='ocrx_word' id='word_1_254' title='bbox 1405 2938 1489 2993; x_wconf 81' lang='lat' dir='ltr'><strong>die</strong></span> <span class='ocrx_word' id='word_1_255' title='bbox 1510 2937 1726 2994; x_wconf 78' lang='lat' dir='ltr'><strong>tribula-</strong></span> 
     </span>
    </p>
   </div>
   <div class='ocr_carea' id='block_1_30' title="bbox 125 3029 1723 3105">
    <p class='ocr_par' dir='ltr' id='par_1_30' title="bbox 125 3029 1723 3105">
     <span class='ocr_line' id='line_1_30' title="bbox 125 3029 1723 3105; baseline -0.011 -9"><span class='ocrx_word' id='word_1_256' title='bbox 125 3042 283 3096; x_wconf 85' lang='lat' dir='ltr'><strong>tionis</strong></span> <span class='ocrx_word' id='word_1_257' title='bbox 307 3054 434 3093; x_wconf 65' lang='lat' dir='ltr'><strong>mea</strong></span> <span class='ocrx_word' id='word_1_258' title='bbox 457 3037 620 3091; x_wconf 83' lang='lat' dir='ltr'><strong>Deum</strong></span> <span class='ocrx_word' id='word_1_259' title='bbox 651 3033 897 3105; x_wconf 68' lang='lat' dir='ltr'><strong>exquisivi</strong></span> <span class='ocrx_word' id='word_1_260' title='bbox 939 3032 1172 3086; x_wconf 84' lang='lat' dir='ltr'><strong>manibus</strong></span> <span class='ocrx_word' id='word_1_261' title='bbox 1213 3029 1337 3085; x_wconf 84' lang='lat' dir='ltr'><strong>meis</strong></span> <span class='ocrx_word' id='word_1_262' title='bbox 1375 3037 1519 3084; x_wconf 83' lang='lat' dir='ltr'><strong>nocte</strong></span> <span class='ocrx_word' id='word_1_263' title='bbox 1553 3044 1723 3083; x_wconf 87' lang='lat' dir='ltr'><strong>coram</strong></span> 
     </span>
    </p>
   </div>
   <div class='ocr_carea' id='block_1_31' title="bbox 123 3119 1725 3205">
    <p class='ocr_par' dir='ltr' id='par_1_31' title="bbox 123 3119 1725 3205">
     <span class='ocr_line' id='line_1_31' title="bbox 123 3119 1725 3205; baseline -0.009 -14"><span class='ocrx_word' id='word_1_264' title='bbox 123 3153 186 3190; x_wconf 82' lang='lat' dir='ltr'><strong>eo</strong></span> <span class='ocrx_word' id='word_1_265' title='bbox 211 3178 227 3199; x_wconf 84' lang='lat'><strong>,</strong></span> <span class='ocrx_word' id='word_1_266' title='bbox 257 3144 306 3189; x_wconf 90' lang='lat' dir='ltr'><strong>et</strong></span> <span class='ocrx_word' id='word_1_267' title='bbox 328 3148 428 3187; x_wconf 88' lang='lat' dir='ltr'><strong>non</strong></span> <span class='ocrx_word' id='word_1_268' title='bbox 454 3147 568 3185; x_wconf 87' lang='lat' dir='ltr'><strong>sum</strong></span> <span class='ocrx_word' id='word_1_269' title='bbox 592 3128 831 3205; x_wconf 79' lang='lat' dir='ltr'><strong>deceptus</strong></span> <span class='ocrx_word' id='word_1_270' title='bbox 860 3123 1052 3200; x_wconf 85' lang='lat' dir='ltr'><strong>(Psat.</strong></span> <span class='ocrx_word' id='word_1_271' title='bbox 1082 3137 1273 3190; x_wconf 69' lang='lat' dir='ltr'><strong>unt,</strong></span> <span class='ocrx_word' id='word_1_272' title='bbox 1302 3121 1394 3196; x_wconf 76' lang='lat'><strong>3).</strong></span> <span class='ocrx_word' id='word_1_273' title='bbox 1432 3119 1725 3192; x_wconf 81' lang='lat' dir='ltr'><strong>Apparebit</strong></span> 
     </span>
    </p>
   </div>
   <div class='ocr_carea' id='block_1_32' title="bbox 128 3208 1725 3286">
    <p class='ocr_par' dir='ltr' id='par_1_32' title="bbox 128 3208 1725 3286">
     <span class='ocr_line' id='line_1_32' title="bbox 128 3208 1725 3286; baseline -0.011 -4"><span class='ocrx_word' id='word_1_274' title='bbox 128 3229 286 3282; x_wconf 79' lang='lat' dir='ltr'><strong>labor</strong></span> <span class='ocrx_word' id='word_1_275' title='bbox 321 3208 505 3279; x_wconf 76' lang='lat' dir='ltr'><strong>noster</strong></span> <span class='ocrx_word' id='word_1_276' title='bbox 541 3233 726 3286; x_wconf 88' lang='lat' dir='ltr'><strong>mane,</strong></span> <span class='ocrx_word' id='word_1_277' title='bbox 754 3227 811 3274; x_wconf 90' lang='lat' dir='ltr'><strong>et</strong></span> <span class='ocrx_word' id='word_1_278' title='bbox 838 3217 943 3273; x_wconf 88' lang='lat' dir='ltr'><strong>erit</strong></span> <span class='ocrx_word' id='word_1_279' title='bbox 969 3215 1173 3271; x_wconf 87' lang='lat' dir='ltr'><strong>fructus</strong></span> <span class='ocrx_word' id='word_1_280' title='bbox 1201 3217 1398 3269; x_wconf 86' lang='lat' dir='ltr'><strong>mane:</strong></span> <span class='ocrx_word' id='word_1_281' title='bbox 1427 3221 1485 3267; x_wconf 89' lang='lat' dir='ltr'><strong>ut</strong></span> <span class='ocrx_word' id='word_1_282' title='bbox 1521 3211 1597 3267; x_wconf 89' lang='lat' dir='ltr'><strong>illi</strong></span> <span class='ocrx_word' id='word_1_283' title='bbox 1632 3211 1725 3282; x_wconf 90' lang='lat' dir='ltr'><strong>qui</strong></span> 
     </span>
    </p>
   </div>
   <div class='ocr_carea' id='block_1_33' title="bbox 128 3305 1726 3384">
    <p class='ocr_par' dir='ltr' id='par_1_33' title="bbox 128 3305 1726 3384">
     <span class='ocr_line' id='line_1_33' title="bbox 128 3305 1726 3384; baseline -0.012 -7"><span class='ocrx_word' id='word_1_284' title='bbox 128 3320 297 3377; x_wconf 86' lang='lat' dir='ltr'><strong>modo</strong></span> <span class='ocrx_word' id='word_1_285' title='bbox 322 3311 598 3381; x_wconf 73' lang='lat' dir='ltr'><strong>biberant,</strong></span> <span class='ocrx_word' id='word_1_286' title='bbox 627 3322 812 3384; x_wconf 84' lang='lat' dir='ltr'><strong>postea</strong></span> <span class='ocrx_word' id='word_1_287' title='bbox 835 3309 1222 3373; x_wconf 84' lang='lat' dir='ltr'><strong>dominentur;</strong></span> <span class='ocrx_word' id='word_1_288' title='bbox 1267 3305 1420 3363; x_wconf 87' lang='lat' dir='ltr'><strong>etilli</strong></span> <span class='ocrx_word' id='word_1_289' title='bbox 1445 3305 1538 3377; x_wconf 90' lang='lat' dir='ltr'><strong>qui</strong></span> <span class='ocrx_word' id='word_1_290' title='bbox 1563 3305 1726 3359; x_wconf 89' lang='lat' dir='ltr'><strong>modo</strong></span> 
     </span>
    </p>
   </div>
   <div class='ocr_carea' id='block_1_34' title="bbox 127 3393 1724 3481">
    <p class='ocr_par' dir='ltr' id='par_1_34' title="bbox 127 3393 1724 3481">
     <span class='ocr_line' id='line_1_34' title="bbox 127 3393 1724 3481; baseline -0.011 -14"><span class='ocrx_word' id='word_1_291' title='bbox 127 3393 188 3467; x_wconf 85' lang='lat' dir='ltr'><strong>se</strong></span> <span class='ocrx_word' id='word_1_292' title='bbox 220 3412 431 3481; x_wconf 84' lang='lat' dir='ltr'><strong>jactant</strong></span> <span class='ocrx_word' id='word_1_293' title='bbox 467 3415 525 3462; x_wconf 87' lang='lat' dir='ltr'><strong>et</strong></span> <span class='ocrx_word' id='word_1_294' title='bbox 557 3403 902 3475; x_wconf 78' lang='lat' dir='ltr'><strong>superbiant,</strong></span> <span class='ocrx_word' id='word_1_295' title='bbox 951 3409 1134 3473; x_wconf 89' lang='lat' dir='ltr'><strong>postea</strong></span> <span class='ocrx_word' id='word_1_296' title='bbox 1171 3397 1540 3468; x_wconf 73' lang='lat' dir='ltr'><strong>subiiciantur.</strong></span> <span class='ocrx_word' id='word_1_297' title='bbox 1586 3395 1724 3465; x_wconf 84' lang='lat' dir='ltr'><strong>Quid</strong></span> 
     </span>
    </p>
   </div>
   <div class='ocr_carea' id='block_1_35' title="bbox 126 3482 1726 3571">
    <p class='ocr_par' dir='ltr' id='par_1_35' title="bbox 126 3482 1726 3571">
     <span class='ocr_line' id='line_1_35' title="bbox 126 3482 1726 3571; baseline -0.011 -11"><span class='ocrx_word' id='word_1_298' title='bbox 126 3505 274 3560; x_wconf 87' lang='lat' dir='ltr'><strong>enim</strong></span> <span class='ocrx_word' id='word_1_299' title='bbox 300 3497 589 3571; x_wconf 82' lang='lat' dir='ltr'><strong>sequitur?</strong></span> <span class='ocrx_word' id='word_1_300' title='bbox 614 3496 761 3551; x_wconf 82' lang='lat' dir='ltr'><strong>Sicut</strong></span> <span class='ocrx_word' id='word_1_301' title='bbox 787 3482 902 3549; x_wconf 76' lang='lat' dir='ltr'><strong>oves</strong></span> <span class='ocrx_word' id='word_1_302' title='bbox 920 3493 973 3546; x_wconf 85' lang='lat' dir='ltr'><strong>in</strong></span> <span class='ocrx_word' id='word_1_303' title='bbox 995 3494 1196 3562; x_wconf 81' lang='lat' dir='ltr'><strong>inferno</strong></span> <span class='ocrx_word' id='word_1_304' title='bbox 1219 3491 1422 3560; x_wconf 67' lang='grc' dir='ltr'><strong>νοείτω,</strong></span> <span class='ocrx_word' id='word_1_305' title='bbox 1442 3507 1578 3543; x_wconf 87' lang='lat' dir='ltr'><strong>mors</strong></span> <span class='ocrx_word' id='word_1_306' title='bbox 1631 3506 1726 3561; x_wconf 84' lang='lat' dir='ltr'><strong>pa-</strong></span> 
     </span>
    </p>
   </div>
   <div class='ocr_carea' id='block_1_36' title="bbox 126 3583 1472 3655">
    <p class='ocr_par' dir='ltr' id='par_1_36' title="bbox 126 3583 1472 3655">
     <span class='ocr_line' id='line_1_36' title="bbox 126 3583 1472 3655; baseline -0.01 -6"><span class='ocrx_word' id='word_1_307' title='bbox 126 3607 236 3655; x_wconf 76' lang='lat' dir='ltr'><strong>stor</strong></span> <span class='ocrx_word' id='word_1_308' title='bbox 274 3604 349 3647; x_wconf 87' lang='lat' dir='ltr'><strong>est</strong></span> <span class='ocrx_word' id='word_1_309' title='bbox 381 3592 471 3646; x_wconf 68' lang='lat' dir='ltr'><strong>eis.</strong></span> <span class='ocrx_word' id='word_1_310' title='bbox 507 3589 573 3644; x_wconf 81' lang='lat' dir='ltr'><strong>Et</strong></span> <span class='ocrx_word' id='word_1_311' title='bbox 603 3587 996 3651; x_wconf 81' lang='lat' dir='ltr'><strong>dominabuntur</strong></span> <span class='ocrx_word' id='word_1_312' title='bbox 1033 3584 1104 3637; x_wconf 86' lang='lat' dir='ltr'><strong>eis</strong></span> <span class='ocrx_word' id='word_1_313' title='bbox 1143 3583 1268 3636; x_wconf 80' lang='lat' dir='ltr'><strong>recti</strong></span> <span class='ocrx_word' id='word_1_314' title='bbox 1307 3597 1472 3636; x_wconf 82' lang='lat' dir='ltr'><strong>mune.</strong></span> 
     </span>
    </p>
   </div>
   <div class='ocr_carea' id='block_1_37' title="bbox 201 3674 1726 3755">
    <p class='ocr_par' dir='ltr' id='par_1_37' title="bbox 201 3674 1726 3755">
     <span class='ocr_line' id='line_1_37' title="bbox 201 3674 1726 3755; baseline -0.016 -12"><span class='ocrx_word' id='word_1_315' title='bbox 201 3691 253 3744; x_wconf 72' lang='grc'><strong>4.</strong></span> <span class='ocrx_word' id='word_1_316' title='bbox 298 3685 560 3755; x_wconf 84' lang='lat' dir='ltr'><strong>Putojam</strong></span> <span class='ocrx_word' id='word_1_317' title='bbox 593 3683 806 3753; x_wconf 87' lang='lat' dir='ltr'><strong>planum</strong></span> <span class='ocrx_word' id='word_1_318' title='bbox 835 3692 954 3733; x_wconf 89' lang='lat' dir='ltr'><strong>esse</strong></span> <span class='ocrx_word' id='word_1_319' title='bbox 983 3679 1141 3732; x_wconf 88' lang='lat' dir='ltr'><strong>Istum</strong></span> <span class='ocrx_word' id='word_1_320' title='bbox 1172 3688 1406 3738; x_wconf 84' lang='lat' dir='ltr'><strong>versum,</strong></span> <span class='ocrx_word' id='word_1_321' title='bbox 1430 3674 1552 3745; x_wconf 89' lang='lat' dir='ltr'><strong>quia</strong></span> <span class='ocrx_word' id='word_1_322' title='bbox 1583 3687 1726 3744; x_wconf 67' lang='grc' dir='ltr'>ιιι-ω-</span> 
     </span>
    </p>
   </div>
   <div class='ocr_carea' id='block_1_38' title="bbox 126 3767 1725 3837">
    <p class='ocr_par' dir='ltr' id='par_1_38' title="bbox 126 3767 1725 3837">
     <span class='ocr_line' id='line_1_38' title="bbox 126 3767 1725 3837; baseline -0.009 0"><span class='ocrx_word' id='word_1_323' title='bbox 126 3783 291 3837; x_wconf 86' lang='lat' dir='ltr'><strong>locuti</strong></span> <span class='ocrx_word' id='word_1_324' title='bbox 339 3793 525 3834; x_wconf 89' lang='lat' dir='ltr'><strong>sumus</strong></span> <span class='ocrx_word' id='word_1_325' title='bbox 555 3793 568 3827; x_wconf 89' lang='lat'><strong>:</strong></span> <span class='ocrx_word' id='word_1_326' title='bbox 605 3771 1011 3829; x_wconf 72' lang='lat' dir='ltr'><strong>nominabuntur</strong></span> <span class='ocrx_word' id='word_1_327' title='bbox 1046 3769 1119 3823; x_wconf 89' lang='lat' dir='ltr'><strong>eis</strong></span> <span class='ocrx_word' id='word_1_328' title='bbox 1155 3767 1278 3823; x_wconf 85' lang='lat' dir='ltr'><strong>recti</strong></span> <span class='ocrx_word' id='word_1_329' title='bbox 1319 3783 1485 3821; x_wconf 88' lang='lat' dir='ltr'><strong>mane.</strong></span> <span class='ocrx_word' id='word_1_330' title='bbox 1532 3767 1725 3823; x_wconf 84' lang='lat' dir='ltr'><strong>Tolera</strong></span> 
     </span>
    </p>
   </div>
   <div class='ocr_carea' id='block_1_39' title="bbox 126 3851 1725 3939">
    <p class='ocr_par' dir='ltr' id='par_1_39' title="bbox 126 3851 1725 3939">
     <span class='ocr_line' id='line_1_39' title="bbox 126 3851 1725 3939; baseline -0.014 -9"><span class='ocrx_word' id='word_1_331' title='bbox 126 3878 365 3937; x_wconf 85' lang='lat' dir='ltr'><strong>noctem,</strong></span> <span class='ocrx_word' id='word_1_332' title='bbox 393 3851 638 3925; x_wconf 83' lang='lat' dir='ltr'><strong>desidera</strong></span> <span class='ocrx_word' id='word_1_333' title='bbox 668 3877 846 3919; x_wconf 80' lang='lat' dir='ltr'><strong>mane.</strong></span> <span class='ocrx_word' id='word_1_334' title='bbox 876 3861 954 3916; x_wconf 83' lang='lat' dir='ltr'><strong>Ne</strong></span> <span class='ocrx_word' id='word_1_335' title='bbox 985 3870 1136 3930; x_wconf 86' lang='lat' dir='ltr'><strong>putes</strong></span> <span class='ocrx_word' id='word_1_336' title='bbox 1165 3857 1286 3939; x_wconf 78' lang='lat' dir='ltr'><strong>quia</strong></span> <span class='ocrx_word' id='word_1_337' title='bbox 1317 3872 1422 3927; x_wconf 81' lang='lat' dir='ltr'><strong>uox</strong></span> <span class='ocrx_word' id='word_1_338' title='bbox 1452 3855 1614 3912; x_wconf 85' lang='lat' dir='ltr'><strong>habet</strong></span> <span class='ocrx_word' id='word_1_339' title='bbox 1640 3857 1725 3910; x_wconf 84' lang='lat' dir='ltr'><strong>vl-</strong></span> 
     </span>
    </p>
   </div>
   <div class='ocr_carea' id='block_1_40' title="bbox 129 3948 1722 4032">
    <p class='ocr_par' dir='ltr' id='par_1_40' title="bbox 129 3948 1722 4032">
     <span class='ocr_line' id='line_1_40' title="bbox 129 3948 1722 4032; baseline -0.013 -11"><span class='ocrx_word' id='word_1_340' title='bbox 129 3977 261 4032; x_wconf 83' lang='lat' dir='ltr'><strong>lam,</strong></span> <span class='ocrx_word' id='word_1_341' title='bbox 284 3974 340 4019; x_wconf 89' lang='lat' dir='ltr'><strong>ct</strong></span> <span class='ocrx_word' id='word_1_342' title='bbox 364 3977 521 4017; x_wconf 83' lang='lat' dir='ltr'><strong>mane</strong></span> <span class='ocrx_word' id='word_1_343' title='bbox 549 3975 654 4014; x_wconf 91' lang='lat' dir='ltr'><strong>non</strong></span> <span class='ocrx_word' id='word_1_344' title='bbox 683 3956 844 4011; x_wconf 83' lang='lat' dir='ltr'><strong>habet</strong></span> <span class='ocrx_word' id='word_1_345' title='bbox 867 3953 1049 4010; x_wconf 84' lang='lat' dir='ltr'><strong>vitam.</strong></span> <span class='ocrx_word' id='word_1_346' title='bbox 1080 3951 1222 4022; x_wconf 78' lang='lat' dir='ltr'><strong>Ergo</strong></span> <span class='ocrx_word' id='word_1_347' title='bbox 1245 3949 1332 4027; x_wconf 89' lang='lat' dir='ltr'><strong>qui</strong></span> <span class='ocrx_word' id='word_1_348' title='bbox 1357 3948 1556 4004; x_wconf 81' lang='lat' dir='ltr'><strong>dormit</strong></span> <span class='ocrx_word' id='word_1_349' title='bbox 1574 3948 1722 4017; x_wconf 83' lang='lat' dir='ltr'><strong>vivit,</strong></span> 
     </span>
    </p>
   </div>
   <div class='ocr_carea' id='block_1_41' title="bbox 126 4040 1724 4128">
    <p class='ocr_par' dir='ltr' id='par_1_41' title="bbox 126 4040 1724 4128">
     <span class='ocr_line' id='line_1_41' title="bbox 126 4040 1724 4128; baseline -0.013 -14"><span class='ocrx_word' id='word_1_350' title='bbox 126 4070 181 4114; x_wconf 85' lang='lat' dir='ltr'><strong>et</strong></span> <span class='ocrx_word' id='word_1_351' title='bbox 204 4057 297 4128; x_wconf 90' lang='lat' dir='ltr'><strong>qui</strong></span> <span class='ocrx_word' id='word_1_352' title='bbox 322 4055 490 4124; x_wconf 75' lang='lat' dir='ltr'><strong>surgit</strong></span> <span class='ocrx_word' id='word_1_353' title='bbox 516 4066 620 4107; x_wconf 85' lang='lat' dir='ltr'><strong>non</strong></span> <span class='ocrx_word' id='word_1_354' title='bbox 651 4040 820 4104; x_wconf 82' lang='lat' dir='ltr'><strong>vivit?</strong></span> <span class='ocrx_word' id='word_1_355' title='bbox 846 4046 1035 4102; x_wconf 83' lang='lat' dir='ltr'><strong>Nonne</strong></span> <span class='ocrx_word' id='word_1_356' title='bbox 1075 4043 1164 4116; x_wconf 89' lang='lat' dir='ltr'><strong>qui</strong></span> <span class='ocrx_word' id='word_1_357' title='bbox 1191 4041 1390 4097; x_wconf 86' lang='lat' dir='ltr'><strong>dormit</strong></span> <span class='ocrx_word' id='word_1_358' title='bbox 1416 4042 1575 4096; x_wconf 91' lang='lat' dir='ltr'><strong>morti</strong></span> <span class='ocrx_word' id='word_1_359' title='bbox 1602 4042 1624 4073; x_wconf 79' lang='lat'>&#39;</span> <span class='ocrx_word' id='word_1_360' title='bbox 1650 4042 1724 4094; x_wconf 67' lang='lat' dir='ltr'><strong>si-</strong></span> 
     </span>
    </p>
   </div>
   <div class='ocr_carea' id='block_1_42' title="bbox 127 4129 1727 4214">
    <p class='ocr_par' dir='ltr' id='par_1_42' title="bbox 127 4129 1727 4214">
     <span class='ocr_line' id='line_1_42' title="bbox 127 4129 1727 4214; baseline -0.012 -9"><span class='ocrx_word' id='word_1_361' title='bbox 127 4150 308 4205; x_wconf 88' lang='lat' dir='ltr'><strong>milior</strong></span> <span class='ocrx_word' id='word_1_362' title='bbox 331 4146 458 4202; x_wconf 79' lang='lat' dir='ltr'><strong>est?</strong></span> <span class='ocrx_word' id='word_1_363' title='bbox 487 4143 554 4198; x_wconf 81' lang='lat' dir='ltr'><strong>Et</strong></span> <span class='ocrx_word' id='word_1_364' title='bbox 577 4142 666 4214; x_wconf 85' lang='lat' dir='ltr'><strong>qui</strong></span> <span class='ocrx_word' id='word_1_365' title='bbox 711 4150 833 4193; x_wconf 85' lang='lat' dir='ltr'><strong>sunt</strong></span> <span class='ocrx_word' id='word_1_366' title='bbox 873 4136 965 4208; x_wconf 89' lang='lat' dir='ltr'><strong>qui</strong></span> <span class='ocrx_word' id='word_1_367' title='bbox 1008 4129 1317 4190; x_wconf 74' lang='lat' dir='ltr'><strong>dormiunt?</strong></span> <span class='ocrx_word' id='word_1_368' title='bbox 1359 4131 1505 4198; x_wconf 88' lang='lat' dir='ltr'><strong>Quos</strong></span> <span class='ocrx_word' id='word_1_369' title='bbox 1531 4132 1727 4214; x_wconf 75' lang='lat' dir='ltr'><strong>excitat</strong></span> 
     </span>
    </p>
   </div>
   <div class='ocr_carea' id='block_1_43' title="bbox 127 4207 1726 4312">
    <p class='ocr_par' dir='ltr' id='par_1_43' title="bbox 127 4207 1726 4312">
     <span class='ocr_line' id='line_1_43' title="bbox 127 4207 1726 4312; baseline -0.013 -15"><span class='ocrx_word' id='word_1_370' title='bbox 127 4240 409 4312; x_wconf 79' lang='lat' dir='ltr'><strong>apostolus</strong></span> <span class='ocrx_word' id='word_1_371' title='bbox 434 4207 668 4298; x_wconf 75' lang='lat' dir='ltr'><strong>Paulus,</strong></span> <span class='ocrx_word' id='word_1_372' title='bbox 701 4231 746 4286; x_wconf 90' lang='lat' dir='ltr'><strong>si</strong></span> <span class='ocrx_word' id='word_1_373' title='bbox 775 4207 953 4284; x_wconf 85' lang='lat' dir='ltr'><strong>tamen</strong></span> <span class='ocrx_word' id='word_1_374' title='bbox 985 4225 1146 4281; x_wconf 88' lang='lat' dir='ltr'><strong>velint</strong></span> <span class='ocrx_word' id='word_1_375' title='bbox 1173 4223 1446 4295; x_wconf 81' lang='lat' dir='ltr'><strong>evigilare.</strong></span> <span class='ocrx_word' id='word_1_376' title='bbox 1490 4207 1726 4289; x_wconf 79' lang='lat' dir='ltr'><strong>Quibus-</strong></span> 
     </span>
    </p>
   </div>
   <div class='ocr_carea' id='block_1_44' title="bbox 127 4316 1730 4392">
    <p class='ocr_par' dir='ltr' id='par_1_44' title="bbox 127 4316 1730 4392">
     <span class='ocr_line' id='line_1_44' title="bbox 127 4316 1730 4392; baseline -0.014 -4"><span class='ocrx_word' id='word_1_377' title='bbox 127 4334 252 4389; x_wconf 87' lang='lat' dir='ltr'><strong>dam</strong></span> <span class='ocrx_word' id='word_1_378' title='bbox 281 4329 427 4385; x_wconf 88' lang='lat' dir='ltr'><strong>enim</strong></span> <span class='ocrx_word' id='word_1_379' title='bbox 453 4326 583 4382; x_wconf 89' lang='lat' dir='ltr'><strong>dicit</strong></span> <span class='ocrx_word' id='word_1_380' title='bbox 609 4342 623 4376; x_wconf 89' lang='lat'><strong>:</strong></span> <span class='ocrx_word' id='word_1_381' title='bbox 659 4319 936 4392; x_wconf 76' lang='lat' dir='ltr'><strong>Surgelqui</strong></span> <span class='ocrx_word' id='word_1_382' title='bbox 962 4316 1188 4380; x_wconf 82' lang='lat' dir='ltr'><strong>dormis,</strong></span> <span class='ocrx_word' id='word_1_383' title='bbox 1218 4322 1265 4369; x_wconf 87' lang='lat' dir='ltr'><strong>et</strong></span> <span class='ocrx_word' id='word_1_384' title='bbox 1294 4328 1506 4385; x_wconf 77' lang='lat' dir='ltr'><strong>exsurge</strong></span> <span class='ocrx_word' id='word_1_385' title='bbox 1533 4329 1564 4366; x_wconf 89' lang='lat' dir='ltr'><strong>a</strong></span> <span class='ocrx_word' id='word_1_386' title='bbox 1593 4330 1730 4367; x_wconf 86' lang='lat' dir='ltr'><strong>mor-</strong></span> 
     </span>
    </p>
   </div>
   <div class='ocr_carea' id='block_1_45' title="bbox 125 4403 1726 4490">
    <p class='ocr_par' dir='ltr' id='par_1_45' title="bbox 125 4403 1726 4490">
     <span class='ocr_line' id='line_1_45' title="bbox 125 4403 1726 4490; baseline -0.013 -10"><span class='ocrx_word' id='word_1_387' title='bbox 125 4427 262 4490; x_wconf 85' lang='lat' dir='ltr'><strong>tuis,</strong></span> <span class='ocrx_word' id='word_1_388' title='bbox 287 4435 338 4478; x_wconf 85' lang='lat' dir='ltr'><strong>et</strong></span> <span class='ocrx_word' id='word_1_389' title='bbox 378 4417 684 4475; x_wconf 82' lang='lat' dir='ltr'><strong>illuminabit</strong></span> <span class='ocrx_word' id='word_1_390' title='bbox 727 4424 774 4468; x_wconf 91' lang='lat' dir='ltr'><strong>te</strong></span> <span class='ocrx_word' id='word_1_391' title='bbox 815 4410 1046 4465; x_wconf 72' lang='lat' dir='ltr'><strong>Christus</strong></span> <span class='ocrx_word' id='word_1_392' title='bbox 1083 4405 1318 4477; x_wconf 86' lang='lat' dir='ltr'><strong>(Ephes.</strong></span> <span class='ocrx_word' id='word_1_393' title='bbox 1348 4420 1380 4460; x_wconf 88' lang='lat' dir='ltr'><strong>v</strong></span> <span class='ocrx_word' id='word_1_394' title='bbox 1403 4445 1419 4470; x_wconf 93' lang='lat'><strong>,</strong></span> <span class='ocrx_word' id='word_1_395' title='bbox 1467 4403 1598 4472; x_wconf 70' lang='grc'><strong>14).</strong></span> <span class='ocrx_word' id='word_1_396' title='bbox 1627 4405 1726 4472; x_wconf 85' lang='lat' dir='ltr'><strong>Qui</strong></span> 
     </span>
    </p>
   </div>
   <div class='ocr_carea' id='block_1_46' title="bbox 127 4496 1726 4588">
    <p class='ocr_par' dir='ltr' id='par_1_46' title="bbox 127 4496 1726 4588">
     <span class='ocr_line' id='line_1_46' title="bbox 127 4496 1726 4588; baseline -0.013 -17"><span class='ocrx_word' id='word_1_397' title='bbox 127 4533 256 4588; x_wconf 75' lang='lat' dir='ltr'><strong>ergo</strong></span> <span class='ocrx_word' id='word_1_398' title='bbox 281 4501 648 4569; x_wconf 85' lang='lat' dir='ltr'><strong>illuminauntr</strong></span> <span class='ocrx_word' id='word_1_399' title='bbox 666 4523 695 4560; x_wconf 88' lang='lat' dir='ltr'><strong>a</strong></span> <span class='ocrx_word' id='word_1_400' title='bbox 721 4504 956 4565; x_wconf 83' lang='lat' dir='ltr'><strong>Christo,</strong></span> <span class='ocrx_word' id='word_1_401' title='bbox 974 4502 1084 4572; x_wconf 81' lang='lat' dir='ltr'><strong>ja‘m</strong></span> <span class='ocrx_word' id='word_1_402' title='bbox 1108 4497 1348 4568; x_wconf 77' lang='lat' dir='ltr'><strong>vigilant,</strong></span> <span class='ocrx_word' id='word_1_403' title='bbox 1375 4496 1469 4552; x_wconf 88' lang='lat' dir='ltr'><strong>sed</strong></span> <span class='ocrx_word' id='word_1_404' title='bbox 1492 4496 1726 4551; x_wconf 87' lang='lat' dir='ltr'><strong>nondum</strong></span> 
     </span>
    </p>
   </div>
   <div class='ocr_carea' id='block_1_47' title="bbox 82 4587 1725 4678">
    <p class='ocr_par' dir='ltr' id='par_1_47' title="bbox 82 4587 1725 4678">
     <span class='ocr_line' id='line_1_47' title="bbox 82 4587 1725 4678; baseline -0.013 -16"><span class='ocrx_word' id='word_1_405' title='bbox 82 4644 85 4646; x_wconf 64' lang='grc'><strong>›</strong></span> <span class='ocrx_word' id='word_1_406' title='bbox 129 4587 349 4678; x_wconf 73' lang='lat' dir='ltr'><strong>apparet</strong></span> <span class='ocrx_word' id='word_1_407' title='bbox 379 4603 583 4658; x_wconf 89' lang='lat' dir='ltr'><strong>fructus</strong></span> <span class='ocrx_word' id='word_1_408' title='bbox 625 4596 918 4668; x_wconf 74' lang='lat' dir='ltr'><strong>vigiliarum</strong></span> <span class='ocrx_word' id='word_1_409' title='bbox 941 4610 963 4647; x_wconf 73' lang='grc' dir='ltr'><strong>,ε</strong></span> <span class='ocrx_word' id='word_1_410' title='bbox 991 4605 1150 4646; x_wconf 76' lang='lat' dir='ltr'><strong>nume</strong></span> <span class='ocrx_word' id='word_1_411' title='bbox 1176 4588 1486 4659; x_wconf 86' lang='lat' dir='ltr'><strong>apparebit,</strong></span> <span class='ocrx_word' id='word_1_412' title='bbox 1519 4587 1570 4642; x_wconf 90' lang='lat' dir='ltr'><strong>id</strong></span> <span class='ocrx_word' id='word_1_413' title='bbox 1599 4597 1683 4642; x_wconf 90' lang='lat' dir='ltr'><strong>est</strong></span> <span class='ocrx_word' id='word_1_414' title='bbox 1708 4627 1725 4653; x_wconf 92' lang='lat'><strong>,</strong></span> 
     </span>
    </p>
   </div>
   <div class='ocr_carea' id='block_1_48' title="bbox 127 4677 1728 4758">
    <p class='ocr_par' dir='ltr' id='par_1_48' title="bbox 127 4677 1728 4758">
     <span class='ocr_line' id='line_1_48' title="bbox 127 4677 1728 4758; baseline -0.014 -5"><span class='ocrx_word' id='word_1_415' title='bbox 127 4677 250 4754; x_wconf 88' lang='lat' dir='ltr'><strong>eum</strong></span> <span class='ocrx_word' id='word_1_416' title='bbox 279 4693 462 4750; x_wconf 64' lang='lat' dir='ltr'><strong>seculi</strong></span> <span class='ocrx_word' id='word_1_417' title='bbox 505 4691 663 4758; x_wconf 82' lang='lat' dir='ltr'><strong>hujus</strong></span> <span class='ocrx_word' id='word_1_418' title='bbox 702 4688 900 4741; x_wconf 88' lang='lat' dir='ltr'><strong>incerta</strong></span> <span class='ocrx_word' id='word_1_419' title='bbox 945 4680 1275 4758; x_wconf 80' lang='lat' dir='ltr'><strong>transierint.</strong></span> <span class='ocrx_word' id='word_1_420' title='bbox 1305 4677 1423 4748; x_wconf 85' lang='lat' dir='ltr'><strong>Ipsa</strong></span> <span class='ocrx_word' id='word_1_421' title='bbox 1467 4685 1550 4732; x_wconf 85' lang='lat' dir='ltr'><strong>est</strong></span> <span class='ocrx_word' id='word_1_422' title='bbox 1583 4678 1728 4731; x_wconf 89' lang='lat' dir='ltr'><strong>enim</strong></span> 
     </span>
    </p>
   </div>
   <div class='ocr_carea' id='block_1_49' title="bbox 128 4755 1732 4844">
    <p class='ocr_par' dir='ltr' id='par_1_49' title="bbox 128 4755 1732 4844">
     <span class='ocr_line' id='line_1_49' title="bbox 128 4755 1732 4844; baseline -0.014 -1"><span class='ocrx_word' id='word_1_423' title='bbox 128 4804 235 4844; x_wconf 83' lang='lat' dir='ltr'><strong>nox</strong></span> <span class='ocrx_word' id='word_1_424' title='bbox 267 4805 280 4840; x_wconf 90' lang='lat'><strong>:</strong></span> <span class='ocrx_word' id='word_1_425' title='bbox 314 4801 421 4840; x_wconf 91' lang='lat' dir='ltr'><strong>nou</strong></span> <span class='ocrx_word' id='word_1_426' title='bbox 467 4755 751 4837; x_wconf 27' lang='lat' dir='ltr'><strong>tibiveuim</strong></span> <span class='ocrx_word' id='word_1_427' title='bbox 781 4775 1029 4830; x_wconf 89' lang='lat' dir='ltr'><strong>videntur</strong></span> <span class='ocrx_word' id='word_1_428' title='bbox 1063 4771 1215 4840; x_wconf 87' lang='lat' dir='ltr'><strong>quasi</strong></span> <span class='ocrx_word' id='word_1_429' title='bbox 1261 4755 1538 4824; x_wconf 66' lang='lat' dir='ltr'><strong>tenebrae?</strong></span> <span class='ocrx_word' id='word_1_430' title='bbox 1572 4765 1732 4838; x_wconf 77' lang='lat' dir='ltr'><strong>Facit</strong></span> 
     </span>
    </p>
   </div>
   <div class='ocr_carea' id='block_1_50' title="bbox 127 4858 1728 4942">
    <p class='ocr_par' dir='ltr' id='par_1_50' title="bbox 127 4858 1728 4942">
     <span class='ocr_line' id='line_1_50' title="bbox 127 4858 1728 4942; baseline -0.013 -8"><span class='ocrx_word' id='word_1_431' title='bbox 127 4881 299 4942; x_wconf 78' lang='lat' dir='ltr'><strong>male;</strong></span> <span class='ocrx_word' id='word_1_432' title='bbox 334 4875 468 4930; x_wconf 86' lang='lat' dir='ltr'><strong>vivit</strong></span> <span class='ocrx_word' id='word_1_433' title='bbox 489 4913 505 4938; x_wconf 87' lang='lat'><strong>,</strong></span> <span class='ocrx_word' id='word_1_434' title='bbox 537 4871 691 4927; x_wconf 85' lang='lat' dir='ltr'><strong>floret</strong></span> <span class='ocrx_word' id='word_1_435' title='bbox 715 4894 749 4934; x_wconf 89' lang='lat'><strong>,-</strong></span> <span class='ocrx_word' id='word_1_436' title='bbox 776 4875 977 4928; x_wconf 88' lang='lat' dir='ltr'><strong>terret,</strong></span> <span class='ocrx_word' id='word_1_437' title='bbox 1011 4862 1306 4920; x_wconf 83' lang='lat' dir='ltr'><strong>honoratur</strong></span> <span class='ocrx_word' id='word_1_438' title='bbox 1336 4876 1353 4916; x_wconf 91' lang='lat'><strong>:</strong></span> <span class='ocrx_word' id='word_1_439' title='bbox 1383 4858 1509 4914; x_wconf 73' lang='lat' dir='ltr'><strong>facit</strong></span> <span class='ocrx_word' id='word_1_440' title='bbox 1553 4859 1728 4925; x_wconf 86' lang='lat' dir='ltr'><strong>bene;</strong></span> 
     </span>
    </p>
   </div>
   <div class='ocr_carea' id='block_1_51' title="bbox 131 4948 1732 5042">
    <p class='ocr_par' dir='ltr' id='par_1_51' title="bbox 131 4948 1732 5042">
     <span class='ocr_line' id='line_1_51' title="bbox 131 4948 1732 5042; baseline -0.02 -15"><span class='ocrx_word' id='word_1_441' title='bbox 131 4965 565 5042; x_wconf 86' lang='lat' dir='ltr'><strong>reprehenditur,</strong></span> <span class='ocrx_word' id='word_1_442' title='bbox 593 4948 1015 5030; x_wconf 83' lang='lat' dir='ltr'><strong>blasphematur,</strong></span> <span class='ocrx_word' id='word_1_443' title='bbox 1041 4960 1343 5019; x_wconf 79' lang='lat' dir='ltr'><strong>accusatur,</strong></span> <span class='ocrx_word' id='word_1_444' title='bbox 1365 4951 1592 5023; x_wconf 81' lang='lat' dir='ltr'><strong>laborat,</strong></span> <span class='ocrx_word' id='word_1_445' title='bbox 1619 4958 1732 5006; x_wconf 75' lang='lat' dir='ltr'><strong>ter.</strong></span> 
     </span>
    </p>
   </div>
   <div class='ocr_carea' id='block_1_52' title="bbox 128 5042 1726 5130">
    <p class='ocr_par' dir='ltr' id='par_1_52' title="bbox 128 5042 1726 5130">
     <span class='ocr_line' id='line_1_52' title="bbox 128 5042 1726 5130; baseline -0.014 -10"><span class='ocrx_word' id='word_1_446' title='bbox 128 5075 279 5120; x_wconf 88' lang='lat' dir='ltr'><strong>retur</strong></span> <span class='ocrx_word' id='word_1_447' title='bbox 309 5079 325 5115; x_wconf 88' lang='lat'><strong>:</strong></span> <span class='ocrx_word' id='word_1_448' title='bbox 357 5057 512 5130; x_wconf 83' lang='lat' dir='ltr'><strong>quasi</strong></span> <span class='ocrx_word' id='word_1_449' title='bbox 539 5055 772 5110; x_wconf 79' lang='lat' dir='ltr'><strong>tenebra:</strong></span> <span class='ocrx_word' id='word_1_450' title='bbox 822 5059 967 5107; x_wconf 88' lang='lat' dir='ltr'><strong>sunt.</strong></span> <span class='ocrx_word' id='word_1_451' title='bbox 1013 5047 1073 5102; x_wconf 90' lang='lat' dir='ltr'><strong>In</strong></span> <span class='ocrx_word' id='word_1_452' title='bbox 1119 5045 1300 5115; x_wconf 83' lang='lat' dir='ltr'><strong>radice</strong></span> <span class='ocrx_word' id='word_1_453' title='bbox 1335 5053 1511 5100; x_wconf 85' lang='lat' dir='ltr'><strong>autem</strong></span> <span class='ocrx_word' id='word_1_454' title='bbox 1541 5042 1726 5115; x_wconf 80' lang='lat' dir='ltr'><strong>vigor,</strong></span> 
     </span>
    </p>
   </div>
   <div class='ocr_carea' id='block_1_53' title="bbox 132 5133 1733 5220">
    <p class='ocr_par' dir='ltr' id='par_1_53' title="bbox 132 5133 1733 5220">
     <span class='ocr_line' id='line_1_53' title="bbox 132 5133 1733 5220; baseline -0.013 -11"><span class='ocrx_word' id='word_1_455' title='bbox 132 5155 340 5210; x_wconf 74' lang='lat' dir='ltr'><strong>fructus</strong></span> <span class='ocrx_word' id='word_1_456' title='bbox 363 5193 377 5214; x_wconf 89' lang='lat'><strong>.</strong></span> <span class='ocrx_word' id='word_1_457' title='bbox 409 5147 725 5220; x_wconf 72' lang='lat' dir='ltr'><strong>epulentia-z</strong></span> <span class='ocrx_word' id='word_1_458' title='bbox 755 5143 867 5198; x_wconf 81' lang='lat' dir='ltr'><strong>vita</strong></span> <span class='ocrx_word' id='word_1_459' title='bbox 914 5137 1152 5204; x_wconf 82' lang='lat' dir='ltr'><strong>nondum</strong></span> <span class='ocrx_word' id='word_1_460' title='bbox 1193 5145 1279 5192; x_wconf 89' lang='lat' dir='ltr'><strong>est</strong></span> <span class='ocrx_word' id='word_1_461' title='bbox 1323 5134 1377 5189; x_wconf 92' lang='lat' dir='ltr'><strong>in</strong></span> <span class='ocrx_word' id='word_1_462' title='bbox 1405 5133 1606 5200; x_wconf 89' lang='lat' dir='ltr'><strong>ramis,</strong></span> <span class='ocrx_word' id='word_1_463' title='bbox 1637 5135 1733 5190; x_wconf 86' lang='lat' dir='ltr'><strong>sed</strong></span> 
     </span>
    </p>
   </div>
   <div class='ocr_carea' id='block_1_54' title="bbox 133 5226 1735 5301">
    <p class='ocr_par' dir='ltr' id='par_1_54' title="bbox 133 5226 1735 5301">
     <span class='ocr_line' id='line_1_54' title="bbox 133 5226 1735 5301; baseline -0.013 0"><span class='ocrx_word' id='word_1_464' title='bbox 133 5247 283 5301; x_wconf 77' lang='lat' dir='ltr'><strong>radix</strong></span> <span class='ocrx_word' id='word_1_465' title='bbox 322 5259 431 5299; x_wconf 91' lang='lat' dir='ltr'><strong>non</strong></span> <span class='ocrx_word' id='word_1_466' title='bbox 473 5241 656 5297; x_wconf 86' lang='lat' dir='ltr'><strong>aruit:</strong></span> <span class='ocrx_word' id='word_1_467' title='bbox 688 5229 1193 5294; x_wconf 44' lang='lat' dir='ltr'><strong>similis&#39;arcscenti</strong></span> <span class='ocrx_word' id='word_1_468' title='bbox 1237 5237 1355 5292; x_wconf 90' lang='lat' dir='ltr'><strong>est;</strong></span> <span class='ocrx_word' id='word_1_469' title='bbox 1386 5226 1483 5282; x_wconf 84' lang='lat' dir='ltr'><strong>sed</strong></span> <span class='ocrx_word' id='word_1_470' title='bbox 1523 5236 1735 5297; x_wconf 83' lang='lat' dir='ltr'><strong>tempus</strong></span> 
     </span>
    </p>
   </div>
   <div class='ocr_carea' id='block_1_55' title="bbox 136 5317 1732 5402">
    <p class='ocr_par' dir='ltr' id='par_1_55' title="bbox 136 5317 1732 5402">
     <span class='ocr_line' id='line_1_55' title="bbox 136 5317 1732 5402; baseline -0.011 -13"><span class='ocrx_word' id='word_1_471' title='bbox 136 5337 300 5398; x_wconf 74' lang='lat' dir='ltr'><strong>venit,</strong></span> <span class='ocrx_word' id='word_1_472' title='bbox 330 5336 560 5388; x_wconf 80' lang='lat' dir='ltr'><strong>vestitur</strong></span> <span class='ocrx_word' id='word_1_473' title='bbox 583 5331 788 5386; x_wconf 79' lang='lat' dir='ltr'><strong>honore</strong></span> <span class='ocrx_word' id='word_1_474' title='bbox 817 5340 938 5390; x_wconf 87' lang='lat' dir='ltr'><strong>suo,</strong></span> <span class='ocrx_word' id='word_1_475' title='bbox 967 5322 1284 5379; x_wconf 71' lang='lat' dir='ltr'><strong>fecundatur</strong></span> <span class='ocrx_word' id='word_1_476' title='bbox 1310 5318 1571 5402; x_wconf 75' lang='lat' dir='ltr'><strong>fructibus</strong></span> <span class='ocrx_word' id='word_1_477' title='bbox 1595 5317 1732 5372; x_wconf 85' lang='lat' dir='ltr'><strong>suis.</strong></span> 
     </span>
    </p>
   </div>
   <div class='ocr_carea' id='block_1_56' title="bbox 135 5407 1732 5492">
    <p class='ocr_par' dir='ltr' id='par_1_56' title="bbox 135 5407 1732 5492">
     <span class='ocr_line' id='line_1_56' title="bbox 135 5407 1732 5492; baseline -0.012 -11"><span class='ocrx_word' id='word_1_478' title='bbox 135 5429 283 5481; x_wconf 86' lang='lat' dir='ltr'><strong>&#39;I&#39;unc</strong></span> <span class='ocrx_word' id='word_1_479' title='bbox 313 5423 394 5477; x_wconf 88' lang='lat' dir='ltr'><strong>illi</strong></span> <span class='ocrx_word' id='word_1_480' title='bbox 415 5419 706 5492; x_wconf 69' lang='lat' dir='ltr'><strong>de&#39;quilms</strong></span> <span class='ocrx_word' id='word_1_481' title='bbox 730 5419 928 5472; x_wconf 80' lang='lat' dir='ltr'><strong>dictum</strong></span> <span class='ocrx_word' id='word_1_482' title='bbox 959 5425 1042 5470; x_wconf 90' lang='lat' dir='ltr'><strong>est</strong></span> <span class='ocrx_word' id='word_1_483' title='bbox 1078 5422 1136 5466; x_wconf 93' lang='lat' dir='ltr'><strong>ut</strong></span> <span class='ocrx_word' id='word_1_484' title='bbox 1183 5427 1288 5467; x_wconf 90' lang='lat' dir='ltr'><strong>non</strong></span> <span class='ocrx_word' id='word_1_485' title='bbox 1332 5423 1426 5464; x_wconf 78' lang='lat' dir='ltr'><strong>eos</strong></span> <span class='ocrx_word' id='word_1_486' title='bbox 1455 5407 1732 5464; x_wconf 80' lang='lat' dir='ltr'><strong>zelemus:</strong></span> 
     </span>
    </p>
   </div>
   <div class='ocr_carea' id='block_1_57' title="bbox 137 5498 1736 5586">
    <p class='ocr_par' dir='ltr' id='par_1_57' title="bbox 137 5498 1736 5586">
     <span class='ocr_line' id='line_1_57' title="bbox 137 5498 1736 5586; baseline -0.012 -16"><span class='ocrx_word' id='word_1_487' title='bbox 137 5517 258 5586; x_wconf 88' lang='lat' dir='ltr'><strong>quid</strong></span> <span class='ocrx_word' id='word_1_488' title='bbox 288 5514 434 5568; x_wconf 83' lang='lat' dir='ltr'><strong>enim</strong></span> <span class='ocrx_word' id='word_1_489' title='bbox 463 5512 533 5566; x_wconf 86' lang='lat' dir='ltr'><strong>de</strong></span> <span class='ocrx_word' id='word_1_490' title='bbox 562 5510 668 5564; x_wconf 89' lang='lat' dir='ltr'><strong>illis</strong></span> <span class='ocrx_word' id='word_1_491' title='bbox 708 5510 782 5562; x_wconf 89' lang='lat' dir='ltr'><strong>ait.</strong></span> <span class='ocrx_word' id='word_1_492' title='bbox 826 5501 1384 5576; x_wconf 62' lang='lat' dir='ltr'><strong>psaltnuSTQttoniam</strong></span> <span class='ocrx_word' id='word_1_493' title='bbox 1409 5498 1537 5552; x_wconf 84' lang='lat' dir='ltr'><strong>sicut</strong></span> <span class='ocrx_word' id='word_1_494' title='bbox 1561 5501 1736 5569; x_wconf 78' lang='lat' dir='ltr'><strong>fenum</strong></span> 
     </span>
    </p>
   </div>
   <div class='ocr_carea' id='block_1_58' title="bbox 138 5589 1733 5666">
    <p class='ocr_par' dir='ltr' id='par_1_58' title="bbox 138 5589 1733 5666">
     <span class='ocr_line' id='line_1_58' title="bbox 138 5589 1733 5666; baseline -0.013 -4"><span class='ocrx_word' id='word_1_495' title='bbox 138 5610 234 5662; x_wconf 85' lang='lat' dir='ltr'><strong>cito</strong></span> <span class='ocrx_word' id='word_1_496' title='bbox 257 5612 602 5665; x_wconf 47' lang='lat' dir='ltr'><strong>arescent.“</strong></span> <span class='ocrx_word' id='word_1_497' title='bbox 648 5601 778 5654; x_wconf 82' lang='lat' dir='ltr'><strong>sicut</strong></span> <span class='ocrx_word' id='word_1_498' title='bbox 820 5601 960 5653; x_wconf 82' lang='lat' dir='ltr'><strong>olera</strong></span> <span class='ocrx_word' id='word_1_499' title='bbox 1009 5597 1149 5666; x_wconf 85' lang='lat' dir='ltr'><strong>prati</strong></span> <span class='ocrx_word' id='word_1_500' title='bbox 1188 5595 1287 5648; x_wconf 89' lang='lat' dir='ltr'><strong>cito</strong></span> <span class='ocrx_word' id='word_1_501' title='bbox 1330 5591 1508 5646; x_wconf 80' lang='lat' dir='ltr'><strong>cadent</strong></span> <span class='ocrx_word' id='word_1_502' title='bbox 1544 5589 1733 5662; x_wconf 83' lang='lat' dir='ltr'><strong>(Psal.</strong></span> 
     </span>
    </p>
   </div>
   <div class='ocr_carea' id='block_1_59' title="bbox 199 5739 1041 5823">
    <p class='ocr_par' dir='ltr' id='par_1_59' title="bbox 199 5739 1041 5823">
     <span class='ocr_line' id='line_1_59' title="bbox 199 5739 1041 5823; baseline 0.002 -16"><span class='ocrx_word' id='word_1_503' title='bbox 199 5778 212 5807; x_wconf 86' lang='grc' dir='ltr'><strong>ι</strong></span> <span class='ocrx_word' id='word_1_504' title='bbox 251 5777 326 5823; x_wconf 40' lang='lat' dir='ltr'><strong>sic</strong></span> <span class='ocrx_word' id='word_1_505' title='bbox 345 5777 452 5818; x_wconf 64' lang='grc' dir='ltr'>διςι,</span> <span class='ocrx_word' id='word_1_506' title='bbox 470 5739 534 5815; x_wconf 56' lang='lat' dir='ltr'><strong>At</strong></span> <span class='ocrx_word' id='word_1_507' title='bbox 556 5761 690 5813; x_wconf 67' lang='lat' dir='ltr'><strong>laid.</strong></span> <span class='ocrx_word' id='word_1_508' title='bbox 716 5761 778 5810; x_wconf 79' lang='lat' dir='ltr'><strong>de</strong></span> <span class='ocrx_word' id='word_1_509' title='bbox 801 5771 962 5823; x_wconf 66' lang='lat' dir='ltr'><strong>super:</strong></span> <span class='ocrx_word' id='word_1_510' title='bbox 981 5755 1041 5809; x_wconf 77' lang='lat' dir='ltr'><strong>is.</strong></span> 
     </span>
    </p>
   </div>
   <div class='ocr_carea' id='block_1_60' title="bbox 203 5824 738 5886">
    <p class='ocr_par' dir='ltr' id='par_1_60' title="bbox 203 5824 738 5886">
     <span class='ocr_line' id='line_1_60' title="bbox 203 5824 738 5886; baseline -0.036 2"><span class='ocrx_word' id='word_1_511' title='bbox 203 5841 220 5870; x_wconf 85' lang='grc'><strong><em>³</em></strong></span> <span class='ocrx_word' id='word_1_512' title='bbox 255 5846 384 5886; x_wconf 73' lang='lat' dir='ltr'><strong>Utttts</strong></span> <span class='ocrx_word' id='word_1_513' title='bbox 409 5841 512 5882; x_wconf 62' lang='grc' dir='ltr'><strong>ωε..</strong></span> <span class='ocrx_word' id='word_1_514' title='bbox 538 5824 738 5877; x_wconf 81' lang='lat' dir='ltr'><strong>nwrluo.</strong></span> 
     </span>
    </p>
   </div>
   <div class='ocr_carea' id='block_1_61' title="bbox 1257 342 2376 416">
    <p class='ocr_par' dir='ltr' id='par_1_61' title="bbox 1257 342 2376 416">
     <span class='ocr_line' id='line_1_61' title="bbox 1257 342 2376 416; baseline 0.007 -9"><span class='ocrx_word' id='word_1_515' title='bbox 1257 342 1647 408; x_wconf 59' lang='lat' dir='ltr'><strong>ENARRATIO</strong></span> <span class='ocrx_word' id='word_1_516' title='bbox 1688 346 1750 406; x_wconf 73' lang='grc' dir='ltr'><strong>ΙΝ</strong></span> <span class='ocrx_word' id='word_1_517' title='bbox 1789 347 2110 414; x_wconf 64' lang='lat' dir='ltr'><strong>PSALMUM</strong></span> <span class='ocrx_word' id='word_1_518' title='bbox 2151 357 2376 416; x_wconf 73' lang='grc' dir='ltr'>Χωίιι.</span> 
     </span>
    </p>
   </div>
   <div class='ocr_carea' id='block_1_62' title="bbox 3343 364 3445 424">
    <p class='ocr_par' dir='ltr' id='par_1_62' title="bbox 3343 364 3445 424">
     <span class='ocr_line' id='line_1_62' title="bbox 3343 364 3445 424; baseline -0.029 0"><span class='ocrx_word' id='word_1_519' title='bbox 3343 364 3445 424; x_wconf 67' lang='lat'><strong>558</strong></span> 
     </span>
    </p>
   </div>
   <div class='ocr_carea' id='block_1_63' title="bbox 1855 471 3440 544">
    <p class='ocr_par' dir='ltr' id='par_1_63' title="bbox 1855 471 3440 544">
     <span class='ocr_line' id='line_1_63' title="bbox 1855 471 3440 544; baseline 0.009 -22"><span class='ocrx_word' id='word_1_520' title='bbox 1855 484 2033 534; x_wconf 68' lang='lat' dir='ltr'><strong>xum,</strong></span> <span class='ocrx_word' id='word_1_521' title='bbox 2069 471 2119 534; x_wconf 78' lang='grc'><strong>1.</strong></span> <span class='ocrx_word' id='word_1_522' title='bbox 2147 471 2213 544; x_wconf 70' lang='lat'><strong>2)</strong></span> <span class='ocrx_word' id='word_1_523' title='bbox 2247 491 2259 526; x_wconf 84' lang='lat'><strong>:</strong></span> <span class='ocrx_word' id='word_1_524' title='bbox 2290 475 2499 538; x_wconf 82' lang='lat' dir='ltr'><strong>cadent.</strong></span> <span class='ocrx_word' id='word_1_525' title='bbox 2524 485 2645 532; x_wconf 79' lang='lat' dir='ltr'><strong>enin</strong></span> <span class='ocrx_word' id='word_1_526' title='bbox 2671 479 2921 534; x_wconf 72' lang='lat' dir='ltr'><strong>valebunt</strong></span> <span class='ocrx_word' id='word_1_527' title='bbox 2939 481 3006 534; x_wconf 86' lang='lat' dir='ltr'><strong>ad</strong></span> <span class='ocrx_word' id='word_1_528' title='bbox 3022 477 3298 543; x_wconf 77' lang='lat' dir='ltr'><strong>dexteram</strong></span> <span class='ocrx_word' id='word_1_529' title='bbox 3315 496 3440 537; x_wconf 87' lang='lat' dir='ltr'><strong>sau-</strong></span> 
     </span>
    </p>
   </div>
   <div class='ocr_carea' id='block_1_64' title="bbox 1851 557 3443 636">
    <p class='ocr_par' dir='ltr' id='par_1_64' title="bbox 1851 557 3443 636">
     <span class='ocr_line' id='line_1_64' title="bbox 1851 557 3443 636; baseline 0.008 -20"><span class='ocrx_word' id='word_1_530' title='bbox 1851 573 1965 616; x_wconf 84' lang='lat' dir='ltr'><strong>ctus</strong></span> <span class='ocrx_word' id='word_1_531' title='bbox 1989 604 2003 626; x_wconf 92' lang='lat'><strong>,</strong></span> <span class='ocrx_word' id='word_1_532' title='bbox 2031 565 2221 633; x_wconf 84' lang='lat' dir='ltr'><strong>quibus</strong></span> <span class='ocrx_word' id='word_1_533' title='bbox 2266 557 2628 636; x_wconf 83' lang='lat' dir='ltr'><strong>laborantibus</strong></span> <span class='ocrx_word' id='word_1_534' title='bbox 2670 571 2954 633; x_wconf 86' lang='lat' dir='ltr'><strong>insultatnr</strong></span> <span class='ocrx_word' id='word_1_535' title='bbox 2974 614 2988 636; x_wconf 87' lang='lat'><strong>.</strong></span> <span class='ocrx_word' id='word_1_536' title='bbox 3021 583 3070 628; x_wconf 91' lang='lat' dir='ltr'><strong>et</strong></span> <span class='ocrx_word' id='word_1_537' title='bbox 3098 573 3278 629; x_wconf 87' lang='lat' dir='ltr'><strong>dicent</strong></span> <span class='ocrx_word' id='word_1_538' title='bbox 3305 576 3443 629; x_wconf 84' lang='lat' dir='ltr'><strong>intra</strong></span> 
     </span>
    </p>
   </div>
   <div class='ocr_carea' id='block_1_65' title="bbox 1851 655 3442 731">
    <p class='ocr_par' dir='ltr' id='par_1_65' title="bbox 1851 655 3442 731">
     <span class='ocr_line' id='line_1_65' title="bbox 1851 655 3442 731; baseline 0.011 -27"><span class='ocrx_word' id='word_1_539' title='bbox 1851 671 1909 705; x_wconf 81' lang='lat' dir='ltr'><strong>se</strong></span> <span class='ocrx_word' id='word_1_540' title='bbox 1941 655 2307 722; x_wconf 64' lang='lat' dir='ltr'><strong>paenitentiam</strong></span> <span class='ocrx_word' id='word_1_541' title='bbox 2343 665 2564 728; x_wconf 80' lang='lat' dir='ltr'><strong>agentes</strong></span> <span class='ocrx_word' id='word_1_542' title='bbox 2584 700 2601 724; x_wconf 91' lang='lat'><strong>,</strong></span> <span class='ocrx_word' id='word_1_543' title='bbox 2632 661 2726 715; x_wconf 90' lang='lat' dir='ltr'><strong>sed</strong></span> <span class='ocrx_word' id='word_1_544' title='bbox 2774 661 3139 731; x_wconf 78' lang='lat' dir='ltr'><strong>pmuitentiam</strong></span> <span class='ocrx_word' id='word_1_545' title='bbox 3179 680 3356 720; x_wconf 83' lang='lat' dir='ltr'><strong>seram</strong></span> <span class='ocrx_word' id='word_1_546' title='bbox 3390 675 3442 721; x_wconf 89' lang='lat' dir='ltr'><strong>et</strong></span> 
     </span>
    </p>
   </div>
   <div class='ocr_carea' id='block_1_66' title="bbox 1852 742 3439 825">
    <p class='ocr_par' dir='ltr' id='par_1_66' title="bbox 1852 742 3439 825">
     <span class='ocr_line' id='line_1_66' title="bbox 1852 742 3439 825; baseline 0.01 -30"><span class='ocrx_word' id='word_1_547' title='bbox 1852 742 2250 802; x_wconf 80' lang='lat' dir='ltr'><strong>infructuosam.</strong></span> <span class='ocrx_word' id='word_1_548' title='bbox 2280 750 2380 816; x_wconf 89' lang='lat' dir='ltr'><strong>Qui</strong></span> <span class='ocrx_word' id='word_1_549' title='bbox 2411 751 2695 806; x_wconf 85' lang='lat' dir='ltr'><strong>noluerunt</strong></span> <span class='ocrx_word' id='word_1_550' title='bbox 2721 753 2881 808; x_wconf 87' lang='lat' dir='ltr'><strong>modo</strong></span> <span class='ocrx_word' id='word_1_551' title='bbox 2903 769 3062 825; x_wconf 80' lang='lat' dir='ltr'><strong>agere</strong></span> <span class='ocrx_word' id='word_1_552' title='bbox 3088 753 3439 821; x_wconf 80' lang='lat' dir='ltr'><strong>fructuosam,</strong></span> 
     </span>
    </p>
   </div>
   <div class='ocr_carea' id='block_1_67' title="bbox 1847 839 3443 918">
    <p class='ocr_par' dir='ltr' id='par_1_67' title="bbox 1847 839 3443 918">
     <span class='ocr_line' id='line_1_67' title="bbox 1847 839 3443 918; baseline 0.011 -30"><span class='ocrx_word' id='word_1_553' title='bbox 1847 846 2006 903; x_wconf 82' lang='lat' dir='ltr'><strong>agent</strong></span> <span class='ocrx_word' id='word_1_554' title='bbox 2032 848 2158 894; x_wconf 92' lang='lat' dir='ltr'><strong>tunc</strong></span> <span class='ocrx_word' id='word_1_555' title='bbox 2185 839 2586 914; x_wconf 62' lang='lat' dir='ltr'><strong>infructuosam.</strong></span> <span class='ocrx_word' id='word_1_556' title='bbox 2612 843 2748 911; x_wconf 86' lang='lat' dir='ltr'><strong>Quid</strong></span> <span class='ocrx_word' id='word_1_557' title='bbox 2769 859 2899 914; x_wconf 83' lang='lat' dir='ltr'><strong>ergo</strong></span> <span class='ocrx_word' id='word_1_558' title='bbox 2923 847 3225 916; x_wconf 73' lang='lat' dir='ltr'><strong>(licentiam</strong></span> <span class='ocrx_word' id='word_1_559' title='bbox 3249 849 3301 904; x_wconf 90' lang='lat' dir='ltr'><strong>in</strong></span> <span class='ocrx_word' id='word_1_560' title='bbox 3330 864 3443 918; x_wconf 73' lang='lat' dir='ltr'><strong>pm-</strong></span> 
     </span>
    </p>
   </div>
   <div class='ocr_carea' id='block_1_68' title="bbox 1849 929 3443 1004">
    <p class='ocr_par' dir='ltr' id='par_1_68' title="bbox 1849 929 3443 1004">
     <span class='ocr_line' id='line_1_68' title="bbox 1849 929 3443 1004; baseline 0.007 -23"><span class='ocrx_word' id='word_1_561' title='bbox 1849 929 2067 983; x_wconf 89' lang='lat' dir='ltr'><strong>uiteutia</strong></span> <span class='ocrx_word' id='word_1_562' title='bbox 2101 930 2468 988; x_wconf 76' lang='lat' dir='ltr'><strong>infruCtuosa?</strong></span> <span class='ocrx_word' id='word_1_563' title='bbox 2493 932 2563 988; x_wconf 78' lang='lat' dir='ltr'><strong>lli</strong></span> <span class='ocrx_word' id='word_1_564' title='bbox 2590 944 2707 990; x_wconf 81' lang='lat' dir='ltr'><strong>sunt</strong></span> <span class='ocrx_word' id='word_1_565' title='bbox 2745 951 2872 1003; x_wconf 82' lang='lat' dir='ltr'><strong>quos</strong></span> <span class='ocrx_word' id='word_1_566' title='bbox 2908 937 3181 1004; x_wconf 74' lang='lat' dir='ltr'><strong>aliquando</strong></span> <span class='ocrx_word' id='word_1_567' title='bbox 3205 939 3262 992; x_wconf 82' lang='lat' dir='ltr'><strong>in</strong></span> <span class='ocrx_word' id='word_1_568' title='bbox 3281 941 3443 993; x_wconf 74' lang='lat' dir='ltr'><strong>risum</strong></span> 
     </span>
    </p>
   </div>
   <div class='ocr_carea' id='block_1_69' title="bbox 1847 1020 3440 1098">
    <p class='ocr_par' dir='ltr' id='par_1_69' title="bbox 1847 1020 3440 1098">
     <span class='ocr_line' id='line_1_69' title="bbox 1847 1020 3440 1098; baseline 0.007 -25"><span class='ocrx_word' id='word_1_569' title='bbox 1847 1021 2113 1076; x_wconf 80' lang='lat' dir='ltr'><strong>habuimus</strong></span> <span class='ocrx_word' id='word_1_570' title='bbox 2131 1065 2146 1079; x_wconf 95' lang='lat'><strong>.</strong></span> <span class='ocrx_word' id='word_1_571' title='bbox 2177 1034 2222 1077; x_wconf 86' lang='lat' dir='ltr'><strong>et</strong></span> <span class='ocrx_word' id='word_1_572' title='bbox 2250 1026 2304 1078; x_wconf 88' lang='lat' dir='ltr'><strong>in</strong></span> <span class='ocrx_word' id='word_1_573' title='bbox 2340 1020 2724 1080; x_wconf 82' lang='lat' dir='ltr'><strong>similitudinem</strong></span> <span class='ocrx_word' id='word_1_574' title='bbox 2766 1028 3081 1098; x_wconf 81' lang='lat' dir='ltr'><strong>improperii.</strong></span> <span class='ocrx_word' id='word_1_575' title='bbox 3111 1027 3286 1085; x_wconf 83' lang='lat' dir='ltr'><strong>Verba</strong></span> <span class='ocrx_word' id='word_1_576' title='bbox 3313 1029 3440 1084; x_wconf 84' lang='lat' dir='ltr'><strong>dico</strong></span> 
     </span>
    </p>
   </div>
   <div class='ocr_carea' id='block_1_70' title="bbox 1846 1114 3437 1190">
    <p class='ocr_par' dir='ltr' id='par_1_70' title="bbox 1846 1114 3437 1190">
     <span class='ocr_line' id='line_1_70' title="bbox 1846 1114 3437 1190; baseline 0.004 -22"><span class='ocrx_word' id='word_1_577' title='bbox 1846 1114 1964 1169; x_wconf 89' lang='lat' dir='ltr'><strong>libri</strong></span> <span class='ocrx_word' id='word_1_578' title='bbox 1997 1115 2065 1172; x_wconf 89' lang='lat' dir='ltr'><strong>de</strong></span> <span class='ocrx_word' id='word_1_579' title='bbox 2092 1117 2362 1186; x_wconf 85' lang='lat' dir='ltr'><strong>Sapientia</strong></span> <span class='ocrx_word' id='word_1_580' title='bbox 2395 1136 2408 1172; x_wconf 89' lang='lat'><strong>:</strong></span> <span class='ocrx_word' id='word_1_581' title='bbox 2437 1130 2768 1190; x_wconf 74' lang='lat' dir='ltr'><strong>cognoscunt</strong></span> <span class='ocrx_word' id='word_1_582' title='bbox 2807 1121 2899 1190; x_wconf 88' lang='lat' dir='ltr'><strong>qui</strong></span> <span class='ocrx_word' id='word_1_583' title='bbox 2936 1136 2997 1175; x_wconf 88' lang='lat' dir='ltr'><strong>ea</strong></span> <span class='ocrx_word' id='word_1_584' title='bbox 3025 1121 3204 1176; x_wconf 88' lang='lat' dir='ltr'><strong>solent</strong></span> <span class='ocrx_word' id='word_1_585' title='bbox 3229 1121 3437 1177; x_wconf 88' lang='lat' dir='ltr'><strong>audire.</strong></span> 
     </span>
    </p>
   </div>
   <div class='ocr_carea' id='block_1_71' title="bbox 1847 1205 3439 1282">
    <p class='ocr_par' dir='ltr' id='par_1_71' title="bbox 1847 1205 3439 1282">
     <span class='ocr_line' id='line_1_71' title="bbox 1847 1205 3439 1282; baseline 0.005 -23"><span class='ocrx_word' id='word_1_586' title='bbox 1847 1205 2020 1261; x_wconf 78' lang='lat' dir='ltr'><strong>Verba</strong></span> <span class='ocrx_word' id='word_1_587' title='bbox 2060 1209 2202 1261; x_wconf 89' lang='lat' dir='ltr'><strong>enim</strong></span> <span class='ocrx_word' id='word_1_588' title='bbox 2231 1217 2358 1262; x_wconf 89' lang='lat' dir='ltr'><strong>sunt</strong></span> <span class='ocrx_word' id='word_1_589' title='bbox 2398 1210 2659 1264; x_wconf 88' lang='lat' dir='ltr'><strong>malorum</strong></span> <span class='ocrx_word' id='word_1_590' title='bbox 2690 1209 2865 1264; x_wconf 87' lang='lat' dir='ltr'><strong>futura</strong></span> <span class='ocrx_word' id='word_1_591' title='bbox 2890 1252 2908 1277; x_wconf 93' lang='lat'><strong>,</strong></span> <span class='ocrx_word' id='word_1_592' title='bbox 2939 1210 3154 1282; x_wconf 84' lang='lat' dir='ltr'><strong>quando</strong></span> <span class='ocrx_word' id='word_1_593' title='bbox 3180 1211 3439 1267; x_wconf 84' lang='lat' dir='ltr'><strong>videbunt</strong></span> 
     </span>
    </p>
   </div>
   <div class='ocr_carea' id='block_1_72' title="bbox 1837 1298 3437 1372">
    <p class='ocr_par' dir='ltr' id='par_1_72' title="bbox 1837 1298 3437 1372">
     <span class='ocr_line' id='line_1_72' title="bbox 1837 1298 3437 1372; baseline 0.004 -20"><span class='ocrx_word' id='word_1_594' title='bbox 1837 1298 2071 1368; x_wconf 86' lang='lat' dir='ltr'><strong>judicem</strong></span> <span class='ocrx_word' id='word_1_595' title='bbox 2095 1341 2111 1365; x_wconf 92' lang='lat'><strong>,</strong></span> <span class='ocrx_word' id='word_1_596' title='bbox 2141 1309 2195 1355; x_wconf 90' lang='lat' dir='ltr'><strong>et</strong></span> <span class='ocrx_word' id='word_1_597' title='bbox 2216 1299 2327 1367; x_wconf 85' lang='lat' dir='ltr'><strong>jam</strong></span> <span class='ocrx_word' id='word_1_598' title='bbox 2354 1315 2543 1356; x_wconf 88' lang='lat' dir='ltr'><strong>omnes</strong></span> <span class='ocrx_word' id='word_1_599' title='bbox 2573 1299 2756 1355; x_wconf 82' lang='lat' dir='ltr'><strong>ﬁdeles</strong></span> <span class='ocrx_word' id='word_1_600' title='bbox 2781 1301 2848 1355; x_wconf 87' lang='lat' dir='ltr'><strong>ad</strong></span> <span class='ocrx_word' id='word_1_601' title='bbox 2895 1301 3170 1356; x_wconf 78' lang='lat' dir='ltr'><strong>dexteram</strong></span> <span class='ocrx_word' id='word_1_602' title='bbox 3197 1302 3316 1372; x_wconf 84' lang='lat' dir='ltr'><strong>ejus</strong></span> <span class='ocrx_word' id='word_1_603' title='bbox 3338 1344 3355 1369; x_wconf 90' lang='lat'><strong>,</strong></span> <span class='ocrx_word' id='word_1_604' title='bbox 3381 1311 3437 1359; x_wconf 77' lang='lat' dir='ltr'><strong>et</strong></span> 
     </span>
    </p>
   </div>
   <div class='ocr_carea' id='block_1_73' title="bbox 1843 1392 3438 1463">
    <p class='ocr_par' dir='ltr' id='par_1_73' title="bbox 1843 1392 3438 1463">
     <span class='ocr_line' id='line_1_73' title="bbox 1843 1392 3438 1463; baseline 0.002 -17"><span class='ocrx_word' id='word_1_605' title='bbox 1843 1404 2032 1448; x_wconf 87' lang='lat' dir='ltr'><strong>omnes</strong></span> <span class='ocrx_word' id='word_1_606' title='bbox 2056 1403 2270 1448; x_wconf 84' lang='lat' dir='ltr'><strong>sanctos</strong></span> <span class='ocrx_word' id='word_1_607' title='bbox 2293 1392 2410 1463; x_wconf 85' lang='lat' dir='ltr'><strong>ejus</strong></span> <span class='ocrx_word' id='word_1_608' title='bbox 2437 1409 2560 1448; x_wconf 92' lang='lat' dir='ltr'><strong>cum</strong></span> <span class='ocrx_word' id='word_1_609' title='bbox 2598 1393 2690 1448; x_wconf 88' lang='lat' dir='ltr'><strong>illo</strong></span> <span class='ocrx_word' id='word_1_610' title='bbox 2731 1392 3032 1463; x_wconf 78' lang='lat' dir='ltr'><strong>iudicantes</strong></span> <span class='ocrx_word' id='word_1_611' title='bbox 3064 1411 3079 1446; x_wconf 87' lang='lat'><strong>:</strong></span> <span class='ocrx_word' id='word_1_612' title='bbox 3109 1394 3211 1448; x_wconf 90' lang='lat' dir='ltr'><strong>hoc</strong></span> <span class='ocrx_word' id='word_1_613' title='bbox 3238 1396 3438 1454; x_wconf 83' lang='lat' dir='ltr'><strong>habent.</strong></span> 
     </span>
    </p>
   </div>
   <div class='ocr_carea' id='block_1_74' title="bbox 1841 1485 3436 1558">
    <p class='ocr_par' dir='ltr' id='par_1_74' title="bbox 1841 1485 3436 1558">
     <span class='ocr_line' id='line_1_74' title="bbox 1841 1485 3436 1558; baseline 0.003 -19"><span class='ocrx_word' id='word_1_614' title='bbox 1841 1485 2040 1550; x_wconf 86' lang='lat' dir='ltr'><strong>dicere,</strong></span> <span class='ocrx_word' id='word_1_615' title='bbox 2075 1485 2236 1538; x_wconf 87' lang='lat' dir='ltr'><strong>verba</strong></span> <span class='ocrx_word' id='word_1_616' title='bbox 2281 1488 2516 1556; x_wconf 89' lang='lat' dir='ltr'><strong>ipsorum</strong></span> <span class='ocrx_word' id='word_1_617' title='bbox 2565 1486 2694 1557; x_wconf 83' lang='lat' dir='ltr'><strong>dicit</strong></span> <span class='ocrx_word' id='word_1_618' title='bbox 2721 1485 2993 1557; x_wconf 78' lang='lat' dir='ltr'><strong>Scriptum</strong></span> <span class='ocrx_word' id='word_1_619' title='bbox 3017 1526 3034 1551; x_wconf 93' lang='lat'><strong>,</strong></span> <span class='ocrx_word' id='word_1_620' title='bbox 3072 1485 3142 1540; x_wconf 83' lang='lat' dir='ltr'><strong>Hi</strong></span> <span class='ocrx_word' id='word_1_621' title='bbox 3165 1498 3283 1542; x_wconf 81' lang='lat' dir='ltr'><strong>sunt</strong></span> <span class='ocrx_word' id='word_1_622' title='bbox 3309 1504 3436 1558; x_wconf 72' lang='lat' dir='ltr'><strong>quos</strong></span> 
     </span>
    </p>
   </div>
   <div class='ocr_carea' id='block_1_75' title="bbox 1840 1577 3434 1651">
    <p class='ocr_par' dir='ltr' id='par_1_75' title="bbox 1840 1577 3434 1651">
     <span class='ocr_line' id='line_1_75' title="bbox 1840 1577 3434 1651; baseline 0.003 -24"><span class='ocrx_word' id='word_1_623' title='bbox 1840 1577 2118 1642; x_wconf 80' lang='lat' dir='ltr'><strong>aliquando</strong></span> <span class='ocrx_word' id='word_1_624' title='bbox 2168 1577 2434 1633; x_wconf 78' lang='lat' dir='ltr'><strong>habuimus</strong></span> <span class='ocrx_word' id='word_1_625' title='bbox 2485 1577 2538 1631; x_wconf 88' lang='lat' dir='ltr'><strong>in</strong></span> <span class='ocrx_word' id='word_1_626' title='bbox 2584 1579 2747 1631; x_wconf 83' lang='lat' dir='ltr'><strong>risum</strong></span> <span class='ocrx_word' id='word_1_627' title='bbox 2776 1619 2792 1643; x_wconf 94' lang='lat'><strong>,</strong></span> <span class='ocrx_word' id='word_1_628' title='bbox 2847 1586 2894 1632; x_wconf 88' lang='lat' dir='ltr'><strong>et</strong></span> <span class='ocrx_word' id='word_1_629' title='bbox 2945 1579 2998 1633; x_wconf 82' lang='lat' dir='ltr'><strong>in</strong></span> <span class='ocrx_word' id='word_1_630' title='bbox 3049 1579 3434 1651; x_wconf 75' lang='lat' dir='ltr'><strong>similitudinem</strong></span> 
     </span>
    </p>
   </div>
   <div class='ocr_carea' id='block_1_76' title="bbox 1840 1671 3435 1749">
    <p class='ocr_par' dir='ltr' id='par_1_76' title="bbox 1840 1671 3435 1749">
     <span class='ocr_line' id='line_1_76' title="bbox 1840 1671 3435 1749; baseline 0.002 -25"><span class='ocrx_word' id='word_1_631' title='bbox 1840 1671 2136 1741; x_wconf 79' lang='lat' dir='ltr'><strong>impmpe&#39;rii</strong></span> <span class='ocrx_word' id='word_1_632' title='bbox 2152 1689 2171 1736; x_wconf 84' lang='lat'><strong>,°</strong></span> <span class='ocrx_word' id='word_1_633' title='bbox 2196 1689 2288 1726; x_wconf 87' lang='lat' dir='ltr'><strong>nos</strong></span> <span class='ocrx_word' id='word_1_634' title='bbox 2323 1672 2565 1749; x_wconf 81' lang='lat' dir='ltr'><strong>insensuti</strong></span> <span class='ocrx_word' id='word_1_635' title='bbox 2588 1714 2603 1736; x_wconf 94' lang='lat'><strong>,</strong></span> <span class='ocrx_word' id='word_1_636' title='bbox 2632 1673 2787 1725; x_wconf 73' lang='lat' dir='ltr'><strong>citant</strong></span> <span class='ocrx_word' id='word_1_637' title='bbox 2831 1673 3034 1726; x_wconf 85' lang='lat' dir='ltr'><strong>illorum</strong></span> <span class='ocrx_word' id='word_1_638' title='bbox 3058 1673 3435 1727; x_wconf 71' lang='lat' dir='ltr'><strong>testimabaInns</strong></span> 
     </span>
    </p>
   </div>
   <div class='ocr_carea' id='block_1_77' title="bbox 1840 1761 3435 1836">
    <p class='ocr_par' dir='ltr' id='par_1_77' title="bbox 1840 1761 3435 1836">
     <span class='ocr_line' id='line_1_77' title="bbox 1840 1761 3435 1836; baseline 0 -20"><span class='ocrx_word' id='word_1_639' title='bbox 1840 1764 2091 1818; x_wconf 80' lang='lat' dir='ltr'><strong>insaniam</strong></span> <span class='ocrx_word' id='word_1_640' title='bbox 2118 1763 2273 1836; x_wconf 68' lang='grc' dir='ltr'><strong>(δαν.</strong></span> <span class='ocrx_word' id='word_1_641' title='bbox 2301 1779 2354 1826; x_wconf 87' lang='lat' dir='ltr'><strong>v,</strong></span> <span class='ocrx_word' id='word_1_642' title='bbox 2384 1763 2440 1828; x_wconf 77' lang='lat'><strong>5,</strong></span> <span class='ocrx_word' id='word_1_643' title='bbox 2468 1761 2552 1834; x_wconf 70' lang='grc'><strong>4).</strong></span> <span class='ocrx_word' id='word_1_644' title='bbox 2584 1761 2714 1819; x_wconf 86' lang='lat' dir='ltr'><strong>Cum</strong></span> <span class='ocrx_word' id='word_1_645' title='bbox 2743 1763 2884 1818; x_wconf 90' lang='lat' dir='ltr'><strong>enim</strong></span> <span class='ocrx_word' id='word_1_646' title='bbox 2911 1763 3137 1832; x_wconf 73' lang='lat' dir='ltr'><strong>cmperit</strong></span> <span class='ocrx_word' id='word_1_647' title='bbox 3159 1763 3269 1818; x_wconf 88' lang='lat' dir='ltr'><strong>Deo</strong></span> <span class='ocrx_word' id='word_1_648' title='bbox 3287 1764 3435 1834; x_wconf 82' lang='lat' dir='ltr'><strong>quis-</strong></span> 
     </span>
    </p>
   </div>
   <div class='ocr_carea' id='block_1_78' title="bbox 1838 1840 3435 1927">
    <p class='ocr_par' dir='ltr' id='par_1_78' title="bbox 1838 1840 3435 1927">
     <span class='ocr_line' id='line_1_78' title="bbox 1838 1840 3435 1927; baseline 0.001 -20"><span class='ocrx_word' id='word_1_649' title='bbox 1838 1871 1944 1927; x_wconf 88' lang='lat' dir='ltr'><strong>que</strong></span> <span class='ocrx_word' id='word_1_650' title='bbox 1974 1855 2174 1922; x_wconf 80' lang='lat' dir='ltr'><strong>vivere,</strong></span> <span class='ocrx_word' id='word_1_651' title='bbox 2201 1855 2456 1909; x_wconf 85' lang='lat' dir='ltr'><strong>mundum</strong></span> <span class='ocrx_word' id='word_1_652' title='bbox 2494 1840 2861 1920; x_wconf 78' lang='lat' dir='ltr'><strong>contemnere,</strong></span> <span class='ocrx_word' id='word_1_653' title='bbox 2893 1855 3113 1922; x_wconf 83' lang='lat' dir='ltr'><strong>injurias</strong></span> <span class='ocrx_word' id='word_1_654' title='bbox 3137 1867 3265 1908; x_wconf 86' lang='lat' dir='ltr'><strong>suas</strong></span> <span class='ocrx_word' id='word_1_655' title='bbox 3288 1852 3435 1909; x_wconf 88' lang='lat' dir='ltr'><strong>nolle</strong></span> 
     </span>
    </p>
   </div>
   <div class='ocr_carea' id='block_1_79' title="bbox 1839 1942 3432 2015">
    <p class='ocr_par' dir='ltr' id='par_1_79' title="bbox 1839 1942 3432 2015">
     <span class='ocr_line' id='line_1_79' title="bbox 1839 1942 3432 2015; baseline -0.001 -14"><span class='ocrx_word' id='word_1_656' title='bbox 1839 1946 2043 2010; x_wconf 87' lang='lat' dir='ltr'><strong>ulcisci,</strong></span> <span class='ocrx_word' id='word_1_657' title='bbox 2069 1945 2212 2001; x_wconf 90' lang='lat' dir='ltr'><strong>nolle</strong></span> <span class='ocrx_word' id='word_1_658' title='bbox 2237 1945 2324 2001; x_wconf 91' lang='lat' dir='ltr'><strong>hic</strong></span> <span class='ocrx_word' id='word_1_659' title='bbox 2346 1942 2577 2011; x_wconf 84' lang='lat' dir='ltr'><strong>divitias,</strong></span> <span class='ocrx_word' id='word_1_660' title='bbox 2605 1957 2710 1999; x_wconf 90' lang='lat' dir='ltr'><strong>non</strong></span> <span class='ocrx_word' id='word_1_661' title='bbox 2742 1944 2828 2000; x_wconf 90' lang='lat' dir='ltr'><strong>hic</strong></span> <span class='ocrx_word' id='word_1_662' title='bbox 2852 1957 3094 2015; x_wconf 69' lang='lat' dir='ltr'><strong>quaarere</strong></span> <span class='ocrx_word' id='word_1_663' title='bbox 3122 1943 3432 2000; x_wconf 85' lang='lat' dir='ltr'><strong>felicitatem</strong></span> 
     </span>
    </p>
   </div>
   <div class='ocr_carea' id='block_1_80' title="bbox 1838 2035 3429 2106">
    <p class='ocr_par' dir='ltr' id='par_1_80' title="bbox 1838 2035 3429 2106">
     <span class='ocr_line' id='line_1_80' title="bbox 1838 2035 3429 2106; baseline -0.003 -12"><span class='ocrx_word' id='word_1_664' title='bbox 1838 2049 2128 2103; x_wconf 87' lang='lat' dir='ltr'><strong>terrenam,</strong></span> <span class='ocrx_word' id='word_1_665' title='bbox 2156 2047 2503 2093; x_wconf 88' lang='lat' dir='ltr'><strong>contemnere</strong></span> <span class='ocrx_word' id='word_1_666' title='bbox 2532 2035 2733 2100; x_wconf 87' lang='lat' dir='ltr'><strong>omnia.</strong></span> <span class='ocrx_word' id='word_1_667' title='bbox 2767 2037 3048 2091; x_wconf 86' lang='lat' dir='ltr'><strong>Dominum</strong></span> <span class='ocrx_word' id='word_1_668' title='bbox 3078 2037 3253 2092; x_wconf 86' lang='lat' dir='ltr'><strong>solum</strong></span> <span class='ocrx_word' id='word_1_669' title='bbox 3283 2037 3429 2106; x_wconf 78' lang='lat' dir='ltr'><strong>cogi-</strong></span> 
     </span>
    </p>
   </div>
   <div class='ocr_carea' id='block_1_81' title="bbox 1837 2126 3432 2198">
    <p class='ocr_par' dir='ltr' id='par_1_81' title="bbox 1837 2126 3432 2198">
     <span class='ocr_line' id='line_1_81' title="bbox 1837 2126 3432 2198; baseline -0.003 -12"><span class='ocrx_word' id='word_1_670' title='bbox 1837 2141 1973 2193; x_wconf 88' lang='lat' dir='ltr'><strong>tare.</strong></span> <span class='ocrx_word' id='word_1_671' title='bbox 1999 2133 2135 2184; x_wconf 89' lang='lat' dir='ltr'><strong>viam</strong></span> <span class='ocrx_word' id='word_1_672' title='bbox 2155 2127 2356 2184; x_wconf 89' lang='lat' dir='ltr'><strong>Christi</strong></span> <span class='ocrx_word' id='word_1_673' title='bbox 2383 2137 2490 2184; x_wconf 87' lang='lat' dir='ltr'><strong>non</strong></span> <span class='ocrx_word' id='word_1_674' title='bbox 2517 2127 2790 2192; x_wconf 88' lang='lat' dir='ltr'><strong>deserere,</strong></span> <span class='ocrx_word' id='word_1_675' title='bbox 2816 2143 2921 2183; x_wconf 89' lang='lat' dir='ltr'><strong>non</strong></span> <span class='ocrx_word' id='word_1_676' title='bbox 2947 2126 3122 2184; x_wconf 83' lang='lat' dir='ltr'><strong>solum</strong></span> <span class='ocrx_word' id='word_1_677' title='bbox 3147 2140 3177 2180; x_wconf 85' lang='lat' dir='ltr'><strong>a</strong></span> <span class='ocrx_word' id='word_1_678' title='bbox 3207 2127 3432 2198; x_wconf 73' lang='lat' dir='ltr'><strong>Paganis</strong></span> 
     </span>
    </p>
   </div>
   <div class='ocr_carea' id='block_1_82' title="bbox 1834 2216 3429 2289">
    <p class='ocr_par' dir='ltr' id='par_1_82' title="bbox 1834 2216 3429 2289">
     <span class='ocr_line' id='line_1_82' title="bbox 1834 2216 3429 2289; baseline -0.003 -12"><span class='ocrx_word' id='word_1_679' title='bbox 1834 2219 2063 2288; x_wconf 87' lang='lat' dir='ltr'><strong>dicitur,</strong></span> <span class='ocrx_word' id='word_1_680' title='bbox 2092 2219 2322 2281; x_wconf 86' lang='lat' dir='ltr'><strong>Insanit:</strong></span> <span class='ocrx_word' id='word_1_681' title='bbox 2348 2216 2442 2274; x_wconf 81' lang='lat' dir='ltr'><strong>sed</strong></span> <span class='ocrx_word' id='word_1_682' title='bbox 2481 2218 2622 2289; x_wconf 88' lang='lat' dir='ltr'><strong>quod</strong></span> <span class='ocrx_word' id='word_1_683' title='bbox 2654 2219 2822 2289; x_wconf 77' lang='lat' dir='ltr'><strong>magis</strong></span> <span class='ocrx_word' id='word_1_684' title='bbox 2855 2217 3143 2273; x_wconf 87' lang='lat' dir='ltr'><strong>dolendum</strong></span> <span class='ocrx_word' id='word_1_685' title='bbox 3163 2225 3277 2280; x_wconf 86' lang='lat' dir='ltr'><strong>est,</strong></span> <span class='ocrx_word' id='word_1_686' title='bbox 3306 2219 3429 2288; x_wconf 82' lang='lat' dir='ltr'><strong>quia</strong></span> 
     </span>
    </p>
   </div>
   <div class='ocr_carea' id='block_1_83' title="bbox 1835 2309 3429 2380">
    <p class='ocr_par' dir='ltr' id='par_1_83' title="bbox 1835 2309 3429 2380">
     <span class='ocr_line' id='line_1_83' title="bbox 1835 2309 3429 2380; baseline -0.004 -11"><span class='ocrx_word' id='word_1_687' title='bbox 1835 2325 1886 2369; x_wconf 91' lang='lat' dir='ltr'><strong>et</strong></span> <span class='ocrx_word' id='word_1_688' title='bbox 1919 2316 2060 2369; x_wconf 88' lang='lat' dir='ltr'><strong>intus</strong></span> <span class='ocrx_word' id='word_1_689' title='bbox 2083 2313 2236 2368; x_wconf 90' lang='lat' dir='ltr'><strong>multi</strong></span> <span class='ocrx_word' id='word_1_690' title='bbox 2264 2309 2538 2366; x_wconf 86' lang='lat' dir='ltr'><strong>dormiunt</strong></span> <span class='ocrx_word' id='word_1_691' title='bbox 2565 2319 2620 2366; x_wconf 89' lang='lat' dir='ltr'><strong>et</strong></span> <span class='ocrx_word' id='word_1_692' title='bbox 2657 2310 2912 2380; x_wconf 80' lang='lat' dir='ltr'><strong>evigilare</strong></span> <span class='ocrx_word' id='word_1_693' title='bbox 2941 2309 3151 2378; x_wconf 81' lang='lat' dir='ltr'><strong>nolunt,</strong></span> <span class='ocrx_word' id='word_1_694' title='bbox 3179 2323 3210 2362; x_wconf 81' lang='lat' dir='ltr'><strong>a</strong></span> <span class='ocrx_word' id='word_1_695' title='bbox 3235 2311 3367 2370; x_wconf 85' lang='lat' dir='ltr'><strong>suis.</strong></span> <span class='ocrx_word' id='word_1_696' title='bbox 3397 2326 3429 2363; x_wconf 85' lang='lat' dir='ltr'><strong>a</strong></span> 
     </span>
    </p>
   </div>
   <div class='ocr_carea' id='block_1_84' title="bbox 1788 2398 3428 2472">
    <p class='ocr_par' dir='ltr' id='par_1_84' title="bbox 1788 2398 3428 2472">
     <span class='ocr_line' id='line_1_84' title="bbox 1788 2398 3428 2472; baseline -0.004 -12"><span class='ocrx_word' id='word_1_697' title='bbox 1788 2428 1793 2432; x_wconf 73' lang='grc'><strong>-</strong></span> <span class='ocrx_word' id='word_1_698' title='bbox 1834 2405 2153 2460; x_wconf 78' lang='lat' dir='ltr'><strong>Christianis</strong></span> <span class='ocrx_word' id='word_1_699' title='bbox 2179 2402 2438 2468; x_wconf 81' lang='lat' dir='ltr'><strong>audiunt,</strong></span> <span class='ocrx_word' id='word_1_700' title='bbox 2474 2401 2612 2468; x_wconf 88' lang='lat' dir='ltr'><strong>Quid</strong></span> <span class='ocrx_word' id='word_1_701' title='bbox 2642 2399 2884 2472; x_wconf 81' lang='lat' dir='ltr'><strong>pateris?</strong></span> <span class='ocrx_word' id='word_1_702' title='bbox 2912 2398 3127 2455; x_wconf 84' lang='lat' dir='ltr'><strong>Fratres</strong></span> <span class='ocrx_word' id='word_1_703' title='bbox 3166 2399 3296 2468; x_wconf 84' lang='lat' dir='ltr'><strong>mei,</strong></span> <span class='ocrx_word' id='word_1_704' title='bbox 3328 2398 3428 2454; x_wconf 59' lang='lat' dir='ltr'><strong>hoc</strong></span> 
     </span>
    </p>
   </div>
   <div class='ocr_carea' id='block_1_85' title="bbox 1836 2489 3426 2561">
    <p class='ocr_par' dir='ltr' id='par_1_85' title="bbox 1836 2489 3426 2561">
     <span class='ocr_line' id='line_1_85' title="bbox 1836 2489 3426 2561; baseline -0.003 -10"><span class='ocrx_word' id='word_1_705' title='bbox 1836 2496 1963 2552; x_wconf 87' lang='lat' dir='ltr'><strong>mini</strong></span> <span class='ocrx_word' id='word_1_706' title='bbox 1994 2494 2191 2550; x_wconf 86' lang='lat' dir='ltr'><strong>viventi</strong></span> <span class='ocrx_word' id='word_1_707' title='bbox 2218 2493 2513 2550; x_wconf 87' lang='lat' dir='ltr'><strong>secundum</strong></span> <span class='ocrx_word' id='word_1_708' title='bbox 2538 2492 2678 2548; x_wconf 88' lang='lat' dir='ltr'><strong>viam</strong></span> <span class='ocrx_word' id='word_1_709' title='bbox 2707 2491 2904 2555; x_wconf 88' lang='lat' dir='ltr'><strong>Christi</strong></span> <span class='ocrx_word' id='word_1_710' title='bbox 2928 2526 2947 2558; x_wconf 82' lang='lat'><strong>,</strong></span> <span class='ocrx_word' id='word_1_711' title='bbox 2978 2489 3068 2561; x_wconf 88' lang='lat' dir='ltr'><strong>qui</strong></span> <span class='ocrx_word' id='word_1_712' title='bbox 3091 2489 3262 2557; x_wconf 89' lang='lat' dir='ltr'><strong>dicit,</strong></span> <span class='ocrx_word' id='word_1_713' title='bbox 3285 2489 3426 2560; x_wconf 87' lang='lat' dir='ltr'><strong>Quid</strong></span> 
     </span>
    </p>
   </div>
   <div class='ocr_carea' id='block_1_86' title="bbox 1835 2583 3428 2658">
    <p class='ocr_par' dir='ltr' id='par_1_86' title="bbox 1835 2583 3428 2658">
     <span class='ocr_line' id='line_1_86' title="bbox 1835 2583 3428 2658; baseline -0.002 -15"><span class='ocrx_word' id='word_1_714' title='bbox 1835 2586 2075 2658; x_wconf 75' lang='lat' dir='ltr'><strong>pateris?</strong></span> <span class='ocrx_word' id='word_1_715' title='bbox 2103 2598 2350 2658; x_wconf 88' lang='lat' dir='ltr'><strong>putamus</strong></span> <span class='ocrx_word' id='word_1_716' title='bbox 2373 2586 2499 2656; x_wconf 88' lang='lat' dir='ltr'><strong>quid</strong></span> <span class='ocrx_word' id='word_1_717' title='bbox 2525 2585 2689 2641; x_wconf 81' lang='lat' dir='ltr'><strong>dicit?</strong></span> <span class='ocrx_word' id='word_1_718' title='bbox 2714 2585 3011 2640; x_wconf 82' lang='lat' dir='ltr'><strong>Horremus</strong></span> <span class='ocrx_word' id='word_1_719' title='bbox 3034 2583 3270 2648; x_wconf 60' lang='lat' dir='ltr'><strong>Judaaos,</strong></span> <span class='ocrx_word' id='word_1_720' title='bbox 3301 2584 3428 2655; x_wconf 83' lang='lat' dir='ltr'><strong>quia</strong></span> 
     </span>
    </p>
   </div>
   <div class='ocr_carea' id='block_1_87' title="bbox 1833 2671 3429 2742">
    <p class='ocr_par' dir='ltr' id='par_1_87' title="bbox 1833 2671 3429 2742">
     <span class='ocr_line' id='line_1_87' title="bbox 1833 2671 3429 2742; baseline -0.003 -6"><span class='ocrx_word' id='word_1_721' title='bbox 1833 2682 2083 2736; x_wconf 73' lang='lat' dir='ltr'><strong>dixerunt</strong></span> <span class='ocrx_word' id='word_1_722' title='bbox 2135 2679 2360 2734; x_wconf 91' lang='lat' dir='ltr'><strong>Domino</strong></span> <span class='ocrx_word' id='word_1_723' title='bbox 2407 2673 2531 2733; x_wconf 78' lang='lat' dir='ltr'><strong>.lesu</strong></span> <span class='ocrx_word' id='word_1_724' title='bbox 2587 2676 2802 2731; x_wconf 89' lang='lat' dir='ltr'><strong>Christo</strong></span> <span class='ocrx_word' id='word_1_725' title='bbox 2825 2717 2842 2742; x_wconf 93' lang='lat'><strong>,</strong></span> <span class='ocrx_word' id='word_1_726' title='bbox 2897 2671 3221 2730; x_wconf 70' lang='lat' dir='ltr'><strong>Dmmonium</strong></span> <span class='ocrx_word' id='word_1_727' title='bbox 3273 2674 3429 2731; x_wconf 79' lang='lat' dir='ltr'><strong>habes</strong></span> 
     </span>
    </p>
   </div>
   <div class='ocr_carea' id='block_1_88' title="bbox 1836 2766 3429 2844">
    <p class='ocr_par' dir='ltr' id='par_1_88' title="bbox 1836 2766 3429 2844">
     <span class='ocr_line' id='line_1_88' title="bbox 1836 2766 3429 2844; baseline -0.003 -18"><span class='ocrx_word' id='word_1_728' title='bbox 1836 2771 2012 2844; x_wconf 77' lang='lat' dir='ltr'><strong>(Joan.</strong></span> <span class='ocrx_word' id='word_1_729' title='bbox 2044 2786 2156 2835; x_wconf 88' lang='lat' dir='ltr'><strong>vut,</strong></span> <span class='ocrx_word' id='word_1_730' title='bbox 2185 2767 2290 2842; x_wconf 72' lang='grc'><strong>48)</strong></span> <span class='ocrx_word' id='word_1_731' title='bbox 2319 2783 2336 2822; x_wconf 89' lang='lat'><strong>:</strong></span> <span class='ocrx_word' id='word_1_732' title='bbox 2368 2776 2423 2824; x_wconf 88' lang='lat' dir='ltr'><strong>et</strong></span> <span class='ocrx_word' id='word_1_733' title='bbox 2449 2766 2661 2837; x_wconf 84' lang='lat' dir='ltr'><strong>quando</strong></span> <span class='ocrx_word' id='word_1_734' title='bbox 2689 2767 2934 2821; x_wconf 89' lang='lat' dir='ltr'><strong>audimus</strong></span> <span class='ocrx_word' id='word_1_735' title='bbox 2961 2766 3308 2836; x_wconf 75' lang='lat' dir='ltr'><strong>Evangellum</strong></span> <span class='ocrx_word' id='word_1_736' title='bbox 3337 2782 3429 2823; x_wconf 75' lang='lat' dir='ltr'><strong>re-</strong></span> 
     </span>
    </p>
   </div>
   <div class='ocr_carea' id='block_1_89' title="bbox 1831 2858 3428 2932">
    <p class='ocr_par' dir='ltr' id='par_1_89' title="bbox 1831 2858 3428 2932">
     <span class='ocr_line' id='line_1_89' title="bbox 1831 2858 3428 2932; baseline -0.003 -12"><span class='ocrx_word' id='word_1_737' title='bbox 1831 2865 2005 2930; x_wconf 88' lang='lat' dir='ltr'><strong>citari,</strong></span> <span class='ocrx_word' id='word_1_738' title='bbox 2029 2861 2303 2918; x_wconf 90' lang='lat' dir='ltr'><strong>tundimus</strong></span> <span class='ocrx_word' id='word_1_739' title='bbox 2327 2870 2542 2932; x_wconf 80' lang='lat' dir='ltr'><strong>pectora</strong></span> <span class='ocrx_word' id='word_1_740' title='bbox 2562 2867 2764 2913; x_wconf 83' lang='lat' dir='ltr'><strong>nostra.</strong></span> <span class='ocrx_word' id='word_1_741' title='bbox 2790 2858 3118 2915; x_wconf 84' lang='lat' dir='ltr'><strong>Sceleratam</strong></span> <span class='ocrx_word' id='word_1_742' title='bbox 3139 2874 3251 2913; x_wconf 88' lang='lat' dir='ltr'><strong>rem</strong></span> <span class='ocrx_word' id='word_1_743' title='bbox 3271 2859 3428 2915; x_wconf 83' lang='lat' dir='ltr'><strong>dise-</strong></span> 
     </span>
    </p>
   </div>
   <div class='ocr_carea' id='block_1_90' title="bbox 1815 2947 3426 3023">
    <p class='ocr_par' dir='ltr' id='par_1_90' title="bbox 1815 2947 3426 3023">
     <span class='ocr_line' id='line_1_90' title="bbox 1815 2947 3426 3023; baseline -0.002 -12"><span class='ocrx_word' id='word_1_744' title='bbox 1815 2947 1958 3011; x_wconf 28' lang='lat' dir='ltr'><strong>&#39;runt</strong></span> <span class='ocrx_word' id='word_1_745' title='bbox 1996 2951 2165 3012; x_wconf 59' lang='lat' dir='ltr'><strong>Judaei</strong></span> <span class='ocrx_word' id='word_1_746' title='bbox 2195 2952 2430 3010; x_wconf 86' lang='lat' dir='ltr'><strong>Christo.</strong></span> <span class='ocrx_word' id='word_1_747' title='bbox 2460 2949 2781 3007; x_wconf 63' lang='lat' dir='ltr'><strong>Daemouium</strong></span> <span class='ocrx_word' id='word_1_748' title='bbox 2822 2950 2976 3006; x_wconf 80' lang='lat' dir='ltr'><strong>habes</strong></span> <span class='ocrx_word' id='word_1_749' title='bbox 3003 2967 3024 3006; x_wconf 90' lang='lat'><strong><em>:</em></strong></span> <span class='ocrx_word' id='word_1_750' title='bbox 3055 2964 3152 3023; x_wconf 69' lang='lat' dir='ltr'><strong>age</strong></span> <span class='ocrx_word' id='word_1_751' title='bbox 3180 2961 3256 3018; x_wconf 92' lang='lat' dir='ltr'><strong>tu,</strong></span> <span class='ocrx_word' id='word_1_752' title='bbox 3277 2952 3426 3007; x_wconf 87' lang='lat' dir='ltr'><strong>chri-</strong></span> 
     </span>
    </p>
   </div>
   <div class='ocr_carea' id='block_1_91' title="bbox 1831 3036 3424 3117">
    <p class='ocr_par' dir='ltr' id='par_1_91' title="bbox 1831 3036 3424 3117">
     <span class='ocr_line' id='line_1_91' title="bbox 1831 3036 3424 3117; baseline -0.004 -14"><span class='ocrx_word' id='word_1_753' title='bbox 1831 3048 2042 3114; x_wconf 80' lang='lat' dir='ltr'><strong>sliane,</strong></span> <span class='ocrx_word' id='word_1_754' title='bbox 2072 3045 2286 3117; x_wconf 85' lang='lat' dir='ltr'><strong>quando</strong></span> <span class='ocrx_word' id='word_1_755' title='bbox 2311 3044 2510 3100; x_wconf 86' lang='lat' dir='ltr'><strong>videris</strong></span> <span class='ocrx_word' id='word_1_756' title='bbox 2549 3041 2618 3098; x_wconf 92' lang='lat' dir='ltr'><strong>de</strong></span> <span class='ocrx_word' id='word_1_757' title='bbox 2663 3041 2827 3098; x_wconf 89' lang='lat' dir='ltr'><strong>corde</strong></span> <span class='ocrx_word' id='word_1_758' title='bbox 2872 3036 3106 3098; x_wconf 83' lang='lat' dir='ltr'><strong>hominis</strong></span> <span class='ocrx_word' id='word_1_759' title='bbox 3143 3044 3424 3112; x_wconf 76' lang='lat' dir='ltr'><strong>expulsum</strong></span> 
     </span>
    </p>
   </div>
   <div class='ocr_carea' id='block_1_92' title="bbox 1829 3123 3427 3204">
    <p class='ocr_par' dir='ltr' id='par_1_92' title="bbox 1829 3123 3427 3204">
     <span class='ocr_line' id='line_1_92' title="bbox 1829 3123 3427 3204; baseline -0.004 -10"><span class='ocrx_word' id='word_1_760' title='bbox 1829 3123 2126 3203; x_wconf 83' lang='lat' dir='ltr'><strong>diabolum,</strong></span> <span class='ocrx_word' id='word_1_761' title='bbox 2147 3146 2205 3192; x_wconf 89' lang='lat' dir='ltr'><strong>et</strong></span> <span class='ocrx_word' id='word_1_762' title='bbox 2229 3135 2527 3190; x_wconf 86' lang='lat' dir='ltr'><strong>inhabitare</strong></span> <span class='ocrx_word' id='word_1_763' title='bbox 2547 3132 2839 3197; x_wconf 85' lang='lat' dir='ltr'><strong>Christum,</strong></span> <span class='ocrx_word' id='word_1_764' title='bbox 2866 3144 2924 3188; x_wconf 90' lang='lat' dir='ltr'><strong>et</strong></span> <span class='ocrx_word' id='word_1_765' title='bbox 2948 3133 3101 3198; x_wconf 88' lang='lat' dir='ltr'><strong>dicis,</strong></span> <span class='ocrx_word' id='word_1_766' title='bbox 3119 3134 3258 3199; x_wconf 86' lang='lat' dir='ltr'><strong>Quid</strong></span> <span class='ocrx_word' id='word_1_767' title='bbox 3281 3144 3427 3204; x_wconf 81' lang='lat' dir='ltr'><strong>patu-</strong></span> 
     </span>
    </p>
   </div>
   <div class='ocr_carea' id='block_1_93' title="bbox 1831 3221 3428 3287">
    <p class='ocr_par' dir='ltr' id='par_1_93' title="bbox 1831 3221 3428 3287">
     <span class='ocr_line' id='line_1_93' title="bbox 1831 3221 3428 3287; baseline -0.004 -1"><span class='ocrx_word' id='word_1_768' title='bbox 1831 3230 1946 3287; x_wconf 76' lang='lat' dir='ltr'><strong>ris?</strong></span> <span class='ocrx_word' id='word_1_769' title='bbox 1983 3229 2306 3285; x_wconf 72' lang='lat' dir='ltr'><strong>dmmoniu‘m</strong></span> <span class='ocrx_word' id='word_1_770' title='bbox 2351 3221 2442 3281; x_wconf 88' lang='lat' dir='ltr'><strong>tibi</strong></span> <span class='ocrx_word' id='word_1_771' title='bbox 2483 3225 2695 3280; x_wconf 86' lang='lat' dir='ltr'><strong>videtur</strong></span> <span class='ocrx_word' id='word_1_772' title='bbox 2737 3223 2967 3280; x_wconf 72' lang='lat' dir='ltr'><strong>habere?</strong></span> <span class='ocrx_word' id='word_1_773' title='bbox 3013 3226 3218 3279; x_wconf 86' lang='lat' dir='ltr'><strong>Dictum</strong></span> <span class='ocrx_word' id='word_1_774' title='bbox 3261 3234 3428 3280; x_wconf 80' lang='lat' dir='ltr'><strong>estet</strong></span> 
     </span>
    </p>
   </div>
   <div class='ocr_carea' id='block_1_94' title="bbox 1829 3314 3428 3390">
    <p class='ocr_par' dir='ltr' id='par_1_94' title="bbox 1829 3314 3428 3390">
     <span class='ocr_line' id='line_1_94' title="bbox 1829 3314 3428 3390; baseline -0.003 -14"><span class='ocrx_word' id='word_1_775' title='bbox 1829 3315 1898 3378; x_wconf 86' lang='lat' dir='ltr'><strong>de</strong></span> <span class='ocrx_word' id='word_1_776' title='bbox 1928 3322 2044 3390; x_wconf 87' lang='lat' dir='ltr'><strong>ipso</strong></span> <span class='ocrx_word' id='word_1_777' title='bbox 2073 3315 2298 3375; x_wconf 87' lang='lat' dir='ltr'><strong>Domino</strong></span> <span class='ocrx_word' id='word_1_778' title='bbox 2322 3359 2338 3383; x_wconf 93' lang='lat'><strong>,</strong></span> <span class='ocrx_word' id='word_1_779' title='bbox 2365 3316 2505 3388; x_wconf 90' lang='lat' dir='ltr'><strong>quod</strong></span> <span class='ocrx_word' id='word_1_780' title='bbox 2550 3316 2841 3380; x_wconf 89' lang='lat' dir='ltr'><strong>insaniret,</strong></span> <span class='ocrx_word' id='word_1_781' title='bbox 2871 3314 3086 3387; x_wconf 88' lang='lat' dir='ltr'><strong>quando</strong></span> <span class='ocrx_word' id='word_1_782' title='bbox 3113 3317 3428 3387; x_wconf 88' lang='lat' dir='ltr'><strong>loquebatur</strong></span> 
     </span>
    </p>
   </div>
   <div class='ocr_carea' id='block_1_95' title="bbox 1829 3403 3426 3482">
    <p class='ocr_par' dir='ltr' id='par_1_95' title="bbox 1829 3403 3426 3482">
     <span class='ocr_line' id='line_1_95' title="bbox 1829 3403 3426 3482; baseline -0.004 -16"><span class='ocrx_word' id='word_1_783' title='bbox 1829 3403 1991 3469; x_wconf 73' lang='lat' dir='ltr'><strong>verba</strong></span> <span class='ocrx_word' id='word_1_784' title='bbox 2013 3428 2133 3482; x_wconf 64' lang='lat' dir='ltr'><strong>qua}</strong></span> <span class='ocrx_word' id='word_1_785' title='bbox 2159 3411 2233 3466; x_wconf 90' lang='lat' dir='ltr'><strong>illi</strong></span> <span class='ocrx_word' id='word_1_786' title='bbox 2261 3424 2366 3464; x_wconf 92' lang='lat' dir='ltr'><strong>non</strong></span> <span class='ocrx_word' id='word_1_787' title='bbox 2393 3415 2682 3478; x_wconf 84' lang='lat' dir='ltr'><strong>caperent:</strong></span> <span class='ocrx_word' id='word_1_788' title='bbox 2713 3406 2913 3460; x_wconf 88' lang='lat' dir='ltr'><strong>dictum</strong></span> <span class='ocrx_word' id='word_1_789' title='bbox 2939 3416 3045 3473; x_wconf 87' lang='lat' dir='ltr'><strong>est,</strong></span> <span class='ocrx_word' id='word_1_790' title='bbox 3070 3404 3289 3471; x_wconf 83' lang='lat' dir='ltr'><strong>Insanit,</strong></span> <span class='ocrx_word' id='word_1_791' title='bbox 3313 3408 3426 3460; x_wconf 81' lang='lat' dir='ltr'><strong>du:-</strong></span> 
     </span>
    </p>
   </div>
   <div class='ocr_carea' id='block_1_96' title="bbox 1830 3497 3423 3568">
    <p class='ocr_par' dir='ltr' id='par_1_96' title="bbox 1830 3497 3423 3568">
     <span class='ocr_line' id='line_1_96' title="bbox 1830 3497 3423 3568; baseline -0.004 -10"><span class='ocrx_word' id='word_1_792' title='bbox 1830 3506 2058 3558; x_wconf 79' lang='lat' dir='ltr'><strong>nionium</strong></span> <span class='ocrx_word' id='word_1_793' title='bbox 2082 3501 2228 3556; x_wconf 80' lang='lat' dir='ltr'><strong>habet</strong></span> <span class='ocrx_word' id='word_1_794' title='bbox 2255 3515 2277 3556; x_wconf 92' lang='lat'><strong><em>:</em></strong></span> <span class='ocrx_word' id='word_1_795' title='bbox 2304 3510 2358 3555; x_wconf 89' lang='lat' dir='ltr'><strong>et</strong></span> <span class='ocrx_word' id='word_1_796' title='bbox 2397 3508 2574 3554; x_wconf 86' lang='lat' dir='ltr'><strong>tamen</strong></span> <span class='ocrx_word' id='word_1_797' title='bbox 2601 3497 2761 3568; x_wconf 78' lang='lat' dir='ltr'><strong>aliqui</strong></span> <span class='ocrx_word' id='word_1_798' title='bbox 2791 3497 3114 3568; x_wconf 79' lang='lat' dir='ltr'><strong>evigilabant</strong></span> <span class='ocrx_word' id='word_1_799' title='bbox 3139 3511 3168 3551; x_wconf 89' lang='lat' dir='ltr'><strong>a</strong></span> <span class='ocrx_word' id='word_1_800' title='bbox 3197 3511 3423 3568; x_wconf 83' lang='lat' dir='ltr'><strong>somno,</strong></span> 
     </span>
    </p>
   </div>
   <div class='ocr_carea' id='block_1_97' title="bbox 1827 3587 3427 3658">
    <p class='ocr_par' dir='ltr' id='par_1_97' title="bbox 1827 3587 3427 3658">
     <span class='ocr_line' id='line_1_97' title="bbox 1827 3587 3427 3658; baseline -0.004 -8"><span class='ocrx_word' id='word_1_801' title='bbox 1827 3607 1883 3650; x_wconf 89' lang='lat' dir='ltr'><strong>et</strong></span> <span class='ocrx_word' id='word_1_802' title='bbox 1907 3596 2188 3658; x_wconf 88' lang='lat' dir='ltr'><strong>dicebant,</strong></span> <span class='ocrx_word' id='word_1_803' title='bbox 2223 3590 2347 3647; x_wconf 86' lang='lat' dir='ltr'><strong>Non</strong></span> <span class='ocrx_word' id='word_1_804' title='bbox 2387 3599 2503 3646; x_wconf 85' lang='lat' dir='ltr'><strong>sunt</strong></span> <span class='ocrx_word' id='word_1_805' title='bbox 2540 3591 2638 3644; x_wconf 84' lang='lat' dir='ltr'><strong>ista</strong></span> <span class='ocrx_word' id='word_1_806' title='bbox 2680 3590 2827 3643; x_wconf 82' lang='lat' dir='ltr'><strong>verba</strong></span> <span class='ocrx_word' id='word_1_807' title='bbox 2855 3589 3159 3643; x_wconf 70' lang='lat' dir='ltr'><strong>da&#39;monium</strong></span> <span class='ocrx_word' id='word_1_808' title='bbox 3181 3587 3427 3644; x_wconf 78' lang='lat' dir='ltr'><strong>habentis</strong></span> 
     </span>
    </p>
   </div>
   <div class='ocr_carea' id='block_1_98' title="bbox 1833 3680 3426 3761">
    <p class='ocr_par' dir='ltr' id='par_1_98' title="bbox 1833 3680 3426 3761">
     <span class='ocr_line' id='line_1_98' title="bbox 1833 3680 3426 3761; baseline -0.001 -21"><span class='ocrx_word' id='word_1_809' title='bbox 1833 3687 1943 3761; x_wconf 85' lang='lat' dir='ltr'><strong>(Id.</strong></span> <span class='ocrx_word' id='word_1_810' title='bbox 1976 3704 2032 3750; x_wconf 68' lang='grc' dir='ltr'><strong>Σ,</strong></span> <span class='ocrx_word' id='word_1_811' title='bbox 2057 3686 2149 3747; x_wconf 79' lang='lat'><strong>9.0.</strong></span> <span class='ocrx_word' id='word_1_812' title='bbox 2176 3683 2305 3756; x_wconf 69' lang='grc'><strong>21).</strong></span> <span class='ocrx_word' id='word_1_813' title='bbox 2332 3684 2421 3740; x_wconf 90' lang='lat' dir='ltr'><strong>Sic</strong></span> <span class='ocrx_word' id='word_1_814' title='bbox 2453 3691 2508 3737; x_wconf 88' lang='lat' dir='ltr'><strong>et</strong></span> <span class='ocrx_word' id='word_1_815' title='bbox 2548 3681 2707 3737; x_wconf 86' lang='lat' dir='ltr'><strong>modo</strong></span> <span class='ocrx_word' id='word_1_816' title='bbox 2729 3723 2744 3740; x_wconf 81' lang='lat'><strong>.</strong></span> <span class='ocrx_word' id='word_1_817' title='bbox 2784 3680 2975 3736; x_wconf 81' lang='lat' dir='ltr'><strong>fratres</strong></span> <span class='ocrx_word' id='word_1_818' title='bbox 2995 3720 3013 3746; x_wconf 89' lang='lat'><strong>,</strong></span> <span class='ocrx_word' id='word_1_819' title='bbox 3045 3680 3293 3748; x_wconf 84' lang='lat' dir='ltr'><strong>quamdiu</strong></span> <span class='ocrx_word' id='word_1_820' title='bbox 3325 3682 3426 3738; x_wconf 83' lang='lat' dir='ltr'><strong>ista</strong></span> 
     </span>
    </p>
   </div>
   <div class='ocr_carea' id='block_1_99' title="bbox 1829 3773 3428 3848">
    <p class='ocr_par' dir='ltr' id='par_1_99' title="bbox 1829 3773 3428 3848">
     <span class='ocr_line' id='line_1_99' title="bbox 1829 3773 3428 3848; baseline -0.003 -13"><span class='ocrx_word' id='word_1_821' title='bbox 1829 3781 1992 3837; x_wconf 88' lang='lat' dir='ltr'><strong>verba</strong></span> <span class='ocrx_word' id='word_1_822' title='bbox 2021 3779 2242 3834; x_wconf 90' lang='lat' dir='ltr'><strong>audiunt</strong></span> <span class='ocrx_word' id='word_1_823' title='bbox 2279 3785 2333 3832; x_wconf 89' lang='lat' dir='ltr'><strong>et</strong></span> <span class='ocrx_word' id='word_1_824' title='bbox 2360 3789 2545 3848; x_wconf 79' lang='lat' dir='ltr'><strong>gentes</strong></span> <span class='ocrx_word' id='word_1_825' title='bbox 2568 3817 2582 3839; x_wconf 87' lang='lat'><strong>,</strong></span> <span class='ocrx_word' id='word_1_826' title='bbox 2611 3783 2666 3829; x_wconf 89' lang='lat' dir='ltr'><strong>et</strong></span> <span class='ocrx_word' id='word_1_827' title='bbox 2693 3775 2783 3843; x_wconf 89' lang='lat' dir='ltr'><strong>qui</strong></span> <span class='ocrx_word' id='word_1_828' title='bbox 2813 3773 3112 3828; x_wconf 89' lang='lat' dir='ltr'><strong>inhabitant</strong></span> <span class='ocrx_word' id='word_1_829' title='bbox 3135 3774 3343 3842; x_wconf 88' lang='lat' dir='ltr'><strong>orbem,</strong></span> <span class='ocrx_word' id='word_1_830' title='bbox 3370 3785 3428 3831; x_wconf 89' lang='lat' dir='ltr'><strong>et</strong></span> 
     </span>
    </p>
   </div>
   <div class='ocr_carea' id='block_1_100' title="bbox 1831 3859 3423 3944">
    <p class='ocr_par' dir='ltr' id='par_1_100' title="bbox 1831 3859 3423 3944">
     <span class='ocr_line' id='line_1_100' title="bbox 1831 3859 3423 3944; baseline -0.004 -17"><span class='ocrx_word' id='word_1_831' title='bbox 1831 3873 2129 3944; x_wconf 62' lang='lat' dir='ltr'><strong>terrigenae,</strong></span> <span class='ocrx_word' id='word_1_832' title='bbox 2151 3879 2206 3926; x_wconf 90' lang='lat' dir='ltr'><strong>et</strong></span> <span class='ocrx_word' id='word_1_833' title='bbox 2227 3869 2316 3924; x_wconf 87' lang='lat' dir='ltr'><strong>lilii</strong></span> <span class='ocrx_word' id='word_1_834' title='bbox 2345 3859 2640 3922; x_wconf 86' lang='lat' dir='ltr'><strong>hominum.</strong></span> <span class='ocrx_word' id='word_1_835' title='bbox 2668 3876 2723 3920; x_wconf 89' lang='lat' dir='ltr'><strong>et</strong></span> <span class='ocrx_word' id='word_1_836' title='bbox 2747 3864 2897 3919; x_wconf 71' lang='lat' dir='ltr'><strong>dives</strong></span> <span class='ocrx_word' id='word_1_837' title='bbox 2922 3873 2977 3920; x_wconf 91' lang='lat' dir='ltr'><strong>ct</strong></span> <span class='ocrx_word' id='word_1_838' title='bbox 3001 3881 3220 3935; x_wconf 85' lang='lat' dir='ltr'><strong>pauper,</strong></span> <span class='ocrx_word' id='word_1_839' title='bbox 3244 3866 3295 3920; x_wconf 89' lang='lat' dir='ltr'><strong>id</strong></span> <span class='ocrx_word' id='word_1_840' title='bbox 3317 3878 3423 3930; x_wconf 90' lang='lat' dir='ltr'><strong>est,</strong></span> 
     </span>
    </p>
   </div>
   <div class='ocr_carea' id='block_1_101' title="bbox 1829 3945 3427 4038">
    <p class='ocr_par' dir='ltr' id='par_1_101' title="bbox 1829 3945 3427 4038">
     <span class='ocr_line' id='line_1_101' title="bbox 1829 3945 3427 4038; baseline -0.006 -16"><span class='ocrx_word' id='word_1_841' title='bbox 1829 3979 1882 4023; x_wconf 90' lang='lat' dir='ltr'><strong>et</strong></span> <span class='ocrx_word' id='word_1_842' title='bbox 1911 3945 2001 4038; x_wconf 86' lang='lat' dir='ltr'><strong>qui</strong></span> <span class='ocrx_word' id='word_1_843' title='bbox 2034 3961 2296 4034; x_wconf 83' lang='lat' dir='ltr'><strong>pertinent</strong></span> <span class='ocrx_word' id='word_1_844' title='bbox 2325 3961 2391 4013; x_wconf 90' lang='lat' dir='ltr'><strong>ad</strong></span> <span class='ocrx_word' id='word_1_845' title='bbox 2424 3958 2587 4014; x_wconf 75' lang='lat' dir='ltr'><strong>Adam</strong></span> <span class='ocrx_word' id='word_1_846' title='bbox 2609 3998 2625 4020; x_wconf 93' lang='lat'><strong>,</strong></span> <span class='ocrx_word' id='word_1_847' title='bbox 2654 3965 2708 4011; x_wconf 81' lang='lat' dir='ltr'><strong>et</strong></span> <span class='ocrx_word' id='word_1_848' title='bbox 2735 3956 2839 4027; x_wconf 81' lang='lat' dir='ltr'><strong>qui</strong></span> <span class='ocrx_word' id='word_1_849' title='bbox 2867 3956 3134 4026; x_wconf 88' lang='lat' dir='ltr'><strong>pertinent</strong></span> <span class='ocrx_word' id='word_1_850' title='bbox 3178 3956 3243 4011; x_wconf 89' lang='lat' dir='ltr'><strong>ad</strong></span> <span class='ocrx_word' id='word_1_851' title='bbox 3271 3957 3427 4012; x_wconf 86' lang='lat' dir='ltr'><strong>Chri-</strong></span> 
     </span>
    </p>
   </div>
   <div class='ocr_carea' id='block_1_102' title="bbox 1829 4049 3426 4123">
    <p class='ocr_par' dir='ltr' id='par_1_102' title="bbox 1829 4049 3426 4123">
     <span class='ocr_line' id='line_1_102' title="bbox 1829 4049 3426 4123; baseline -0.004 -9"><span class='ocrx_word' id='word_1_852' title='bbox 1829 4070 1993 4123; x_wconf 88' lang='lat' dir='ltr'><strong>stum,</strong></span> <span class='ocrx_word' id='word_1_853' title='bbox 2025 4056 2115 4111; x_wconf 83' lang='lat' dir='ltr'><strong>alii</strong></span> <span class='ocrx_word' id='word_1_854' title='bbox 2141 4055 2344 4113; x_wconf 79' lang='lat' dir='ltr'><strong>dicunt.</strong></span> <span class='ocrx_word' id='word_1_855' title='bbox 2378 4051 2697 4106; x_wconf 77' lang='lat' dir='ltr'><strong>Dtcnwniunt</strong></span> <span class='ocrx_word' id='word_1_856' title='bbox 2730 4049 2918 4116; x_wconf 85' lang='lat' dir='ltr'><strong>habet;</strong></span> <span class='ocrx_word' id='word_1_857' title='bbox 2946 4049 3034 4103; x_wconf 88' lang='lat' dir='ltr'><strong>alii</strong></span> <span class='ocrx_word' id='word_1_858' title='bbox 3063 4049 3268 4117; x_wconf 80' lang='lat' dir='ltr'><strong>dicunt,</strong></span> <span class='ocrx_word' id='word_1_859' title='bbox 3301 4051 3426 4107; x_wconf 75' lang='lat' dir='ltr'><strong>Non</strong></span> 
     </span>
    </p>
   </div>
   <div class='ocr_carea' id='block_1_103' title="bbox 1830 4140 3428 4207">
    <p class='ocr_par' dir='ltr' id='par_1_103' title="bbox 1830 4140 3428 4207">
     <span class='ocr_line' id='line_1_103' title="bbox 1830 4140 3428 4207; baseline -0.007 0"><span class='ocrx_word' id='word_1_860' title='bbox 1830 4161 1948 4207; x_wconf 84' lang='lat' dir='ltr'><strong>sunt</strong></span> <span class='ocrx_word' id='word_1_861' title='bbox 1969 4152 2068 4205; x_wconf 88' lang='lat' dir='ltr'><strong>ista</strong></span> <span class='ocrx_word' id='word_1_862' title='bbox 2094 4147 2242 4202; x_wconf 73' lang='lat' dir='ltr'><strong>verba</strong></span> <span class='ocrx_word' id='word_1_863' title='bbox 2282 4144 2588 4199; x_wconf 79' lang='lat' dir='ltr'><strong>da&#39;monium</strong></span> <span class='ocrx_word' id='word_1_864' title='bbox 2628 4142 2878 4195; x_wconf 81' lang='lat' dir='ltr'><strong>habentis.</strong></span> <span class='ocrx_word' id='word_1_865' title='bbox 2925 4140 3026 4195; x_wconf 82' lang='lat' dir='ltr'><strong>Alii</strong></span> <span class='ocrx_word' id='word_1_866' title='bbox 3068 4142 3210 4195; x_wconf 90' lang='lat' dir='ltr'><strong>enim</strong></span> <span class='ocrx_word' id='word_1_867' title='bbox 3242 4150 3428 4197; x_wconf 87' lang='lat' dir='ltr'><strong>tenent</strong></span> 
     </span>
    </p>
   </div>
   <div class='ocr_carea' id='block_1_104' title="bbox 1833 4231 3428 4303">
    <p class='ocr_par' dir='ltr' id='par_1_104' title="bbox 1833 4231 3428 4303">
     <span class='ocr_line' id='line_1_104' title="bbox 1833 4231 3428 4303; baseline -0.006 -7"><span class='ocrx_word' id='word_1_868' title='bbox 1833 4246 1969 4298; x_wconf 85' lang='lat' dir='ltr'><strong>viam</strong></span> <span class='ocrx_word' id='word_1_869' title='bbox 1998 4238 2202 4302; x_wconf 71' lang='lat' dir='ltr'><strong>smculi,</strong></span> <span class='ocrx_word' id='word_1_870' title='bbox 2227 4247 2282 4292; x_wconf 88' lang='lat' dir='ltr'><strong>et</strong></span> <span class='ocrx_word' id='word_1_871' title='bbox 2307 4237 2405 4290; x_wconf 85' lang='lat' dir='ltr'><strong>ista</strong></span> <span class='ocrx_word' id='word_1_872' title='bbox 2435 4235 2501 4289; x_wconf 86' lang='lat' dir='ltr'><strong>ad</strong></span> <span class='ocrx_word' id='word_1_873' title='bbox 2531 4243 2740 4303; x_wconf 85' lang='lat' dir='ltr'><strong>tempus</strong></span> <span class='ocrx_word' id='word_1_874' title='bbox 2765 4231 2989 4288; x_wconf 81' lang='lat' dir='ltr'><strong>audiunt</strong></span> <span class='ocrx_word' id='word_1_875' title='bbox 3017 4251 3032 4265; x_wconf 88' lang='grc'>·</span> <span class='ocrx_word' id='word_1_876' title='bbox 3063 4233 3154 4288; x_wconf 83' lang='lat' dir='ltr'><strong>alii</strong></span> <span class='ocrx_word' id='word_1_877' title='bbox 3184 4250 3288 4290; x_wconf 90' lang='lat' dir='ltr'><strong>non</strong></span> <span class='ocrx_word' id='word_1_878' title='bbox 3315 4233 3428 4289; x_wconf 85' lang='lat' dir='ltr'><strong>fru-</strong></span> 
     </span>
    </p>
   </div>
   <div class='ocr_carea' id='block_1_105' title="bbox 1831 4324 3428 4396">
    <p class='ocr_par' dir='ltr' id='par_1_105' title="bbox 1831 4324 3428 4396">
     <span class='ocr_line' id='line_1_105' title="bbox 1831 4324 3428 4396; baseline -0.005 -5"><span class='ocrx_word' id='word_1_879' title='bbox 1831 4346 1939 4391; x_wconf 88' lang='lat' dir='ltr'><strong>stra</strong></span> <span class='ocrx_word' id='word_1_880' title='bbox 1983 4332 2238 4395; x_wconf 89' lang='lat' dir='ltr'><strong>audiunt,</strong></span> <span class='ocrx_word' id='word_1_881' title='bbox 2269 4328 2362 4384; x_wconf 76' lang='lat' dir='ltr'><strong>Sed</strong></span> <span class='ocrx_word' id='word_1_882' title='bbox 2413 4327 2609 4383; x_wconf 87' lang='lat' dir='ltr'><strong>faciunt</strong></span> <span class='ocrx_word' id='word_1_883' title='bbox 2635 4324 2778 4396; x_wconf 89' lang='lat' dir='ltr'><strong>quod</strong></span> <span class='ocrx_word' id='word_1_884' title='bbox 2821 4325 3020 4380; x_wconf 89' lang='lat' dir='ltr'><strong>dictum</strong></span> <span class='ocrx_word' id='word_1_885' title='bbox 3056 4334 3177 4390; x_wconf 87' lang='lat' dir='ltr'><strong>est,</strong></span> <span class='ocrx_word' id='word_1_886' title='bbox 3207 4327 3428 4383; x_wconf 77' lang='lat' dir='ltr'><strong>Auribus</strong></span> 
     </span>
    </p>
   </div>
   <div class='ocr_carea' id='block_1_106' title="bbox 1833 4416 3426 4498">
    <p class='ocr_par' dir='ltr' id='par_1_106' title="bbox 1833 4416 3426 4498">
     <span class='ocr_line' id='line_1_106' title="bbox 1833 4416 3426 4498; baseline -0.004 -17"><span class='ocrx_word' id='word_1_887' title='bbox 1833 4427 2074 4498; x_wconf 78' lang='lat' dir='ltr'><strong>percipite</strong></span> <span class='ocrx_word' id='word_1_888' title='bbox 2089 4424 2176 4495; x_wconf 84' lang='lat' dir='ltr'><strong>qui</strong></span> <span class='ocrx_word' id='word_1_889' title='bbox 2203 4421 2437 4475; x_wconf 84' lang='lat' dir='ltr'><strong>habitatis</strong></span> <span class='ocrx_word' id='word_1_890' title='bbox 2457 4420 2645 4472; x_wconf 82' lang='lat' dir='ltr'><strong>orbem.</strong></span> <span class='ocrx_word' id='word_1_891' title='bbox 2673 4416 2879 4471; x_wconf 82' lang='lat' dir='ltr'><strong>Etcum</strong></span> <span class='ocrx_word' id='word_1_892' title='bbox 2905 4424 3069 4485; x_wconf 73' lang='lat' dir='ltr'><strong>agunt</strong></span> <span class='ocrx_word' id='word_1_893' title='bbox 3095 4416 3215 4484; x_wconf 84' lang='lat' dir='ltr'><strong>ista,</strong></span> <span class='ocrx_word' id='word_1_894' title='bbox 3243 4418 3426 4474; x_wconf 87' lang='lat' dir='ltr'><strong>lucer-</strong></span> 
     </span>
    </p>
   </div>
   <div class='ocr_carea' id='block_1_107' title="bbox 1806 4509 3428 4580">
    <p class='ocr_par' dir='ltr' id='par_1_107' title="bbox 1806 4509 3428 4580">
     <span class='ocr_line' id='line_1_107' title="bbox 1806 4509 3428 4580; baseline -0.015 -9"><span class='ocrx_word' id='word_1_895' title='bbox 1806 4531 1918 4575; x_wconf 85' lang='lat' dir='ltr'><strong>.tus</strong></span> <span class='ocrx_word' id='word_1_896' title='bbox 1948 4521 1964 4552; x_wconf 81' lang='grc'>¹</span> <span class='ocrx_word' id='word_1_897' title='bbox 1992 4525 2076 4572; x_wconf 89' lang='lat' dir='ltr'><strong>est</strong></span> <span class='ocrx_word' id='word_1_898' title='bbox 2099 4516 2318 4570; x_wconf 76' lang='lat' dir='ltr'><strong>fructus.</strong></span> <span class='ocrx_word' id='word_1_899' title='bbox 2345 4512 2450 4568; x_wconf 89' lang='lat' dir='ltr'><strong>Sed</strong></span> <span class='ocrx_word' id='word_1_900' title='bbox 2480 4511 2569 4580; x_wconf 85' lang='lat' dir='ltr'><strong>qui</strong></span> <span class='ocrx_word' id='word_1_901' title='bbox 2600 4509 2740 4564; x_wconf 80' lang='lat' dir='ltr'><strong>male</strong></span> <span class='ocrx_word' id='word_1_902' title='bbox 2765 4517 2964 4577; x_wconf 79' lang='lat' dir='ltr'><strong>agunt,</strong></span> <span class='ocrx_word' id='word_1_903' title='bbox 2989 4517 3048 4564; x_wconf 78' lang='lat' dir='ltr'><strong>et</strong></span> <span class='ocrx_word' id='word_1_904' title='bbox 3078 4509 3213 4564; x_wconf 69' lang='lat' dir='ltr'><strong>viam</strong></span> <span class='ocrx_word' id='word_1_905' title='bbox 3243 4513 3428 4566; x_wconf 49' lang='lat' dir='ltr'><strong>931m“</strong></span> 
     </span>
    </p>
   </div>
   <div class='ocr_carea' id='block_1_108' title="bbox 1831 4601 3425 4685">
    <p class='ocr_par' dir='ltr' id='par_1_108' title="bbox 1831 4601 3425 4685">
     <span class='ocr_line' id='line_1_108' title="bbox 1831 4601 3425 4685; baseline -0.008 -15"><span class='ocrx_word' id='word_1_906' title='bbox 1831 4613 2072 4685; x_wconf 77' lang='lat' dir='ltr'><strong>eligunt,</strong></span> <span class='ocrx_word' id='word_1_907' title='bbox 2100 4623 2237 4662; x_wconf 88' lang='lat' dir='ltr'><strong>mors</strong></span> <span class='ocrx_word' id='word_1_908' title='bbox 2273 4616 2447 4677; x_wconf 85' lang='lat' dir='ltr'><strong>pastor</strong></span> <span class='ocrx_word' id='word_1_909' title='bbox 2473 4613 2547 4656; x_wconf 85' lang='lat' dir='ltr'><strong>est</strong></span> <span class='ocrx_word' id='word_1_910' title='bbox 2586 4601 2658 4655; x_wconf 83' lang='lat' dir='ltr'><strong>eis</strong></span> <span class='ocrx_word' id='word_1_911' title='bbox 2685 4617 2704 4655; x_wconf 89' lang='lat'><strong><em>:</em></strong></span> <span class='ocrx_word' id='word_1_912' title='bbox 2727 4601 2817 4670; x_wconf 87' lang='lat' dir='ltr'><strong>qui</strong></span> <span class='ocrx_word' id='word_1_913' title='bbox 2853 4609 3031 4654; x_wconf 88' lang='lat' dir='ltr'><strong>autem</strong></span> <span class='ocrx_word' id='word_1_914' title='bbox 3059 4601 3259 4670; x_wconf 81' lang='lat' dir='ltr'><strong>eligunt</strong></span> <span class='ocrx_word' id='word_1_915' title='bbox 3286 4603 3425 4657; x_wconf 78' lang='lat' dir='ltr'><strong>viam</strong></span> 
     </span>
    </p>
   </div>
   <div class='ocr_carea' id='block_1_109' title="bbox 1836 4689 3425 4768">
    <p class='ocr_par' dir='ltr' id='par_1_109' title="bbox 1836 4689 3425 4768">
     <span class='ocr_line' id='line_1_109' title="bbox 1836 4689 3425 4768; baseline -0.01 -9"><span class='ocrx_word' id='word_1_916' title='bbox 1836 4704 1926 4759; x_wconf 83' lang='lat' dir='ltr'><strong>Dei</strong></span> <span class='ocrx_word' id='word_1_917' title='bbox 1958 4705 2002 4768; x_wconf 80' lang='grc'><strong>⁸,</strong></span> <span class='ocrx_word' id='word_1_918' title='bbox 2029 4701 2136 4755; x_wconf 81' lang='lat' dir='ltr'><strong>vita</strong></span> <span class='ocrx_word' id='word_1_919' title='bbox 2167 4707 2346 4768; x_wconf 87' lang='lat' dir='ltr'><strong>pastor</strong></span> <span class='ocrx_word' id='word_1_920' title='bbox 2373 4703 2458 4753; x_wconf 81' lang='lat' dir='ltr'><strong>est</strong></span> <span class='ocrx_word' id='word_1_921' title='bbox 2482 4693 2582 4748; x_wconf 89' lang='lat' dir='ltr'><strong>eis.</strong></span> <span class='ocrx_word' id='word_1_922' title='bbox 2611 4689 2799 4768; x_wconf 73' lang='lat' dir='ltr'><strong>Veniet</strong></span> <span class='ocrx_word' id='word_1_923' title='bbox 2838 4691 2948 4760; x_wconf 86' lang='lat' dir='ltr'><strong>ipsa</strong></span> <span class='ocrx_word' id='word_1_924' title='bbox 2979 4692 3083 4745; x_wconf 86' lang='lat' dir='ltr'><strong>vita</strong></span> <span class='ocrx_word' id='word_1_925' title='bbox 3105 4691 3425 4758; x_wconf 71' lang='lat' dir='ltr'><strong>judzcntum,</strong></span> 
     </span>
    </p>
   </div>
   <div class='ocr_carea' id='block_1_110' title="bbox 1834 4785 3427 4857">
    <p class='ocr_par' dir='ltr' id='par_1_110' title="bbox 1834 4785 3427 4857">
     <span class='ocr_line' id='line_1_110' title="bbox 1834 4785 3427 4857; baseline -0.013 -4"><span class='ocrx_word' id='word_1_926' title='bbox 1834 4807 1887 4853; x_wconf 84' lang='lat' dir='ltr'><strong>et</strong></span> <span class='ocrx_word' id='word_1_927' title='bbox 1917 4797 2229 4852; x_wconf 80' lang='lat' dir='ltr'><strong>damnatura</strong></span> <span class='ocrx_word' id='word_1_928' title='bbox 2267 4804 2390 4845; x_wconf 92' lang='lat' dir='ltr'><strong>cum</strong></span> <span class='ocrx_word' id='word_1_929' title='bbox 2437 4797 2648 4857; x_wconf 82' lang='lat' dir='ltr'><strong>pastore</strong></span> <span class='ocrx_word' id='word_1_930' title='bbox 2689 4800 2787 4837; x_wconf 85' lang='lat' dir='ltr'><strong>suo</strong></span> <span class='ocrx_word' id='word_1_931' title='bbox 2823 4798 2929 4838; x_wconf 71' lang='lat' dir='ltr'><strong>eos</strong></span> <span class='ocrx_word' id='word_1_932' title='bbox 2955 4785 3149 4853; x_wconf 88' lang='lat' dir='ltr'><strong>quibus</strong></span> <span class='ocrx_word' id='word_1_933' title='bbox 3175 4787 3427 4843; x_wconf 75' lang='lat' dir='ltr'><strong>dicetur:</strong></span> 
     </span>
    </p>
   </div>
   <div class='ocr_carea' id='block_1_111' title="bbox 1837 4875 3434 4958">
    <p class='ocr_par' dir='ltr' id='par_1_111' title="bbox 1837 4875 3434 4958">
     <span class='ocr_line' id='line_1_111' title="bbox 1837 4875 3434 4958; baseline -0.008 -15"><span class='ocrx_word' id='word_1_934' title='bbox 1837 4888 1918 4944; x_wconf 89' lang='lat' dir='ltr'><strong>Ite</strong></span> <span class='ocrx_word' id='word_1_935' title='bbox 1944 4887 1998 4941; x_wconf 87' lang='lat' dir='ltr'><strong>in</strong></span> <span class='ocrx_word' id='word_1_936' title='bbox 2036 4886 2204 4958; x_wconf 85' lang='lat' dir='ltr'><strong>ignem</strong></span> <span class='ocrx_word' id='word_1_937' title='bbox 2240 4890 2482 4936; x_wconf 80' lang='lat' dir='ltr'><strong>tctcrnum</strong></span> <span class='ocrx_word' id='word_1_938' title='bbox 2503 4918 2520 4943; x_wconf 83' lang='lat'><strong>,</strong></span> <span class='ocrx_word' id='word_1_939' title='bbox 2547 4875 2635 4944; x_wconf 80' lang='lat' dir='ltr'><strong>qui</strong></span> <span class='ocrx_word' id='word_1_940' title='bbox 2683 4885 2998 4945; x_wconf 73' lang='lat' dir='ltr'><strong>pra&#39;parutns</strong></span> <span class='ocrx_word' id='word_1_941' title='bbox 3043 4884 3116 4930; x_wconf 86' lang='lat' dir='ltr'><strong>est</strong></span> <span class='ocrx_word' id='word_1_942' title='bbox 3156 4875 3360 4930; x_wconf 83' lang='lat' dir='ltr'><strong>diabolo</strong></span> <span class='ocrx_word' id='word_1_943' title='bbox 3384 4887 3434 4930; x_wconf 85' lang='lat' dir='ltr'><strong>et</strong></span> 
     </span>
    </p>
   </div>
   <div class='ocr_carea' id='block_1_112' title="bbox 1836 4963 3432 5050">
    <p class='ocr_par' dir='ltr' id='par_1_112' title="bbox 1836 4963 3432 5050">
     <span class='ocr_line' id='line_1_112' title="bbox 1836 4963 3432 5050; baseline -0.008 -15"><span class='ocrx_word' id='word_1_944' title='bbox 1836 4979 2027 5050; x_wconf 84' lang='lat' dir='ltr'><strong>angelis</strong></span> <span class='ocrx_word' id='word_1_945' title='bbox 2051 4974 2181 5048; x_wconf 78' lang='lat' dir='ltr'><strong>ejus.</strong></span> <span class='ocrx_word' id='word_1_946' title='bbox 2212 4969 2293 5027; x_wconf 89' lang='lat' dir='ltr'><strong>llli</strong></span> <span class='ocrx_word' id='word_1_947' title='bbox 2322 4980 2496 5024; x_wconf 87' lang='lat' dir='ltr'><strong>autem</strong></span> <span class='ocrx_word' id='word_1_948' title='bbox 2542 4967 2736 5039; x_wconf 87' lang='lat' dir='ltr'><strong>quibus</strong></span> <span class='ocrx_word' id='word_1_949' title='bbox 2764 4963 3074 5020; x_wconf 89' lang='lat' dir='ltr'><strong>insultatum</strong></span> <span class='ocrx_word' id='word_1_950' title='bbox 3113 4977 3198 5020; x_wconf 85' lang='lat' dir='ltr'><strong>est</strong></span> <span class='ocrx_word' id='word_1_951' title='bbox 3217 5009 3235 5033; x_wconf 94' lang='lat'><strong>,</strong></span> <span class='ocrx_word' id='word_1_952' title='bbox 3260 4975 3316 5022; x_wconf 91' lang='lat' dir='ltr'><strong>et</strong></span> <span class='ocrx_word' id='word_1_953' title='bbox 3338 4969 3432 5039; x_wconf 87' lang='lat' dir='ltr'><strong>qui</strong></span> 
     </span>
    </p>
   </div>
   <div class='ocr_carea' id='block_1_113' title="bbox 1837 5056 3431 5137">
    <p class='ocr_par' dir='ltr' id='par_1_113' title="bbox 1837 5056 3431 5137">
     <span class='ocr_line' id='line_1_113' title="bbox 1837 5056 3431 5137; baseline -0.019 -9"><span class='ocrx_word' id='word_1_954' title='bbox 1837 5071 1977 5127; x_wconf 87' lang='lat' dir='ltr'><strong>irrisi</strong></span> <span class='ocrx_word' id='word_1_955' title='bbox 2003 5077 2127 5124; x_wconf 80' lang='lat' dir='ltr'><strong>sunt</strong></span> <span class='ocrx_word' id='word_1_956' title='bbox 2152 5065 2275 5137; x_wconf 86' lang='lat' dir='ltr'><strong>quia</strong></span> <span class='ocrx_word' id='word_1_957' title='bbox 2301 5057 2630 5122; x_wconf 88' lang='lat' dir='ltr'><strong>credebant,</strong></span> <span class='ocrx_word' id='word_1_958' title='bbox 2661 5057 2880 5112; x_wconf 85' lang='lat' dir='ltr'><strong>audient</strong></span> <span class='ocrx_word' id='word_1_959' title='bbox 2903 5057 2972 5110; x_wconf 86' lang='lat' dir='ltr'><strong>ab</strong></span> <span class='ocrx_word' id='word_1_960' title='bbox 2997 5056 3109 5124; x_wconf 82' lang='lat' dir='ltr'><strong>ipsa</strong></span> <span class='ocrx_word' id='word_1_961' title='bbox 3141 5058 3242 5112; x_wconf 72' lang='lat' dir='ltr'><strong>vita</strong></span> <span class='ocrx_word' id='word_1_962' title='bbox 3270 5074 3431 5128; x_wconf 70' lang='lat' dir='ltr'><strong>qua...</strong></span> 
     </span>
    </p>
   </div>
   <div class='ocr_carea' id='block_1_114' title="bbox 1837 5146 3435 5230">
    <p class='ocr_par' dir='ltr' id='par_1_114' title="bbox 1837 5146 3435 5230">
     <span class='ocr_line' id='line_1_114' title="bbox 1837 5146 3435 5230; baseline -0.015 -13"><span class='ocrx_word' id='word_1_963' title='bbox 1837 5162 2034 5218; x_wconf 88' lang='lat' dir='ltr'><strong>habent</strong></span> <span class='ocrx_word' id='word_1_964' title='bbox 2070 5167 2338 5230; x_wconf 88' lang='lat' dir='ltr'><strong>pastorem</strong></span> <span class='ocrx_word' id='word_1_965' title='bbox 2370 5168 2386 5206; x_wconf 89' lang='lat'><strong>:</strong></span> <span class='ocrx_word' id='word_1_966' title='bbox 2425 5149 2620 5212; x_wconf 85' lang='lat' dir='ltr'><strong>Venite.</strong></span> <span class='ocrx_word' id='word_1_967' title='bbox 2642 5147 2886 5203; x_wconf 79' lang='lat' dir='ltr'><strong>benedicti</strong></span> <span class='ocrx_word' id='word_1_968' title='bbox 2929 5146 3104 5204; x_wconf 84' lang='lat' dir='ltr'><strong>Patris</strong></span> <span class='ocrx_word' id='word_1_969' title='bbox 3133 5150 3252 5217; x_wconf 86' lang='lat' dir='ltr'><strong>mei,</strong></span> <span class='ocrx_word' id='word_1_970' title='bbox 3268 5152 3435 5221; x_wconf 71' lang='grc' dir='ltr'><strong>ρει-σε.</strong></span> 
     </span>
    </p>
   </div>
   <div class='ocr_carea' id='block_1_115' title="bbox 1839 5232 3433 5324">
    <p class='ocr_par' dir='ltr' id='par_1_115' title="bbox 1839 5232 3433 5324">
     <span class='ocr_line' id='line_1_115' title="bbox 1839 5232 3433 5324; baseline -0.007 -16"><span class='ocrx_word' id='word_1_971' title='bbox 1839 5258 1941 5324; x_wconf 82' lang='lat' dir='ltr'><strong>pile</strong></span> <span class='ocrx_word' id='word_1_972' title='bbox 1967 5232 2343 5324; x_wconf 74' lang='lat' dir='ltr'><strong>regnumquod&#39;</strong></span> <span class='ocrx_word' id='word_1_973' title='bbox 2379 5244 2515 5299; x_wconf 72' lang='lat' dir='ltr'><strong>vobis</strong></span> <span class='ocrx_word' id='word_1_974' title='bbox 2542 5236 2779 5315; x_wconf 79' lang='lat' dir='ltr'><strong>paratum</strong></span> <span class='ocrx_word' id='word_1_975' title='bbox 2819 5251 2892 5296; x_wconf 86' lang='lat' dir='ltr'><strong>est</strong></span> <span class='ocrx_word' id='word_1_976' title='bbox 2935 5242 2999 5295; x_wconf 87' lang='lat' dir='ltr'><strong>ab</strong></span> <span class='ocrx_word' id='word_1_977' title='bbox 3025 5242 3222 5313; x_wconf 82' lang='lat' dir='ltr'><strong>origine</strong></span> <span class='ocrx_word' id='word_1_978' title='bbox 3255 5235 3433 5297; x_wconf 79' lang='lat' dir='ltr'><strong>mundi</strong></span> 
     </span>
    </p>
   </div>
   <div class='ocr_carea' id='block_1_116' title="bbox 1841 5331 3428 5420">
    <p class='ocr_par' dir='ltr' id='par_1_116' title="bbox 1841 5331 3428 5420">
     <span class='ocr_line' id='line_1_116' title="bbox 1841 5331 3428 5420; baseline -0.001 -32"><span class='ocrx_word' id='word_1_979' title='bbox 1841 5344 2068 5420; x_wconf 66' lang='lat' dir='ltr'><strong>(Manli.</strong></span> <span class='ocrx_word' id='word_1_980' title='bbox 2099 5356 2203 5396; x_wconf 78' lang='lat' dir='ltr'><strong>xxv</strong></span> <span class='ocrx_word' id='word_1_981' title='bbox 2220 5381 2238 5407; x_wconf 85' lang='lat'><strong>,</strong></span> <span class='ocrx_word' id='word_1_982' title='bbox 2265 5339 2328 5392; x_wconf 65' lang='lat'><strong>4|</strong></span> <span class='ocrx_word' id='word_1_983' title='bbox 2352 5377 2372 5402; x_wconf 83' lang='lat'><strong>,</strong></span> <span class='ocrx_word' id='word_1_984' title='bbox 2395 5337 2470 5392; x_wconf 62' lang='grc'><strong>53</strong></span> <span class='ocrx_word' id='word_1_985' title='bbox 2488 5337 2530 5407; x_wconf 89' lang='grc'><strong>).</strong></span> <span class='ocrx_word' id='word_1_986' title='bbox 2569 5331 2982 5388; x_wconf 83' lang='lat' dir='ltr'><strong>Dominabuntur</strong></span> <span class='ocrx_word' id='word_1_987' title='bbox 3019 5347 3148 5401; x_wconf 78' lang='lat' dir='ltr'><strong>ergo</strong></span> <span class='ocrx_word' id='word_1_988' title='bbox 3186 5333 3258 5387; x_wconf 82' lang='lat' dir='ltr'><strong>eis</strong></span> <span class='ocrx_word' id='word_1_989' title='bbox 3283 5337 3428 5398; x_wconf 80' lang='lat' dir='ltr'><strong>recti,</strong></span> 
     </span>
    </p>
   </div>
   <div class='ocr_carea' id='block_1_117' title="bbox 1840 5422 3440 5500">
    <p class='ocr_par' dir='ltr' id='par_1_117' title="bbox 1840 5422 3440 5500">
     <span class='ocr_line' id='line_1_117' title="bbox 1840 5422 3440 5500; baseline -0.014 -11"><span class='ocrx_word' id='word_1_990' title='bbox 1840 5455 1946 5494; x_wconf 87' lang='lat' dir='ltr'><strong>non</strong></span> <span class='ocrx_word' id='word_1_991' title='bbox 1973 5435 2134 5490; x_wconf 89' lang='lat' dir='ltr'><strong>modo</strong></span> <span class='ocrx_word' id='word_1_992' title='bbox 2154 5471 2173 5500; x_wconf 94' lang='lat'><strong>,</strong></span> <span class='ocrx_word' id='word_1_993' title='bbox 2202 5429 2299 5486; x_wconf 88' lang='lat' dir='ltr'><strong>sed</strong></span> <span class='ocrx_word' id='word_1_994' title='bbox 2324 5445 2492 5484; x_wconf 86' lang='lat' dir='ltr'><strong>mane.</strong></span> <span class='ocrx_word' id='word_1_995' title='bbox 2534 5425 2708 5483; x_wconf 81' lang='lat' dir='ltr'><strong>Nemo</strong></span> <span class='ocrx_word' id='word_1_996' title='bbox 2731 5422 2874 5479; x_wconf 87' lang='lat' dir='ltr'><strong>dicat</strong></span> <span class='ocrx_word' id='word_1_997' title='bbox 2895 5463 2911 5486; x_wconf 90' lang='lat'><strong>.</strong></span> <span class='ocrx_word' id='word_1_998' title='bbox 2948 5423 3126 5492; x_wconf 86' lang='lat' dir='ltr'><strong>Quare</strong></span> <span class='ocrx_word' id='word_1_999' title='bbox 3153 5439 3272 5479; x_wconf 89' lang='lat' dir='ltr'><strong>sum</strong></span> <span class='ocrx_word' id='word_1_1000' title='bbox 3293 5426 3440 5494; x_wconf 67' lang='grc' dir='ltr'><strong>ειη-ί-</strong></span> 
     </span>
    </p>
   </div>
   <div class='ocr_carea' id='block_1_118' title="bbox 1810 5513 3438 5592">
    <p class='ocr_par' dir='ltr' id='par_1_118' title="bbox 1810 5513 3438 5592">
     <span class='ocr_line' id='line_1_118' title="bbox 1810 5513 3438 5592; baseline -0.009 -9"><span class='ocrx_word' id='word_1_1001' title='bbox 1810 5538 1814 5542; x_wconf 83' lang='lat'>‘</span> <span class='ocrx_word' id='word_1_1002' title='bbox 1839 5525 2083 5585; x_wconf 81' lang='lat' dir='ltr'><strong>stianus?</strong></span> <span class='ocrx_word' id='word_1_1003' title='bbox 2103 5525 2312 5592; x_wconf 89' lang='lat' dir='ltr'><strong>impero</strong></span> <span class='ocrx_word' id='word_1_1004' title='bbox 2337 5517 2537 5576; x_wconf 85' lang='lat' dir='ltr'><strong>nemini</strong></span> <span class='ocrx_word' id='word_1_1005' title='bbox 2560 5516 2604 5584; x_wconf 84' lang='grc'><strong>³,</strong></span> <span class='ocrx_word' id='word_1_1006' title='bbox 2628 5516 2886 5586; x_wconf 88' lang='lat' dir='ltr'><strong>imperem</strong></span> <span class='ocrx_word' id='word_1_1007' title='bbox 2914 5515 3128 5585; x_wconf 85' lang='lat' dir='ltr'><strong>iniquis.</strong></span> <span class='ocrx_word' id='word_1_1008' title='bbox 3150 5513 3268 5571; x_wconf 83' lang='lat' dir='ltr'><strong>Noli</strong></span> <span class='ocrx_word' id='word_1_1009' title='bbox 3292 5517 3438 5572; x_wconf 75' lang='lat' dir='ltr'><strong>festi-</strong></span> 
     </span>
    </p>
   </div>
   <div class='ocr_carea' id='block_1_119' title="bbox 1907 5616 3128 5680">
    <p class='ocr_par' dir='ltr' id='par_1_119' title="bbox 1907 5616 3128 5680">
     <span class='ocr_line' id='line_1_119' title="bbox 1907 5616 3128 5680; baseline -0.009 -13"><span class='ocrx_word' id='word_1_1010' title='bbox 1907 5622 1922 5651; x_wconf 82' lang='grc'>¹</span> <span class='ocrx_word' id='word_1_1011' title='bbox 1957 5617 2179 5680; x_wconf 68' lang='lat' dir='ltr'><strong>minque</strong></span> <span class='ocrx_word' id='word_1_1012' title='bbox 2197 5620 2326 5680; x_wconf 49' lang='lat' dir='ltr'><strong>Mss,</strong></span> <span class='ocrx_word' id='word_1_1013' title='bbox 2347 5616 2525 5680; x_wconf 71' lang='lat' dir='ltr'><strong>certus.</strong></span> <span class='ocrx_word' id='word_1_1014' title='bbox 2625 5676 2660 5680; x_wconf 24' lang='lat' dir='ltr'><strong>ﬂ</strong></span> <span class='ocrx_word' id='word_1_1015' title='bbox 2688 5669 2703 5680; x_wconf 46' lang='grc' dir='ltr'><strong><em>Δ</em></strong></span> <span class='ocrx_word' id='word_1_1016' title='bbox 3048 5677 3073 5680; x_wconf 91' lang='lat'>_</span> <span class='ocrx_word' id='word_1_1017' title='bbox 3117 5664 3128 5675; x_wconf 39' lang='grc' dir='ltr'><strong>ο</strong></span> 
     </span>
    </p>
   </div>
   <div class='ocr_carea' id='block_1_120' title="bbox 1905 5669 3143 5742">
    <p class='ocr_par' dir='ltr' id='par_1_120' title="bbox 1905 5669 3143 5742">
     <span class='ocr_line' id='line_1_120' title="bbox 1905 5669 3143 5742; baseline -0.007 -16"><span class='ocrx_word' id='word_1_1018' title='bbox 1905 5682 1926 5742; x_wconf 58' lang='grc' dir='ltr'><strong>ᾎ</strong></span> <span class='ocrx_word' id='word_1_1019' title='bbox 1957 5669 2032 5728; x_wconf 69' lang='lat' dir='ltr'><strong>sic</strong></span> <span class='ocrx_word' id='word_1_1020' title='bbox 2162 5683 2216 5726; x_wconf 89' lang='lat' dir='ltr'><strong>et</strong></span> <span class='ocrx_word' id='word_1_1021' title='bbox 2238 5669 2465 5738; x_wconf 80' lang='lat' dir='ltr'><strong>plerique</strong></span> <span class='ocrx_word' id='word_1_1022' title='bbox 2485 5678 2592 5742; x_wconf 61' lang='lat' dir='ltr'><strong>las:</strong></span> <span class='ocrx_word' id='word_1_1023' title='bbox 2618 5676 2670 5742; x_wconf 68' lang='lat' dir='ltr'><strong>tit</strong></span> <span class='ocrx_word' id='word_1_1024' title='bbox 2687 5669 2818 5742; x_wconf 49' lang='lat'><strong>(.03..</strong></span> <span class='ocrx_word' id='word_1_1025' title='bbox 2837 5681 3010 5742; x_wconf 70' lang='lat' dir='ltr'><strong>me»</strong></span> <span class='ocrx_word' id='word_1_1026' title='bbox 3042 5669 3143 5718; x_wconf 79' lang='lat' dir='ltr'><strong>Dei.</strong></span> 
     </span>
    </p>
   </div>
   <div class='ocr_carea' id='block_1_121' title="bbox 1909 5730 3442 5847">
    <p class='ocr_par' dir='ltr' id='par_1_121' title="bbox 1909 5730 3442 5847">
     <span class='ocr_line' id='line_1_121' title="bbox 1909 5730 3442 5847; baseline -0.008 -59"><span class='ocrx_word' id='word_1_1027' title='bbox 1909 5737 1929 5777; x_wconf 71' lang='grc' dir='ltr'>δ</span> <span class='ocrx_word' id='word_1_1028' title='bbox 1959 5749 2139 5809; x_wconf 73' lang='lat' dir='ltr'><strong>names</strong></span> <span class='ocrx_word' id='word_1_1029' title='bbox 2162 5730 2312 5847; x_wconf 57' lang='lat' dir='ltr'><strong>[inire</strong></span> <span class='ocrx_word' id='word_1_1030' title='bbox 2349 5730 2660 5802; x_wconf 76' lang='lat' dir='ltr'><strong>uiaouserlpti</strong></span> <span class='ocrx_word' id='word_1_1031' title='bbox 2675 5733 2924 5800; x_wconf 81' lang='lat' dir='ltr'><strong>omittunt.</strong></span> <span class='ocrx_word' id='word_1_1032' title='bbox 2953 5730 3138 5801; x_wconf 64' lang='lat' dir='ltr'><strong>impero</strong></span> <span class='ocrx_word' id='word_1_1033' title='bbox 3159 5730 3362 5777; x_wconf 80' lang='lat' dir='ltr'><strong>nemmi-</strong></span> <span class='ocrx_word' id='word_1_1034' title='bbox 3389 5743 3442 5780; x_wconf 71' lang='grc' dir='ltr'><strong>ιιι</strong></span> 
     </span>
     <span class='ocr_line' id='line_1_122' title="bbox 1909 5795 3442 5847; baseline -0.008 0"><span class='ocrx_word' id='word_1_1035' title='bbox 1909 5807 2063 5847; x_wconf 70' lang='lat' dir='ltr'><strong>annue</strong></span> <span class='ocrx_word' id='word_1_1036' title='bbox 2088 5815 2148 5847; x_wconf 73' lang='lat' dir='ltr'><strong>ex</strong></span> <span class='ocrx_word' id='word_1_1037' title='bbox 2171 5813 2227 5847; x_wconf 82' lang='lat' dir='ltr'><strong>tts</strong></span> <span class='ocrx_word' id='word_1_1038' title='bbox 2268 5809 2376 5847; x_wconf 78' lang='lat' dir='ltr'><strong>oce.</strong></span> <span class='ocrx_word' id='word_1_1039' title='bbox 2398 5808 2624 5847; x_wconf 69' lang='lat' dir='ltr'><strong>imperem</strong></span> <span class='ocrx_word' id='word_1_1040' title='bbox 2650 5806 2840 5847; x_wconf 68' lang='lat' dir='ltr'><strong>turmas.</strong></span> <span class='ocrx_word' id='word_1_1041' title='bbox 2861 5795 3035 5846; x_wconf 77' lang='lat' dir='ltr'><strong>habent</strong></span> <span class='ocrx_word' id='word_1_1042' title='bbox 3058 5829 3072 5846; x_wconf 87' lang='lat'><strong>.</strong></span> <span class='ocrx_word' id='word_1_1043' title='bbox 3099 5806 3308 5847; x_wconf 54' lang='grc' dir='ltr'><strong>νηπίων</strong></span> <span class='ocrx_word' id='word_1_1044' title='bbox 3344 5803 3442 5844; x_wconf 65' lang='lat' dir='ltr'><strong>tum</strong></span> 
     </span>
    </p>
   </div>
   <div class='ocr_carea' id='block_1_122' title="bbox 1845 5791 3444 5867">
    <p class='ocr_par' dir='ltr' id='par_1_122' title="bbox 1845 5791 3444 5867">
     <span class='ocr_line' id='line_1_123' title="bbox 1845 5791 3444 5867; baseline -0.009 -17"><span class='ocrx_word' id='word_1_1045' title='bbox 1845 5807 2063 5867; x_wconf 84' lang='lat' dir='ltr'><strong>quinque</strong></span> <span class='ocrx_word' id='word_1_1046' title='bbox 2088 5791 2227 5852; x_wconf 71' lang='lat' dir='ltr'><strong>exiis</strong></span> <span class='ocrx_word' id='word_1_1047' title='bbox 2253 5791 2376 5854; x_wconf 78' lang='lat' dir='ltr'><strong>loco,</strong></span> <span class='ocrx_word' id='word_1_1048' title='bbox 2398 5791 2624 5857; x_wconf 72' lang='lat' dir='ltr'><strong>imperem</strong></span> <span class='ocrx_word' id='word_1_1049' title='bbox 2650 5795 2840 5854; x_wconf 75' lang='lat' dir='ltr'><strong>tntqm’s.</strong></span> <span class='ocrx_word' id='word_1_1050' title='bbox 2861 5795 3035 5846; x_wconf 76' lang='lat' dir='ltr'><strong>habent</strong></span> <span class='ocrx_word' id='word_1_1051' title='bbox 3058 5829 3072 5846; x_wconf 86' lang='lat'><strong>.</strong></span> <span class='ocrx_word' id='word_1_1052' title='bbox 3099 5791 3308 5851; x_wconf 67' lang='grc' dir='ltr'><strong>ξιηρηιρρ</strong></span> <span class='ocrx_word' id='word_1_1053' title='bbox 3344 5803 3444 5844; x_wconf 81' lang='lat' dir='ltr'><strong>sum</strong></span> 
     </span>
    </p>
   </div>
  </div>
