3968 6324
560 464 732 503 nare:
764 441 1164 508 dominaberis,
1209 439 1302 494 sed
1349 454 1526 493 mane.
1579 435 1643 490 Et
1692 437 1940 491 auxilium
1987 452 2158 490 eorum

558 549 826 598 uetercscet
851 540 902 592 in
928 539 1129 607 inferno
1157 552 1188 587 a
1216 533 1380 604 gloria
1418 548 1608 586 eorum.
1642 529 1793 584 Modo
1825 529 2019 584 habent
2043 529 2157 598 glo-

561 633 732 695 riam;
762 633 816 684 in
845 629 1052 683 inferno
1079 634 1430 682 veteraseent.
1473 621 1623 688 Quod
1668 631 1750 675 est
1786 621 2036 673 auxilium
2074 635 2158 671 eo-

563 723 711 778 rum?
739 722 1006 777 Auxilium
1029 719 1097 774 de
1124 716 1369 786 pecunia,
1402 714 1653 768 auxilium
1686 712 1751 765 de
1776 711 1982 774 amicis,
2009 711 2160 762 auxi-

567 819 686 872 lium
717 817 783 871 de
807 817 1005 869 virtute
1046 827 1160 868 sua.
1193 809 1296 864 Sed
1339 823 1458 862 cum
1505 815 1743 859 tnortuus
1772 803 1929 856 fuerit
1956 803 2114 856 homo
2139 843 2155 865 ,

563 913 612 963 in
641 909 729 962 illa
768 907 856 961 die
901 906 1148 976 peribunt
1186 916 1374 955 omnes
1415 899 1761 968 cogitationes
1805 896 1921 963 ejus
1968 893 2153 964 (l’sal.

561 1018 718 1062 cxtv,
741 1001 830 1071 4).
857 997 1119 1065 Quantam
1146 995 1292 1049 visus
1318 1002 1399 1048 est
1428 992 1648 1061 gloriam
1678 989 1875 1043 habere
1905 989 2042 1040 inter
2064 987 2158 1038 bo-

563 1095 754 1153 tuines.
786 1107 904 1147 cum
936 1091 1158 1153 viveret,
1194 1098 1392 1141 tantam
1427 1093 1744 1140 vetustatem
1777 1091 1831 1134 et
1854 1081 2156 1149 corruptio-

560 1200 680 1237 nem
706 1182 1088 1251 suppliciorum
1119 1178 1353 1243 habebit,
1385 1191 1506 1241 cum
1539 1182 1775 1228 mortuus
1808 1171 1985 1236 fuerit,
2016 1171 2153 1239 apud

560 1274 888 1437 [mgf-isse".
926 1357 1051 1434 16.]
1100 1357 1454 1412 Verumtamen
1500 1352 1639 1410 Deus
1681 1355 1890 1410 redimet
1933 1355 2154 1407 animant

555 1471 740 1509 meam.
771 1453 959 1507 Videte
989 1466 1171 1505 vocem
1203 1448 1471 1518 sperantis
1511 1447 1580 1503 de
1624 1445 1802 1500 futuro
1831 1463 1845 1499 :
1893 1444 2153 1499 Verumta-

555 1564 668 1601 men
696 1544 836 1600 Deus
859 1543 1070 1597 redimet
1096 1541 1319 1595 animam
1343 1554 1530 1593 meam.
1558 1537 1718 1593 Forte
1743 1552 1846 1591 vox
1872 1545 1954 1590 est
1980 1533 2156 1588 adhuc

555 1638 781 1691 volentis
818 1633 1030 1689 liberari
1060 1633 1127 1687 de
1155 1645 1426 1702 pressura.
1465 1628 1660 1684 Nescio
1699 1629 1820 1697 quis
1861 1627 1913 1681 in
1938 1641 2154 1682 carcere

554 1742 660 1796 est,
689 1729 839 1794 dicit,
871 1728 1014 1782 Deus
1043 1725 1271 1780 redimet
1297 1724 1529 1777 animam
1560 1736 1734 1775 meam
1769 1736 1784 1776 :
1817 1719 1999 1775 nescio
2036 1720 2155 1789 quis

557 1823 608 1875 in
636 1830 847 1884 catena,
877 1818 1019 1872 Deus
1057 1815 1285 1869 redimet
1318 1815 1548 1867 animam
1575 1826 1752 1866 meam
1786 1827 1801 1864 :
1828 1810 2010 1865 nescio
2035 1811 2154 1880 quis

557 1909 851 1982 periculum
883 1907 1078 1976 patitur
1122 1904 1173 1957 in
1217 1902 1376 1966 mari,
1403 1901 1634 1970 jactatur
1680 1899 1926 1954 ﬂuctibus
1955 1907 2010 1954 et
2048 1915 2153 1953 sa?-

558 2002 822 2056 vieutibns
845 1994 1269 2066 tempestatibus,
1293 1993 1420 2062 quid
1445 1990 1606 2046 dicit?
1634 1991 1774 2046 Deus
1794 1991 2018 2045 redimet
2037 1990 2153 2045 ani-

556 2107 696 2146 mam
729 2103 926 2144 meam.
952 2083 1192 2142 Liberari
1222 2083 1406 2137 volunt
1432 2081 1498 2136 ad
1525 2081 1682 2135 istam
1707 2080 1890 2134 vitam.
1929 2079 2044 2134 Non
2071 2085 2154 2134 est

556 2188 655 2237 ista
679 2197 778 2234 vox
807 2178 985 2249 hujus.
1011 2175 1148 2231 Audi
1173 2174 1300 2245 quid
1323 2174 1564 2242 sequitur
1591 2188 1605 2225 :
1637 2169 1779 2225 Deus
1804 2171 2012 2224 redimet
2039 2169 2154 2222 ani-

553 2291 689 2327 mam
729 2288 890 2325 meam
920 2270 983 2323 de
1021 2284 1175 2320 manu
1199 2265 1418 2334 inferni,
1449 2280 1562 2316 cum
1590 2261 1838 2329 acceperit
1875 2277 1973 2314 me.
2009 2261 2154 2314 lianc

553 2363 974 2432 redemptionem
997 2359 1148 2421 dicit,
1175 2370 1333 2426 quam
1352 2351 1595 2408 Christus
1607 2353 1716 2422 jam
1741 2353 1793 2404 in
1817 2366 1875 2405 se
1898 2350 2146 2404 ostendit.

555 2456 839 2511 Descendit
874 2453 1017 2507 enim
1062 2450 1128 2503 ad
1180 2448 1419 2512 inferos,
1449 2456 1504 2501 et
1551 2443 1791 2500 ascendit
1835 2444 1890 2497 in
1933 2443 2148 2499 coelum.

551 2547 704 2616 Quod
736 2545 963 2599 vidimus
998 2544 1050 2595 in
1087 2540 1281 2608 capite.
1313 2537 1614 2591 invenimus
1642 2535 1694 2589 in
1721 2549 1966 2604 corpore.
1995 2534 2149 2599 Quod

527 2641 692 2694 enin:
717 2637 988 2691 credimus
1014 2634 1066 2687 in
1092 2633 1288 2700 capite,
1314 2629 1403 2700 qui
1434 2628 1698 2691 videbunt,
1725 2627 1825 2696 ipsi
1850 2626 2002 2680 nobis
2049 2643 2148 2680 an-

553 2729 962 2788 nuntiavernnt;
994 2733 1049 2778 et
1075 2738 1171 2791 per
1194 2723 1339 2790 ipsos
1355 2719 1605 2782 vidimus,
1629 2719 1752 2787 quia
1773 2733 1936 2772 unum
1955 2731 2150 2787 corpus

551 2833 742 2878 manes
771 2830 957 2872 sumus
983 2814 1039 2882 (l
1072 2813 1191 2867 Cor.
1225 2827 1295 2865 xtl
1317 2853 1332 2878 ,
1366 2809 1468 2874 l2,
1497 2819 1544 2863 et
1583 2807 1736 2863 Rom.
1768 2824 1879 2871 xu,
1908 2807 1999 2880 5).
2042 2808 2149 2864 Sed

551 2910 803 2964 meliores
843 2907 915 2959 illi
946 2906 1033 2975 qui
1063 2904 1351 2967 viderunt,
1378 2915 1476 2954 nos
1502 2899 1797 2954 deteriores
1830 2899 2022 2968 quibus
2048 2915 2148 2952 an-

551 2996 1003 3058 nuntiatnmoesl?
1044 2995 1160 3051 Non
1199 2994 1304 3048 hoc
1341 2993 1470 3046 dicit
1509 2992 1620 3061 ipsa
1647 2993 1752 3045 vita
1776 3034 1791 3055 ,
1826 2992 1938 3061 ipse
1968 3001 2150 3061 pastor

552 3103 758 3146 noster.
788 3089 1012 3143 insultat
1038 3088 1180 3140 enim
1209 3085 1418 3138 cuidam
1449 3083 1711 3153 discipulo
1739 3098 1836 3138 suo
1861 3083 2144 3150 dubitanti,

548 3191 606 3238 et
623 3183 905 3235 cicatrices
929 3177 1143 3249 palpare
1169 3175 1405 3246 cupienti
1436 3192 1450 3227 :
1483 3184 1536 3228 et
1561 3163 1681 3228 cum
1709 3174 1978 3243 palpassct
2000 3175 2146 3228 cica-

550 3279 732 3338 trices,
761 3281 815 3327 et
843 3271 1218 3335 exclamasset,
1246 3267 1452 3330 dicens,
1486 3263 1739 3318 Dominus
1765 3280 1904 3319 meus
1928 3274 1976 3318 et
2001 3263 2146 3318 Deus

544 3384 687 3421 meus
709 3381 730 3431 ;
757 3364 943 3418 videns
968 3361 1300 3416 dubitantem
1343 3357 1661 3426 discipulum
1679 3397 1698 3421 ,
1729 3367 1784 3410 et
1823 3358 2034 3410 intuens
2060 3367 2144 3409 to-

546 3474 660 3514 tum
688 3457 873 3510 orbem
897 3464 1155 3509 terrarum
1187 3450 1513 3507 crediturum
1534 3491 1548 3513 ,
1577 3449 1709 3513 Quia
1737 3449 1923 3514 vidisti,
1952 3447 2140 3518 inquit,

540 3546 810 3604 credidisti
844 3561 863 3601 :
907 3543 1037 3598 beati
1083 3543 1172 3611 qui
1216 3539 1564 3603 non-vident,
1621 3548 1667 3592 et
1704 3538 1915 3592 credunt
1950 3537 2140 3609 (Joun.

547 3659 639 3705 xx,
666 3639 757 3705 28,
787 3637 912 3707 9.9).
954 3634 1307 3690 Verumtamen
1336 3629 1478 3684 Deus
1503 3631 1712 3684 redimet
1733 3631 1957 3682 animam
1979 3646 2142 3681 meam

541 3735 604 3787 de
633 3746 784 3784 manu
828 3726 1050 3797 inferni,
1081 3740 1198 3778 cum
1243 3720 1493 3791 acceperit
1536 3736 1634 3774 me.
1678 3719 1774 3773 llic
1807 3735 1935 3788 ergo
1972 3719 2144 3789 quid?

543 3824 737 3882 Labor,
770 3831 1042 3890 pressura,
1076 3812 1368 3876 tribulatio,
1397 3811 1621 3866 tentatio
1646 3827 1659 3863 :
1689 3810 1818 3864 nihil
1848 3811 1989 3864 aliud
2021 3827 2142 3880 Spe-

539 3931 646 3969 res.
674 3911 770 3968 Ubi
795 3907 1084 3980 gaudium?
1110 3905 1164 3959 in
1190 3919 1285 3974 spe
1309 3904 1502 3958 futura.
1529 3901 1662 3955 Nam
1682 3901 1813 3956 dicit
1832 3903 2138 3973 Apostolus,

541 4009 756 4072 Semper
781 4002 1077 4074 gaudentes.
1125 3997 1182 4050 ιη
1224 3995 1386 4049 tantis
1433 3991 1897 4058 tribulationibus,
1929 4009 2142 4064 semper

538 4096 863 4167 gaudentes,
906 4104 1118 4158 semper
1147 4087 1327 4140 tristes
1363 4102 1375 4136 :
1416 4098 1634 4152 semper
1658 4081 1950 4152 gaudentes
1970 4125 1985 4150 ,
2017 4085 2139 4152 quia

539 4192 653 4258 ipse
681 4187 834 4249 dixit,
870 4180 1029 4247 Quasi
1053 4179 1216 4232 tristes
1235 4218 1250 4242 ,
1280 4191 1477 4244 semper
1495 4183 1666 4228 autem
1693 4173 1985 4244 gaudentes.
2015 4173 2139 4228 Tri.

537 4281 679 4335 stitia
706 4286 887 4332 nostra
912 4274 1071 4328 habet
1097 4270 1279 4340 quasi;
1305 4267 1554 4337 gaudium
1582 4277 1824 4321 n05trum
1850 4283 1955 4321 non
1978 4265 2140 4322 habet

535 4372 720 4444 quasi,
750 4368 872 4440 quia
919 4366 970 4418 in
1020 4377 1118 4431 spe
1161 4369 1306 4415 certa
1350 4368 1452 4413 est.
1497 4357 1674 4424 Quare
1713 4356 1925 4411 tristitia
1953 4367 2138 4413 nostra

536 4462 684 4528 quasi
715 4457 912 4514 habet?
939 4453 1073 4523 Quia
1112 4452 1249 4505 sicut
1291 4462 1516 4502 somnus
1547 4447 1770 4503 transiet
1789 4488 1802 4509 ,
1831 4457 1876 4501 et
1899 4448 2137 4502 domina-

535 4558 722 4609 buntur
745 4549 866 4604 recti
903 4561 1070 4600 mane.
1116 4542 1271 4597 Novit
1311 4541 1452 4594 enim
1483 4538 1728 4593 Charitas
1759 4537 1945 4593 Vestra
1968 4579 1984 4605 ,
2012 4540 2135 4608 quia

539 4647 625 4718 qui
661 4642 930 4698 somnium
956 4636 1150 4692 indicat
1175 4673 1192 4699 ,
1223 4632 1371 4686 addit
1411 4631 1557 4700 quasi
1583 4670 1597 4684 .
1629 4628 1793 4697 Quasi
1837 4629 2088 4684 sedebam
2116 4670 2134 4697 ,

535 4736 688 4807 quasi
713 4732 968 4802 loquebar
989 4769 1005 4790 ,
1033 4724 1183 4796 quasi
1217 4721 1543 4794 prandebam
1565 4761 1579 4785 ,
1612 4721 1761 4790 quasi
1790 4722 2093 4790 equitabam
2116 4763 2132 4787 ,

534 4828 687 4898 quasi
711 4821 1066 4893 disputabant.
1099 4817 1289 4870 Totum
1320 4813 1508 4883 quasi;
1553 4813 1677 4882 quia
1703 4826 1823 4865 cum
1850 4811 2136 4882 evigilave-

535 4922 625 4983 rit,
657 4931 765 4970 non
797 4911 997 4968 invenit
1021 4905 1164 4978 quod
1195 4905 1424 4960 videbat.
1458 4900 1616 4971 Quasi
1650 4902 1955 4960 thesaurum
1986 4909 2136 4962 inve-

536 5023 720 5064 neram
745 5047 761 5070 ,
789 5004 917 5058 dicit
942 4998 1238 5055 mendicus.
1264 4995 1319 5051 Si
1345 4995 1489 5065 quasi
1517 5011 1619 5048 non
1649 5007 1792 5049 esset
1815 5037 1829 5058 ,
1857 4999 2138 5052 mendicus

537 5116 640 5153 non
675 5104 855 5151 esset:
885 5091 978 5146 sed
1007 5089 1127 5158 quia
1157 5086 1304 5154 quasi
1338 5093 1486 5150 erat,
1520 5084 1794 5139 mendicus
1820 5096 1923 5141 est.
1951 5087 2136 5157 Itaque

537 5191 696 5246 modo
719 5188 805 5257 qni
828 5186 894 5240 ad
921 5183 1131 5238 Iaztitias
1153 5180 1439 5233 srecnlares
1466 5178 1648 5231 oculos
1675 5180 1940 5248 aperiunt,
1964 5190 2018 5234 et
2037 5195 2138 5235 cor

534 5280 809 5341 claudunt,
832 5274 1018 5329 transit
1033 5274 1179 5340 quasi
1198 5284 1406 5335 eorum,
1428 5268 1640 5322 etvenit
1661 5285 1844 5322 verum
1867 5270 2130 5338 ipsorum.

538 5372 698 5439 Quasi
742 5371 977 5441 ipsorum
1019 5363 1244 5418 felicitas
1283 5370 1368 5416 est
1413 5361 1591 5414 sreculi
1623 5402 1638 5426 ,
1673 5377 1858 5415 verum
1892 5363 2131 5434 ipsorum

537 5480 691 5535 pinna
713 5471 812 5516 est.
844 5459 1089 5513 Nostrum
1113 5462 1290 5508 autem
1312 5453 1477 5523 quasi,
1504 5453 1712 5506 tristitia
1737 5464 1848 5517 eat;
1878 5456 2129 5525 gaudium

531 5681 724 5739 iniquis.
751 5671 919 5721 oinfer
957 5683 1108 5720 serm.
1134 5667 1216 5730 τε,
1235 5667 1293 5717 ad
1334 5673 1525 5717 Fratres
1553 5667 1606 5716 in
1647 5678 1849 5730 eremo,
1884 5673 1967 5736 qui
1999 5680 2134 5725 totus

535 5738 642 5789 hinc
663 5738 939 5798 descriptus
961 5741 1054 5783 est.

1809 325 1866 378 S.
1897 321 2264 380 AUGUSTINI
2307 321 2611 379 EPISCOPI
2648 396 2654 401 θ

3757 319 3862 376 560

2268 451 2372 491 non
2403 447 2484 491 est
2528 435 2675 502 quasi
2729 434 2841 490 Non
2889 437 3031 492 enim
3079 438 3151 491 ait
3183 437 3501 508 Apostolus,
3535 439 3698 506 Quasi
3728 453 3858 509 gau-

2263 527 2484 592 dentes,
2516 543 2728 597 semper
2752 537 2930 582 autem
2963 530 3174 594 tristes;
3207 540 3300 584 aut
3321 568 3336 595 ,
3368 530 3527 598 Quasi
3558 533 3740 584 tristes
3763 569 3780 593 ,
3812 543 3862 582 et

2263 621 2413 686 quasi
2440 619 2735 687 gaudentes
2763 639 2778 674 :
2809 621 2902 675 sed
2933 622 3027 688 ait,
3059 623 3218 688 Quasi
3245 623 3440 687 tristes,
3471 639 3669 693 semper
3691 638 3865 678 autem

2263 712 2559 780 gaudentes.
2591 713 2734 767 Sicut
2771 714 2952 784 egeni:
2980 725 3028 769 et
3059 715 3129 770 ibi
3155 715 3304 781 sicut,
3339 731 3434 787 pro
3462 718 3626 786 quasi.
3659 719 3860 786 posuit.

2265 800 2458 856 Multos
2511 815 2675 857 autem
2722 806 2958 860 ditantes.
3004 806 3071 862 Et
3109 821 3230 863 cum
3287 807 3388 864 hoc
3431 807 3679 874 diceret,
3730 808 3862 862 nihil

2267 893 2495 948 habebat
2542 897 2830 965 Apostolus
2863 915 2875 951 :
2908 899 3084 953 omnia
3138 913 3234 955 sua
3279 899 3596 966 dimiserat,
3646 900 3864 955 divitias

2263 986 2434 1066 nullas
2461 989 2782 1057 possidebat.
2814 990 2880 1044 Et
2898 990 3022 1059 quid
3050 1001 3265 1047 secutus
3287 993 3403 1047 ait?
3429 993 3593 1061 Quasi
3612 993 3748 1046 nihil
3767 995 3863 1045 ha-

2261 1077 2428 1132 benles
2454 1095 2472 1132 :
2492 1090 2544 1133 et
2575 1081 2745 1151 ipsum
2775 1082 2904 1135 nihil
2949 1084 3146 1139 habere
3169 1085 3318 1155 quasi
3343 1085 3584 1154 Apostoli
3612 1093 3755 1139 erat.
3796 1083 3864 1137 Et

2260 1169 2428 1220 omnia
2455 1171 2762 1238 possidentes
2785 1172 2859 1243 (ll
2888 1173 3003 1227 Cor.
3030 1190 3102 1237 v1,
3128 1174 3230 1246 10)
3260 1193 3274 1230 :
3305 1175 3375 1230 ibi
3403 1192 3508 1230 non
3532 1175 3673 1230 dixit
3693 1176 3862 1246 quasi.

2260 1257 2418 1325 Quasi
2459 1262 2680 1330 egebat;
2713 1280 2814 1318 non
2845 1274 3022 1321 autem
3051 1269 3201 1337 quasi
3226 1309 3240 1334 ,
3273 1267 3365 1322 sed
3394 1283 3521 1323 vere
3545 1269 3752 1323 multos
3777 1268 3864 1322 di-

2262 1349 2426 1403 tabat.
2451 1351 2611 1418 Quasi
2636 1353 2764 1406 nihil
2789 1354 3050 1411 habebat:
3079 1371 3188 1412 non
3207 1366 3385 1414 autem
3407 1359 3581 1427 quasi,
3610 1359 3712 1412 sed
3736 1374 3865 1414 vere

2260 1440 2438 1495 omnia
2464 1443 2788 1512 possidebat.
2818 1445 2971 1503 Unde
2998 1463 3124 1503 vere
3151 1449 3328 1505 omnia
3355 1451 3704 1521 possidebat?
3726 1451 3865 1519 Quia

2257 1531 2495 1586 omnium
2524 1532 2796 1590 Conditori
2843 1537 3175 1594 adhaerebat.
3217 1540 3568 1596 Verumtamen
3591 1581 3609 1608 ,
3645 1544 3825 1614 inquit
3848 1582 3864 1605 ,

2261 1619 2404 1676 Deus
2425 1623 2632 1679 redimet
2662 1629 2883 1682 animum
2909 1647 3070 1685 meam
3114 1633 3178 1686 de
3199 1648 3355 1688 manu
3377 1635 3566 1705 inferni
3589 1676 3604 1699 ,
3631 1652 3757 1689 cum
3779 1651 3868 1688 ac-

2257 1716 2441 1784 ceperit
2467 1734 2567 1773 me.

2333 1812 2388 1864 6.
2422 1809 2586 1882 [vers.
2621 1811 2746 1886 l7.]
2785 1814 2924 1882 Quid
2969 1816 3127 1887 igitur
3154 1819 3242 1887 qui
3291 1818 3378 1874 hic
3402 1820 3590 1875 volunt
3623 1819 3868 1876 ﬂorere?

2259 1900 2336 1955 Tu
2376 1904 2583 1960 visurus
2627 1922 2687 1961 es
2728 1908 3000 1964 hominem
3039 1911 3318 1968 ﬂorentem
3367 1916 3565 1970 malum
3592 1957 3609 1978 ,
3640 1925 3699 1971 et
3725 1914 3867 1970 forte

2259 1991 2560 2049 titubabunt
2589 1996 2752 2064 pedes
2795 2000 2866 2052 tui
2894 2041 2908 2065 ,
2941 2008 2996 2054 et
3038 1999 3281 2058 dicturus
3324 2019 3385 2061 es
3430 2005 3485 2060 in
3529 2007 3712 2060 anima
3747 2014 3864 2074 tua,

2259 2082 2420 2149 Deus,
2448 2101 2547 2156 ego
2574 2089 2693 2142 novi
2721 2088 2858 2144 facta
2886 2090 3043 2162 hujus
3071 2091 3322 2162 hominis,
3352 2109 3472 2164 quae
3497 2096 3709 2153 scelera
3737 2097 3867 2153 fecit

2257 2174 2357 2230 iste
2383 2176 2565 2245 homo,
2595 2187 2649 2234 et
2675 2195 2801 2236 ecce
2828 2181 2984 2237 ﬂoret
3011 2224 3028 2249 ,
3061 2193 3250 2251 terret,
3279 2185 3606 2252 dominatur,
3639 2189 3868 2244 extolli-

2258 2275 2360 2330 tur,
2395 2279 2554 2336 caput
2583 2270 2658 2324 illi
2687 2287 2791 2324 non
2824 2273 2968 2328 dolet
2992 2315 3007 2339 ,
3035 2275 3172 2331 nihil
3201 2277 3254 2331 in
3284 2277 3446 2334 domo
3467 2278 3585 2349 ejus
3615 2279 3864 2336 diminu-

2258 2365 2368 2410 tum
2395 2367 2480 2413 est
2508 2377 2523 2414 :
2548 2369 2602 2415 et
2626 2363 2861 2430 timebis,
2898 2366 3020 2434 quia
3047 2365 3341 2435 credidisti,
3369 2379 3424 2423 et
3455 2369 3594 2424 forte
3611 2370 3750 2425 dicit
3768 2387 3867 2426 cor

2257 2459 2403 2504 tuum
2429 2490 2445 2518 ,
2474 2451 2556 2507 Me
2585 2454 2876 2512 miserum!
2908 2468 3038 2528 puto
3074 2461 3192 2517 sine
3232 2476 3391 2517 causa
3436 2463 3680 2531 credidi,
3719 2465 3867 2522 Deus

2258 2556 2361 2595 non
2390 2544 2609 2611 respicit
2633 2561 2719 2600 res
2745 2545 3026 2605 humanas.
3061 2551 3274 2607 Excitat
3297 2569 3425 2623 ergo
3455 2569 3557 2610 nos
3587 2556 3734 2611 Deus
3766 2575 3781 2610 :
3810 2568 3867 2612 et

2254 2632 2380 2698 quid
2407 2632 2578 2688 dicit?
2605 2634 2688 2689 Ne
2726 2639 2971 2702 timueris,
3000 2655 3115 2695 cum
3144 2642 3281 2696 dives
3309 2647 3475 2714 factus
3499 2646 3657 2714 fuerit
3681 2646 3862 2701 homo.

2253 2721 2431 2790 Quare
2454 2725 2596 2779 enim
2628 2729 2874 2796 timebas,
2901 2732 3024 2800 quia
3050 2731 3199 2788 dives
3223 2733 3394 2789 factus
3421 2745 3505 2790 est
3531 2734 3695 2791 homo
3715 2738 3743 2792 ΐ
3767 2738 3868 2793 τί-

2255 2814 2438 2869 mebas
2465 2831 2532 2870 ne
2568 2818 2685 2872 sine
2724 2835 2885 2876 causa
2912 2821 3199 2890 crederes,
3233 2840 3304 2881 ne
3345 2825 3483 2882 forte
3529 2828 3868 2894 perdidisses

2255 2904 2488 2960 laborem
2541 2907 2661 2963 fidei
2695 2918 2796 2965 tua:
2820 2952 2833 2974 ,
2865 2920 2920 2967 et
2955 2928 3106 2982 spem
3151 2918 3518 2971 conversionis
3550 2928 3653 2971 tua:
3686 2935 3705 2972 :
3737 2923 3865 2990 quia

2255 2995 2390 3051 forte
2420 2997 2640 3054 incurrit
2680 3001 2776 3056 tibi
2816 3001 3020 3057 lucrum
3047 3020 3168 3059 cum
3194 3004 3383 3062 fraude
3404 3048 3420 3072 ,
3449 3018 3505 3062 et
3534 3011 3786 3077 potuisti,
3818 3012 3864 3064 si

2252 3083 2455 3150 faceres
2483 3089 2656 3158 ipsum
2683 3090 2888 3146 lucrum
2918 3107 3039 3147 cum
3073 3093 3279 3162 fraude,
3311 3097 3459 3152 dives
3487 3113 3632 3162 esse,
3661 3109 3722 3155 et
3755 3117 3866 3156 non

2251 3175 2526 3243 laborare;
2557 3189 2612 3234 et
2637 3183 2922 3238 attendens
2963 3185 3090 3254 quid
3135 3188 3367 3243 minatus
3395 3199 3478 3243 est
3506 3189 3650 3246 Deus
3673 3231 3690 3256 ,
3722 3202 3866 3246 tem-

2254 3273 2449 3339 perasti
2476 3288 2506 3326 a
2528 3271 2735 3338 fraude,
2762 3284 2813 3329 et
2844 3279 3215 3353 contempsisti
3243 3280 3448 3336 lucrum
3475 3299 3489 3336 :
3512 3282 3670 3338 vides
3688 3285 3864 3339 alium

2250 3359 2441 3419 fecisse
2468 3365 2671 3420 lucrum
2701 3367 2768 3422 de
2791 3367 2998 3436 fraude,
3027 3379 3080 3423 et
3111 3371 3238 3425 nihil
3275 3375 3398 3428 mali
3431 3375 3568 3442 pati;
3610 3385 3668 3431 et
3697 3378 3864 3433 times

2249 3469 2368 3510 esse
2395 3457 2586 3512 bonus.
2608 3456 2692 3513 Ne
2706 3461 2953 3526 timueris,
2973 3464 3046 3516 ait
3070 3464 3158 3518 tibi
3186 3465 3415 3535 Spiritus
3434 3469 3551 3534 Dei,
3571 3487 3692 3524 cum
3717 3473 3864 3528 diues

2250 3549 2415 3618 factus
2443 3551 2593 3620 fuerit
2641 3553 2810 3606 Iconio.
2857 3552 3048 3607 Oculos
3088 3570 3192 3608 non
3228 3557 3307 3612 vis
3352 3557 3593 3628 habere,
3649 3562 3759 3619 nisi
3808 3566 3863 3619 in

2248 3641 2566 3706 praesentia?
2596 3641 2793 3695 Futura
2834 3646 3077 3712 promisit
3107 3646 3195 3714 qui
3226 3652 3546 3716 resurrexit,
3580 3660 3776 3719 [mecm
3809 3655 3862 3709 in

2249 3727 2349 3783 hac
2375 3739 2514 3785 terra
2543 3741 2598 3786 et
2621 3734 2860 3802 requiem
2889 3736 2939 3788 in
2968 3736 3066 3791 hac
3090 3737 3198 3792 vita
3229 3754 3335 3793 non
3363 3743 3636 3810 promisit.
3663 3743 3866 3802 Omnis

2248 3819 2409 3875 homo
2439 3823 2675 3892 requiem
2715 3826 2942 3895 qumrit;
2975 3828 3170 3883 bonam
3199 3845 3315 3886 rem
3355 3834 3550 3902 qua:rit
3571 3875 3585 3900 ,
3616 3838 3720 3892 sed
3748 3855 3864 3894 non

2248 3909 2302 3963 in
2328 3912 2546 3981 regione
2569 3927 2665 3967 sna
2697 3915 2842 3970 illam
2869 3919 3080 3986 quaerit.
3103 3918 3220 3975 Non
3247 3931 3335 3977 est
3363 3940 3462 3991 pax
3495 3927 3550 3979 in
3581 3925 3690 3983 hac
3713 3930 3823 3985 vita
3848 3949 3861 3984 :

2247 3999 2297 4054 in
2317 4003 2455 4056 ctelo
2477 4003 2630 4059 nobis
2653 4007 2970 4075 promissum
2991 4019 3074 4066 est
3097 4013 3242 4081 quod
3269 4015 3323 4068 in
3348 4024 3490 4070 terra
3511 4022 3822 4088 quzerimus
3845 4041 3864 4091 ;

2246 4092 2298 4146 in
2330 4091 2508 4148 futuro
2532 4095 2731 4149 sacqu
2774 4100 3096 4166 promissum
3126 4112 3211 4157 est
3235 4105 3380 4174 quod
3408 4106 3462 4161 in
3512 4109 3623 4164 isto
3654 4116 3868 4171 saaculo

2245 4183 2550 4253 quaerimus.
3372 4243 3378 4248 .

2316 4274 2368 4329 7.
2397 4273 2566 4347 [νει-ε.
2634 4275 2755 4349 18.]
2807 4278 2888 4332 Ne
2929 4282 3156 4338 timueris
3189 4301 3302 4340 cum
3330 4287 3472 4344 dives
3496 4295 3676 4362 [actus
3705 4302 3864 4367 fuerit

2243 4362 2433 4429 homo;
2461 4375 2505 4419 et
2534 4384 2648 4421 cum
2707 4368 3046 4440 multiplicata
3091 4374 3242 4443 fuerit
3283 4376 3450 4445 gloria
3480 4382 3677 4440 damus
3707 4362 3859 4460 ejus.

2243 4454 2418 4522 Quare
2440 4498 2456 4522 ,
2486 4473 2547 4510 ne
2574 4458 2801 4514 timueris
2824 4460 2852 4514 ?
2891 4460 3145 4526 Quoniam
3170 4483 3270 4520 non
3296 4485 3413 4524 cum
3439 4478 3699 4534 morietur
3717 4454 3862 4547 ,vac-

2243 4546 2391 4614 cipiet
2444 4548 2634 4601 omnia.
2692 4548 2857 4605 Vides
2904 4553 3214 4621 viventem,
3264 4561 3439 4630 cogita
3496 4546 3859 4629 morientem.

2243 4636 2379 4701 Quid
2409 4636 2494 4691 hic
2521 4638 2710 4692 habeat
2738 4639 2970 4696 attendis
2991 4685 3006 4710 ,
3039 4645 3163 4714 quid
3207 4661 3390 4703 secum
3425 4654 3582 4710 tollat
3608 4666 3862 4722 attende.

2242 4726 2588 4809 ρηωεοοηηι
2619 4729 2792 4782 tollit?
2825 4730 3044 4786 Multum
3085 4736 3204 4789 auri
3251 4731 3739 4806 habenmultum
3779 4771 3865 4811 ar-

2242 4807 2395 4885 genti
2414 4816 2601 4881 habet,
2630 4819 2858 4875 multum
2882 4823 3201 4890 praediorum
3220 4869 3235 4892 ,
3262 4833 3680 4903 mancipiorum
3705 4861 3721 4895 :
3751 4807 3867 4897 ull}.

2243 4910 2414 4972 ritur;
2444 4921 2725 4964 remanent
2747 4911 2831 4964 illa
2855 4953 2869 4975 ,
2899 4915 3067 4967 nescit
3093 4918 3301 4985 quibus.
3336 4921 3452 4978 Etsi
3482 4930 3637 4984 enim
3671 4934 3868 4992 dimit-

2244 5001 2306 5055 tit
2330 5000 2522 5070 quibus
2545 5003 2675 5065 vult,
2709 5018 2813 5057 non
2842 5016 3018 5059 servat
3043 5008 3235 5076 quibus
3267 5013 3403 5067 vult.
3435 5015 3595 5074 Multi
3625 5028 3783 5083 enim
3813 5042 3867 5085 (τι

2244 5108 2350 5147 non
2384 5093 2483 5148 sibi
2521 5092 2739 5148 dimissa
2775 5097 3134 5166 acquisierunt
3156 5143 3171 5168 ,
3205 5114 3260 5156 et
3299 5108 3453 5160 multi
3483 5112 3593 5166 sibi
3625 5117 3863 5179 dimissa

2243 5182 2608 5252 perdiderunt.
2645 5184 2942 5242 Remanent
2966 5203 3094 5259 ergo
3123 5190 3212 5244 illa
3251 5196 3465 5263 omnia,
3498 5211 3556 5255 et
3597 5209 3752 5264 tollit
3781 5228 3867 5267 se-

2241 5287 2394 5336 cum,
2443 5274 2607 5343 quid?
2651 5273 2975 5354 Fortedcit
3025 5278 3255 5349 aliquis:
3290 5283 3424 5341 Illud
3473 5305 3671 5351 secum
3725 5303 3868 5359 tollit

2243 5363 2382 5418 unde
2413 5365 2740 5447 involvitur,
2767 5372 2988 5439 etquod
3022 5372 3095 5426 illi
3141 5387 3397 5445 erogatur
3439 5384 3509 5437 ad
3543 5393 3863 5456 pretiosum

2241 5463 2298 5506 et
2338 5463 2717 5510 marmoratum
2766 5459 3066 5526 sepulcrum
3087 5502 3102 5526 ,
3131 5463 3197 5516 ad
3227 5466 3600 5530 instruendam
3645 5497 3866 5538 mento-

2243 5545 2376 5598 riam
2398 5585 2413 5606 ,
2447 5545 2547 5600 hcc
2575 5562 2754 5601 secum
2787 5549 2942 5601 tollit.
2989 5548 3099 5622 Ego
3144 5554 3265 5609 dico
3298 5575 3311 5609 :
3344 5558 3457 5615 Nec
3505 5567 3654 5633 hoc;
3706 5577 3866 5630 exui.

2247 5638 2438 5692 bentur
2480 5640 2621 5693 enim
2670 5641 2766 5694 ista
2816 5659 2919 5695 non
2961 5646 3228 5699 sentienti.
3277 5650 3333 5704 Si
3379 5653 3764 5719 (Ιηι-ηιίυηιρη,
3814 5682 3864 5723 ει

2248 5740 2352 5781 lloll
2400 5729 2697 5803 vigilantem
2748 5749 2942 5801 ornas,
2993 5736 3043 5788 in
3095 5736 3232 5791 lecto
3283 5756 3466 5800 sccmu
3521 5751 3610 5806 illa
3649 5756 3862 5816 habt-3;
