3968 6390
126 452 225 508 561

124 572 256 623 forte
285 576 601 623 ornamenta
648 566 825 619 insunt
853 562 906 617 in
937 574 1163 630 corpore
1190 557 1423 628 jacentis
1448 596 1462 617 ,
1496 564 1549 608 et
1576 551 1715 606 forte

125 662 213 713 illc
238 662 287 714 in
318 659 521 713 somnis
550 657 600 711 in
632 656 821 725 pannis
864 668 922 709 se
952 653 1115 707 videt.
1143 648 1295 717 Quod
1326 648 1489 702 Sentit
1516 646 1564 699 ei
1599 647 1717 713 plus

120 761 203 806 cst
233 794 247 817 ,
273 767 433 821 quam
462 750 603 820 quod
634 763 739 802 non
770 744 952 800 sentit.
978 743 1295 811 Quanquam
1324 750 1380 794 et
1417 737 1547 792 illud
1594 750 1715 791 cum

119 844 448 914 evigilaverit
496 858 600 895 non
647 840 795 895 erit:
828 847 1006 892 unneu
1051 834 1337 889 dormienti
1389 830 1557 901 magis
1587 826 1717 883 illud

118 947 236 991 erat
268 936 409 1004 quod
453 936 518 988 in»
545 933 751 987 somnis
794 929 1043 993 videbat,
1076 942 1235 995 quam
1267 924 1393 979 illud
1438 922 1579 993 quod
1610 937 1717 975 non

118 1027 402 1082 sentiebat.
433 1024 569 1091 Quid
610 1039 739 1094 ergo
759 1065 773 1087 ,
826 1019 1019 1074 fratres
1064 1016 1269 1089 (dicant
1297 1015 1397 1069 sibi
1429 1013 1677 1069 homines
1699 1053 1717 1077 ,

120 1120 383 1186 Erogetur
410 1117 475 1169 ad
508 1124 734 1170 mortem
776 1126 979 1173 meam;
1024 1124 1191 1180 quare
1229 1107 1441 1161 dimitto
1476 1104 1721 1159 hmredes

121 1226 274 1267 lttt‘OS
304 1209 533 1265 divites?
569 1208 728 1262 Multa
767 1205 1040 1260 habebunt
1080 1202 1148 1258 de
1188 1218 1308 1255 meo
1334 1243 1348 1264 ,
1399 1199 1624 1254 habeam
1667 1208 1722 1253 et

115 1318 222 1371 ego
249 1300 448 1372 aliquid
483 1298 552 1355 de
597 1314 718 1353 meo
747 1339 763 1364 ,
796 1298 849 1351 in
874 1309 1102 1365 corpore
1126 1297 1289 1363 meo),
1338 1290 1463 1362 quid
1499 1289 1725 1345 habebit

114 1408 317 1465 corpus
369 1390 678 1447 mortuum?
731 1387 858 1459 quid
916 1386 1134 1441 habebit
1180 1399 1307 1439 mro
1356 1381 1722 1451 putrescens?

112 1485 245 1553 quid
272 1482 489 1539 habebit
530 1496 657 1536 caro
683 1494 788 1534 non
815 1476 1086 1534 sentiens?
1114 1474 1170 1530 Si
1198 1473 1397 1545 aliquid
1429 1470 1614 1526 habuit
1637 1471 1721 1525 di-

114 1594 213 1633 ves
245 1578 361 1641 ille,
386 1576 540 1646 cujus
568 1574 743 1643 lingua
777 1572 918 1626 sicca
948 1578 1063 1625 erat
1092 1567 1255 1638 (Luc.
1282 1583 1396 1630 xw,
1427 1564 1499 1619 24
1520 1564 1559 1636 ),
1597 1575 1722 1618 tunc

115 1672 287 1726 habet
315 1669 476 1725 homo
500 1666 701 1736 aliquid
731 1666 798 1720 dc
821 1677 938 1718 suo.
976 1661 1222 1724 Fratres,
1255 1657 1509 1727 numquid
1541 1657 1617 1710 sic
1646 1657 1724 1710 le-

109 1765 296 1834 gimus
320 1761 373 1816 in
401 1759 711 1830 Evangelii).
743 1757 864 1827 quia
894 1755 1043 1808 dives
1069 1753 1157 1806 ille
1178 1767 1298 1805 cum
1329 1748 1643 1803 holuscricis
1667 1757 1743 1807 et,

110 1855 353 1927 byssinis
372 1851 691 1925 tegumentis
718 1848 1006 1919 apparebat
1037 1846 1088 1899 in
1115 1843 1278 1912 igne?
1306 1840 1568 1910 Numquid
1592 1856 1722 1909 qua-

110 1950 183 2005 lis
209 1959 327 2005 erat
352 1947 405 2001 in
435 1946 609 2016 epulis
630 1944 696 1997 ad
727 1956 1000 2004 mensam,
1032 1938 1151 1992 talis
1188 1944 1303 1991 erat
1331 1945 1386 1989 et
1411 1932 1548 2002 apud
1590 1931 1723 1987 infe-

108 2040 255 2097 ros?
302 2037 435 2094 Cum
486 2037 693 2098 sitiret,
752 2042 806 2087 et
853 2031 1050 2085 stillam
1094 2028 1454 2090 desideraret,
1498 2040 1601 2079 non
1650 2024 1718 2078 ibi

106 2142 275 2190 erant
306 2132 393 2185 illa
434 2122 635 2183 omnia.
660 2126 776 2182 Non
817 2140 945 2195 ergo
970 2137 1151 2177 secum
1178 2118 1371 2190 accipit
1400 2119 1560 2171 hoino
1601 2132 1720 2170 om-

106 2226 202 2278 nia
228 2265 244 2287 ,
274 2238 375 2278 nec
403 2220 545 2292 quod
576 2220 708 2275 tollit
738 2217 1007 2288 sepultura
1029 2257 1043 2281 ,
1079 2213 1212 2267 tollit
1240 2226 1422 2267 secum
1456 2220 1717 2263 mortuus.

111 2316 217 2373 Ubi
250 2316 395 2371 enim
426 2328 619 2368 sensus
645 2353 660 2375 ,
689 2312 759 2365 ibi
788 2310 948 2362 homo
980 2326 994 2361 :
1026 2306 1113 2360 ubi
1148 2304 1325 2357 nullus
1354 2316 1545 2356 sensus
1570 2341 1583 2363 ,
1614 2315 1718 2353 non

105 2416 200 2465 est
225 2410 413 2463 homo.
445 2405 593 2461 Jacet
621 2418 713 2457 vas
753 2402 894 2471 quod
933 2398 1241 2454 continebat
1276 2393 1543 2449 hominem
1572 2432 1587 2457 ,
1620 2390 1721 2445 do-

105 2516 239 2556 mus
267 2482 391 2570 qua:
417 2497 644 2551 habebat
671 2494 962 2548 hominem.
985 2490 1195 2559 Corpus
1216 2487 1456 2542 dicamus
1477 2486 1714 2546 ilouunu,

103 2591 366 2662 spiritum
443 2588 685 2643 dicamus
762 2584 1114 2638 habitatorem
1198 2579 1410 2660 domus.
1485 2576 1720 2646 Spiritus

102 2691 402 2753 torquetur
454 2678 594 2750 apud
645 2677 847 2732 inferos
895 2694 908 2729 :
954 2670 1094 2744 quid
1141 2671 1217 2726 illi
1283 2669 1537 2742 prodest,
1595 2667 1720 2738 quia

99 2792 317 2847 corpus
350 2774 496 2845 jacet
525 2775 577 2827 in
618 2770 881 2827 cinnamis
917 2777 972 2823 et
1014 2765 1370 2827 aromatibus,
1421 2761 1719 2816 involutum

100 2868 369 2941 pretiosis
401 2865 617 2920 lintcis?
661 2862 937 2943 Tanquam
968 2861 1011 2914 si
1040 2857 1291 2914 dominus
1320 2857 1512 2911 domus
1543 2856 1722 2907 mitta-

98 2970 201 3016 tur
226 2962 281 3017 in
304 2959 583 3023 exsilium,
609 2964 665 3012 et
694 2966 747 3010 tu
772 2968 931 3009 ornes
956 2952 1185 3022 parietes
1208 2948 1393 3019 ipsius.
1426 2946 1518 3001 lllc
1547 2947 1599 2999 in
1622 2962 1717 2998 ex-

94 3055 237 3111 silio
267 3061 423 3123 eget,
450 3060 506 3107 et
532 3050 669 3105 fame
695 3047 876 3103 delicit
893 3088 909 3113 ,
933 3047 1018 3099 vix
1043 3044 1145 3099 sibi
1166 3058 1325 3097 unam
1352 3041 1542 3096 cellam
1568 3040 1720 3093 inve—

98 3150 193 3204 nit
215 3147 311 3203 ubi
341 3160 589 3203 somnum
620 3142 827 3211 capiat,
870 3148 925 3194 et
955 3146 1008 3192 tu
1037 3137 1173 3192 dicis
1216 3152 1229 3188 :
1262 3134 1411 3189 Felix
1439 3144 1560 3197 est,
1595 3148 1717 3184 nam

94 3250 305 3300 ornata
352 3250 437 3296 est
463 3236 656 3293 domus
682 3236 842 3291 illius.
872 3233 1003 3299 Quis
1043 3240 1093 3285 te
1123 3244 1229 3283 non
1274 3235 1365 3281 aut
1396 3223 1563 3296 jocari
1586 3265 1601 3290 ,
1630 3234 1720 3277 aut

96 3333 356 3390 insanire
379 3326 707 3384 arbitretur?
727 3324 900 3380 Ornas
922 3336 1138 3391 corpus,
1170 3327 1449 3389 torquetur
1476 3314 1716 3384 spiritus.

96 3429 184 3483 Da
225 3423 434 3495 aliquid
475 3421 721 3492 spiritui,
767 3430 822 3474 et
868 3415 1059 3472 dedisti
1101 3412 1300 3483 aliquid
1339 3421 1568 3464 mortuo.
1613 3408 1717 3463 Sed

93 3522 241 3594 quid
272 3521 351 3575 illi
380 3518 559 3580 dabis,
594 3513 808 3585 quando
835 3525 993 3565 unam
1032 3517 1235 3579 guttam
1274 3503 1634 3567 desideravit,
1666 3511 1721 3556 et

95 3632 222 3672 non
249 3610 488 3681 accipit?
515 3608 611 3664 llic
638 3607 781 3662 enim
809 3600 1133 3671 contempsit
1152 3600 1364 3653 mittere
1389 3606 1513 3651 ante
1543 3611 1602 3650 se
1626 3594 1719 3649 ali-

90 3705 265 3779 quid.
294 3704 477 3770 Quare
499 3695 869 3768 contempsit?
915 3693 1051 3761 Quia
1083 3692 1198 3746 hmc
1240 3689 1321 3744 via
1354 3703 1539 3743 eorum
1569 3701 1722 3740 scan-

90 3800 299 3855 dalum
339 3803 425 3850 est
452 3792 577 3847 illis.
604 3789 722 3845 Non
763 3786 969 3857 putavit
1007 3785 1169 3839 vitam
1214 3780 1315 3836 nisi
1364 3786 1717 3849 praesentem,

92 3908 221 3947 non
256 3885 513 3957 cogitavit
552 3881 655 3937 nisi
698 3876 1148 3950 quemadmodum
1187 3873 1436 3945 pretium
1486 3870 1722 3925 vestibus

89 3980 410 4039 obvolutus
437 3974 774 4044 sepeliretur.
805 3969 995 4025 Ablata
1022 3977 1107 4023 est
1128 3967 1197 4020 ab
1238 3966 1330 4020 illo
1370 3965 1545 4018 anima
1571 3962 1718 4031 ejus,

87 4077 257 4133 sicut
282 4070 546 4127 Dominus
568 4066 733 4122 dicit:
764 4062 950 4126 Stulte,
982 4062 1077 4113 hac
1103 4068 1246 4113 nocte
1271 4058 1531 4128 auferetur
1550 4055 1723 4107 anima

88 4182 201 4226 tua
220 4209 241 4235 ,
265 4175 315 4222 et
344 4179 461 4235 qua
485 4158 810 4234 praeparasti,
834 4157 981 4228 cujus
1006 4164 1150 4209 erunt
1182 4149 1305 4223 (Id.
1334 4167 1407 4206 xtl
1429 4193 1445 4218 ,
1474 4150 1580 4219 20)
1602 4149 1628 4202 ?
1658 4148 1725 4204 Et

90 4260 403 4332 impletum
436 4264 520 4311 est
563 4254 615 4308 in
641 4252 732 4306 illo
770 4248 914 4320 quod
952 4248 1055 4303 iste
1084 4246 1320 4317 psalmus
1360 4243 1490 4299 dicit
1515 4261 1529 4296 :
1552 4242 1636 4297 Ne
1661 4243 1726 4297 ti-

89 4354 338 4416 mueris,
371 4366 485 4404 cum
512 4348 647 4400 dives
668 4345 834 4415 factus
860 4341 1011 4413 fuerit
1037 4340 1187 4393 homo
1209 4381 1225 4408 ,
1260 4347 1306 4392 et
1336 4353 1451 4391 cum
1477 4337 1726 4406 multipli-

89 4461 233 4505 cata
270 4444 427 4518 fuerit
450 4442 615 4512 gloria
642 4439 822 4492 domus
845 4437 957 4507 ejus
978 4451 998 4488 :
1016 4433 1254 4503 quoniam
1280 4448 1381 4485 non
1402 4446 1515 4484 cum
1536 4429 1725 4483 morie-

86 4556 192 4596 mr
224 4535 451 4603 accipiet
491 4530 663 4586 omnia
683 4570 698 4594 ,
729 4542 888 4597 neque
913 4526 1066 4580 simul
1093 4524 1359 4578 descendet
1389 4539 1504 4576 cum
1528 4538 1586 4576 eo
1612 4520 1727 4592 glo-

86 4638 182 4690 ria
219 4632 364 4702 (jus.

173 4727 242 4781 8.
279 4720 451 4796 [νινε.
479 4714 599 4789 19.]
627 4714 879 4782 Quoniam
907 4711 1079 4765 anima
1108 4710 1218 4779 ejus
1249 4711 1303 4762 in
1331 4710 1431 4761 tn'ta
1459 4706 1618 4776 ipsius
1643 4706 1730 4759 be-

85 4817 407 4872 nedicetur.
454 4806 697 4864 lntendat
722 4804 967 4861 Charitas
1001 4802 1187 4857 Vestra
1222 4819 1234 4853 :
1268 4800 1521 4865 Quoniam
1559 4800 1731 4850 anima

86 4914 227 4985 ejus
256 4908 315 4960 in
360 4903 467 4957 vita
494 4901 655 4970 ipsius
698 4896 1036 4953 benedicatur.
1085 4892 1347 4960 Quamdiu
1386 4890 1553 4955 vixit,
1592 4890 1729 4944 bene

86 4981 207 5057 sibi
240 4996 398 5053 fecit.
428 4990 542 5048 Hoc
568 4991 756 5046 dicunt
780 5000 998 5051 omnes,
1037 4985 1131 5040 sed
1162 4983 1293 5038 falso
1314 4983 1520 5037 dicunt.
1554 4981 1728 5035 Bene-

82 5099 181 5153 dic
195 5094 285 5147 tio
310 5095 401 5144 est
427 5085 495 5139 ab
514 5084 695 5138 animo
714 5079 1099 5140 benedicentis,
1125 5090 1229 5130 non
1251 5075 1317 5129 ab
1346 5076 1457 5144 ipsa
1483 5073 1727 5127 veritate.

82 5183 257 5255 Quid
280 5180 434 5236 enim
463 5176 598 5232 dicis
627 5172 723 5229 tu?
751 5171 886 5239 Quia
930 5168 1274 5245 manducavit
1313 5175 1369 5221 et
1409 5164 1575 5231 bibit,
1608 5164 1729 5234 quia

83 5281 244 5336 fecit
271 5270 424 5345 quod
454 5268 652 5332 voluit,
701 5263 954 5337 quoniam
1002 5258 1284 5333 splendide
1325 5258 1571 5328 epulatus
1608 5264 1730 5321 est,

82 5376 237 5431 ideo
272 5380 467 5423 secum
500 5362 623 5419 fecit
649 5358 825 5415 bene?
858 5357 971 5427 Ego
996 5356 1117 5410 dico
1144 5371 1159 5408 :
1189 5352 1339 5408 Fecit
1361 5366 1542 5407 secum
1572 5349 1730 5404 male.

78 5470 229 5527 Non
277 5475 390 5530 ego
416 5458 559 5521 dion,
590 5453 687 5510 sed
718 5452 1001 5508 Christus:
1037 5448 1184 5504 Fecit
1212 5462 1397 5502 secum
1442 5444 1601 5498 male.
1638 5443 1727 5497 Et-

80 5560 266 5615 enim
290 5552 452 5605 dives
479 5548 568 5603 ille
590 5546 806 5616 quando
831 5540 1069 5613 quotidie
1093 5537 1409 5611 epulabatur
1431 5534 1733 5606 splendide,

84 5656 263 5709 bene
305 5657 497 5699 secum
531 5640 704 5693 facere
748 5635 1033 5706 putabatur
1065 5650 1079 5686 :
1106 5647 1226 5685 cum
1254 5641 1431 5684 autem
1460 5628 1621 5696 cmpit
1651 5643 1738 5680 ar—

83 5750 246 5803 tlcrc
280 5734 431 5804 apud
460 5732 696 5794 iuturus,
727 5737 853 5783 tunc
888 5728 1164 5781 inventum
1194 5732 1279 5777 cst
1306 5722 1444 5776 male
1468 5719 1609 5790 quod
1641 5735 1739 5789 pu-

86 5839 342 5897 tabatur
371 5830 525 5882 bene.
552 5824 704 5890 Quod
728 5822 869 5877 cnim
894 5818 1312 5874 manducavcrat
1331 5813 1467 5884 apud
1492 5827 1739 5884 superos,

89 5940 216 5991 hoc
251 5919 545 5995 digerebat
571 5915 708 5987 apud
730 5912 947 5967 inferos.
984 5907 1316 5980 lniquitatem
1342 5906 1489 5973 dico,
1524 5904 1736 5968 fratres,

1222 435 1616 495 ENAllRATlO
1653 432 1718 489 1N
1760 433 2081 500 PSALMUM
2123 444 2357 502 XLVII].

3327 458 3434 512 5b!

1829 571 1987 621 quam
2006 559 2342 627 epulabatur.
2358 560 2707 618 Mauducabat
2727 566 2983 633 pretiosas
3000 567 3183 637 epulas
3201 583 3296 623 ore
3312 585 3430 624 car-

1826 662 1861 699 n
1885 663 1927 712 s,
1957 663 2051 703 ore
2067 650 2244 703 cordis
2260 651 2613 706 mauducabat
2636 654 2984 725 iniquitatem.
3006 657 3161 723 Quod
3180 661 3318 728 apud
3339 675 3430 714 su~

1828 754 1987 808 peros
2010 755 2105 795 ore
2130 742 2310 795 cordis
2333 743 2705 809 manducabat,
2740 745 2840 801 hoc
2856 748 2996 817 apud
3016 750 3215 805 inferos
3242 752 3292 804 in
3324 752 3425 805 illis

1825 830 2101 899 suppliciis
2116 832 2419 900 .digerebat.
2448 834 2510 887 Et
2524 834 2737 905 quidem
2760 839 3123 906 temporaliter
3139 841 3426 898 manduca.

1826 932 2007 989 verat,
2040 922 2091 976 in
2120 933 2381 978 :cternum
2427 925 2564 978 male
2601 927 2896 997 digerebat.
2928 928 3275 984 Manducatur
3299 949 3427 998 ergo

1827 1006 2120 1083 iniquitaS?
2171 1015 2310 1072 forte
2341 1018 2534 1088 aliquis
2562 1019 2691 1073 dicit
2723 1037 2738 1074 :
2770 1020 2905 1089 Quid
2944 1032 3031 1077 est
3071 1023 3211 1093 quod
3255 1026 3426 1093 loqui-

1833 1108 1957 1161 tur?
1984 1108 2332 1164 ilanduratur
2365 1110 2653 1180 iniquitas?
2680 1111 2794 1166 Non
2826 1128 2927 1184 ego
2958 1113 3099 1180 dico,
3130 1115 3253 1169 audi
3285 1115 3429 1170 5ςεί-

1826 1209 2033 1269 pturam
2080 1218 2094 1279 _:
2117 1200 2290 1255 .Sicut
2318 1219 2417 1255 uva
2440 1205 2622 1257 acerba
2648 1205 2881 1258 dentibus
2908 1207 3103 1259 vexatio
3126 1215 3199 1260 est
3218 1248 3232 1269 ,
3263 1219 3311 1259 et
3343 1212 3427 1275 fa-

1827 1310 1938 1349 mus
1966 1294 2129 1348 oculis
2150 1335 2168 1361 ,
2196 1294 2270 1349 sic
2298 1295 2536 1364 iniquitas
2572 1296 2825 1350 utentibus
2866 1314 2924 1350 ea
2967 1296 3159 1365 (Prov.
3199 1314 3260 1363 ι,
3294 1298 3363 1351 26
3389 1312 3424 1357 ›.

1825 1384 1925 1454 Qui
1954 1386 2358 1441 tuanducaverit
2377 1389 2517 1442 enim
2542 1388 2891 1457 iniquitatem,
2920 1388 2971 1442 id
2997 1398 3107 1451 est,
3131 1389 3220 1459 qui
3250 1390 3424 1442 liben-

1829 1488 1910 1532 ter
1939 1476 2182 1532 habuerit
2211 1479 2541 1549 iniquitatcm
2568 1522 2583 1546 ,
2617 1495 2721 1534 non
2766 1482 2962 1549 poterit
2992 1480 3315 1535 manducare
3339 1481 3425 1546 ju-

1826 1571 2046 1624 stitiam.
2079 1571 2238 1625 Panis
2276 1571 2420 1626 enim
2456 1571 2659 1640 justitia
2689 1581 2790 1627 est.
2819 1574 2948 1640 Quis
2974 1583 3055 1626 est
3084 1573 3271 1642 panis?
3312 1571 3422 1642 Ego

1825 1680 1937 1718 sum
1978 1661 2126 1734 panis
2154 1666 2289 1719 vivus
2314 1666 2399 1733 qui
2421 1665 2484 1719 de
2508 1665 2633 1720 calo
2663 1666 2895 1720 descendi
2926 1668 2943 1736 (
2974 1664 3129 1719 Joan.
3166 1681 3218 1719 vr
3243 1708 3255 1729 ,
3288 1668 3348 1720 bl
3381 1670 3398 1733 )

1830 1755 1944 1822 Ipse
1969 1767 2051 1810 est
2080 1757 2230 1826 panis
2258 1758 2438 1812 cordis
2466 1758 2656 1813 nostri.
2688 1758 2974 1824 Quomodo
3002 1760 3091 1829 qui
3136 1759 3422 1813 mandui-at

1826 1864 1922 1902 ore
1952 1849 2195 1918 corporis
2222 1865 2349 1903 uvas
2378 1849 2601 1919 acerbas
2625 1891 2640 1915 ,
2686 1850 3025 1919 obrigescunt
3074 1859 3127 1904 et
3165 1849 3422 1916 obstupv-

1826 1950 1983 1995 scunt
2007 1942 2196 1996 dentes
2217 1943 2333 2009 ejus
2354 1984 2369 2009 ,
2392 1950 2446 1995 et
2472 1942 2648 1995 minus
2673 1942 2895 1996 idoneus
2923 1942 2982 1995 fit
3004 1942 3068 1996 ad
3098 1941 3420 1995 manducan-

1825 2029 1951 2089 dum
1982 2051 2170 2104 panem
2198 2077 2215 2103 ,
2261 2043 2315 2089 et
2354 2043 2598 2089 remanet
2625 2036 2697 2089 i!li
2731 2035 2954 2089 laudare
2981 2036 3122 2104 quod
3158 2035 3337 2097 videt,
3370 2046 3424 2086 ot

1827 2129 2151 2183 manducare
2184 2144 2288 2182 non
2320 2142 2476 2197 posse
2505 2146 2518 2180 :
2548 2128 2627 2182 sic
2648 2137 2702 2182 et
2726 2128 2815 2197 qui
2849 2129 3122 2197 iniquitate
3164 2144 3288 2180 usus
3317 2138 3420 2188 est,

1826 2232 1880 2277 et
1906 2234 2088 2291 pastus
2118 2222 2351 2292 peccatis
2390 2221 2441 2275 in
2481 2222 2677 2286 corde,
2710 2221 2893 2290 incipit
2933 2236 3039 2274 non
3071 2236 3229 2289 posse
3274 2236 3424 2273 man-

1824 2315 2023 2368 ducare
2076 2329 2306 2383 panem,
2358 2312 2539 2366 laudat
2587 2313 2809 2367 verbum
2859 2312 2995 2373 Dei,
3026 2321 3080 2366 et
3126 2327 3230 2365 non
3275 2309 3419 2363 facit.

1826 2404 1978 2460 Unde
2022 2420 2127 2460 non
2160 2404 2327 2459 facit?
2350 2404 2482 2473 Quia
2512 2419 2633 2457 cum
2661 2403 2885 2473 coeperit
2925 2402 3136 2468 facere,
3184 2402 3420 2465 laborat;

1824 2497 2094 2567 quomodo
2117 2498 2376 2552 sentimus
2401 2497 2647 2551 laborare
2670 2496 2856 2551 dentes
2880 2504 2996 2564 post
3022 2509 3148 2549 uvas
3173 2493 3418 2553 accrbas.

1825 2606 1945 2645 cum
1974 2592 2297 2659 ccepcrimus
2334 2605 2526 2661 panem
2555 2588 2899 2644 manducare.
2930 2587 3035 2644 Sed
3063 2588 3186 2658 quid
3222 2587 3423 2641 faciunt

1826 2683 1897 2737 illi
1927 2684 2119 2753 quibus
2149 2684 2538 2753 obstupuerunt
2574 2681 2807 2737 dentes?
2853 2682 3179 2751 Temperant
3218 2696 3278 2735 se
3323 2682 3421 2733 ali-

1824 2786 2080 2847 quantum
2109 2778 2176 2829 ab
2201 2778 2315 2830 uvis
2340 2776 2578 2838 acerbis,
2608 2784 2663 2830 et
2691 2775 2912 2830 redeunt
2944 2775 3133 2829 dentes
3159 2774 3223 2828 ad
3252 2775 3419 2827 stabi-

1826 2870 2027 2923 litatem
2060 2885 2231 2932 suam,
2255 2879 2310 2923 et
2335 2867 2650 2923 incumbunt
2668 2868 2809 2937 pani.
2832 2867 2921 2921 Sic
2941 2878 2994 2921 et
3016 2881 3115 2921 nos
3143 2866 3419 2919 laudamus

1817 2962 2077 3031 justitiam
2105 2981 2117 3016 :
2142 2961 2235 3016 sed
2267 2962 2310 3015 si
2342 2962 2586 3015 volumus
2614 2959 2936 3015 manducare
2953 2958 3213 3028 justitiam
3236 3001 3250 3024 ,
3287 2968 3421 3012 tem.

1826 3068 2074 3124 peremus
2105 3069 2201 3107 nos
2243 3052 2310 3107 ab
2338 3052 2736 3123 iniquitatibus;
2786 3064 2839 3105 et
2884 3051 3120 3105 nascitur
3160 3052 3210 3103 iu
3258 3051 3421 3105 corde

1825 3162 1932 3201 non
1961 3147 2133 3200 Sttltttn
2154 3145 2441 3200 delectatio
2467 3143 2715 3199 laudandi
2738 3144 3020 3213 justitiam,
3052 3144 3143 3198 sed
3167 3145 3326 3197 etiam
3347 3144 3404 3197 fa

1823 3238 1996 3292 cilitas
2038 3237 2413 3290 manducandi.
2458 3236 2590 3291 Nam
2620 3238 2663 3291 si
2709 3237 2838 3291 dicit
2863 3234 3235 3303 Christianus,
3283 3237 3420 3292 lteus

1825 3330 1972 3384 novit
1994 3329 2114 3397 quia
2138 3328 2366 3384 delectat
2388 3344 2505 3396 me,
2537 3328 2631 3382 sed
2656 3344 2762 3383 non
2784 3342 3000 3398 possum
3023 3327 3199 3383 facere
3223 3346 3235 3380 :
3263 3345 3420 3398 quas-

1823 3435 1970 3477 satos
1990 3422 2180 3477 dentes
2204 3421 2388 3484 habet,
2415 3422 2503 3475 diu
2532 3421 2870 3475 manducavit
2899 3422 3249 3493 iuiqttitatem.
3280 3421 3422 3491 Ergo

1824 3524 1874 3569 et
1896 3514 2103 3584 justitia
2143 3513 2533 3569 manducatur?
2563 3515 2617 3569 Si
2662 3530 2767 3568 non
2818 3513 3270 3580 manducart‘tur,
3312 3530 3417 3567 nou

1825 3608 2029 3662 diceret
2060 3607 2319 3662 Dominus
2349 3623 2364 3659 :
2391 3604 2538 3659 Bruti
2556 3608 2642 3676 qui
2659 3609 2886 3661 esuriant
2906 3616 2955 3660 et
2972 3606 3149 3661 sitiunt
3163 3605 3419 3676 justitiam

1827 3698 2045 3769 (Matth.
2078 3714 2131 3763 v,
2156 3698 2190 3754 6
2213 3700 2252 3769 ).
2287 3697 2427 3769 Ergo
2452 3698 2691 3769 quoniam
2712 3698 2884 3752 animo
2903 3698 3041 3752 illius
3062 3699 3114 3751 in
3145 3698 3243 3751 vita
3265 3698 3425 3768 ipsius

1826 3792 2193 3847 benedicetur:
2222 3794 2273 3846 in
2319 3792 2422 3845 vita
2469 3790 2851 3859 benedicetur,
2901 3790 2956 3846 in
2987 3799 3159 3847 morte
3204 3798 3421 3863 torque-

1826 3883 1992 3938 hitur.

1898 3976 1953 4033 9.
1995 3974 2325 4043 Confitebitur
2350 3975 2439 4028 tibi
2457 4016 2472 4040 ,
2502 3991 2614 4028 cum
2642 3974 2765 4029 bene
2784 3973 2964 4044 feceris
2984 3974 3048 4028 ei.
3073 3974 3348 4030 Attendite
3373 3986 3423 4029 et

1831 4067 2144 4140 pascimini,
2186 4065 2389 4122 haereat
2415 4066 2470 4121 in
2508 4066 2762 4121 cordibus
2792 4066 3020 4133 vestris;
3073 4065 3427 4132 manducate,

1830 4162 2008 4217 videte
2038 4160 2174 4216 tales
2194 4199 2210 4225 ,
2240 4168 2294 4216 et
2324 4157 2490 4214 nolite
2515 4174 2635 4214 esse
2670 4158 2804 4214 tales
2834 4168 3060 4215 :cavete
3086 4159 3211 4213 talia
3241 4158 3423 4214 verba.

1831 4253 2165 4323 Confitebitur
2182 4250 2290 4318 tibi,
2306 4268 2421 4305 cum
2448 4250 2572 4305 bene
2608 4250 2787 4321 feceris
2910 4249 3080 4318 Quam
3128 4250 3278 4305 multi
3302 4261 3430 4306 sunt

1831 4347 2148 4410 christiani,
2202 4343 2435 4411 fratres,
2491 4343 2580 4414 qui
2629 4353 2758 4398 tunc
2812 4342 2923 4398 Deo
2969 4342 3167 4412 gratias
3219 4352 3424 4413 agunt,

1832 4437 2045 4510 quando
2073 4438 2174 4491 illis
2201 4435 2392 4491 accidit
2420 4436 2626 4489 lucrum
2650 4435 2664 4487 !
2695 4434 2806 4488 Hoc
2832 4442 2934 4497 est,
2964 4431 3294 4503 Confitebitur
3314 4432 3427 4495 tibi,

1832 4548 1947 4584 cum
1974 4528 2098 4583 bene
2122 4528 2298 4599 feceris
2326 4528 2373 4581 ei
2398 4543 2417 4580 :
2458 4525 2693 4580 laudabit
2720 4535 2772 4580 te
2790 4566 2805 4589 ,
2837 4533 2892 4580 et
2916 4524 3088 4590 dicet,
3134 4520 3277 4579 Vere
3301 4524 3428 4594 quia

1834 4633 1892 4679 tu
1924 4639 1984 4677 es
2014 4624 2151 4676 Deus
2186 4635 2335 4674 meus
2362 4636 2377 4673 :
2405 4616 2652 4674 liberavit
2675 4632 2763 4671 me
2794 4615 2872 4670 de
2919 4629 3167 4681 carcere,
3206 4615 3433 4670 confite-

1836 4715 1935 4769 bor
1958 4714 2053 4768 illi.
2084 4710 2242 4766 Venit
2270 4709 2344 4765 illi
2385 4709 2590 4763 lucrum
2615 4750 2631 4774 ,
2662 4706 2985 4771 confitetur;
3016 4707 3159 4761 venit
3200 4705 3429 4760 haeredi-

1836 4818 1918 4862 tas
1938 4847 1953 4869 ,
1985 4804 2272 4859 confitetur
2299 4820 2312 4855 :
2342 4802 2536 4871 patitur
2564 4800 2817 4854 damnum
2839 4838 2856 4860 ,
2902 4797 3256 4866 blasphemat.
3285 4798 3431 4866 Qua-

1836 4900 1902 4953 lis
1932 4898 2069 4951 lilius
2097 4911 2179 4952 es.
2207 4895 2296 4963 qui
2330 4894 2346 4926 ί
2378 4892 2591 4962 quando
2619 4900 2670 4947 te
2697 4901 2847 4960 pater
2868 4889 3158 4953 emendat,
3190 4898 3314 4944 ttmc
3342 4891 3432 4944 tibi

1835 4987 2123 5059 displicet?
2152 4984 2494 5049 Emendaret,
2515 4982 2616 5037 nisi
2644 4980 2993 5054 displiceres?
3021 4988 3113 5034 aut
3140 4980 3183 5033 si
3215 4980 3293 5034 sic
3316 4980 3430 5033 dis-

1841 5084 2067 5153 pliceres
2106 5092 2164 5132 ut
2203 5077 2438 5141 odisset,
2471 5075 2631 5130 vellet
2684 5071 3060 5129 emendare”?
3088 5071 3298 5127 Gratias
3338 5086 3437 5141 age

1840 5188 1969 5244 ergo
1997 5167 2327 5225 emendatori
2348 5208 2366 5234 ,
2398 5175 2453 5220 ut
2495 5166 2727 5234 accipias
2755 5164 3122 5219 Increditatem
3154 5178 3183 5215 a
3212 5162 3322 5218 Deo
3348 5167 3440 5231 qui

1843 5276 1896 5319 te
1941 5262 2211 5318 emendat.
2268 5258 2507 5313 Erndiris
2555 5258 2735 5323 enim,
2792 5272 2913 5310 cum
2958 5256 3284 5310 emendaris.
3336 5255 3439 5308 Sed

1844 5359 2066 5413 multum
2095 5353 2347 5410 emendat
2368 5392 2382 5415 ,
2429 5351 2551 5421 quia
2582 5365 2832 5420 magnum
2861 5358 2943 5402 est
2980 5349 3120 5418 quod
3156 5348 3317 5402 habes
3348 5363 3441 5401 ar..-

1843 5451 2047 5521 cipere.
2098 5447 2229 5501 Nam
2275 5445 2317 5498 si
2364 5441 2639 5514 appendas
2683 5438 2827 5511 quod
2874 5438 3183 5495 emendaris
3211 5454 3332 5494 cum
3380 5452 3447 5493 eo

1844 5542 1987 5614 quod
2033 5550 2351 5611 accepturus
2397 5550 2478 5604 es,
2535 5534 2775 5591 invenies
2821 5535 2944 5606 quia
2998 5532 3127 5588 nihil
3175 5540 3257 5587 est
3302 5529 3446 5600 quod

1914 5726 1928 5756 ι
1968 5722 2101 5780 add,
2125 5719 2254 5783 quia.
2280 5726 2336 5767 Al.
2354 5725 2459 5783 Mss.
2475 5712 2576 5776 qui.

1912 5788 1933 5817 ι
1969 5768 2247 5832 ἐόᾱίετιγοη
2289 5768 2587 5833 eittenrta3'et,
2612 5773 2704 5825 nisi
2728 5772 3013 5835 displiceres
3045 5776 3159 5820 :uut
3184 5783 3226 5818 st
3266 5768 3436 5835 sicais

1885 5847 2077 5902 liceres,
2116 5850 2168 5893 ut
2188 5841 2382 5897 odisset,
2400 5852 2491 5888 non
2514 5831 2595 5888 ille
2621 5844 2664 5886 te
2684 5831 2981 5886 emendaret.
3003 5842 3110 5883 Mss.
3144 5845 3259 5883 vero
3281 5831 3465 5883 habeat

1851 5862 2117 5959 rectionem
2154 5907 2244 5959 hac
2266 5905 2315 5954 in
2358 5902 2573 5953 editione
2610 5897 2904 5948 restitutam.

1873 5897 2117 5959 cntionem
2154 5907 2244 5959 hac
2266 5905 2315 5954 in
2358 5902 2573 5953 editione
2610 5897 2904 5948 restitutam.
