3968 6390
551 423 660 479 563

548 533 872 590 emendatis.
903 534 1193 604 Apostolus
1225 531 1420 587 Paulus
1445 529 1547 585 hoc
1575 528 1704 583 dicit
1735 545 1747 581 :
1782 524 1981 580 Etenim
2010 519 2145 585 quod

543 626 614 678 ad
643 641 865 693 primam
884 637 957 681 est
985 623 1258 693 temporale
1273 624 1378 679 leue
1400 620 1736 676 tribulationis
1757 629 1973 681 nostra,
1990 627 2146 686 )uMa

545 717 890 771 incredibilem
922 717 1128 771 inodum
1176 724 1423 770 tetcrnnm
1450 710 1630 784 gloriae
1664 712 1864 780 pondus
1906 720 2148 779 aperutur

547 808 711 862 nobis.
738 807 848 862 Sed
877 806 1132 878 quando?
1177 806 1299 861 Non
1341 802 1725 874 respicientibus
1748 843 1764 868 ,
1794 801 2001 870 inquit,
2031 814 2147 869 quia

547 900 814 966 ridentur,
845 901 935 953 sed
958 914 1073 969 quo:
1094 916 1194 953 non
1224 900 1492 961 videntur;
1524 914 1625 951 non
1660 911 1774 967 qua
1804 893 2104 963 temporalia
2126 932 2142 955 ,

547 994 637 1045 sed
664 1008 777 1062 qua:
798 1006 1008 1047 teterna.
1051 991 1181 1060 Qua!
1205 992 1336 1045 enim
1365 991 1629 1054 videntur,
1663 988 1965 1058 temporalia
1985 995 2144 1050 sunt;

545 1097 659 1151 qntu
683 1093 851 1136 autem
875 1099 975 1139 non
1015 1083 1467 1147 vidmtttr,teterna
1488 1082 1504 1148 (
1526 1080 1570 1135 ll
1598 1078 1718 1135 Cor.
1748 1095 1800 1133 tv
1821 1120 1836 1143 ,
1867 1079 1933 1133 Π
1953 1119 1968 1141 ,
2010 1076 2078 1133 18
2102 1076 2141 1142 ).

549 1176 615 1229 ιοίι
640 1176 830 1229 iterum
862 1193 877 1231 :
908 1174 1028 1230 Non
1052 1186 1171 1229 sunt
1198 1175 1465 1246 condigna
1488 1174 1749 1243 passiones
1768 1172 1923 1242 hujus
1948 1182 2144 1240 tempo-

544 1268 615 1320 ris
636 1308 650 1331 ,
678 1270 749 1321 ad
769 1269 992 1337 futuram
1018 1269 1235 1340 gloriam
1253 1283 1368 1338 qua
1390 1264 1688 1321 revelabitur
1706 1265 1757 1317 in
1786 1262 1928 1317 nobis
1953 1262 2139 1332 (Rom.

542 1375 659 1423 vni,
693 1360 810 1429 18).
834 1358 972 1429 Quid
997 1369 1081 1415 est
1104 1374 1236 1431 ergo
1258 1357 1399 1429 quod
1422 1356 1655 1428 pateris?
1674 1354 1779 1411 Sed
1807 1369 2020 1423 semper
2046 1368 2141 1421 pa-

541 1452 690 1506 teris.
724 1450 994 1506 Concedo.
1028 1450 1107 1505 Ex
1152 1467 1261 1520 quo
1296 1460 1451 1503 natus
1481 1465 1561 1515 es,
1604 1463 1698 1517 per
1733 1459 1924 1501 onmes
1956 1452 2143 1498 aetates

543 1550 662 1597 tuas
710 1556 877 1611 usque
904 1540 975 1596 ad
1008 1551 1281 1597 senectam
1313 1551 1458 1594 tuam
1488 1580 1505 1604 ,
1557 1552 1842 1609 quousque
1871 1535 2139 1600 morieris,

544 1644 665 1702 puta
696 1633 819 1704 quia
845 1630 951 1689 hoc
981 1633 1179 1702 pateris
1196 1632 1344 1702 quod
1371 1643 1453 1686 est
1495 1644 1683 1698 passus
1718 1626 1857 1691 Job;
1882 1626 2024 1697 quod
2054 1626 2142 1681 ille

542 1738 731 1793 passus
752 1734 836 1777 est
853 1723 1055 1792 aliquot
1070 1722 1279 1787 diebus,
1304 1720 1497 1791 aliquis
1509 1717 1815 1791 patiaturab
1837 1718 1950 1788 ipsa
1970 1716 2145 1771 inlau-

546 1815 621 1869 tia
645 1831 658 1869 :
682 1815 824 1885 quod
855 1816 1052 1885 pateris
1074 1815 1283 1877 transit.
1304 1813 1519 1877 linitur;
1549 1811 1695 1882 quod
1719 1818 2036 1880 accepturus
2057 1822 2139 1873 es,

545 1907 705 1961 linem
732 1921 838 1961 non
863 1904 1098 1961 habebit.
1126 1905 1263 1962 Nolo
1278 1905 1389 1976 jam
1411 1890 1591 1974 teques
1613 1917 1828 1975 poenam
1850 1916 1973 1959 cum
1998 1917 2137 1973 pra:-

539 1996 694 2053 niio.:
718 2004 964 2067 tempora
984 2012 1136 2068 (aqua
1159 1996 1442 2052 aeternitati
1464 2037 1482 2058 ,
1511 1994 1562 2060 si
1580 2005 1731 2065 potes
1758 1994 1775 2026 ¹
1805 2032 1844 2047 ,μ

614 2086 704 2144 10.
728 2086 1062 2157 Conﬁtebitur
1087 2088 1197 2154 tibi,
1222 2103 1341 2141 cum
1368 2088 1489 2141 bene
1515 2085 1693 2159 feceris
1717 2086 1787 2140 ei.
1817 2083 1992 2139 Nolite
2016 2099 2141 2141 esse

541 2177 719 2245 tales,
760 2176 955 2238 fratres
979 2196 995 2232 :
1022 2176 1199 2241 videte
1220 2177 1344 2249 quia
1382 2179 1667 2249 propterea
1713 2175 1944 2231 dicimus
1984 2174 2134 2243 hare,

541 2283 823 2345 prepterca
854 2281 1168 2335 cantamus,
1214 2281 1491 2342 propterea
1523 2278 1813 2336 tractatur,
1852 2279 2136 2341 propterea

536 2364 761 2422 sudatur
781 2383 796 2419 :
814 2365 979 2421 nolite
1000 2363 1176 2421 facere
1193 2364 1312 2419 ista.
1331 2363 1551 2433 Negotia
1571 2373 1745 2417 vestra
1765 2377 1861 2418 vos
1874 2361 2133 2431 probant:

537 2454 826 2527 aliquando
855 2454 907 2510 iu
937 2456 1152 2525 negotio
1182 2465 1365 2511 vestro
1402 2455 1597 2509 auditis
1629 2468 1813 2513 verum
1842 2456 1864 2497 η
1894 2497 1910 2522 ,
1937 2463 1992 2511 et
2017 2456 2133 2510 hla-

534 2546 869 2616 sphematis,
923 2546 1217 2602 Ecclesiam
1268 2544 1670 2617 bIaSphematis.
1721 2545 1949 2615 Quare?
1998 2545 2132 2614 Quia

534 2636 817 2695 christiani
833 2638 981 2694 estis.
1003 2637 1060 2693 Si
1084 2637 1165 2693 sic
1186 2647 1269 2693 est
1284 2679 1303 2704 ,
1328 2637 1469 2692 duco
1487 2652 1575 2692 me
1594 2636 1645 2692 in
1669 2645 1874 2707 partem
1897 2637 2088 2693 Donati
2116 2656 2131 2693 :

534 2746 776 2803 paganus
799 2734 919 2785 volo
945 2747 1087 2787 esse.
1116 2732 1333 2798 Quare?
1373 2731 1509 2801 Quia
1534 2733 1871 2788 momordisti
1893 2748 2087 2804 panem
2112 2772 2130 2801 ,

532 2834 591 2880 et
615 2824 1024 2881 dolentdeutes.
1054 2823 1281 2892 Quando
1302 2825 1521 2881 videbas
1548 2825 1719 2896 ipsum
1768 2840 1979 2895 panem,
2013 2814 2129 2879 lau-

531 2916 734 2982 dabas;
759 2918 970 2987 empiin
998 2917 1357 2983 manducare,
1386 2927 1442 2972 et
1469 2918 1654 2973 dolent
1678 2918 1869 2982 dentes
1896 2937 1910 2971 :
1940 2903 1994 2974 id
2024 2927 2128 2985 est,

529 3006 748 3080 quando
785 3007 1043 3071 audiebas
1077 3022 1381 3064 sermonem
1434 3008 1565 3075 Dei,
1594 3008 1935 3065 collautlabas
1957 3050 1975 3075 ,
2003 3026 2128 3071 eum

531 3101 627 3156 tibi
653 3100 885 3169 dicitur,
930 3101 1038 3157 Fac
1078 3101 1216 3170 hoc,
1262 3101 1621 3171 blasphemas.
1667 3100 1785 3158 Noli
1826 3103 1905 3157 sic
1946 3104 2129 3161 velle:

531 3193 635 3249 hoc
655 3193 774 3262 dic,
802 3194 981 3250 Bonus
1003 3204 1089 3251 est
1118 3196 1292 3266 panis,
1320 3187 1415 3252 sed
1437 3211 1538 3265 ego
1570 3212 1674 3251 non
1704 3190 1941 3265 possum
1977 3196 2141 3252 illuni

532 3287 875 3351 uianduczlre.
903 3286 1054 3345 Nunc
1081 3296 1260 3344 autem
1290 3288 1335 3342 si
1359 3290 1528 3343 oculis
1554 3288 1724 3353 vides,
1762 3288 1979 3344 laudas:
2002 3305 2125 3344 eum

525 3378 761 3450 ceperis
788 3378 979 3434 dentes
1008 3395 1287 3448 premere,
1313 3379 1468 3445 diois,
1500 3379 1668 3433 Malus
1696 3389 1777 3435 est
1805 3366 1959 3451 panis
1985 3382 2085 3436 iste
2109 3423 2126 3448 ,

525 3471 769 3541 etquslis
794 3481 878 3525 cst
916 3471 1005 3525 ille
1043 3471 1131 3540 qui
1162 3471 1308 3525 illum
1339 3470 1505 3525 fecit?
1534 3471 1607 3525 Ita
1634 3470 1693 3525 llt
1722 3480 1780 3526 ut
1819 3473 2129 3529 confitearis

529 3561 721 3627 Deum,
769 3561 986 3631 quando
1025 3562 1118 3616 tibi
1156 3561 1293 3617 bene
1336 3560 1463 3617 facit
1503 3563 1674 3628 Deus;
1716 3570 1772 3617 et
1812 3565 2123 3630 mentiaris,

525 3652 743 3721 quando
762 3661 949 3708 cantas
967 3694 982 3718 ,
1016 3650 1318 3706 Benedicam
1342 3652 1613 3707 Dominum
1639 3654 1695 3712 in
1714 3655 1851 3708 omni
1878 3646 2123 3722 lempore,

524 3762 722 3815 semper
739 3745 855 3798 laus
873 3744 982 3814 ejus
1009 3746 1061 3796 in
1084 3760 1169 3798 ore
1199 3760 1307 3797 meo
1333 3742 1354 3814 (
1382 3744 1525 3798 Psal.
1551 3759 1741 3811 χχχιιι,
1760 3744 1852 3816 2).
1888 3746 2125 3818 Erigitur

525 3836 596 3887 oio
630 3833 792 3889 corde
831 3843 921 3888 tuo
948 3835 1183 3888 cantatio
1222 3833 1482 3888 lahiorum
1525 3844 1738 3890 tuorum
1763 3853 1778 3889 :
1801 3836 2030 3892 cantasti
2070 3836 2125 3891 in

526 3925 785 3990 Ecclesia,
827 3924 1133 3989 Benedicam
1166 3925 1439 3980 Dominum
1458 3925 1512 3979 in
1531 3926 1672 3980 omni
1690 3934 1915 3997 tempore
1940 3943 1958 3981 :
1984 3943 2124 3997 quo-

524 4015 689 4071 tundo
710 4016 764 4083 in
779 4016 917 4070 omni
932 4027 1155 4086 tempore
1168 4015 1194 4069 2
1213 4015 1269 4070 Si
1295 4014 1442 4069 omni
1464 4023 1571 4071 tem
1576 4031 1708 4086 pore
1730 4016 1957 4083 lucrum,
1975 4019 2123 4073 omni

526 4120 771 4177 tempore
797 4106 1164 4162 hencdicitur:
1186 4106 1233 4161 si
1259 4105 1549 4177 aliquando
1574 4117 1658 4165 est
1685 4106 1942 4163 damnum
1967 4148 1983 4169 ,
2016 4123 2123 4165 non

524 4198 893 4265 lseuedicitur,
939 4199 1036 4255 sed
1087 4197 1710 4271 blasphematur..Certe
1753 4200 2028 4257 benedicis
2069 4203 2122 4256 in

519 4292 668 4344 onmi
693 4302 957 4361 tempore,
978 4300 1125 4349 certe
1151 4293 1267 4347 laus
1285 4290 1404 4361 ejus
1423 4306 1639 4362 semper
1664 4292 1717 4347 in
1735 4308 1830 4348 ore
1850 4306 1942 4347 tuo
1961 4307 2045 4350 est
2062 4295 2082 4327 ³
2099 4297 2125 4351 7

523 4384 644 4438 laris
666 4382 788 4438 talis
811 4382 1025 4453 qualem
1053 4380 1483 4439 mododescribit
1506 4399 1521 4437 :
1541 4380 1991 4453 Conﬁtebiturtibi,
2008 4402 2126 4446 cum

519 4475 644 4526 bene
661 4474 843 4544 feceris
859 4473 929 4528 ei.
1654 4488 1655 4491 ‘
2053 4519 2059 4525 .

594 4568 683 4621 Η.
724 4563 893 4639 [νινε.
930 4564 1019 4625 20.
1041 4562 1166 4636 2L]
1198 4563 1436 4620 Introibit
1464 4580 1623 4636 usque
1648 4566 1703 4620 in
1730 4564 1996 4637 progenies
2020 4584 2118 4636 pa-

519 4671 654 4713 trunt
674 4676 883 4723 suorum
906 4675 925 4713 :
944 4659 993 4712 id
1025 4669 1130 4725 est,
1151 4658 1443 4715 imitabitur
1472 4669 1651 4729 patres
1678 4674 1827 4715 suos.
1868 4660 2004 4727 Quia
2022 4661 2123 4716 ini-

518 4752 611 4826 qui
640 4751 731 4820 qui
759 4750 919 4805 modo
961 4761 1119 4811 sunt.
1167 4750 1366 4815 habent
1407 4751 1633 4816 fratres,
1680 4750 1880 4806 habent
1918 4762 2117 4822 patres.

518 4846 739 4913 Antiqui
780 4843 967 4915 iniqui,
1000 4853 1176 4913 patres
1205 4855 1328 4901 sunt
1359 4847 1734 4913 priuseutium;
1764 4854 1820 4898 et
1849 4844 2008 4898 modo
2027 4847 2119 4913 qui

518 4935 687 5009 iniqiii
712 4944 856 5000 sunt,
887 4946 1063 5006 patres
1080 4945 1206 4989 sunt
1233 4944 1567 5005 posterorum
1601 4935 1898 5005 iniquorqu
1934 4954 1948 4989 :
1979 4952 2119 5006 quo-

518 5032 682 5086 modo
708 5040 887 5101 patres
905 5031 1171 5097 justorum
1192 5028 1394 5097 antiqui
1416 5026 1572 5097 justi,
1597 5036 1777 5095 patres
1791 5035 1927 5083 sunt
1940 5027 2117 5098 justo-

515 5138 635 5180 rum
648 5123 740 5194 qui
758 5122 920 5178 modo
933 5128 1085 5187 sunt;
1107 5120 1261 5191 etqni
1274 5120 1433 5174 modo
1445 5106 1589 5180 sunt.
1604 5128 1783 5189 patres
1795 5131 2116 5179 suuteorum

513 5217 606 5282 qui
625 5217 784 5272 hituri
801 5224 978 5271 erunt.
1006 5212 1303 5270 Ostenderc
1337 5212 1501 5268 voluit
1521 5212 1750 5282 Spiritus
1761 5221 1978 5269 sanctus
1991 5214 2117 5283 quia

516 5326 624 5365 ηυιι
640 5319 721 5364 est
736 5307 874 5361 mala
887 5304 1347 5375 aequitas,qu,andi
1361 5305 1427 5358 ad
1449 5305 1589 5363 illam
1602 5313 1972 5359 murmuratur
1986 5318 2003 5358 :
2018 5305 2115 5375 sed

511 5404 567 5459 hi
588 5402 653 5458 ab
670 5401 876 5471 origine
889 5414 1059 5470 usque
1081 5374 1478 5469 adprogenicm
1501 5406 1709 5467 patrum
1730 5405 1936 5469 patrem
1957 5374 2115 5457 suum

581 5518 593 5550 ι
632 5520 708 5565 κε’.
732 5521 786 5565 et
804 5513 903 5563 duo
918 5518 1053 5571 Mss,
1077 5524 1190 5562 cum
1219 5509 1425 5574 prteniio
1446 5508 1895 5574 temporali,_a:qua
1916 5510 2113 5565 (eterni-

512 5581 623 5637 tm‘t',
751 5569 1046 5639 potes._l_\m.,
1084 5586 1197 5623 cum
1221 5569 1465 5636 'prtemio;
1486 5569 1772 5639 _tér_miorule
1810 5569 1982 5634 aqua,
2011 5580 2108 5621 etc.

507 5633 639 5697 l.nv.,
686 5633 971 5699 terhporalia
1007 5648 1177 5699 mque,
1218 5633 1315 5685 etc.
1358 5643 1415 5683 Αι
1451 5633 1680 5698 plerique
1722 5642 1849 5692 Mss,
1870 5633 2112 5697 tempora

503 5707 846 5824 ωίὶῇυἳηιῗίυθ
870 5757 1234 5824 uss.,_vcrbuin.
1321 5820 1332 5824 _
1507 5820 1518 5824 _
1773 5814 1784 5824 _

572 5829 596 5858 δ
724 5815 830 5873 Mss.
854 5828 911 5891 st
932 5820 1065 5871 Edd.:
1086 5827 1227 5870 certe
1248 5820 1363 5891 quin
1384 5832 1476 5869 non
1499 5815 1746 5871 benedici;
1768 5815 1964 5872 inomni
1988 5824 2106 5870 tem-

506 5900 585 5947 νυν
598 5899 646 5946 e,
664 5892 793 5938 certe
808 5883 926 5949 quia
945 5894 1042 5934 non
1061 5895 1248 5948 κνημει·
1275 5882 1397 5945 imis,
1425 5891 1520 5933 etc.

1800 415 1856 472 S.
1888 416 1929 470 Α
1942 406 2253 468 UGUSTINI
2296 409 2600 471 EPISCOPI
2886 476 2887 479 η
3752 425 3846 477 5M

2258 524 2473 581 habent.
2522 528 2660 581 Duos
2696 529 2879 598 genuit
2915 532 3114 592 Adam,
3145 541 3199 587 et
3241 532 3293 586 in
3342 550 3447 588 uno
3490 534 3764 606 iniquitas.
3797 554 3844 593 in

2256 634 2363 671 uno
2383 619 2587 687 justitia
2622 639 2636 676 :
2665 624 2914 693 iniquitas
2940 623 2994 677 in
3020 624 3151 694 Cain
3172 667 3186 689 ,
3210 624 3414 693 justitia
3449 628 3499 681 in
3529 628 3685 683 Abel.
3717 629 3850 684 Pue-

2260 707 2490 768 valuisse
2527 714 2735 770 videtur
2762 716 3013 787 iniquitas
3036 733 3198 787 super
3218 719 3480 789 justitiam
3500 762 3515 783 ,
3557 726 3681 790 quia
3708 724 3842 776 oeci-

2251 803 2329 857 dit
2353 802 2482 859 Cain
2512 806 2735 875 injustas
2761 808 3111 878 Abeljustum
3140 811 3189 863 in
3214 822 3370 865 nocte
3398 811 3414 842 ¹
3436 882 3439 885 _
3465 811 3629 884 (Gen.
3660 829 3733 878 iv,
3753 813 3839 877 8).

2251 895 2518 966 Numquid
2541 914 2697 953 mane
2716 900 2742 952 τ
2766 899 2871 954 Sed
2902 890 3301 954 dominabuntur
3315 902 3390 956 eis
3410 903 3715 969 rediuiuae.
3745 905 3842 959 \‘e-

2253 988 2364 1044 niet
2392 1003 2567 1053 mane,
2599 997 2656 1044 et
2685 988 2951 1045 videbitur
2977 991 3065 1046 ubi
3095 993 3164 1045 sit
3192 993 3431 1054 Ahel,~et
3461 992 3547 1047 ubi
3574 993 3731 1049 Cain.
3760 996 3844 1049 Sic

2250 1095 2441 1134 omnes
2470 1080 2558 1149 qui
2587 1081 2884 1137 secundum
2905 1082 3043 1137 Cain
3063 1122 3081 1155 ,
3125 1091 3181 1139 et
3214 1083 3292 1139 sic
3317 1098 3506 1138 onmes
3533 1085 3624 1155 qui
3656 1102 3841 1141 secun-

2248 1169 2378 1224 dmn
2398 1172 2531 1226 Abel
2554 1187 2721 1242 usque
2743 1172 2794 1226 in
2816 1173 2974 1229 linem
2993 1173 3195 1237 seculi.
3220 1172 3454 1229 lntroibit
3472 1192 3628 1246 usque
3650 1178 3701 1229 in
3724 1195 3843 1247 prc-

2249 1262 2418 1332 gcnies
2448 1270 2649 1331 patrum
2677 1280 2884 1318 suorum
2922 1279 2942 1319 :
2972 1281 3129 1335 usque
3153 1266 3204 1319 in
3232 1277 3477 1319 teternum
3521 1284 3622 1320 non
3662 1269 3844 1321 videbit

2249 1354 2440 1409 lumen.
2472 1354 2603 1420 Quia
2627 1365 2687 1410 et
2712 1356 2798 1410 hic
2822 1372 2945 1411 cum
2988 1366 3153 1422 esset,
3187 1356 3240 1410 in
3272 1352 3508 1411 tetiebris
3532 1370 3651 1413 erat
3671 1401 3685 1422 ,
3715 1375 3839 1428 gau—

2247 1444 2383 1500 dens
2426 1445 2573 1502 [adsis
2601 1447 2757 1519 bonis
2776 1490 2791 1512 ,
2821 1459 2875 1501 et
2915 1464 3020 1503 non
3051 1463 3238 1503 amans
3265 1448 3401 1503 bona
3434 1466 3557 1503 vera
3581 1466 3595 1515 ;
3644 1461 3698 1506 et
3728 1452 3845 1505 ideo

2251 1536 2376 1593 hinc
2402 1538 2469 1591 ad
2519 1548 2775 1594 tartarum
2824 1540 2920 1595 ibit
2951 1559 2966 1595 :
2996 1559 3025 1592 a
3073 1541 3306 1596 tenebris
3334 1543 3665 1596 somniorqu
3697 1547 3841 1598 exei-

2248 1632 2395 1699 pient
2423 1647 2544 1686 eum
2576 1634 2811 1687 tenebras
2837 1633 3245 1688 tormentorum.
3281 1633 3422 1704 Ergo
3448 1648 3607 1704 usque
3630 1636 3681 1687 in
3708 1647 3845 1689 teter-

2246 1739 2369 1777 num
2409 1740 2510 1779 non
2539 1725 2719 1779 ridebit
2748 1727 2917 1781 lumen
2965 1726 3073 1782 Sed
3101 1743 3269 1797 quare
3299 1714 3437 1782 hoe?
3465 1728 3619 1797 Quod
3666 1732 3847 1799 pos-tit

2246 1811 2301 1867 in
2328 1814 2507 1868 medio
2536 1814 2769 1879 Psalnto,
2796 1818 2898 1871 hoc
2916 1828 2971 1872 et
2993 1817 3044 1871 in
3075 1817 3180 1871 line
3205 1835 3218 1871 :
3245 1816 3412 1872 Homo
3437 1835 3553 1872 cum
3578 1820 3632 1872 in
3653 1819 3846 1874 honore

2244 1914 2403 1968 esset,
2428 1921 2527 1959 non
2553 1907 2833 1971 intellexit;
2854 1918 3177 1974 comparatus
3198 1918 3270 1963 est
3285 1908 3531 1979 jumentis
3549 1909 3840 1971 insensatis,

2244 2006 2291 2051 et
2312 1997 2492 2051 similis
2518 1999 2685 2070 [actus
2703 2009 2775 2052 est
2804 1998 2928 2053 illis.
2961 1998 3069 2054 Vos
3097 1988 3275 2054 autem
3301 2041 3317 2063 ,
3347 1998 3559 2063 fratres.
3592 2000 3842 2055 conside-

2244 2098 2358 2144 rate
2388 2103 2481 2143 vos
2526 2088 2771 2144 homines
2801 2089 2968 2144 laetos
3002 2090 3068 2144 ad
3110 2091 3393 2159 imaginem
3435 2100 3489 2145 et
3529 2092 3841 2145 similitudi-

2242 2194 2365 2235 nem
2396 2179 2488 2234 Dei
2518 2179 2643 2251 (ια.
2670 2196 2707 2246 ι,
2737 2180 2861 2251 9.6).
2898 2180 3074 2251 Imago
3098 2181 3189 2236 Dei
3225 2183 3364 2238 intus
3390 2192 3471 2236 est
3498 2223 3512 2245 ,
3546 2200 3651 2236 non
3679 2192 3762 2237 est
3787 2185 3840 2237 in

2240 2286 2468 2341 corpore
2493 2290 2507 2325 :
2540 2287 2646 2327 non
2674 2273 2828 2328 estin
2852 2275 3072 2329 auribus
3099 2274 3216 2329 istis
3236 2274 3608 2343 quasvidetis,
3632 2284 3691 2328 et
3714 2290 3843 2327 ocu-

2241 2362 2325 2425 lis,
2354 2372 2409 2418 et
2438 2362 2675 2429 naribus,
2705 2373 2757 2418 et
2782 2363 2977 2433 palato,
3008 2374 3063 2420 et
3088 2365 3351 2425 manibus.
3379 2376 3434 2418 et
3455 2366 3678 2435 pedibus
3702 2382 3719 2429 :r
3746 2365 3842 2419 sed

2239 2463 2321 2507 est
2350 2452 2487 2507 facta
2527 2464 2704 2509 tamen
2736 2472 2750 2507 :
2784 2455 2873 2510 ubi
2896 2466 2980 2511 est
3017 2456 3351 2522 intellectus,
3385 2455 3472 2510 ubi
3517 2466 3601 2511 est
3641 2472 3801 2511 mens
3824 2498 3844 2522 ,

2240 2545 2329 2598 tibi
2360 2547 2495 2600 ratio
2524 2546 2905 2617 investigandae
2932 2548 3173 2604 veritatis
3202 2550 3223 2579 ’
3256 2589 3273 2613 ,
3308 2549 3395 2621 ubi
3424 2558 3509 2602 est
3533 2548 3667 2603 lides
3687 2589 3705 2614 ,
3751 2548 3840 2601 ubi

2236 2650 2320 2693 est
2346 2654 2472 2709 spes
2499 2650 2674 2696 vestra
2694 2682 2709 2706 ,
2741 2641 2827 2695 ubi
2866 2640 3101 2697 Charitas
3144 2651 3319 2696 vestra
3343 2683 3357 2705 ,
3404 2642 3475 2695 ibi
3509 2643 3670 2697 habet
3698 2643 3843 2697 Deus

2238 2725 2522 2798 inmgiucm
2548 2746 2701 2787 suam
2728 2749 2742 2785 :
2771 2732 2856 2788 vel
2888 2733 2957 2786 ibi
2991 2733 3283 2803 intelligitis
3302 2743 3356 2788 et
3378 2733 3570 2788 videtis
3588 2734 3710 2804 quia
3737 2733 3840 2787 ista

2238 2832 2543 2886 transeunt,
2591 2825 2715 2894 quia
2743 2824 2823 2880 sic
2848 2816 2989 2880 dixit
3018 2826 3070 2879 iu
3098 2825 3205 2880 alio
3228 2820 3445 2895 psalmo
3463 2867 3478 2891 ,
3530 2825 3840 2896 Quanquam

2234 2913 2287 2967 in
2332 2913 2551 2985 imagine
2591 2916 2811 2970 ambulet
2852 2918 3035 2979 ltomo,
3083 2925 3253 2971 tanien
3291 2934 3417 2971 rane
3462 2915 3843 2979 conturbatur;

2235 3008 2564 3069 tltesaurizat.
2592 3017 2640 3061 et
2665 3010 2822 3063 nescit
2838 3008 2919 3061 cui
2947 3009 3272 3079 congregabit
3302 3024 3363 3062 ea
3387 3007 3406 3079 (
3430 3006 3574 3063 Psal.
3597 3024 3801 3063 xxxvm
3821 3048 3839 3071 ,

2233 3098 2323 3170 7).
2366 3097 2482 3153 Non
2532 3099 2849 3165 turbemini,
2894 3101 3019 3170 quia
3068 3100 3479 3171 qualiacumque
3524 3109 3651 3155 sunt
3696 3100 3838 3162 ista,

2234 3191 2543 3245 transitoria
2574 3201 2700 3245 sunt
2722 3230 2739 3257 ,
2769 3193 2815 3246 si
2861 3192 3107 3247 homines
3147 3193 3280 3247 estis
3312 3193 3363 3246 iu
3405 3192 3614 3246 honore
3642 3193 3842 3261 positi,

2233 3296 2289 3340 et
2315 3284 2628 3355 iutelligitis.
2659 3284 2791 3339 Nam
2820 3286 2863 3338 si
2914 3286 3160 3340 homines
3184 3286 3237 3340 in
3269 3284 3475 3339 honore
3519 3283 3682 3354 positi
3725 3301 3836 3338 non

2232 3376 2526 3447 iutelligitis
2547 3418 2564 3443 ,
2592 3380 2979 3447 comparamiui
3017 3380 3276 3449 jumeutis
3320 3377 3642 3445 insensatis,
3674 3387 3729 3433 et
3758 3380 3837 3433 si-

2231 3464 2387 3525 miles
2405 3468 2681 3524 el'licimiui
2712 3470 2840 3526 illis.

2231 3606 3847 3631 W

2633 3686 2712 3746 IN
2758 3686 3143 3749 PSALMUM
3181 3688 3393 3749 XLIX

2826 3806 3243 3864 ENARRATIO.

2751 3937 2924 3980 SERIO
2966 3939 3036 3980 AD
3087 3939 3310 3987 PLEBEI.

2322 4060 2368 4114 I.
2422 4056 2576 4133 [vorm
2632 4058 2710 4132 1.]
2751 4059 3018 4125 Qttattlttm
3064 4058 3222 4113 nobis
3262 4058 3437 4112 valeat
3501 4074 3688 4114 sermo
3740 4060 3839 4115 Dei

2227 4151 2295 4208 ad
2321 4153 2713 4208 correctionem
2744 4153 2865 4206 vitae
2894 4160 3114 4216 nostrae,
3140 4162 3197 4206 et
3220 4150 3287 4205 ad
3313 4150 3579 4221 speranda
3612 4152 3846 4221 praemia

2228 4247 2345 4317 ejus
2373 4258 2665 4315 plenasque
2695 4243 3034 4311 metuendus,
3067 4241 3435 4311 unusquisque
3461 4241 3515 4295 in
3547 4257 3609 4298 se
3635 4242 3837 4297 metia-

2229 4336 2391 4401 tur';
2436 4347 2490 4391 et
2533 4335 2917 4391 conscientiam
2961 4349 3113 4390 suam
3158 4342 3284 4389 ante
3324 4327 3510 4389 oculos
3551 4333 3673 4403 ejus
3716 4335 3840 4391 sine

2227 4429 2356 4490 dolo
2385 4437 2581 4500 ponat,
2628 4442 2729 4482 nec
2764 4427 2867 4482 sibi
2909 4425 3210 4481 blandiatur
3253 4423 3307 4479 iu
3357 4433 3506 4480 tanto
3551 4426 3833 4495 periculo;

2226 4521 2480 4593 quoniam
2509 4528 2567 4575 et
2595 4519 2710 4589 ipse
2751 4517 3010 4572 Dominus
3058 4517 3197 4571 Deus
3242 4524 3424 4571 uoster
3465 4516 3662 4571 videtis
3708 4516 3839 4586 quia

2229 4614 2356 4668 nulli
2409 4608 2679 4667 blanditur
2720 4629 2734 4664 :
2778 4620 2832 4664 et
2871 4612 2923 4685 si
2964 4610 3275 4665 conSolatur
3317 4623 3417 4662 nos
3468 4609 3840 4678 promittendo

2227 4706 2367 4760 bona
2397 4720 2513 4766 sua,
2561 4712 2614 4757 et
2652 4698 3025 4756 conﬁrmando
3067 4714 3221 4767 spem
3271 4708 3545 4759 nostram;
3579 4698 3724 4753 male
3755 4698 3840 4750 vi—

2224 4798 2475 4851 ventibus
2522 4805 2722 4852 tamen.
2775 4804 2829 4847 et
2872 4793 3343 4847 contemnentibus
3395 4790 3617 4844 verbum
3669 4805 3837 4843 suum

2224 4888 2446 4943 ouiuino
2491 4904 2597 4942 non
2631 4886 2819 4956 parcit.
2865 4883 3163 4953 lnterroget
3209 4899 3271 4938 se
3311 4868 3683 4954 uttusrluisque
3709 4899 3839 4938 cum

2225 4992 2437 5053 tempus
2477 4992 2600 5046 est,
2631 4988 2685 5036 et
2714 4980 2894 5034 videat
2919 4979 3006 5033 ubi
3039 4979 3109 5032 sit
3133 5020 3149 5043 ,
3193 4987 3249 5033 et
3280 4986 3374 5032 aut
3419 4987 3732 5046 perseveret
3779 4978 3843 5031 in

2225 5075 2403 5140 bono,
2435 5083 2526 5128 aut
2552 5081 2790 5126 mutetur
2816 5087 2844 5123 a
2886 5071 3047 5125 malo.
3097 5070 3247 5124 Sicut
3284 5070 3428 5124 enim
3468 5070 3599 5123 dicit
3636 5068 3693 5123 iu
3726 5069 3843 5124 hoc

2225 5168 2451 5236 psalmo,
2480 5179 2588 5219 non
2618 5164 2945 5234 quicumque
2976 5162 3159 5224 homo,
3190 5169 3283 5215 aut
3311 5160 3633 5231 quicumque
3663 5175 3845 5230 auge.

2224 5258 2327 5317 Ius,
2358 5255 2454 5310 Sed
2486 5252 2624 5307 Deus
2649 5252 2858 5307 deorum
2901 5251 3154 5305 Dominus
3185 5251 3386 5305 locutus
3409 5260 3502 5303 est.
3531 5249 3843 5321 Loqueudo

2220 5360 2398 5403 autem
2429 5347 2555 5416 quid
2581 5345 2732 5417 egit?
2769 5343 2974 5398 i’ocavit
3000 5353 3189 5397 terram
3217 5360 3249 5395 a
3286 5340 3411 5396 solis
3438 5349 3553 5394 ortu
3576 5357 3738 5397 uwuc
3758 5345 3843 5396 ad

2220 5454 2473 5492 accusant.
2523 5436 2626 5503 Qui
2657 5435 2866 5489 vocavit
2908 5443 3104 5487 terram
3142 5448 3179 5485 at
3216 5430 3350 5486 Solis
3388 5441 3508 5485 ortu
3538 5445 3714 5499 usque
3759 5434 3840 5488 ad

2218 5548 2487 5598 occasum,
2526 5526 2783 5585 Durniuus
2809 5539 2990 5584 uoster
3016 5537 3069 5580 et
3095 5526 3348 5582 Salvator
3372 5534 3456 5580 est
3479 5523 3638 5579 Jesus
3667 5525 3840 5578 Chr.-

2282 5692 2297 5722 ι
2321 5690 2408 5739 sic
2428 5685 2647 5741 melioris
2666 5694 2797 5735 nota:
2818 5692 2925 5734 uss.
2949 5683 3223 5742 Editivero,

2282 5758 2300 5783 ι
2333 5733 2789 5822 ἷίιξιίίῷξῦςᾶῥὰεέᾆ
2812 5733 2992 5822 sedes:
3016 5733 3143 5809 nm
3169 5733 3318 5807 πίεης,
3348 5733 3535 5802 ablat,
3556 5749 3651 5793 etc.
3683 5746 3830 5797 ριυις

2216 5822 2328 5879 post
2351 5825 2365 5860 :
2392 5811 2707 5873 arrigiltmda:
2729 5811 2957 5859 veritatis.
2997 5867 3007 5877 ι

2282 5878 2302 5909 ³
2334 5882 2440 5924 Mss.
2470 5874 2615 5923 \atic.
2642 5880 2696 5922 et
2712 5878 2849 5934 Beg.,
2879 5871 3154 5927 meditetur.
