3968 6360
162 380 254 436 565

159 505 281 548 suis.
313 490 555 546 Verbum
598 503 728 544 caro
758 488 981 553 lactant,
1027 494 1080 539 ut
1125 481 1451 538 inhabitaret
1488 480 1540 532 in
1574 473 1749 533 nobis.

162 585 406 640 Dominus
445 594 578 649 ergo
618 587 802 635 noster
841 577 999 633 .lesus
1045 575 1290 630 Christus
1340 572 1478 625 Dens
1532 573 1754 622 deorum

161 687 271 739 est;
301 674 424 747 quia
455 689 549 744 per
580 673 753 742 ipsum
799 670 934 725 facta
968 679 1093 723 sunt
1125 665 1304 720 omnia
1332 706 1347 731 ,
1392 674 1448 717 et
1479 662 1597 715 sine
1642 660 1759 727 ipso

156 769 349 831 factum
384 776 468 820 est
511 764 662 818 nihil.
708 760 940 817 Verbum
984 760 1112 823 Dei,
1147 757 1191 811 si
1239 756 1383 810 Deus
1424 764 1542 814 est,
1578 750 1760 819 utique

162 862 294 914 Deus
344 857 582 913 dearum.
599 854 723 910 est:
758 864 934 909 utrum
966 861 1146 906 autem
1187 851 1257 905 sit
1297 849 1470 909 Deus,
1520 845 1762 912 Evange-

160 950 282 1004 limn
312 946 631 1019 respondet,
665 943 731 999 In
758 942 1012 1015 principio
1040 944 1148 995 erat
1190 937 1427 998 Verbum.
1452 946 1497 990 et
1538 926 1760 989 Verbum

158 1051 262 1094 erat
283 1036 430 1112 apud~
454 1039 636 1105 Deum,
669 1047 715 1091 et
746 1036 880 1090 Deus
904 1044 1009 1089 erat
1049 1031 1262 1088 Verbum
1289 1029 1469 1099 (Joan.
1495 1030 1533 1091 t,
1683 1023 1758 1093 1).

162 1132 228 1187 Et
255 1132 297 1188 si
327 1133 506 1186 omnia
539 1145 636 1200 per
666 1128 841 1198 ipsum
860 1127 1001 1180 laeta
1024 1133 1167 1185 sunt,
1199 1122 1335 1178 sicut
1363 1126 1762 1190 consequenter

162 1206 327 1291 dicit,
356 1235 410 1279 ct
438 1223 513 1279 dii
540 1222 584 1279 si
620 1222 709 1293 qui
755 1220 877 1274 iacti
918 1228 1077 1282 sunt,
1123 1232 1217 1287 per
1240 1216 1429 1291 ipsum
1466 1213 1760 1283 l'actisnnt.

164 1319 310 1374 Unus
336 1318 480 1373 enim
516 1315 656 1371 Deus
686 1328 793 1367 non
827 1312 1019 1374 factus,
1048 1318 1101 1364 et
1128 1322 1249 1363 vere
1277 1307 1419 1361 Deus
1448 1306 1562 1374 ipse
1592 1303 1760 1357 solus.

163 1411 277 1477 ipse
302 1420 479 1465 autem
507 1405 653 1461 solus
678 1405 841 1466 Deus,
874 1403 1028 1457 Pater
1050 1411 1106 1455 et
1126 1400 1293 1455 Filius
1316 1406 1369 1453 et
1389 1395 1620 1467 Spiritus
1640 1410 1770 1449 sano

160 1513 307 1565 ctus,
334 1516 476 1554 unus
502 1499 666 1553 Deus.
814 1502 820 1507 ’

230 1594 287 1650 9..
317 1592 399 1648 Dii
430 1607 562 1663 ergo
587 1604 817 1661 quorum
848 1588 988 1655 Deus
1011 1594 1093 1640 est
1118 1599 1278 1640 verus
1306 1583 1467 1646 Deus,
1496 1578 1585 1651 qui
1614 1589 1762 1644 sunt,

165 1695 259 1739 aut
288 1684 374 1739 ubi
406 1682 571 1737 sunt?
605 1680 739 1735 Dicit
779 1679 915 1734 alius
948 1678 1188 1748 psalmus
1217 1693 1231 1730 :
1272 1672 1412 1727 Deus
1441 1672 1571 1725 stetit
1597 1672 1649 1724 in
1676 1687 1766 1741 sy-

163 1792 361 1848 nagoga
383 1775 632 1838 deorum;
671 1773 722 1825 in
751 1771 915 1825 medio
940 1779 1107 1823 autem
1132 1768 1252 1822 deos
1289 1765 1548 1819 discernit.
1582 1760 1771 1843 Adhuc

166 1865 439 1922 nescimus
464 1880 533 1919 ne
563 1864 701 1917 forte
739 1863 809 1917 dii
848 1861 1014 1929 aliqui
1047 1861 1098 1913 in
1130 1859 1271 1914 coelo
1301 1854 1766 1926 congregati'sint,

165 1968 221 2014 et
249 1958 512 2012 ineorum
535 1953 973 2025 congregatione,
998 1949 1102 2005 hoc
1128 1958 1211 2006 est
1231 1948 1373 2003 enim
1399 1946 1450 2000 in
1479 1959 1770 2018 synagoga,

168 2048 316 2105 stetit
342 2046 482 2101 Deus
511 2046 822 2100 discernere
854 2043 996 2097 illos.
1028 2039 1221 2095 Videte
1257 2041 1309 2093 in
1340 2038 1531 2093 eodem
1564 2036 1774 2106 psalmo

173 2139 361 2211 quibus
382 2137 525 2193 dicat
549 2154 564 2191 :
590 2135 700 2209 Ego
721 2134 850 2201 dixi,
880 2132 963 2186 Dii
987 2131 1121 2195 estis,
1149 2140 1194 2185 et
1216 2131 1313 2200 [itii
1340 2128 1540 2183 Excelsi
1564 2142 1774 2191 omnes:

164 2248 255 2289 sos
273 2239 447 2284 autem
467 2238 520 2283 ut
543 2228 768 2282 homines
794 2224 1101 2287 moriemini,
1124 2234 1170 2278 et
1192 2226 1319 2275 sicut
1346 2238 1479 2275 unus
1498 2236 1560 2274 ea:
1584 2218 1777 2290 princi-

174 2323 321 2377 aibus
344 2320 535 2376 cadetis
560 2317 734 2389 (Ptol.
762 2333 953 2380 LXXXI,
986 2317 1010 2370 1
1038 2357 1053 2379 ,
1086 2314 1119 2370 6
1144 2357 1159 2382 ,
1190 2315 1266 2385 7).
1310 2312 1649 2378 Manifestum
1692 2318 1778 2365 est

177 2428 320 2485 ergo,
345 2412 471 2483 quia
500 2410 746 2465 homines
772 2409 908 2463 dixit
934 2407 1068 2463 deos
1095 2448 1109 2471 ,
1136 2412 1203 2460 ex
1235 2404 1404 2475 gratia
1433 2417 1528 2457 sua
1552 2401 1778 2457 deiﬁca-

172 2515 280 2573 ωε,
310 2518 419 2560 non
448 2502 518 2558 de
546 2500 842 2557 substantia
880 2513 977 2553 sua
1010 2507 1185 2553 natos.
1212 2494 1309 2550 llle
1329 2494 1472 2550 enim
1499 2492 1776 2563 justilicat,

183 2596 262 2667 ';ui
293 2611 391 2666 per
410 2593 761 2663 semetipsum
790 2606 896 2645 non
917 2604 982 2645 ex
1010 2587 1306 2657 aliojustus
1325 2595 1446 2649 est;
1475 2594 1530 2640 et
1551 2583 1639 2639 ille
1668 2582 1781 2639 dei-

176 2689 338 2752 ﬁcat,
384 2685 474 2756 qui
525 2680 623 2755 per
667 2683 906 2753 seipsum
952 2696 1058 2735 non
1099 2677 1324 2733 alterius
1375 2674 1784 2746 participatione

172 2785 450 2852 Deusest.
480 2777 579 2846 Qui
606 2787 784 2833 autem
814 2775 1092 2842 justilicat,
1122 2772 1237 2841 ipse
1268 2770 1504 2833 deilicat',
1537 2765 1659 2839 quia
1692 2766 1785 2837 ju-

176 2866 481 2936 stiﬂcando,
512 2870 652 2923 tilios
680 2867 774 2923 Dei
808 2865 949 2921 facit.
982 2861 1135 2918 Dedit
1158 2863 1293 2916 enim
1315 2864 1387 2915 eis
1408 2868 1701 2931 potestatem
1721 2857 1789 2927 ﬁ-

176 2964 276 3020 lios
306 2962 405 3018 Det
430 2962 541 3032 ﬁeri
568 2960 747 3034 (Joan.
782 2974 821 3021 I,
856 2956 971 3028 12).
1000 2956 1055 3011 Si
1087 2954 1179 3009 illii
1211 2954 1303 3009 Dei
1334 2952 1457 3007 facti
1487 2964 1704 3029 sumus,
1733 2957 1789 3004 et

193 3057 253 3114 lii
280 3055 408 3113 facti
437 3070 624 3111 smnus
653 3071 667 3108 :
697 3052 793 3108 sed
833 3052 936 3107 hoc
964 3049 1153 3121 gratia:
1190 3059 1274 3102 est
1314 3047 1651 3118 adoptantis,
1681 3060 1804 3099 non

178 3161 393 3206 natura:
432 3144 760 3219 generantis.
804 3142 1006 3199 Unicus
1043 3140 1188 3196 enim
1232 3137 1326 3194 Dei
1354 3137 1527 3193 Filius
1554 3136 1793 3212 ‘Deuset

188 3258 308 3301 tum
331 3241 488 3297 Patre
507 3254 646 3295 unus
664 3238 826 3303 Deus,
855 3234 1116 3305 Dominus
1138 3243 1194 3289 et
1215 3231 1461 3287 Salvator
1486 3238 1668 3285 noster
1692 3227 1786 3285 Je-

183 3350 279 3393 sus
316 3332 598 3396 Christus,
645 3330 698 3385 in
736 3327 998 3400 principio
1026 3324 1258 3381 Verbum
1296 3333 1353 3379 et
1392 3322 1626 3378 Verbum
1652 3320 1800 3391 apud

190 3428 383 3490 Deum,
426 3422 661 3498 Verbum
706 3421 879 3493 Dens.
920 3416 1112 3474 Caneri
1166 3413 1258 3485 qui
1304 3413 1436 3468 fuitut
1478 3413 1575 3478 dii,
1623 3413 1794 3483 gratia

189 3517 362 3587 ipsius
392 3494 563 3581 nunt»,
593 3508 698 3568 non
728 3511 797 3567 de
821 3492 1116 3565 substantia
1146 3506 1263 3577 ejus
1289 3512 1582 3560 nascuntur
1606 3514 1666 3559 ut
1694 3503 1812 3559 hoc.

188 3609 300 3666 sint
325 3604 474 3678 quod
496 3603 589 3661 ille
610 3644 628 3672 ,
669 3602 767 3659 sed
796 3610 853 3657 ut
878 3616 973 3671 per
1008 3596 1331 3655 beneficium
1375 3595 1690 3665 perveniant
1728 3594 1796 3651 ad

187 3716 315 3756 eum
340 3740 356 3764 ,
384 3708 439 3753 et
470 3697 578 3752 sint
601 3693 915 3751 colueredes
939 3690 1160 3747 Christi.
1196 3688 1366 3744 Tanta
1394 3687 1537 3743 enim
1565 3687 1800 3744 eharitas

189 3800 278 3846 est
326 3789 382 3844 in
431 3788 523 3844 illo
571 3784 805 3851 hmrede,
855 3794 913 3839 ut
954 3781 1184 3841 voluerit
1220 3778 1424 3836 habere
1464 3778 1798 3834 cohaercdes.

186 3883 329 3951 Quis
352 3882 457 3937 hoc
479 3894 673 3934 avarus
700 3878 862 3937 homo
887 3876 1048 3941 velit,
1067 3874 1279 3942 habere
1303 3872 1659 3929 colum-edes?
1695 3871 1801 3928 Sed

191 3965 256 4033 et.
278 3974 371 4048 qui
400 3971 673 4028 invenitur
698 3970 836 4025 velle
854 4010 871 4036 ,
900 3966 1102 4023 dividet
1130 3980 1252 4020 cum
1280 3964 1360 4019 eis
1395 3964 1762 4018 haereditatem
1784 4004 1801 4029 ,

194 4068 378 4124 minus
399 4064 603 4122 habens
625 4064 741 4133 ipse
760 4060 1007 4117 dividens
1033 4074 1193 4130 quam
1218 4058 1263 4112 si
1289 4056 1439 4112 solus
1462 4056 1762 4126 possideret
1786 4074 1800 4110 :

193 4158 491 4217 hmreditas
531 4164 711 4212 autem
758 4155 812 4207 in
846 4166 949 4222 qua
992 4148 1306 4205 cohmredes
1346 4146 1543 4202 Christi
1575 4163 1761 4203 sumus
1784 4187 1803 4214 ,

182 4247 312 4313 non
351 4251 609 4309 minuitur
653 4247 805 4317 coma
848 4257 1239 4316 possessorum,
1291 4256 1392 4296 nec
1432 4240 1489 4294 (lt
1532 4240 1810 4310 angustior

196 4343 588 4403 numerositate
608 4336 951 4396 cohzeredum
977 4351 993 4399 ;
1016 4335 1111 4391 sed
1139 4342 1283 4389 tanta
1304 4343 1388 4388 est
1412 4333 1591 4387 multis
1611 4343 1808 4404 quanta

198 4438 410 4513 paucis,
441 4442 586 4490 tanta
616 4430 843 4503 singulis
869 4436 1068 4500 quanta
1096 4425 1367 4481 omnibus.
1408 4422 1604 4489 Videte,
1639 4424 1813 4495 inquit

196 4516 499 4601 apostolus,
536 4523 737 4598 qualem
770 4520 1084 4574 dilectionem
1110 4516 1253 4570 nobis
1272 4514 1412 4569 dedit
1435 4514 1606 4579 Deus,
1638 4524 1692 4568 ut
1716 4514 1814 4583 ﬁlii

203 4624 302 4679 Dei
342 4635 575 4675 vocemur
611 4627 658 4671 et
698 4615 874 4669 simus.
918 4612 982 4667 Et
1015 4611 1071 4665 in
1108 4610 1213 4664 alio
1252 4609 1374 4663 loco
1405 4624 1419 4661 :
1448 4605 1775 4661 Dilectissimi
1795 4649 1812 4673 ,

200 4715 304 4786 filii
327 4712 424 4767 Dei
448 4726 638 4775 sumus,
672 4716 719 4762 et
748 4705 975 4760 nondum
1002 4700 1244 4771 apparuit
1283 4697 1404 4768 quid
1429 4698 1638 4753 erimus.
1674 4696 1815 4765 Ergo

199 4819 397 4863 suums
424 4803 476 4857 in
503 4816 601 4871 spe
623 4843 639 4863 ,
668 4796 911 4853 nondum
940 4794 993 4848 in
1024 4809 1102 4847 re.
1136 4791 1341 4845 Scimus
1377 4798 1546 4843 autem
1569 4829 1585 4853 ,
1619 4788 1813 4857 inquit,

200 4896 450 4967 quoniam
486 4908 600 4947 cum
631 4886 967 4959 apparuerit,
1005 4881 1193 4939 similes
1236 4881 1281 4935 ei
1317 4881 1538 4945 erimus,
1578 4879 1817 4949 quoniam

200 4986 492 5044 uidebimus
518 4999 631 5037 eum
661 4980 807 5036 sicuti
833 4988 905 5033 est
935 4976 980 5048 (Ι
1006 4974 1166 5030 Joan.
1194 4989 1249 5028 tu
1271 5015 1287 5039 ,
1315 4975 1368 5040 l,
1397 4971 1478 5043 2).
1516 4971 1714 5028 Unicus
1740 4971 1819 5026 si-

203 5079 357 5134 milis
380 5073 674 5139 nascendo,
705 5078 804 5125 nos
828 5067 1036 5123 similes
1070 5064 1304 5120 videndo
1333 5063 1375 5118 ⁸.
1417 5063 1534 5118 Non
1574 5063 1719 5118 enim
1748 5063 1817 5116 ita

202 5170 418 5228 similes
446 5176 506 5222 ut
528 5166 638 5229 ille,
670 5162 759 5235 qui
807 5161 911 5217 hoc
950 5168 1039 5215 est
1077 5156 1231 5228 quod
1266 5155 1357 5211 ille
1401 5171 1431 5209 a
1474 5169 1581 5225 quo
1606 5155 1822 5224 genitus

203 5258 297 5319 est
331 5278 348 5317 :
379 5273 479 5316 nos
503 5257 649 5313 enim
672 5254 897 5318 similes,
930 5266 1037 5306 non
1064 5248 1298 5318 aequales
1327 5264 1341 5301 :
1375 5246 1463 5302 ille
1485 5246 1609 5315 quia
1636 5260 1821 5314 aequa-

208 5356 324 5423 lis,
354 5352 479 5408 ideo
504 5348 718 5404 similis.
749 5340 1194 5410 Audivimusqui
1230 5340 1339 5394 sint
1362 5337 1434 5392 dii
1464 5337 1588 5392 facti
1623 5337 1821 5407 justiti-

144 5425 149 5429 ’
201 5446 345 5509 cati,
373 5442 497 5514 quia
526 5438 620 5496 lilii
649 5436 745 5494 Dei
776 5428 1066 5507 dicuntur;
1098 5440 1155 5485 et
1180 5430 1255 5485 dii
1294 5429 1387 5500 qui
1417 5442 1521 5481 non
1549 5438 1675 5481 sunt
1705 5425 1777 5479 dii
1804 5467 1820 5489 ,

200 5537 413 5611 quibus
454 5533 545 5589 ille
594 5530 737 5589 Deus
776 5527 1003 5583 deorum
1048 5521 1306 5579 terribilis
1346 5530 1449 5585 est.
1499 5518 1636 5573 Dicit
1676 5518 1820 5611 enim

211 5610 356 5695 ilius
404 5626 689 5700 psalmus:
719 5619 985 5678 Terribilis
1028 5626 1101 5672 est
1147 5630 1299 5686 super
1347 5628 1522 5667 omnes
1568 5613 1707 5664 deos.
1757 5610 1824 5663 Et

206 5725 370 5801 quasi
400 5730 708 5794 quaereres,
735 5714 882 5783 Quos
908 5710 1083 5768 deos?
1112 5706 1364 5778 Quoniam
1391 5721 1563 5760 omnes
1603 5704 1675 5757 dii
1703 5720 1826 5772 gen-

286 5853 305 5886 ⁸
326 5854 413 5905 Sic
434 5863 542 5908 uss.
572 5861 627 5907 At
646 5850 785 5912 ωτι,
800 5846 1012 5901 viratda.

1203 330 1205 333 ’
1261 361 1661 425 ENARRATIO
1701 355 1767 415 IN
1804 355 2131 418 essenon
2166 338 2353 419 xtax.

3361 362 3475 419 566

1861 478 1985 528 tium
2013 477 2266 531 da'monia
2293 475 2465 546 (Psal.
2495 492 2616 540 xcv,
2648 479 2701 537 Α,
2734 478 2809 544 5).
2841 478 2950 531 Diis
2973 478 3231 549 gentium,
3263 475 3468 533 diuino-

1861 570 1965 623 niis
1989 570 2241 628 terribilis
2268 584 2282 632 ;
2311 569 2413 623 diis
2441 583 2471 621 ει
2500 583 2559 623 se
2592 567 2763 633 factis,
2791 569 2915 622 liliis
2936 570 3202 623 amabilis.
3231 560 3463 625 Proinde

1862 658 2182 714 conﬁtentes
2210 659 2547 728 maiestatem
2580 660 2669 714 Dei
2701 644 2958 729 utrosque
2987 660 3205 715 invenio
3226 701 3240 725 ,
3269 672 3322 717 et
3348 661 3463 716 (Ιςιξο

1862 752 2038 807 monia
2065 751 2314 806 Confessa
2335 762 2461 806 sunt
2481 751 2776 817 Christum,
2800 762 2854 806 et
2882 752 3067 807 ﬁdeles
3087 752 3321 808 confessi
3340 765 3461 809 sunt

1861 845 2157 900 Christum.
2205 845 2282 900 Tu
2304 864 2355 901 es
2378 844 2609 902 Christus
2640 845 2807 900 Filius
2837 847 2930 901 Dei
2958 848 3071 912 civi,
3104 847 3237 901 dixit
3277 848 3469 902 Petrus

1864 937 2076 1007 (Matth.
2110 953 2197 992 xvt
2223 980 2236 1004 ,
2286 937 2391 1008 l6).
2427 937 2631 992 Scimus
2671 938 2756 1009 qui
2797 937 2866 993 sis
2895 954 2916 993 .'
2942 950 2996 993 tu
3039 955 3092 993 es
3136 937 3304 992 Filius
3333 936 3427 991 Dei
3458 979 3472 998 ,

1863 1030 2111 1084 dixerunt
2139 1030 2415 1085 darmones
2444 1028 2637 1098 (Marc.
2663 1045 2714 1093 v,
2744 1031 2822 1102 7).
2850 1030 3037 1085 Parem
3065 1029 3224 1084 audio
3252 1028 3472 1094 confes-

1864 1124 2092 1184 sionem,
2146 1122 2239 1177 srd
2290 1139 2394 1177 non
2438 1138 2624 1191 parem
2677 1122 2891 1177 invenio
2937 1123 3317 1187 dilectionem;
3364 1125 3473 1179 imo

1863 1229 1997 1269 vero
2022 1214 2112 1269 hic
2140 1215 2507 1275 dilectionem,
2538 1214 2607 1267 ibi
2640 1226 2909 1267 tnnorem.
2938 1213 3142 1280 Quibus
3168 1228 3298 1283 ergo
3323 1229 3473 1267 ama-

1867 1305 2012 1370 bilis,
2045 1305 2135 1359 tilii
2168 1315 2327 1370 sunt;
2365 1296 2559 1375 quibus
2586 1305 2866 1369 terribilis,
2901 1306 2993 1359 lilii
3018 1319 3123 1360 non
3157 1315 3281 1360 sunt
3312 1323 3325 1361 :
3355 1307 3470 1376 qui-

1866 1398 1969 1454 bus
1990 1398 2254 1464 amabilis,
2287 1399 2419 1454 deos
2460 1400 2579 1454 illos
2612 1399 2767 1465 fecit;
2802 1399 2996 1466 quibus
3022 1399 3276 1454 terribilis
3302 1441 3318 1467 ,
3362 1415 3469 1455 non

1867 1504 1991 1545 esse
2012 1489 2143 1543 deos
2168 1490 2456 1544 eonvincit.
2500 1490 2563 1543 Hi
2591 1490 2735 1544 enim
2767 1489 2842 1544 dii
2874 1490 3033 1555 ﬁunt,
3069 1491 3140 1545 illi
3168 1489 3240 1544 dii
3272 1499 3469 1558 putan-

1872 1592 1958 1637 tur
1989 1600 2002 1637 :
2033 1580 2131 1636 hos
2157 1582 2289 1637 deos
2315 1580 2445 1637 facit
2473 1582 2691 1648 veritas,
2733 1582 2854 1637 illos
2882 1598 3038 1637 error
3068 1584 3359 1636 existimat.
3430 1574 3434 1578 ’

1944 1676 1998 1731 5.
2040 1674 2179 1731 Deus
2221 1691 2350 1745 ergo
2396 1674 2609 1730 deorum
2662 1674 2913 1730 Dominus
2965 1677 3163 1730 locutus
3216 1686 3310 1730 est.
3359 1675 3466 1731 Lo-

1866 1774 2026 1837 cutus
2071 1778 2154 1823 est
2195 1767 2377 1824 multis
2426 1767 2621 1823 modis.
2667 1768 2771 1824 Per
2815 1768 3049 1840 Angelos
3100 1768 3217 1838 ipse
3263 1768 3472 1825 locutus

1873 1867 1994 1925 est,
2051 1873 2148 1929 per
2192 1858 2489 1929 Prophetas
2534 1860 2647 1929 ipse
2687 1860 2897 1915 locutus
2949 1870 3051 1921 est,
3091 1875 3188 1929 per
3228 1873 3292 1914 os
3344 1873 3466 1929 pro-

1874 1950 2049 2022 prium
2103 1949 2221 2022 ipse
2272 1951 2480 2006 locutus
2525 1960 2644 2017 est,
2700 1966 2795 2022 per
2850 1951 3139 2022 Apostolos
3187 1965 3314 2005 suos
3363 1950 3461 2019 ipsi

1874 2042 2085 2098 lacutus
2112 2052 2227 2110 est,
2254 2058 2351 2117 per
2376 2043 2563 2100 ﬁdeles
2597 2059 2726 2100 suos
2766 2042 2882 2114 ipse
2926 2042 3165 2113 loquitur
3188 2086 3204 2110 ,
3245 2059 3343 2113 per
3388 2042 3479 2097 hu-

1877 2134 2156 2190 militatem
2203 2148 2479 2200 nostram,
2536 2151 2661 2191 eum
2719 2136 2919 2207 aliquid
2977 2151 3163 2190 verum
3225 2135 3479 2198 dicimus,

1878 2228 1995 2298 ipse
2036 2227 2294 2299 loquitur.
2342 2226 2536 2285 Videte
2585 2229 2785 2298 itaque,
2838 2228 3108 2299 loquendo
3165 2227 3478 2299 multiplici-

1881 2331 1982 2388 ter,
2011 2321 2190 2377 multis
2221 2321 2415 2387 modis,
2450 2338 2546 2393 per
2565 2316 2728 2376 multa
2759 2337 2906 2388 vasa,
2932 2337 3027 2392 per
3050 2322 3216 2376 multa
3248 2336 3445 2392 organa
3464 2360 3480 2386 ,

1880 2414 1996 2484 ipse
2019 2423 2197 2486 tamen
2238 2422 2395 2468 sonat
2438 2412 2674 2482 ubique,
2722 2412 3031 2483 tangendo,
3079 2410 3439 2467 modilieando
3466 2455 3480 2476 ,

1881 2503 2197 2574 inepirando
2227 2521 2242 2558 :
2276 2502 2453 2559 videte
2480 2503 2609 2573 quid
2636 2503 2829 2573 egerit.
2858 2502 3085 2557 Locutus
3122 2512 3196 2559 est
3236 2502 3406 2570 enim,
3438 2516 3483 2557 et

1881 2596 2077 2649 vocavit
2100 2604 2304 2648 terram.
2328 2594 2718 2659 Quam‘terram
2739 2594 2763 2648 ?
2784 2594 2867 2649 An
2890 2593 3025 2648 forte
3052 2592 3332 2647 Africam?
3360 2608 3499 2663 pro—A

1886 2694 2003 2755 pter
2022 2700 2118 2742 eos
2146 2686 2238 2755 qui
2267 2685 2472 2751 dicunt,
2508 2685 2747 2741 ECclesia
2778 2684 2979 2741 Christi
3006 2700 3131 2756 pars
3157 2685 3355 2741 Donati
3383 2696 3487 2748 est;

1885 2776 2067 2833 Solam
2092 2776 2310 2848 quidem
2341 2776 2572 2832 Africam
2617 2794 2726 2834 non
2756 2778 3002 2846 vocavit,
3032 2778 3128 2834 sed
3169 2787 3225 2834 et
3251 2777 3489 2835 Africam

1887 2886 1996 2924 non
2034 2868 2321 2940 separavit.
2363 2867 2465 2936 Qui
2508 2869 2652 2924 enim
2676 2869 2891 2923 uocauit
2930 2879 3120 2927 terram
3152 2886 3186 2923 a
3225 2868 3350 2924 solis
3378 2879 3492 2924 ortu

1888 2964 2046 3030 usque
2073 2961 2141 3014 ad
2169 2976 2424 3025 occasum,
2452 2959 2630 3015 nullas
2660 2959 2970 3031 relinquens
3012 2972 3194 3033 partes
3219 2976 3357 3032 quas
3387 2976 3492 3016 non

1892 3049 2138 3117 vocarit,
2183 3050 2238 3106 in
2277 3066 2372 3106 sua
2412 3052 2698 3106 vocatione
2722 3050 2961 3107 Africam
3003 3051 3225 3106 invenit.
3253 3051 3498 3107 Gaudeat

1892 3160 2022 3214 ergo
2052 3144 2103 3197 in
2132 3144 2339 3199 unitate
2360 3184 2375 3209 ,
2410 3143 2822 3213 nou'superbiat
2844 3143 2897 3197 in
2924 3142 3207 3199 divisione.
3239 3142 3384 3199 Bene
3412 3142 3497 3199 di-

1894 3238 2067 3291 cimus
2091 3236 2212 3307 quia
2244 3251 2347 3291 vox
2375 3222 2724 3291 Dei‘dcorum
2756 3244 2811 3292 et
2838 3236 2893 3290 in
2920 3234 3161 3291 Africam
3188 3234 3355 3303 venit,
3388 3250 3495 3291 non

1896 3329 1949 3385 in
1978 3328 2155 3384 Africa
2188 3328 2469 3385 remansit.
2520 3326 2730 3383 Vocaoit
2762 3326 2907 3383 enim
2950 3336 3138 3382 terrain
3175 3345 3208 3381 a
3237 3328 3361 3384 satis
3382 3337 3498 3383 ortu

1896 3438 2051 3491 usque
2074 3421 2143 3474 ad
2168 3436 2423 3487 occasum,
2454 3418 2573 3475 Non
2596 3428 2679 3476 est
2702 3419 2790 3474 ubi
2820 3418 3024 3476 lateant
3049 3418 3256 3474 insidiae
3288 3418 3500 3475 lucreti-

1896 3527 2081 3565 corum
2106 3552 2122 3579 ,
2172 3527 2280 3567 non
2311 3512 2507 3585 habent
2549 3512 2603 3566 in
2642 3527 2742 3583 qna
2775 3527 2835 3566 se
2882 3511 3068 3567 umbra
3099 3511 3346 3567 falsitatis
3373 3512 3501 3567 abs-

1898 3604 2133 3659 condant
2181 3622 2195 3657 :
2229 3620 2330 3660 nec
2371 3604 2514 3660 enim
2558 3614 2642 3659 est
2683 3603 2773 3675 qui
2813 3619 2875 3660 se
2917 3603 3213 3660 abscondat
3252 3618 3283 3658 a
3322 3603 3502 3661 calore

1901 3696 2015 3766 ejus
2041 3695 2212 3769 (Psal.
2237 3712 2382 3761 xvut,
2414 3695 2490 3768 7).
2518 3695 2619 3765 Qui
2644 3706 2842 3750 terram
2866 3699 3096 3762 vocavit,
3124 3702 3179 3750 et
3206 3702 3370 3750 totam
3398 3703 3504 3748 ter-

1902 3806 2016 3845 ram
2060 3790 2268 3845 vocavit
2309 3807 2322 3842 :
2364 3791 2456 3860 qui
2507 3799 2705 3844 terram
2752 3791 2998 3856 vocavit,
3047 3799 3249 3845 tantam
3289 3790 3506 3846 vocavit

1903 3893 2157 3954 quantam
2200 3883 2497 3939 fabricavit.
2556 3882 2695 3951 Quid
2754 3882 2885 3937 mihi
2934 3892 3230 3954 exsurgunt
3270 3882 3505 3955 pseudo-

1905 3979 2094 4035 christi
2120 3987 2176 4033 et
2205 3974 2722 4046 pseudopmpbetze?
2747 3973 2873 4046 quid
2905 3983 2988 4031 est
3025 3974 3167 4045 quod
3211 3990 3297 4031 me
3327 3976 3510 4031 verbis

1908 4069 2162 4140 captiosis
2184 4068 2476 4139 illaqueare
2500 4065 2815 4130 moliuntur,
2846 4064 3122 4133 dicentes,
3164 4064 3300 4120 Ecce
3326 4066 3408 4120 hic
3434 4079 3515 4121 est

1909 4165 2158 4229 Christus,
2181 4179 2294 4218 ecce
2329 4162 2441 4216 illic
2477 4169 2549 4215 est
2580 4159 2795 4230 (Matth.
2822 4176 2970 4228 xxxv,
3005 4161 3145 4232 '23)?
3181 4160 3298 4216 Non
3350 4161 3510 4216 audio

1910 4256 2259 4319 ostendentes
2283 4264 2463 4324 partes
2493 4271 2508 4309 :
2543 4254 2684 4308 Deus
2721 4253 2943 4308 deorum
2974 4262 3142 4309 totum
3172 4255 3300 4309 mihi
3330 4265 3513 4311 osten-

1911 4349 1988 4404 dit
2020 4348 2145 4420 :qui
2175 4348 2366 4401 vocavit
2396 4358 2583 4402 tetram
2608 4363 2641 4399 α
2682 4346 2802 4401 solis
2831 4356 2944 4399 artu
2972 4362 3130 4415 usque
3152 4346 3221 4399 ad
3246 4363 3520 4415 occasum,

1916 4450 2087 4497 totum
2127 4438 2403 4505 redemit;
2458 4444 2639 4507 partes
2697 4447 2876 4492 autem
2935 4435 3327 4491 calumniantes
3377 4452 3512 4492 cou-

1914 4533 2205 4591 demnavit.

1988 4630 2043 4685 4.
2071 4627 2223 4702 [υεη.
2248 4624 2332 4700 2.]
2360 4622 2465 4681 Sed
2494 4623 2842 4689 audierimus,
2881 4637 2910 4675 a
2948 4622 3078 4678 solis
3104 4631 3227 4677 ortu
3254 4636 3425 4693 usque
3453 4622 3523 4676 ad

1919 4739 2169 4779 occasum
2196 4730 2440 4775 vocatam
2465 4727 2663 4773 terram
2694 4734 2707 4769 :
2738 4716 2877 4771 unde
2902 4715 3067 4788 etrapit
3086 4731 3281 4772 vocare
3312 4716 3399 4785 qui
3428 4731 3495 4770 vc

1918 4815 2099 4870 cavit?
2149 4813 2215 4868 Et
2245 4811 2346 4866 hoc
2370 4810 2550 4865 audite
2579 4828 2592 4863 :
2624 4808 2708 4863 Ea:
2749 4808 2880 4864 Sion
2922 4810 3114 4879 species
3154 4808 3356 4863 decoris
3392 4808 3526 4879 ejus.

1922 4905 2081 4963 Certe
2127 4902 2421 4960 concordat
2472 4901 2713 4957 Psalmus
2769 4899 3061 4969 Evangelio
3106 4898 3305 4954 dicenti
3350 4914 3366 4953 :
3420 4897 3526 4951 I’er

1923 5014 2095 5053 omnes
2133 5004 2304 5068 gentes
2327 5034 2343 5060 ,
2384 4990 2739 5061 incipientibus
2767 4990 2829 5044 ab
2855 4988 3166 5043 Jerusalem.
3198 4988 3336 5042 Audi
3358 5028 3373 5049 ,
3422 4985 3531 5041 Per

1924 5106 2097 5147 omnes
2123 5094 2294 5160 gentes
2324 5099 2343 5140 :
2382 5082 2583 5140 Vocavit
2614 5091 2800 5135 terram
2826 5098 2859 5135 a
2883 5081 3004 5136 solis
3026 5090 3140 5134 ortu
3169 5096 3327 5151 usque
3354 5077 3530 5133 σάλος-

1924 5199 2121 5238 casum.
2149 5178 2310 5241 Audi,
2335 5173 2699 5242 lucipientibus
2720 5171 2781 5225 ab
2807 5170 3096 5225 Jerusalem
3120 5184 3137 5223 :
3159 5168 3241 5223 Ita:
3266 5169 3393 5223 Sion
3415 5186 3531 5237 spe-

1864 5318 1869 5323 .
1926 5277 2027 5330 cies
2056 5272 2250 5327 decoris
2278 5269 2408 5339 ejus.
2442 5266 2606 5335 Ergo.
2644 5261 2852 5317 Vocavit
2881 5272 3067 5315 terram
3086 5277 3119 5313 a
3149 5258 3272 5316 solis
3296 5270 3419 5313 ortu
3441 5277 3528 5313 us-

1928 5384 2025 5436 que
2052 5366 2119 5419 ad
2160 5376 2417 5424 occasum,
2446 5354 2739 5413 concordat
2784 5354 2961 5409 verbis
3000 5352 3215 5407 Domini
3254 5351 3527 5406 dicentis:

1933 5457 2209 5529 Oportebat
2240 5452 2492 5509 Christum
2527 5448 2633 5519 pati
2653 5489 2668 5512 ,
2717 5455 2760 5500 et
2790 5457 3047 5511 resurgere
3085 5460 3117 5497 a
3144 5443 3356 5497 mortuis
3386 5443 3529 5495 tertia

1930 5553 2015 5605 die
2036 5591 2051 5613 ,
2084 5558 2129 5603 et
2156 5542 2426 5614 pradicari
2452 5541 2503 5595 in
2530 5538 2732 5592 nomine
2768 5537 2879 5606 ejus
2907 5530 3251 5603 pcenitentium
3281 5543 3327 5587 et
3352 5532 3532 5586 remis-

1930 5644 2121 5698 sionem
2148 5645 2467 5708 peccatorum
2496 5647 2585 5701 per
2627 5645 2800 5683 omnes
2825 5636 2997 5699 gentes
3029 5624 3180 5696 (Luc.
3212 5638 3341 5679 xxiv
3363 5665 3380 5690 ,
3422 5623 3527 5687 46.

1932 5736 2044 5789 im.
2075 5732 2275 5788 Omnes
2305 5726 2448 5781 enim
2493 5734 2681 5794 gentes
2710 5730 2902 5775 sunt.a
2942 5719 3072 5776 solis
3111 5726 3232 5773 ortu
3265 5730 3435 5788 usque
3464 5717 3530 5774 ad

1931 5837 2198 5883 occasum.
2232 5819 2383 5887 Quod
2430 5832 2561 5873 vero
2611 5812 2692 5867 Ex
2738 5813 2866 5869 Sion
2908 5810 3098 5882 species
3146 5807 3344 5865 decoris
3379 5810 3529 5879 ejus,
