3968 6324
533 388 634 447 567

531 505 671 577 quod
718 500 842 556 inde
887 497 1054 568 ctrpit
1093 497 1257 551 decus
1297 490 1568 562 Evangelii
1613 488 1761 560 ejus,
1808 489 1950 558 quod
2000 487 2127 544 inde

529 596 837 655 annuntiari
867 593 1031 661 erepit
1054 590 1332 660 speciosus
1359 585 1528 641 forms
1557 599 1668 654 prae
1701 582 1822 637 ﬁliis
1849 583 2127 636 hominum

532 691 704 762 (Psat.
733 704 855 744 xuv
882 729 897 748 ,
945 687 1000 753 5)
1028 728 1042 748 .
1070 680 1363 740 concordat
1391 679 1569 732 verbis
1609 676 1818 730 Domini
1858 673 2089 730 dicentis
2112 712 2130 736 ,

533 783 551 836 Ι
566 783 898 850 ncirieuttbus
929 776 990 829 ab
1011 773 1319 828 Jerusalem.
1343 768 1646 823 Concinttnt
1670 781 1805 820 nova
1833 763 2129 827 veteribus,

533 884 716 929 vetera
744 871 897 925 novis
928 886 940 922 :
971 867 1156 922 dicunt
1181 865 1244 917 ad
1280 863 1506 917 invicem
1535 859 1805 928 serapbim
1834 857 1960 920 duo,
1999 857 2131 911 San-

531 976 661 1022 ctus.
684 972 909 1024 sanctus,
939 970 1142 1012 sanctus
1172 955 1425 1009 Dominus
1454 951 1589 1006 Deus
1616 949 1845 1004 Sabaoth
1867 947 2022 1019 (lsui.
2053 963 2127 1008 γι,

530 1055 607 1128 ὅ).
652 1055 719 1108 Ει
762 1057 1062 1106 consmtant
1095 1047 1201 1102 duo
1228 1046 1573 1101 Testamenta
1601 1085 1615 1105 ,
1660 1048 1715 1096 et
1751 1055 1909 1094 unam
1942 1051 2125 1091 vocem

531 1146 733 1200 habent
755 1143 863 1198 duo
889 1141 1234 1196 Testamenta
1265 1153 1278 1190 :
1314 1135 1558 1188 audiatur
1586 1149 1683 1186 vox
1727 1130 2124 1186 concinentium

527 1238 1019 1298 Testamentorunt,
1044 1247 1148 1285 non
1170 1229 1611 1284 calumniantium
1635 1223 2124 1280 exlueredatorutn.

526 1330 678 1385 Fecit
700 1343 831 1398 ergo
873 1325 970 1379 ista
1005 1323 1143 1378 Deus
1180 1321 1405 1376 deorum
1429 1362 1443 1382 ,
1489 1317 1695 1371 Vocarit
1734 1327 1921 1370 terram
1945 1331 1977 1367 a
2005 1313 2129 1368 solis

525 1432 640 1478 ortu
693 1437 850 1491 usque
885 1418 953 1471 ad
990 1432 1222 1471 occasum
1247 1455 1261 1476 ,
1307 1430 1371 1467 ex
1417 1413 1544 1468 Siott
1587 1411 1911 1494 procedente
1948 1409 2128 1478 specie

525 1530 642 1570 sua.
674 1514 748 1568 lbi
769 1513 913 1568 enim
935 1519 1090 1565 erant
1108 1508 1380 1578 discipuli,
1403 1505 1491 1576 qui
1514 1514 1837 1574 acceperunt
1864 1501 2125 1572 Spiritum

525 1616 770 1662 sanctum
801 1601 1244 1676 quinquagesimo
1274 1609 1393 1670 post
1421 1597 1868 1654 resurrectionem
1897 1595 2016 1663 ejus
2038 1595 2128 1648 die

526 1704 747 1756 miSsum
787 1699 855 1754 de
879 1699 1018 1752 cwlo
1051 1696 1187 1767 (Act.
1218 1710 1256 1748 tt
1276 1734 1290 1756 ρ
1320 1691 1394 1764 4).
1428 1691 1557 1745 lude
1583 1687 1953 1759 Evangelium,
2001 1685 2127 1741 inde

526 1792 865 1865 praedicatio,
904 1790 1028 1844 inde
1055 1787 1309 1856 impletus
1336 1785 1486 1839 orbis
1513 1791 1810 1845 terrarum,
1837 1791 1892 1834 et
1925 1777 2026 1833 hoc
2069 1779 2123 1833 in

524 1886 690 1958 gratia
727 1883 872 1938 ﬁdei.

596 1979 649 2033 5.
691 1975 824 2031 Nam
855 1988 976 2029 cum
1005 1972 1118 2041 ipse
1149 1969 1410 2025 Dominus
1438 1969 1694 2030 venisset,
1717 1965 1839 2034 quia
1863 1976 2119 2033 passurus

524 2071 692 2135 venit,
721 2065 964 2122 occultus
989 2062 1168 2118 venit:
1193 2072 1249 2117 et
1275 2076 1397 2114 cum
1423 2067 1567 2118 esset
1593 2058 1746 2112 fortis
1772 2057 1822 2109 in
1850 2071 1941 2118 se,
1971 2055 2124 2109 inﬁr-

525 2177 644 2217 mus
677 2162 728 2214 in
755 2173 918 2215 carne
947 2155 1212 2226 apparuit.
1265 2152 1562 2223 Oportebat
1586 2151 1728 2204 enim
1757 2164 1880 2209 eum
1913 2147 2080 2204 videri
2108 2188 2123 2210 ,

525 2263 584 2308 ut
609 2268 716 2308 non
747 2249 1165 2320 intelligeretur;
1196 2246 1488 2302 contemni.
1521 2253 1577 2296 ut
1612 2241 1968 2297 occideretur.
1999 2242 2127 2295 Erat

524 2346 708 2416 glorizc
737 2345 944 2415 species
978 2343 1027 2394 in
1046 2339 1358 2400 divinitate;
1386 2337 1480 2391 sed
1512 2336 1628 2390 haec
1652 2335 1848 2389 latebat
1874 2335 1925 2387 in
1939 2347 2123 2389 carne.

524 2442 582 2500 Si
633 2441 775 2497 enim
826 2434 1225 2509 cognovissent,
1275 2445 1548 2502 nunquam
1605 2429 1888 2483 Dominum
1939 2425 2125 2497 gloriae

523 2533 917 2593 cruciﬁxissent
955 2528 1016 2602 (l
1042 2527 1161 2583 Cor.
1187 2539 1247 2594 tt,
1274 2525 1308 2581 8
1338 2526 1377 2595 ).
1411 2523 1502 2578 Sic
1526 2537 1655 2593 ergo
1700 2521 1840 2576 inter
1873 2519 2124 2586 Iudaeos,

524 2631 666 2687 inter
693 2627 937 2682 inimicos
963 2618 1538 2680 ambulavitoccultus,
1569 2615 1704 2672 mira
1731 2614 1952 2680 faciens,
1983 2615 2123 2668 mala

526 2723 754 2795 patiens.
785 2720 962 2774 donec
1004 2715 1426 2787 suspenderetur
1463 2711 1516 2768 in
1548 2711 1729 2781 ligno;
1773 2710 2125 2779 videntesque

525 2812 851 2886 pendentem
884 2809 1052 2867 Judaei
1081 2807 1254 2878 magis
1286 2805 1562 2876 magisque
1602 2811 2040 2867 contemnerent,
2071 2808 2126 2853 et

524 2917 651 2962 ante
677 2919 893 2961 crucem
922 2909 1084 2971 caput
1116 2901 1402 2971 agitantes,
1425 2896 1665 2951 dicerent
1693 2912 1707 2949 :
1737 2895 1797 2951 Si
1828 2894 1994 2949 Filius
2027 2893 2126 2948 Dei

521 3009 618 3066 est,
650 2997 918 3052 descendat
944 2995 1008 3050 de
1031 3008 1180 3048 cruce
1209 2989 1424 3065 (Matth.
1451 3002 1627 3050 xxvn,
1661 2987 1751 3047 38.
1781 2986 1894 3058 59).
1927 2985 2124 3041 Ορουι-

526 3105 613 3147 tus
639 3104 770 3160 ergo
797 3098 912 3144 erat
937 3087 1076 3141 Deus
1101 3083 1349 3148 deorum,
1381 3087 1437 3135 et
1456 3093 1613 3133 voces
1641 3077 1834 3133 edebat
1861 3078 2029 3147 magis
2057 3092 2126 3134 ex

525 3182 903 3254 t-ontpassione
930 3186 1135 3243 nostra,
1163 3191 1323 3246 quam
1368 3189 1433 3228 ex
1483 3170 1763 3241 majeState
1811 3187 1926 3225 sua.
1970 3171 2126 3227 Unde

524 3276 666 3330 enim
695 3273 799 3327 illa:
823 3287 1004 3336 voces,
1038 3269 1138 3327 nisi
1169 3283 1232 3321 ex
1264 3266 1418 3320 nobis
1447 3275 1757 3335 assumptus,
1793 3263 1947 3329 Deus,
1981 3262 2119 3318 Deus

525 3383 683 3432 meus,
709 3364 886 3434 utquid
910 3378 988 3414 me
1015 3356 1328 3429 dereliquisti
1370 3355 1388 3426 (
1428 3353 1570 3409 Psal.
1604 3369 1726 3421 xxt,
1753 3353 1790 3408 2
1809 3397 1823 3419 ,
1853 3364 1901 3407 et
1931 3353 2121 3409 Matth.

524 3472 694 3520 xxvu,
724 3455 791 3508 46
820 3451 858 3525 ).
891 3449 1114 3520 Quando
1158 3456 1336 3502 autem
1383 3447 1539 3500 Pater
1582 3444 1777 3498 Filium
1818 3444 2122 3513 dereliquit,

524 3560 616 3604 ant
639 3548 805 3603 [ﬁlius
833 3541 1082 3598 Patrem?
1109 3541 1295 3594 Nonne
1325 3551 1461 3591 unus
1482 3537 1641 3598 Deus,
1668 3535 1837 3590 Filius
1855 3543 1909 3589 et
1930 3535 2126 3588 Pater?

528 3655 706 3695 nonne
738 3634 1098 3696 verissimum,
1130 3630 1242 3700 Ego
1265 3639 1310 3683 et
1347 3627 1504 3681 Pater
1530 3643 1687 3680 unum
1713 3625 1929 3694 sumus(
1963 3625 2121 3677 Joan.

528 3747 586 3790 Χ.
612 3727 762 3799 50.)?
788 3725 940 3782 Unde
969 3739 1120 3792 ergo,
1146 3720 1303 3782 Deus,
1346 3717 1483 3771 Deus
1513 3732 1674 3778 meus,
1699 3715 1880 3783 utquid
1908 3732 1986 3768 me
2031 3715 2128 3767 de-

525 3820 791 3891 reliquisti.
827 3817 925 3871 nisi
957 3816 1079 3884 quia
1108 3815 1160 3867 in
1190 3825 1352 3867 carne
1381 3806 1706 3863 inﬁrmitatis
1737 3806 2128 3876 agnoscebatur

527 3929 632 3967 vox
661 3907 992 3979 peccatoris?
1014 3905 1115 3973 Qui
1139 3905 1281 3957 enim
1307 3901 1542 3970 suscepit
1566 3897 1968 3954 similitudinem
2001 3913 2124 3951 car-

529 4005 613 4057 nis
641 4001 840 4071 peccati
868 3997 1042 4069 (Rom.
1064 4011 1177 4057 vttt,
1199 3991 1277 4062 '5),
1300 4007 1398 4046 cur
1427 4006 1533 4045 non
1561 3989 1858 4058 susciperet
1877 3989 2126 4043 similitu-

527 4095 709 4150 dinem
741 4092 888 4145 vocis
918 4087 1160 4158 peccati?
1188 4084 1442 4140 Occultos
1466 4097 1596 4152 ergo
1642 4081 1780 4135 Deus
1822 4080 2043 4135 deorum
2072 4088 2126 4134 ct

525 4205 648 4245 cunt
678 4187 816 4241 inter
847 4185 1092 4238 homines
1119 4177 1430 4238 ambulavit.
1465 4187 1519 4230 et
1555 4190 1677 4229 cum
1715 4174 1937 4230 esurivit
1968 4183 2020 4226 et
2048 4175 2126 4227 si—

526 4283 662 4346 tivit,
698 4287 751 4334 et
776 4294 899 4334 cum
923 4261 1167 4346 fatigatus
1212 4271 1373 4334 sedit,
1403 4278 1460 4325 et
1493 4284 1614 4324 cum
1662 4266 1858 4321 loss-ato
1901 4282 2126 4337 corpore

524 4373 799 4433 dormivit,
825 4379 880 4424 ct
904 4384 1026 4422 cum
1056 4362 1426 4436 apprehensus
1447 4401 1464 4426 ,
1495 4368 1551 4414 et
1576 4373 1697 4414 cum
1729 4358 2044 4430 ﬁagellatns,
2072 4367 2128 4412 ct

528 4481 648 4522 cum
678 4471 800 4516 ante
825 4459 1054 4530 indicem
1084 4455 1381 4526 positus,et
1405 4467 1523 4507 cum
1550 4451 1875 4519 superbienti
1905 4464 2130 4517 restion-

525 4560 626 4621 dit,
663 4556 785 4610 Non
806 4554 1014 4608 haberes
1041 4554 1093 4604 in
1120 4567 1202 4603 me
1227 4555 1540 4619 potestatem,
1567 4547 1664 4599 nisi
1696 4546 1817 4597 data
1838 4545 2012 4615 [uisset
2031 4545 2123 4598 de.

528 4665 681 4717 δειρα-
711 4646 906 4718 (Joan.
935 4660 1048 4708 xix,
1079 4643 1138 4696 Η
1176 4641 1196 4711 )
1231 4655 1247 4694 :
1275 4648 1328 4694 et
1352 4637 1491 4710 quod
1513 4637 1704 4692 ductus
1732 4635 1797 4689 ad
1831 4636 2119 4700 victimam,

525 4753 705 4796 coram
731 4736 982 4791 tondente
1009 4749 1066 4787 se
1093 4747 1199 4786 non
1225 4729 1433 4798 aperuit
1453 4743 1520 4782 os
1537 4741 1693 4780 suum
1723 4723 1874 4798 (lsai.
1909 4741 2013 4785 Lllt,
2046 4725 2121 4792 Ἰ),

526 4843 582 4887 et
607 4830 746 4899 quod
771 4827 1078 4889 cruciﬁxus,
1107 4832 1160 4877 et
1189 4821 1330 4891 quod
1355 4819 1617 4889 sepultus,
1642 4831 1856 4885 semper
1884 4815 2124 4869 occultus

529 4923 675 4976 Deus
723 4918 963 4972 deorum.
997 4912 1134 4982 Quid
1166 4920 1346 4980 postea
1377 4925 1535 4978 quam
1583 4907 1908 4961 resurrexit?
1954 4905 2124 4959 Mirati

528 5009 798 5082 discipuli,
817 5018 871 5062 et
898 5007 1070 5077 primo
1093 5006 1108 5037 ¹
1140 5019 1244 5057 non
1269 5000 1635 5065 crediderunt,
1660 4999 1830 5054 donec
1848 5006 2127 5068 tangerent

531 5115 692 5175 atque
719 5103 994 5172 palparent
1019 5100 1038 5170 (
1068 5095 1193 5149 Luc.
1223 5110 1348 5148 xxtv
1374 5092 1417 5165 ).
1445 5091 1551 5147 Sed
1576 5106 1704 5145 caro
1731 5099 2123 5152 resurrexcrat,

530 5199 655 5269 quia
681 5210 807 5251 caro
837 5203 1042 5248 mortua
1070 5199 1184 5246 erat
1215 5187 1503 5243 :divinitas
1531 5201 1650 5256 qua:
1682 5185 1817 5240 mori
1870 5199 1976 5238 non
2025 5199 2124 5253 po-

532 5297 690 5350 terat,
721 5286 893 5340 adhuc
919 5284 1079 5337 etiam
1108 5283 1159 5334 in
1200 5294 1361 5334 carne
1411 5275 1738 5344 resurgentis
1779 5274 1995 5330 latebat.
2032 5273 2126 5326 Vi-

533 5380 647 5435 dcri
676 5379 845 5430 forma
877 5373 1066 5442 potuit,
1098 5371 1266 5424 teneri
1300 5367 1786 5438 membra,palpari
1805 5365 2082 5419 cicatrices
2108 5379 2122 5417 :

535 5469 768 5524 Verbum
800 5482 892 5536 per
913 5463 1051 5534 quod
1101 5462 1235 5516 facta
1264 5469 1389 5515 sunt
1428 5458 1629 5519 omnia,
1661 5456 1780 5526 quis
1804 5454 1984 5510 videt?
2006 5453 2125 5524 quis

535 5561 717 5615 tenet?
741 5558 862 5628 quis
894 5554 1103 5624 palpat?
1162 5553 1221 5605 lit
1269 5561 1445 5604 tamen
1498 5547 1731 5602 Verbum
1773 5561 1900 5601 caro
1927 5547 2123 5602 factum

533 5659 634 5710 est.
662 5658 715 5703 et
744 5646 998 5700 habitavit
1025 5645 1074 5697 in
1107 5642 1259 5696 nobis
1286 5638 1464 5711 (Joan.
1494 5654 1532 5705 t,
1565 5637 1675 5708 14).
1707 5638 1771 5691 Ει
1795 5640 1883 5707 qui
1912 5639 2127 5692 tenebat

599 5787 613 5815 ί
648 5780 779 5831 mlh.
803 5788 886 5832 Ms.
916 5818 927 5831 .
948 5778 1037 5841 Qui
1060 5786 1365 5841 posteaquam
1389 5770 1656 5826 resurrexit
1674 5807 1689 5834 ,
1714 5770 1881 5824 mirati
1900 5771 2128 5836 tt't's't‘t'pttli

534 5844 707 5904 Brimo,
731 5852 826 5894 etc.

1779 374 1838 432 S.
1881 373 2251 432 AUGUS’l'lNl
2293 375 2600 435 EPISCOP!

3735 382 3834 443 563

2239 487 2512 547 hominem
2530 491 2785 559 Thomas,
2813 495 3138 566 intelligebat
3173 510 3232 552 ut
3262 510 3468 569 poterat
3494 501 3686 556 Deum.
3718 502 3834 558 Pal-

2236 584 2371 650 patis
2389 585 2532 640 enim
2558 584 2916 653 cicatricibus,
2941 591 3262 646 exclamavit
3289 609 3303 645 :
3337 591 3583 647 Dominus
3625 577 3768 651 ursus
3788 607 3833 650 et

2233 671 2373 727 Deus
2397 691 2535 729 meus
2557 676 2737 747 (Joan.
2768 680 2994 749 “,28).
3019 680 3345 738 Ostendebat
3374 693 3549 739 tamen
3579 688 3835 742 Dominus

2233 780 2351 818 eam
2384 766 2606 823 formam
2631 810 2646 833 ,
2690 787 2915 841 eamque
2960 789 3176 828 carnem
3205 790 3363 845 quam
3405 777 3456 830 in
3497 791 3660 834 cruce
3691 780 3836 833 vide-

2235 866 2375 921 rant,
2401 875 2522 928 qua:
2546 861 2600 915 in
2626 863 2894 932 sepultura
2933 866 3104 934 posita
3151 865 3337 921 fuerat.
3387 868 3534 924 Fecit
3564 871 3581 904 ⁸
3608 887 3734 926 cum
3756 875 3834 928 eis

2235 951 2580 1020 quadraginta
2611 954 2746 1009 dies.
2774 954 2953 1025 lmpiis
2976 956 3174 1012 ludatis
3194 974 3300 1013 non
3323 973 3382 1014 se
3409 961 3831 1018 demonstravit:

2236 1041 2341 1095 illis
2363 1043 2749 1102 demonstravit
2773 1062 2849 1108 se.
2869 1050 2959 1118 qui
2981 1049 3032 1102 in
3047 1064 3168 1104 eum
3187 1051 3524 1107 crediderant
3544 1062 3836 1123 antequam

2235 1134 2668 1205 crucifigeretur;
2702 1148 2758 1191 ut
2797 1155 2934 1208 quos
2966 1141 3253 1197 cruciﬁxus
3278 1143 3556 1199 dimiserat
3597 1147 3833 1201 tituban-

2236 1233 2337 1289 tes,
2371 1241 2655 1297 resurgens
2696 1226 2896 1285 faceret
2945 1232 3128 1286 fortes.
3186 1233 3384 1290 Deinde
3422 1234 3836 1307 quadragesimo

2233 1313 2322 1370 die
2350 1318 2734 1373 commendans
2779 1322 3071 1376 Ecclesiam
3117 1337 3292 1393 suam,
3349 1327 3398 1379 id
3447 1339 3532 1382 est
3582 1339 3831 1383 Voculam

2236 1415 2431 1462 terram
2461 1425 2490 1462 a
2516 1411 2644 1464 solis
2684 1422 2806 1466 ortu
2834 1429 3004 1483 usque
3047 1415 3112 1468 ad
3137 1430 3418 1482 occasom,
3455 1432 3524 1474 ne
3572 1419 3836 1475 haberent

2231 1501 2626 1556 exettmtionem
2653 1506 2740 1575 qui
2769 1504 2954 1558 volunt
2979 1505 3032 1559 in
3052 1505 3339 1560 schismate
3362 1507 3630 1576 deperire,
3647 1525 3837 1565 ascen-

2231 1589 2309 1644 dit
2338 1591 2389 1644 in
2416 1592 2633 1658 cwlum,
2665 1596 2849 1649 dicens
2876 1596 2975 1661 eis,
3021 1595 3181 1651 Erilis
3209 1598 3336 1650 mihi
3367 1609 3515 1654 testes
3541 1600 3594 1653 iu
3621 1602 3838 1655 Jerusa-

2234 1680 2353 1751 lem(
2388 1683 2528 1739 unde
2555 1685 2743 1754 species
2769 1688 2966 1740 decoris
2994 1689 3150 1758 ejus),
3174 1700 3222 1742 et
3252 1691 3304 1743 in
3335 1701 3490 1745 totam
3517 1692 3762 1749 Judaeum
3792 1705 3837 1750 et

2235 1769 2548 1841 Samariam,
2573 1788 2620 1829 et
2647 1793 2806 1846 usque
2841 1779 2894 1831 in
2921 1791 3078 1832 totum
3111 1790 3315 1836 terram.
3351 1782 3444 1840 His
3477 1785 3626 1840 enim
3651 1787 3834 1851 dictis.

2235 1866 2403 1920 nubes
2431 1868 2666 1937 suscepit
2685 1885 2829 1924 eum.
2865 1872 3210 1928 lnturbantur
3234 1875 3309 1931 illi
3335 1892 3493 1947 quem
3521 1893 3785 1936 noverant
3816 1899 3832 1938 :

2234 1967 2495 2012 noverant
2537 1967 2713 2015 tamen
2745 1963 2796 2015 in
2826 1962 3158 2031 humilitate,
3193 1969 3429 2025 nondum
3465 1970 3518 2025 in
3565 1972 3830 2030 claritate.

2233 2047 2305 2102 Et
2328 2066 2449 2104 cum
2493 2055 2560 2107 ab
2602 2054 2682 2108 eis
2726 2055 2825 2110 iret
2869 2057 2919 2110 itt
2960 2061 3178 2128 ccelum,
3232 2062 3490 2118 admoniti
3529 2075 3656 2122 sunt
3703 2085 3835 2125 voce

2233 2141 2474 2208 angelica
2500 2144 2748 2199 dicente:
2781 2145 2916 2212 Quid
2957 2151 3121 2217 statis,
3153 2153 3249 2205 viri
3270 2151 3516 2210 Galilei!
3546 2156 3649 2211 Hic
3673 2158 3829 2214 Iesus

2231 2248 2379 2302 quem
2410 2233 2586 2288 videtis
2619 2237 2714 2298 ire,
2742 2237 2816 2290 sic
2843 2239 3001 2294 veniet
3031 2244 3456 2308 quemadmodum
3501 2247 3696 2304 uidistis
3718 2268 3833 2315 eum

2232 2333 2429 2378 euntem
2457 2327 2507 2378 in
2534 2328 2738 2380 emittm.
2791 2330 3049 2386 Ascendit
3072 2346 3200 2403 ergo
3224 2349 3238 2384 :
3271 2337 3501 2404 regressi
3539 2338 3616 2392 illi
3646 2341 3836 2394 laetan-

2235 2423 2344 2477 tes,
2394 2429 2702 2472 manscrunt
2751 2419 2802 2472 in
2848 2419 3084 2486 civitate,
3132 2425 3426 2480 secundum
3469 2429 3584 2495 ejus
3632 2446 3834 2499 praece-

2233 2515 2406 2575 ptum,
2429 2507 2599 2564 donec
2629 2510 2975 2579 implerentur
2998 2513 3195 2582 Spiritu
3221 2525 3405 2571 sancto
3430 2518 3561 2590 (Act.
3592 2535 3628 2586 ι,
3649 2521 3830 2594 342;.

2230 2595 2371 2668 Quid
2394 2609 2570 2654 autem
2594 2601 2794 2656 dictum
2830 2612 2948 2658 erat
2975 2604 3196 2660 Thema:
3236 2607 3508 2677 palpanti?
3537 2609 3674 2678 Quia
3699 2616 3836 2667 sidi-

2229 2690 2316 2752 sti,
2348 2691 2642 2756 credidisti;
2663 2692 2792 2746 beati
2819 2696 2906 2764 qui
2934 2711 3033 2748 non
3064 2697 3252 2762 uident,
3286 2708 3334 2752 et
3361 2699 3571 2755 credunt
3594 2705 3615 2735 ⁸
3649 2703 3830 2775 (Joan.

2234 2795 2330 2846 xx,
2356 2780 2475 2852 ‘29).
2519 2781 2764 2839 Prtedicti
2809 2801 3016 2840 smnus.
3069 2787 3236 2844 Terra
3280 2791 3368 2845 illa
3412 2803 3598 2848 vocata
3627 2810 3660 2850 a
3701 2798 3834 2854 solis

2232 2881 2354 2926 ortu
2383 2889 2551 2943 usque
2574 2875 2640 2928 ad
2666 2889 2913 2930 occasum
2943 2893 3049 2932 non
3078 2880 3240 2946 videt,
3263 2893 3318 2936 et
3341 2883 3532 2938 credit.
3576 2883 3835 2945 Occultos

2231 2975 2362 3034 ergo
2391 2963 2530 3020 Deus
2556 2963 2801 3033 deorum,
2829 2975 2882 3022 et
2903 2969 2982 3023 eis
3008 2969 3147 3025 inter
3173 2987 3309 3040 quos
3324 2973 3635 3042 ambulavit,
3676 2988 3733 3032 et
3753 2979 3838 3035 eis

2230 3069 2263 3109 ι
2289 3055 2482 3127 quibus
2511 3058 2798 3111 cruciﬁxus
2825 3067 2939 3125 est,
2966 3069 3020 3114 et
3048 3061 3127 3114 eis
3155 3060 3222 3115 ad
3256 3077 3485 3133 quorum
3529 3069 3717 3123 oculos
3745 3087 3831 3126 rc-

2231 3147 2487 3213 surrexit,
2526 3157 2579 3202 et
2626 3149 2780 3203 nobis
2819 3150 2908 3218 qui
2954 3152 3221 3208 credimus
3265 3155 3320 3208 in
3362 3158 3501 3212 caelo
3527 3160 3831 3229 sedentem,

2231 3254 2392 3308 quem
2414 3255 2520 3293 non
2552 3239 2784 3295 vidimus
2809 3239 2862 3294 in
2897 3251 3036 3296 terra
3063 3244 3448 3302 ambulantem.
3480 3247 3587 3305 Sed
3617 3253 3723 3306 etsi
3748 3255 3832 3309 vi-

2230 3327 2501 3392 deremus,
2531 3346 2711 3386 nonne
2746 3331 2848 3386 hoc
2885 3335 3188 3390 videremus
3208 3339 3350 3408 quod
3382 3338 3556 3396 Judaei
3583 3343 3834 3401 viderunt

2230 3428 2288 3475 et
2310 3421 2727 3477 cruciﬁxerunt?
2750 3422 2873 3478 Plus
2895 3435 2974 3480 est
2992 3425 3133 3496 quod
3165 3443 3270 3482 non
3295 3428 3543 3496 videntes
3557 3431 3829 3492 Christum

2230 3512 2501 3567 credimus
2532 3514 2902 3584 Deutn,quatn
2933 3518 3074 3586 quod
3108 3519 3181 3573 illi
3214 3520 3455 3577 videntes
3479 3527 3700 3584 nonnisi
3729 3527 3830 3584 In-

2233 3603 2431 3657 minem
2477 3610 2814 3674 putaverunt.
2849 3607 2927 3660 Illi
2956 3607 3187 3679 denique
3226 3614 3365 3668 male
3402 3617 3639 3684 putando
3681 3635 3831 3678 tuor-

2233 3696 2588 3759 titicaveruut,
2614 3711 2712 3750 nos
2739 3699 2875 3752 bene
2902 3701 3172 3756 credendo
3192 3703 3543 3764 viviﬁcamur.

2304 3786 2358 3842 6.
2391 3785 2542 3858 hers.
2584 3786 2664 3860 3.]
2693 3787 2830 3856 Quid
2856 3805 3007 3859 ergo,
3037 3790 3263 3848 fratres?
3289 3796 3380 3851 Ille
3415 3797 3555 3854 Deus
3580 3799 3826 3867 deorum.

2231 3888 2288 3932 et
2310 3887 2434 3932 tunc
2462 3879 2726 3945 occultus,
2757 3891 2812 3934 et
2852 3881 3012 3936 modo
3037 3884 3298 3950 occultus,
3331 3890 3586 3959 nuntquid
3617 3906 3832 3965 semper

2231 3971 2508 4026 occultas?
2543 3971 2659 4026 Noo
2689 3971 2846 4042 plane
2876 3992 2889 4027 :
2918 3973 3041 4029 audi
3077 3980 3353 4046 sequentia
3384 3997 3400 4034 :
3431 3980 3567 4037 Deus
3613 3991 3827 4061 "turrife-

2230 4074 2338 4117 stus
2365 4063 2544 4116 ueniet.
2587 4064 2685 4129 Qui
2737 4066 2881 4119 venit
2923 4068 3193 4135 occultus,
3239 4071 3418 4127 veniet
3461 4075 3825 4139 manifestus:

2234 4159 2380 4211 venit
2406 4158 2644 4211 OCCttitUs
2669 4157 3013 4227 judicandus,
3043 4161 3222 4217 veniet
3265 4157 3582 4222 manifestus
3615 4169 3829 4240 ludica‘

2233 4256 2415 4313 turus;
2493 4249 2639 4303 venit
2720 4251 2959 4304 occultus
3018 4260 3078 4306 ut
3138 4265 3264 4309 ante
3329 4254 3567 4325 judicent
3619 4269 3825 4331 staret,

2231 4342 2412 4396 veniet
2464 4340 2777 4395 manifestus
2835 4351 2892 4394 ut
2935 4342 3094 4396 etiam
3145 4345 3215 4400 de
3262 4345 3529 4414 indicibus
3578 4349 3825 4420 iudicet:

2244 4431 2416 4487 Veniet
2463 4433 2762 4504 manifestus
2804 4443 2849 4486 rt
2903 4451 3003 4488 non
3043 4436 3226 4494 silebit.
3267 4438 3410 4503 Quid
3434 4443 3633 4501 enim?
3665 4449 3830 4503 modo

2232 4526 2393 4580 silet?
2435 4525 2500 4580 Et
2541 4525 2684 4580 unde
2732 4537 2850 4579 sunt
2901 4543 3021 4597 qua:
3068 4529 3340 4586 dicimus?
3369 4533 3510 4589 unde
3555 4536 3659 4592 ista
3687 4553 3825 4609 pra:-

2230 4619 2418 4688 cepta?
2454 4617 2595 4673 unde
2649 4619 2747 4671 ista
2789 4620 3028 4673 monita?
3071 4620 3212 4675 unde
3260 4623 3357 4677 ista
3392 4626 3517 4680 tuba
3567 4632 3829 4688 terroris?

2230 4710 2346 4767 Non
2373 4711 2516 4776 silet,
2547 4720 2604 4765 et
2629 4712 2749 4765 silet
2778 4729 2790 4764 :
2819 4728 2922 4765 non
2950 4713 3077 4768 silet
3116 4728 3147 4767 a
3177 4716 3468 4784 monendo,
3501 4719 3624 4775 silet
3647 4738 3680 4777 a
3713 4726 3829 4778 vin-

2229 4801 2490 4866 dicando;
2525 4819 2631 4856 non
2664 4801 2790 4855 silet
2827 4819 2855 4854 a
2903 4817 3194 4873 praecepto,
3221 4807 3344 4861 silet
3370 4823 3401 4861 s
3422 4807 3644 4878 judicio.
3679 4813 3829 4870 Pati-

2230 4902 2318 4946 tur
2345 4893 2487 4946 eniut
2513 4900 2820 4960 peccatores
2863 4893 3099 4961 quotidie
3141 4894 3279 4949 mala
3325 4894 3622 4964 facientes,
3663 4901 3826 4970 l‘eunt

2230 4999 2336 5040 non
2368 4994 2638 5050 curantes,
2686 5000 2793 5038 non
2839 4984 2888 5036 in
2930 4985 3254 5042 conscientia
3295 5001 3412 5055 sua,
3444 5006 3549 5047 non
3582 4993 3636 5067 in
3662 4998 3824 5059 caelo,

2232 5094 2336 5132 non
2365 5078 2416 5133 in
2441 5085 2583 5132 terra
2610 5095 2624 5130 :
2651 5092 2756 5130 non
2775 5093 2896 5131 cum
2926 5079 3221 5135 lateuthtec
3248 5082 3450 5151 omnia,
3470 5092 3528 5140 et
3552 5087 3812 5144 univem-

2234 5162 2368 5228 liter.
2384 5186 2574 5226 omnes
2621 5171 2975 5236 admonet,et
2999 5173 3213 5242 quando
3255 5174 3466 5246 aliquos
3492 5177 3730 5249 ﬂagellat
3773 5185 3824 5236 in

2235 5273 2401 5325 terra,
2433 5261 2727 5317 admonitio
2752 5271 2853 5327 est,
2877 5264 3111 5318 nondum
3141 5264 3435 5321 damnatio.
3460 5266 3597 5325 Silet
3638 5286 3768 5342 ergo
3795 5290 3825 5326 ε

2228 5353 2450 5422 judicio,
2476 5351 2718 5406 occultus
2750 5352 2801 5406 in
2842 5355 2981 5408 coelo
3029 5365 3134 5419 est,
3175 5356 3352 5414 adhuc
3398 5359 3701 5430 interpellat
3733 5381 3826 5432 pro

2233 5445 2390 5501 nobis
2421 5462 2434 5496 :
2464 5445 2670 5513 patiens
2699 5454 2783 5498 est
2824 5461 2989 5513 super
3019 5455 3326 5514 peccatores
3345 5489 3363 5516 ,
3409 5465 3517 5505 non
3562 5465 3823 5515 exercens

2233 5538 2389 5598 iram,
2417 5536 2510 5591 sed
2538 5548 2855 5604 exspectans
2904 5539 3290 5604 paenitentiam.
3340 5541 3476 5597 Dicit
3517 5542 3624 5598 alio
3661 5545 3820 5602 loco:

2297 5651 2314 5681 ι
2351 5649 2487 5706 add,
2511 5649 2618 5712 fuit.
2647 5656 2700 5699 At
2716 5661 2891 5699 omnes
2923 5657 3050 5708 Mss,
3071 5650 3216 5714 fecit;
3240 5665 3335 5703 nec
3357 5652 3512 5714 male,
3538 5668 3629 5719 pro
3665 5661 3823 5708 trans-

2229 5724 2500 5842 ’ωας
2515 5770 2647 5842 (πριιρὶ
2674 5771 2767 5842 qui
2789 5785 2880 5842 non
2922 5773 3146 5826 ridet-unt
3166 5780 3212 5826 et
3251 5774 3586 5830 crediderunt.
3614 5785 3669 5832 At
3699 5786 3827 5842 ωσι..

2231 5840 2263 5893 4]
2277 5835 2318 5883 'vi
2341 5847 2433 5883 non
2459 5836 2616 5888 rident
2638 5841 2682 5884 et
2699 5835 2919 5885 credunt.
