3968 6338
235 390 341 453 569

235 507 418 576 Tacui,
445 513 694 582 numquid
705 532 902 588 semper
918 516 1089 572 tacebo
1108 516 1266 588 (Issi.
1289 533 1421 585 χιιι,
1452 519 1580 589 it)?
1606 520 1832 585 Quando

232 619 362 676 ergo
391 622 499 663 non
525 610 741 672 tacebit,
787 610 926 667 Deus
966 613 1263 685 manifestus
1295 612 1471 667 veniet.
1497 612 1626 678 Quis
1655 612 1835 667 Deus?

236 695 374 752 Deus
403 712 590 753 noster.
613 701 680 755 Et
707 701 821 770 ipse
850 702 1014 761 Deus.
1044 703 1134 774 qui
1165 705 1304 759 Deus
1331 712 1541 758 noster:
1561 719 1665 758 non
1689 705 1831 757 enim

234 789 378 844 Deus
406 799 506 856 est,
540 794 630 860 qui
664 810 770 849 non
797 809 881 850 εει
909 805 1096 851 noster
1123 796 1282 851 Deus.
1317 797 1554 850 Diienim
1578 795 1830 851 Gentium

229 880 497 937 da'monia
522 901 536 936 :
571 883 710 940 Deus
733 886 1182 956 Christianorum,
1203 904 1367 944 verus
1413 889 1570 944 Deus.
1599 889 1715 959 lpse
1736 905 1828 944 ve-

229 973 363 1039 niet,
397 974 490 1028 sed
514 975 853 1041 manifestus,
886 994 993 1033 non
1022 979 1198 1035 adhuc
1241 978 1566 1041 illudendus.
1602 997 1705 1034 non
1736 981 1832 1034 ad-

229 1059 341 1119 liue
369 1065 732 1136 exelapandus
762 1080 816 1123 et
837 1068 1220 1138 ﬂagellandus;
1249 1072 1448 1138 veniet,
1481 1071 1577 1126 scd
1608 1071 1830 1126 manife-

227 1163 369 1221 stus,
400 1171 504 1212 non
543 1157 719 1214 adhuc
745 1161 951 1215 calamo
989 1161 1042 1217 in
1080 1165 1254 1232 capite
1283 1162 1678 1233 pereutiendus.
1721 1178 1828 1216 non

225 1250 409 1306 adhuc
437 1255 862 1325 cruciﬁgendus,
908 1257 1256 1324 occidendus,
1305 1258 1677 1328 sepeliendus:
1705 1257 1826 1326 quia

228 1342 350 1398 iure
377 1347 554 1399 otnnia
594 1348 837 1403 occultus
869 1349 1011 1405 Deus
1038 1351 1144 1420 pati
1171 1350 1360 1406 voluit.
1415 1349 1584 1405 Veniet
1613 1351 1827 1418 manife—

223 1444 360 1495 stus,
388 1446 438 1489 et
457 1454 559 1492 non
578 1438 758 1495 silebit.

189 1501 203 1513 ’
301 1527 356 1585 7.
395 1527 529 1596 Quia
562 1544 690 1585 vero
717 1530 1061 1600 adjudicium
1082 1533 1283 1600 veniet,
1305 1535 1585 1603 sequentia
1605 1531 1818 1586 docent.

225 1617 374 1688 Ignis
399 1629 525 1674 ante
572 1635 695 1675 eum
729 1622 976 1694 prmibit(
1011 1621 1159 1678 Psat.
1190 1639 1340 1687 xcvr,
1364 1625 1399 1680 5
1427 1624 1466 1695 ).
1505 1623 1824 1678 Timemus‘i

222 1708 516 1777 "utemur,
560 1719 619 1767 et
661 1728 769 1768 non
807 1713 1136 1772 timebimus.
1184 1714 1365 1786 ignem
1409 1715 1559 1785 palea
1593 1716 1777 1768 timeat
1803 1731 1822 1769 τ

218 1818 363 1858 auro
410 1803 539 1875 quid
589 1804 749 1860 facit?
779 1804 875 1862 Est
898 1816 1081 1863 autem
1121 1823 1265 1864 nunc
1312 1808 1365 1862 in
1398 1815 1662 1878 potestate
1693 1805 1821 1879 quid

218 1893 414 1962 facias,
442 1913 510 1952 ne
540 1896 667 1953 illud
697 1898 838 1968 quod
863 1906 918 1954 et
937 1908 992 1956 te
1008 1899 1224 1956 nolente
1250 1908 1536 1955 venturum
1563 1909 1681 1964 est,
1712 1915 1818 1953 non

217 1993 504 2042 correctus
533 1988 847 2057 experiaris.
876 1990 930 2045 Si
959 1989 1104 2045 enim
1149 2006 1432 2062 possemus
1475 1991 1676 2055 facere,
1707 1991 1819 2045 fra-

218 2088 361 2144 tres,
390 2089 448 2134 ut
476 2080 594 2135 dies
613 2077 801 2151 judicii
829 2096 937 2136 non
967 2082 1215 2148 veniret,
1256 2093 1388 2153 puto
1417 2086 1543 2156 quia
1596 2098 1698 2138 nec
1739 2083 1819 2138 sic

215 2180 341 2227 erat
365 2172 505 2228 male
528 2174 834 2231 vivendum.
881 2176 938 2231 Si
969 2192 1075 2231 non
1101 2177 1308 2233 veniret
1338 2177 1476 2249 ignis
1498 2178 1586 2233 die
1605 2176 1814 2247 iudicii,

213 2272 278 2320 et
301 2263 416 2320 sola
445 2264 820 2334 peccatoribus
846 2265 1151 2324 immineret
1174 2269 1442 2339 separatio
1461 2283 1492 2327 a
1532 2267 1670 2324 facie
1695 2268 1815 2335 Dei,

214 2357 274 2411 in
316 2358 556 2428 qualibet
582 2365 765 2414 essent
787 2359 1059 2415 aflluentia
1095 2359 1409 2417 deliciarum
1435 2404 1450 2424 ,
1483 2379 1586 2415 non
1617 2364 1811 2416 viden-

216 2457 304 2503 tes
325 2463 356 2502 a
382 2463 489 2520 quo
534 2451 699 2505 creati
741 2460 886 2516 sunt,
919 2461 977 2507 et
1012 2455 1244 2522 separati
1277 2454 1345 2508 ab
1387 2454 1475 2510 illa
1521 2454 1812 2512 dulcedine

212 2537 502 2596 inelfabilis
529 2543 706 2596 vultus
732 2542 870 2612 ejus,
901 2545 953 2599 in
981 2545 1216 2614 qualibet
1240 2546 1542 2602 aeternitate
1556 2556 1612 2603 et
1639 2548 1814 2618 impu-

210 2629 383 2684 nitate
412 2632 636 2700 peccati,
656 2632 909 2702 plangere
928 2650 987 2690 se
1007 2634 1283 2693 deberent.
1314 2635 1421 2694 Sed
1442 2639 1570 2710 quid
1601 2640 1809 2712 loquar,

208 2734 307 2779 aut
357 2725 550 2795 quibus
587 2725 814 2797 loquar?
844 2727 968 2784 llaec
1008 2730 1314 2786 amantibus
1361 2747 1519 2809 pcena
1546 2741 1667 2800 est,
1700 2750 1808 2789 non

206 2819 701 2875 contemnentibus.
731 2820 829 2887 Qui
861 2821 1198 2878 dulcedinem
1219 2823 1498 2894 sapientia:
1525 2834 1584 2881 ct
1607 2827 1806 2882 verita-

208 2908 284 2964 tis
308 2919 595 2979 utcumque
623 2912 825 2967 sentire
855 2923 1158 2982 cmperunt,
1188 2926 1454 2970 noverunt
1491 2918 1633 2988 quod
1661 2919 1805 2988 dico,

205 3008 410 3068 quanta
444 3013 599 3070 pruna
645 3001 714 3056 sit
753 3005 1121 3060 tantummodo
1148 3021 1179 3060 a
1219 3005 1355 3062 facie
1386 3005 1484 3064 Dei
1522 3010 1759 3079 separari
1788 3029 1802 3064 :

205 3093 302 3164 qui
328 3099 506 3146 autem
537 3093 681 3148 illam
707 3093 1049 3150 dulcedinem
1074 3110 1179 3152 non
1200 3106 1570 3167 gustavernnt.
1597 3101 1644 3156 si
1667 3117 1806 3157 non-

206 3184 341 3240 dum
367 3183 678 3240 desiderant
701 3186 796 3243 Dei
818 3186 1030 3255 faciem,
1058 3188 1281 3245 timeant
1310 3192 1395 3248 vel
1437 3191 1612 3265 ignem
1632 3212 1649 3260 ;
1671 3211 1797 3262 snp-

204 3275 368 3346 plicia
391 3284 628 3333 terreant
651 3293 810 3350 quem
853 3280 1068 3350 praemia
1122 3297 1226 3336 non
1276 3281 1520 3340 invitant.
1553 3284 1670 3342 Vile
1708 3289 1802 3345 tibi

205 3377 296 3424 est
322 3366 466 3437 quod
495 3369 635 3424 Dens
662 3369 960 3438 pollicetur,
992 3375 1348 3430 contremisce
1371 3376 1512 3446 quod
1544 3380 1794 3436 minatur.

205 3458 402 3514 Veniet
424 3459 654 3516 dulcedo
693 3463 1024 3530 praesentiae;
1053 3481 1156 3518 non
1195 3467 1439 3534 mutaris,
1467 3484 1573 3524 non
1603 3473 1802 3526 excita-

200 3550 302 3615 ris,
331 3565 436 3605 non
464 3551 723 3622 suspiras,
756 3568 862 3608 non
883 3554 1160 3611 desideras
1193 3575 1207 3612 :
1235 3558 1558 3628 amplexaris
1585 3573 1799 3630 peccata

201 3655 294 3698 tua
329 3653 388 3699 et
422 3643 642 3700 delicias
678 3646 857 3701 carnis
886 3654 1010 3713 tuae,
1041 3648 1291 3718 stipulam
1323 3650 1389 3704 ad
1437 3661 1489 3708 te
1529 3656 1796 3726 congeris,

200 3735 387 3793 veniet
413 3737 568 3808 ignis.
613 3736 758 3810 Ignis
785 3740 839 3793 in
867 3752 1138 3809 conspectu
1161 3742 1275 3813 ejus
1299 3745 1515 3800 ardebit.
1557 3747 1672 3809 Non
1698 3751 1802 3805 erit

200 3827 307 3884 iste
336 3828 478 3898 ignis
504 3829 642 3884 sicut
669 3829 818 3886 focus
846 3841 1002 3898 tuus;
1029 3849 1135 3902 quo
1157 3843 1334 3889 tamen
1365 3837 1410 3890 si
1433 3852 1648 3892 manum
1678 3842 1802 3894 mit-

200 3929 322 3976 tere
364 3922 594 3991 cogaris,
623 3921 786 3978 facies
810 3922 1067 3993 quidquid
1097 3925 1324 3981 voluerit
1358 3927 1451 3997 qui
1487 3928 1591 3986 hoc
1629 3933 1800 3989 mina-

200 4021 310 4068 tur.
362 4013 418 4068 Si
460 4013 555 4068 tibi
601 4013 769 4080 dicat,
820 4013 1010 4070 Scribe
1037 4027 1221 4072 contra
1268 4028 1427 4088 caput
1481 4021 1645 4090 patris
1701 4024 1795 4094 tui,

197 4104 377 4160 scribe
401 4113 588 4160 contra
616 4106 788 4176 capita
814 4106 1045 4161 ﬁliorum
1078 4118 1324 4176 tuorum;
1358 4127 1479 4166 nam
1507 4113 1550 4168 si
1591 4131 1698 4171 non
1721 4115 1801 4173 fe-

195 4195 364 4258 ceris,
397 4210 616 4250 manum
648 4208 793 4250 tuam
840 4197 995 4252 mitto
1025 4199 1076 4252 in
1104 4197 1278 4254 locum
1315 4211 1458 4256 tuum
1487 4217 1500 4257 :
1533 4203 1698 4261 facies
1731 4226 1798 4264 ne

193 4285 386 4341 ardeat
412 4301 598 4342 manus
629 4295 751 4354 tua,
788 4304 858 4344 ne
895 4288 1080 4344 ardeat
1125 4290 1188 4345 ad
1231 4301 1443 4363 tempus
1491 4299 1792 4354 membrum

195 4387 349 4434 tuum
376 4419 393 4444 ,
434 4396 539 4433 non
572 4394 786 4448 semper
813 4381 865 4436 in
893 4381 1079 4437 dolore
1107 4381 1362 4440 futurum.
1409 4387 1639 4444 Minatur
1663 4407 1795 4462 ergo

196 4471 451 4526 inimicus
479 4481 584 4526 tam
617 4472 742 4527 leve
768 4474 999 4538 malum,
1029 4485 1085 4529 et
1113 4474 1243 4530 facis
1275 4478 1477 4534 malum
1509 4496 1524 4533 :
1559 4482 1795 4540 minatur

197 4561 343 4617 Deus
364 4571 624 4617 :eternum
666 4563 888 4626 malum.
921 4574 976 4622 et
1000 4582 1106 4621 non
1139 4568 1271 4623 facis
1298 4570 1530 4629 bonum!
1557 4573 1641 4629 Ad
1672 4591 1791 4630 ma-

195 4655 311 4712 lum
342 4654 643 4711 faciendum
671 4672 772 4713 nec
813 4660 972 4712 mina:
1007 4671 1059 4714 te
1073 4660 1398 4731 compellere
1424 4663 1684 4722 deberent
1713 4685 1729 4721 :
1757 4684 1791 4724 a

189 4749 338 4805 bono
379 4747 624 4806 faciendo
661 4765 761 4804 nec
802 4750 961 4804 minae
991 4758 1044 4807 te
1071 4751 1347 4808 deterrere
1381 4755 1657 4812 deberent.
1689 4758 1790 4844 bli-

187 4843 280 4899 nis
299 4852 478 4898 autem
509 4841 628 4908 Dei,
661 4841 821 4897 minis
849 4845 1034 4898 aeterni
1063 4845 1198 4915 ignis
1229 4845 1530 4915 prohiberis
1567 4865 1596 4903 a
1625 4841 1786 4915 malo,

187 4916 438 4991 invitaris
463 4935 531 4990 ad
554 4936 771 4991 bonum.
803 4934 954 4991 Unde
970 4937 1132 5009 piget,
1157 4938 1259 4992 nisi
1287 4939 1409 5009 quia
1436 4956 1541 4994 non
1575 4941 1788 4997 credis?

190 5028 444 5085 Excutiat
467 5042 596 5098 ergo
624 5029 994 5098 unusquisque
1037 5042 1133 5084 cor
1155 5044 1334 5096 suum,
1371 5039 1428 5085 et
1462 5030 1639 5086 videat
1659 5035 1784 5104 quid

182 5117 262 5176 ibi
290 5119 424 5175 ﬁdes
447 5126 630 5174 teneat
657 5119 698 5172 ¹.
719 5117 774 5174 Si
791 5117 1062 5174 credimus
1092 5120 1328 5176 futurum
1354 5121 1614 5191 judicium
1632 5165 1649 5192 ,
1676 5123 1786 5180 fra-

184 5223 324 5278 tres,
350 5211 489 5266 bene
517 5211 780 5266 vivamus.
811 5209 1046 5280 Tempus
1073 5211 1458 5268 misericordia:
1491 5230 1633 5270 nunc
1675 5226 1780 5279 est,

185 5315 405 5373 tempus
425 5301 611 5372 judicii
636 5311 764 5356 tunc
795 5300 920 5357 erit.
971 5300 1140 5358 Nemo
1168 5302 1328 5358 dicet.
1361 5301 1573 5359 Revoca
1601 5321 1689 5361 me
1714 5307 1780 5361 ad

183 5401 399 5470 priores
418 5411 606 5451 annos.
641 5395 926 5453 Ptenitebit
945 5407 999 5452 et
1024 5404 1172 5464 tunc,
1199 5396 1293 5453 sed
1323 5398 1519 5456 frustra
1553 5403 1778 5471 poenite-

178 5493 265 5549 bit
322 5506 337 5544 :
385 5485 552 5543 modo
592 5486 870 5557 pmniteat,
924 5501 1047 5544 cum
1087 5485 1294 5542 fructus
1323 5499 1407 5544 est
1451 5491 1776 5560 pmnitendi;

171 5577 343 5640 modo
378 5577 700 5636 adhibeatur
747 5578 815 5634 ad
841 5577 1048 5635 radices
1095 5579 1307 5635 arboris
1343 5580 1608 5651 cophinus
1631 5594 1776 5638 ster-

175 5664 362 5732 coris,
403 5671 583 5728 cordis
616 5673 790 5728 luctus
833 5680 890 5728 et
933 5669 1314 5744 lacrymarum,
1356 5688 1426 5730 ne
1463 5673 1690 5730 veniat’
1720 5687 1776 5732 et

244 5784 267 5852 ξ
303 5783 398 5852 [³⁵8³3
412 5782 619 5848 δειλίαι»
632 5787 758 5852 φιίά
775 5787 843 5838 ibi
862 5786 983 5852 ﬁdei
997 5791 1139 5852 tces:-

242 5846 268 5880 ι
299 5843 434 5901 ωας.
448 5853 513 5893 »ιο
532 5843 692 5902 satiat
706 5843 874 5904 tentus
889 5848 1177 5903 eteradieet.
1204 5849 1350 5902 Abest
1372 5853 1534 5902 uentus
1554 5863 1583 5903 a
1603 5859 1706 5904 uss.

1329 394 1722 452 ENARB.\TIO
1763 398 1827 453 ΙΝ
1871 398 2189 461 PSALMUM
2232 405 2415 464 XLlX.

3437 429 3542 486 5το

1940 522 2178 580 eradicet
2208 527 2227 596 (
2258 526 2382 582 Luc.
2412 546 2527 598 xm,
2558 532 2591 590 8
2617 533 2656 606 ).
2698 537 2831 597 Cum
2857 545 3000 601 enim
3024 545 3403 622 cradit‘avcrit,
3427 555 3540 624 jam

1941 613 2080 685 ignis
2103 631 2463 687 exspectatur.
2497 623 2650 684 Modo
2680 633 2780 688 etsi
2808 632 2958 692 fracti
2985 651 3110 695 sunt
3137 645 3293 706 rami.
3315 613 3538 716 possunt

1939 718 2127 762 rursus
2158 710 2359 767 inseri:
2392 726 2518 770 tunc
2561 724 2739 776 omnis
2763 724 2925 780 arbor
2949 745 3069 795 qua:
3108 748 3214 787 non
3263 735 3387 792 facit
3429 737 3539 793 fni.

1939 805 2082 852 ctum
2113 799 2332 868 bonum,
2358 805 2655 876 excidetur,
2680 822 2736 867 et
2766 813 2816 868 in
2848 816 3021 886 ignem
3052 821 3292 880 mittetur
3317 825 3536 895 (Matth.

1937 901 2018 950 nt.
2050 884 2198 956 10).!
2205 895 2317 963 guis
2337 897 2388 949 in
2413 915 2680 969 conspectu
2708 906 2819 977 ejus
2843 884 3062 967 ardebit.

2008 981 2061 1037 8.
2099 981 2163 1037 Et
2184 986 2237 1039 in
2265 988 2481 1044 circuitu
2508 994 2617 1064 ejus
2656 1007 2924 1069 tempestas
2949 1007 3140 1062 ualida.
3175 1009 3357 1066 Valida
3393 1026 3530 1070 tctu-

1938 1080 2136 1138 pestas,
2179 1080 2497 1136 ventilatura
2529 1093 2635 1141 tam
2679 1105 2922 1159 magnam
2953 1111 3156 1154 arcam.
3188 1097 3296 1157 llac
3327 1114 3534 1175 tempe-

1934 1172 2072 1219 state
2114 1166 2216 1220 erit
2263 1170 2349 1224 illa
2402 1177 2697 1242 ventilatio,
2749 1198 2850 1252 qua
2894 1192 3230 1252 separabitnr
3259 1211 3286 1245 a
3333 1198 3534 1256 sanctis

1935 1271 2093 1311 cuine
2131 1259 2485 1330 immundum,
2517 1284 2546 1320 a
2576 1270 2821 1327 fidelibus
2848 1278 3022 1333 omnis
3051 1281 3344 1352 simulatio,
3374 1304 3401 1340 a
3433 1291 3534 1357 piis

1933 1355 1986 1400 et
2016 1352 2364 1405 trementibus
2392 1359 2612 1412 Verbum
2662 1362 2750 1417 Dei
2778 1367 2952 1421 omnis
2984 1381 3322 1443 Contemptor
3350 1393 3398 1432 et
3433 1396 3526 1434 stt-

1934 1442 2148 1509 perbus.
2182 1446 2337 1502 Modo
2380 1452 2523 1504 enim
2573 1455 2799 1511 mixtura
2846 1461 3093 1529 qumdam
3131 1442 3276 1535 jacet
3320 1487 3350 1525 a
3402 1475 3532 1530 solis

1929 1541 2048 1585 ortu
2091 1550 2262 1605 usque
2305 1539 2371 1594 ad
2419 1558 2693 1602 oi‘t‘asum.
2740 1547 3032 1609 Videamus
3086 1572 3214 1629 ergo
3255 1570 3529 1629 quomodo

1931 1621 2082 1678 faciet
2126 1628 2214 1696 qui
2261 1640 2517 1689 venturus
2559 1646 2666 1704 est,
2704 1646 3023 1709 tempestate
3061 1621 3172 1706 illa.
3188 1621 3315 1720 quid
3358 1621 3529 1712 factm

1927 1728 2040 1780 rus,
2066 1731 2185 1785 qum
2211 1719 2314 1774 erit
2341 1722 2394 1776 in
2420 1721 2632 1780 circuitu
2655 1729 2765 1798 ejus
2803 1741 3071 1803 tempestas
3109 1739 3299 1798 ualida.
3330 1744 3526 1818 Procn,

1926 1804 2088 1862 dubio
2115 1809 2212 1865 ista
2239 1821 2527 1886 tempestas
2566 1821 2856 1890 quamdam
2894 1829 3292 1897 separationem
3319 1804 3525 1893 factura;

1924 1909 2028 1959 est.
2055 1901 2157 1957 ista
2181 1915 2267 1959 est
2295 1907 2381 1962 illa
2413 1913 2702 1979 separatio,
2735 1930 2894 1984 quam
2942 1935 3049 1976 non
3074 1936 3526 1994 exspectaverunt

1923 1993 2013 2062 qui
2060 2007 2345 2065 antequam
2389 2002 2457 2054 ad
2501 2002 2649 2060 littus
2689 2007 2956 2075 venirent,
3003 2015 3137 2070 retia
3178 2016 3525 2091 disrnpemnt

1924 2083 2078 2149 (Luc.
2109 2103 2164 2150 v,
2192 2088 2272 2160 6).
2299 2090 2355 2146 ιη
2384 2092 2472 2148 illa
2497 2111 2626 2149 vero
2663 2101 3001 2166 separatione
3029 2103 3090 2160 lit
3131 2083 3376 2179 quaedam
3403 2130 3522 2170 ma-

1922 2175 2094 2231 lorum
2123 2189 2180 2235 et
2203 2181 2466 2238 bonormn
2497 2184 2789 2244 distinctio.
2822 2192 2925 2246 Alii
2952 2203 3077 2252 sunt
3118 2175 3260 2255 enim
3287 2217 3522 2273 sequen-

1924 2273 2003 2321 tes
2044 2286 2184 2326 nune
2222 2270 2514 2338 Christum,
2547 2281 2813 2347 expeditis
2861 2283 3102 2342 humeris
3147 2293 3264 2347 sine
3307 2270 3518 2354 sarcina

1919 2373 2168 2416 curarum
2206 2367 2563 2428 smctilaritttn.
2609 2374 2700 2439 qui
2746 2391 2850 2429 non
2883 2376 3080 2435 frustra
3125 2386 3424 2456 audierunt,
3457 2391 3519 2446 Si

1919 2452 1994 2505 vis
2023 2469 2128 2506 esse
2158 2457 2424 2526 perfectus.
2453 2462 2598 2528 unde,
2628 2465 2785 2519 vende
2807 2469 2979 2522 oumia
3006 2488 3120 2540 quae
3159 2477 3332 2544 babes,
3373 2452 3422 2535 et
3447 2484 3518 2538 de

1916 2543 2244 2613 pauperibus,
2273 2557 2321 2602 et
2349 2550 2552 2604 habebis
2600 2557 2893 2611 thesaurum
2917 2559 2971 2611 in
3013 2561 3160 2630 εωιο,
3197 2576 3244 2619 et
3270 2543 3402 2636 veni,
3431 2590 3515 2627 se-

1913 2653 2067 2706 quere
2090 2654 2171 2693 me
2193 2655 2214 2694 :
2237 2642 2481 2711 qualibus
2518 2645 2736 2714 dicitur,
2775 2648 3026 2708 Sedebitis
3068 2672 3220 2726 super
3246 2660 3515 2721 duodecim

1912 2728 2074 2792 sedes,
2092 2731 2384 2798 judicantes
2426 2735 2690 2793 duodecim
2731 2741 2890 2796 tribus
2933 2741 3102 2801 Israel
3136 2746 3354 2817 (Matth.
3398 2770 3511 2820 lix,

1912 2819 2005 2886 2i,
2029 2821 2146 2892 28).
2176 2824 2281 2880 Alii
2309 2842 2437 2898 ergo
2465 2839 2623 2884 erunt
2643 2830 2947 2899 iudicantes
2975 2851 3097 2891 cum
3130 2839 3392 2899 Domino:
3419 2819 3512 2903 alii

1913 2927 2046 2969 vero
2077 2915 2373 2984 judicandi.
2404 2919 2502 2975 sed
2541 2922 2607 2976 ad
2633 2921 2911 2979 dexteram
2945 2929 3202 2996 ponendi.
3227 2931 3358 2989 Nam
3387 2940 3509 3008 quia

1909 3017 2071 3062 erunt
2089 3009 2304 3076 quidam
2323 3009 2628 3079 iudicantes
2649 3031 2771 3071 cum
2799 3018 3046 3087 Domino,
3080 3022 3340 3082 habemus
3364 3045 3511 3100 aper-

1911 3098 2175 3155 tiSsimum
2236 3103 2600 3160 testimonium
2643 3108 2788 3177 quod
2838 3111 2998 3166 modo
3045 3121 3506 3176 commemoravi:

1910 3189 2164 3246 Sedebitis
2202 3208 2356 3263 super
2402 3194 2672 3250 duodecim
2714 3198 2876 3265 sedes,
2910 3201 3206 3271 judicantes
3243 3206 3508 3266 duodecim

1907 3280 2068 3334 tribus
2098 3280 2287 3340 Israel.

1979 3372 2031 3425 9.
2062 3371 2166 3427 Sed
2196 3372 2327 3428 dicit
2365 3374 2558 3445 aliquis
2590 3395 2603 3432 :
2633 3377 2914 3436 duodecim
2960 3383 3068 3439 illic
3096 3385 3337 3454 Apostoli
3364 3406 3500 3448 oon-

1906 3462 2188 3530 sedebunt,
2218 3481 2322 3520 non
2351 3468 2599 3537 amplius.
2632 3469 2728 3527 Ubi
2770 3487 2900 3544 ergo
2928 3477 3032 3530 erit
3059 3482 3334 3547 apostolus
3359 3484 3503 3540 Pau-

1904 3551 2027 3606 lus?
2056 3552 2321 3625 Numquid
2351 3556 2474 3612 inde
2499 3571 2778 3627 separatus
2803 3564 2905 3618 erit
2927 3565 2950 3618 1
2981 3567 3134 3623 Absit
3153 3578 3215 3624 ut
3238 3572 3338 3627 hoc
3363 3573 3505 3630 diua.

1903 3659 2044 3707 mus.
2075 3643 2215 3700 absit
2242 3656 2301 3701 ut
2329 3648 2430 3703 hoc
2458 3648 2542 3705 vel
2574 3651 2734 3706 tacite
2759 3655 3079 3722 cogitemus.
3123 3661 3262 3728 Quid
3300 3663 3345 3718 si
3375 3681 3506 3738 ergo

1904 3733 1958 3793 in
2002 3737 2125 3792 loco
2149 3737 2302 3792 Iudas
2343 3739 2458 3809 ipse
2498 3741 2789 3801 residebiti
2816 3745 2926 3803 Sed
2968 3752 3328 3812 manifestat/it
3354 3733 3504 3814 Scri-

1905 3835 2059 3896 ptura
2087 3828 2286 3892 divina,
2317 3831 2437 3899 quis
2479 3831 2532 3887 in
2574 3831 2727 3889 Iudae
2775 3836 2895 3894 loco
2925 3840 2994 3893 sit
3017 3842 3298 3902 ordinatus
3324 3865 3339 3904 :
3367 3850 3504 3906 Mat-

1906 3920 2044 3975 tliias
2069 3922 2212 3976 enim
2238 3931 2323 3977 est
2347 3939 2600 3994 expresse
2625 3930 2927 3986 nominatus
2954 3933 3006 3988 in
3027 3935 3252 3995 Actibus
3276 3941 3504 4012 Aposto.

1905 4010 2099 4078 lorum,
2132 4021 2189 4067 ut
2227 4011 2294 4069 de
2323 4014 2417 4068 illo
2440 4015 2684 4073 dubitare
2707 4035 2813 4076 non
2845 4037 3126 4092 possemus
3152 4029 3289 4098 (Act.
3318 4010 3359 4099 ί,
3384 4033 3502 4105 26).

1902 4101 2140 4159 Cadente
2179 4119 2307 4174 ergo
2347 4105 2483 4161 Iuda
2504 4147 2518 4172 ,
2550 4108 2800 4179 impletus
2839 4124 2922 4169 est
2949 4132 3201 4174 numerus
3223 4101 3503 4182 duodena-

1901 4195 2034 4250 rius.
2063 4195 2198 4251 Cum
2220 4213 2356 4266 ergo
2385 4199 2474 4254 ille
2502 4218 2757 4261 numerus
2782 4206 3141 4267 duodenarius
3161 4223 3502 4287 occupaverit

1900 4287 2186 4344 duodecim
2216 4291 2393 4359 sedes,
2427 4310 2531 4347 non
2554 4295 2813 4363 iudicabit
2846 4300 3039 4358 Paulus
3066 4309 3379 4375 apostolus?
3415 4317 3500 4371 An

1899 4377 2038 4434 forte
2058 4390 2208 4436 stans
2231 4382 2533 4451 judicabit?
2563 4386 2679 4442 Non
2709 4387 2778 4444 ita
2806 4402 2888 4446 est
2917 4409 2930 4447 :
2961 4409 3069 4449 non
3096 4397 3251 4455 faciet
3284 4402 3385 4459 hoc
3409 4406 3498 4462 ille

1893 4468 2114 4538 iustitiae
2156 4474 2445 4529 retributor
2477 4495 2489 4530 :
2522 4494 2628 4535 non
2672 4482 2892 4538 omnino
2934 4496 3084 4542 stans
3115 4489 3378 4558 iudicabit
3403 4501 3495 4569 qui

1895 4560 2018 4629 plus
2042 4563 2290 4622 omnibus
2320 4565 2424 4620 illis
2445 4567 2704 4624 laboravit
2730 4571 2772 4644 (ι
2805 4573 2921 4628 σον.
2954 4593 3051 4644 xv,
3086 4581 3194 4651 ιο).
3222 4583 3383 4644 Certe
3409 4560 3493 4646 vel

1897 4650 1998 4706 iste
2027 4667 2165 4707 unus
2189 4657 2464 4724 apostolus
2491 4658 2688 4715 Paulus
2715 4664 2855 4734 cOgit
2885 4681 2984 4722 nos
3010 4650 3318 4741 diligentius
3350 4683 3496 4753 cogi-

1896 4752 2010 4799 tare
2034 4753 2090 4798 et
2117 4749 2457 4814 perscrutari,
2487 4766 2652 4821 quare
2682 4754 2839 4810 dictae
2866 4758 2975 4812 sint
3001 4761 3284 4822 duodecim
3311 4749 3491 4829 sedes.

1895 4833 2200 4891 Invenimus
2225 4837 2366 4892 enim
2393 4849 2450 4896 et
2471 4840 2607 4897 alios
2636 4860 2890 4901 numerus
2919 4848 2974 4903 in
3000 4849 3290 4923 Scripturis
3313 4863 3488 4918 multi.
3526 4899 3531 4903 -

1895 4927 2132 4981 tudinem
2157 4929 2542 4998 signiﬁcantes.
2571 4932 2819 5006 Quinque
2859 4939 3092 5011 virgines
3119 4945 3492 5022 admittuntur,

1891 5016 2125 5088 quinque
2163 5020 2521 5079 excluduntur
2548 5024 2762 5093 (Matth.
2808 5045 2937 5100 xxv,
2983 5033 3072 5100 i0,
3103 5036 3220 5109 £2).
3256 5016 3492 5101 Ubilibet

1891 5107 2127 5180 intelligo
2168 5109 2401 5182 virgines
2429 5131 2443 5168 :
2471 5117 2584 5171 sive
2615 5116 2668 5173 in
2696 5121 2942 5179 castitate
2985 5133 3146 5197 atque
3178 5107 3489 5204 integritate

1888 5203 2085 5267 cordis,
2118 5203 2207 5260 ubi
2255 5205 2417 5261 debet
2444 5209 2594 5280 virgo
2631 5227 2753 5268 esse
2797 5223 2906 5271 tota
2935 5217 3194 5290 Ecclesia,
3234 5225 3320 5280 cui
3348 5225 3487 5283 dici-

1889 5302 1994 5355 tur,
2025 5292 2342 5365 Desponsavi
2364 5314 2451 5352 uos
2474 5302 2562 5354 uni
2602 5303 2730 5370 viro,
2755 5305 3000 5376 virginem
3022 5321 3217 5367 cauam
3254 5317 3487 5373 exhibere

1888 5385 2086 5442 Christo
2112 5386 2177 5459 (ll
2202 5387 2322 5444 Cor.
2363 5405 2444 5455 xt,
2466 5391 2560 5460 2);
2593 5394 2705 5450 sive
2742 5399 2794 5450 in
2823 5396 2908 5453 his
2934 5398 3146 5457 feminis
3175 5421 3294 5475 qute
3321 5408 3481 5464 etiam

1886 5477 2242 5549 integritatem
2269 5482 2443 5536 carnis
2473 5483 2702 5540 dicatam
2734 5486 2934 5544 habent
2960 5490 3071 5547 Deo
3099 5511 3113 5549 ε
3146 5497 3400 5568 numquid
3430 5500 3486 5556 in

1887 5578 1963 5623 tot
1989 5569 2223 5625 millibus
2251 5572 2381 5626 sola:
2406 5574 2640 5646 quinque
2680 5580 2848 5634 sunt?
2873 5579 2979 5637 Sed
3009 5583 3063 5638 in
3105 5585 3351 5655 quinario
3377 5605 3481 5644 nu-

1884 5676 2035 5717 mero
2057 5662 2369 5733 intelligitur
2393 5666 2720 5724 continentia
2740 5671 2976 5743 quinque
2996 5691 3248 5734 sensuum
3273 5685 3476 5738 carnis.

1885 5752 2096 5807 Etenim
2122 5754 2305 5809 multis
2345 5757 2492 5813 venit
2515 5763 2788 5832 corruptio
2815 5780 2910 5834 per
2933 5765 3142 5836 oculos,
3174 5774 3355 5828 amitis
3384 5790 3482 5846 pes

1884 5858 2088 5916 aurem,
2135 5844 2315 5903 multis
2344 5864 2437 5919 per
2466 5849 2704 5908 illicitum
2749 5855 3022 5922 olfactum,
3055 5861 3237 5919 multis
3265 5879 3360 5921 uer
3384 5844 3485 5926 ut
