3968 6322
492 334 585 388 στι

491 448 679 498 furium
710 451 944 510 gustum,
992 436 1171 491 multis
1213 450 1307 503 per
1337 432 1691 486 adulterinum
1734 426 2079 499 amplexum:

488 537 556 589 ab
585 535 666 588 bis
692 533 939 586 omnibus
964 529 1200 596 quinque
1239 526 1415 593 ianuis
1442 522 1801 591 corruptionis
1842 519 2094 589 (μύωπι--

490 640 596 697 que
621 640 681 678 se
706 622 1003 685 continent,
1034 628 1088 675 et
1112 620 1191 673 sic
1216 617 1493 672 enutiucut
1520 624 1575 669 ut
1606 614 1660 667 in
1691 627 1785 665 sua
1811 609 2085 665 conscien-

491 717 565 772 tia
610 715 833 787 gloriam
861 712 1115 777 habeant,
1148 724 1252 763 non
1301 707 1509 761 laudem
1537 705 1606 758 ab
1649 703 1967 767 hominibus
1996 714 2094 753 ex-

494 816 758 875 spectent,
790 804 1027 876 quinque
1069 810 1195 857 sunt
1239 799 1472 866 virgines
1512 795 1801 864 sapientes,
1831 790 2093 846 habentes

497 898 672 952 oleum
698 910 901 949 secum.
931 890 1067 960 Quid
1098 898 1199 954 est,
1229 890 1405 944 oleum
1432 887 1691 941 habentes
1715 898 1898 939 secum
1916 882 1942 935 ‘t
1964 880 2095 937 Glo-

504 988 575 1041 ria
604 994 786 1039 nostra
830 983 948 1038 haec
972 992 1076 1049 est,
1119 981 1480 1037 testimonium
1508 976 1854 1033 conscientiae
1895 980 2094 1027 nostras

505 1076 567 1144 iii
587 1075 702 1130 Cor.
722 1091 759 1139 i,
780 1075 894 1144 12).
916 1075 1117 1127 Rursus
1132 1073 1318 1139 illequi
1332 1071 1471 1141 apud
1487 1067 1688 1123 inferos
1713 1064 2093 1136 torquebatur:

507 1169 703 1231 "abeo,
738 1168 927 1238 inquit,
957 1167 1178 1237 quinque
1204 1168 1386 1237 fratres
1416 1162 1568 1235 (Luc.
1599 1176 1710 1224 xw,
1739 1159 1855 1229 ‘28).
1902 1156 1977 1212 lbi
2010 1155 2093 1209 in-

502 1260 757 1329 telligitur
788 1258 1011 1329 populus
1055 1257 1359 1311 Judaeorum
1404 1254 1504 1308 sub
1545 1253 1662 1334 lege
1694 1250 1894 1321 positus
1929 1264 1943 1299 :
1973 1245 2096 1316 quia
2144 1253 2147 1258 '

502 1348 711 1421 Moyses
760 1348 1031 1417 legislator
1081 1348 1313 1416 qltiuque
1363 1340 1908 1415 libros‘conscripsit.
1967 1337 2096 1390 item

502 1442 759 1497 Dominus
789 1449 911 1511 post
926 1440 1377 1497 resurrectionem
1391 1439 1541 1505 jubet
1568 1434 1705 1490 mitti
1733 1434 1862 1488 retia
1893 1429 2099 1485 iudex-

502 1541 671 1588 teram
705 1540 941 1601 partem,
973 1531 1217 1586 levantur
1257 1530 1429 1599 pisces
1457 1536 1674 1582 centum
1718 1521 2101 1594 quinquaginta

501 1630 632 1676 tres.
660 1621 729 1676 Et
752 1636 874 1677 cum
903 1628 1010 1675 tam
1055 1620 1231 1689 magni
1254 1628 1457 1685 essent,
1487 1618 1562 1670 ait
1584 1614 1934 1685 evangelista,
1964 1609 2099 1665 retia

503 1726 612 1765 non
638 1720 767 1766 sunt
809 1711 1048 1775 disrupta
1096 1698 1289 1782 (Joan.
1323 1723 1439 1773 ut,
1480 1707 1690 1777 6,“).
1740 1702 1947 1759 Etenim
1978 1710 2105 1756 ante

508 1803 808 1869 ansiOttein
834 1801 996 1871 jussit
1020 1801 1155 1855 mitti
1186 1802 1339 1865 retia,
1375 1816 1481 1854 nou
1524 1799 1710 1852 dicens
1740 1796 1793 1850 iu
1825 1795 2103 1849 dexteram

508 1903 713 1962 partem
746 1908 918 1963 neque
956 1893 1011 1948 in
1043 1893 1316 1947 sinistram
1357 1910 1371 1945 :
1409 1896 1528 1961 quia
1562 1890 1687 1964 siin
1715 1890 1989 1944 dexteram
2019 1885 2101 1940 di—

505 1997 672 2052 ceret,
703 1988 848 2043 solos
877 1988 1048 2045 bonos
1084 1988 1447 2057 signiﬁcaret;
1478 1987 1521 2039 si
1553 1986 1606 2039 in
1634 1984 1929 2045 sinistram,
1961 1980 2107 2035 solos

512 2082 681 2135 malos
713 2099 727 2135 :
760 2081 847 2135 ubi
874 2089 1051 2137 autem
1097 2086 1305 2135 tacetur
1345 2078 1566 2131 dextera
1595 2084 1650 2131 et
1673 2074 1909 2139 sinistra,
1953 2071 2103 2126 mixti

408 2171 413 2175 ’
505 2173 790 2239 capiuntur
813 2170 937 2226 boni
963 2177 1019 2226 et
1058 2170 1202 2224 mali.
1231 2168 1385 2237 Capti
1416 2178 1540 2221 sunt
1584 2174 1762 2220 autem
1792 2172 1940 2227 tunc,
1972 2163 2110 2216 sicut

511 2264 783 2332 Evangelii
810 2265 1006 2318 veritas
1030 2270 1334 2324 attestatur,
1365 2270 1471 2315 tam
1512 2258 1664 2314 multi
1694 2267 1753 2312 ut
1798 2260 1930 2311 retia
1954 2271 2105 2310 rum-

509 2365 763 2426 perentur
793 2354 943 2428 (Luc.
984 2370 1039 2420 γ,
1073 2356 1150 2423 ti).
1197 2352 1542 2422 Significabat
1585 2351 1730 2405 enim
1760 2351 1848 2405 illa
1887 2357 2107 2417 captura

509 2448 612 2500 bne
634 2458 843 2515 tempus
869 2464 885 2501 :
911 2450 1040 2501 retia
1064 2455 1217 2515 rupta
1242 2443 1610 2515 signiﬁcabant
1638 2440 2029 2497 conscissiones
2054 2448 2112 2503 et

430 2558 433 2563 ·
506 2539 872 2593 conscissuras
919 2537 1292 2592 bmreticorum
1337 2545 1392 2590 et
1430 2534 1914 2589 scbismaticorum.
1956 2530 2110 2598 Quod

507 2641 686 2685 autem
716 2639 835 2698 post
863 2629 1312 2684 resurrectionem
1344 2642 1493 2681 suam
1526 2627 1786 2680 Dominus
1816 2623 1961 2690 fecit,
1990 2632 2112 2693 post

511 2720 957 2775 resurrectionem
982 2730 1220 2774 nostram
1245 2718 1397 2773 nobis
1425 2718 1659 2772 futurum
1684 2707 2021 2786 signiﬁcavit,
2054 2714 2107 2767 in

509 2812 604 2864 illo
650 2826 873 2865 umnero
903 2812 1052 2881 regni
1099 2810 1381 2875 ctelorum,
1432 2810 1521 2864 ubi
1552 2809 1730 2863 nullus
1768 2808 1871 2863 erit
1914 2806 2107 2862 malus.

510 2901 801 2970 Propterea
831 2901 961 2955 retia
990 2916 1110 2970 qua:
1136 2900 1190 2954 in
1219 2899 1497 2954 dexteram
1534 2906 1741 2968 partem
1769 2897 1930 2951 missa
1962 2904 2108 2956 sunt,

508 2991 761 3045 dexteros
802 2999 1218 3059 expresserunt,
1268 2990 1493 3044 remotis
1536 2988 1791 3047 sinistris.
1839 2985 2109 3058 Numquid

508 3090 689 3135 tamen
719 3081 771 3134 in
816 3080 921 3135 illis
947 3079 1152 3134 dextris
1192 3088 1408 3134 centum
1434 3067 1814 3149 Quinquaginta
1859 3086 1970 3132 tres
2012 3076 2110 3131 soli

509 3170 635 3244 justi
664 3175 861 3229 erunt?
887 3172 1046 3228 Millia
1077 3172 1297 3226 millium
1339 3170 1615 3243 Scriptura
1641 3170 1908 3243 signiﬁcat
1945 3170 2111 3242 (Dan.

512 3287 606 3334 vn,
660 3268 784 3342 10).
832 3267 1019 3338 Legite
1064 3265 1442 3337 Apocalypsim
1477 3284 1492 3320 :
1524 3265 1819 3321 duodecies
1864 3264 2111 3320 duodena

512 3361 675 3416 millia
723 3360 967 3420 fortasse,
1001 3356 1139 3417 sicut
1163 3355 1233 3412 ibi
1278 3354 1613 3425 intelligitur,
1645 3369 1715 3410 ex
1759 3354 1876 3409 solo
1916 3354 2114 3424 populo

512 3454 816 3511 Judaeorum
849 3452 1022 3507 futura
1055 3461 1179 3505 sunt
1206 3450 1393 3522 (Apoc.
1423 3464 1513 3511 vn,
1560 3449 1641 3517 4).
1669 3448 1942 3503 Attendite
1967 3462 2112 3501 mar-

513 3560 689 3619 tyrum
735 3544 1176 3600 numerositatem
1209 3560 1224 3596 :
1259 3543 1371 3597 sola
1401 3543 1455 3596 in
1487 3541 1733 3609 proximo
1759 3556 1881 3610 qua:
1920 3540 2114 3596 dicitur

518 3639 685 3694 Massa
705 3635 932 3693 candida
963 3633 1066 3707 (α),
1089 3635 1209 3705 plus
1233 3633 1395 3689 habet
1418 3648 1577 3703 quam
1605 3641 1823 3688 centum
1852 3632 2117 3704 quinqua-

516 3733 657 3801 ginta
695 3737 805 3783 tres
830 3733 1113 3798 martyres.
1160 3726 1442 3782 Postremo
1486 3734 1691 3796 septem
1722 3726 1812 3780 illa
1843 3726 2007 3781 millia
2048 3725 2116 3785 de

515 3821 708 3891 quibus
744 3818 1101 3888 respondetur
1148 3816 1300 3883 Elixe,
1334 3814 1540 3886 Reliqui
1564 3816 1693 3869 mihi
1731 3826 1922 3887 septem
1951 3816 2117 3872 millia

516 3914 757 3973 uirorum,
780 3910 866 3980 qui
891 3924 995 3963 non
1021 3915 1349 3962 curvaverant
1373 3921 1541 3979 genua
1564 3918 1682 3962 ante
1704 3907 1838 3962 Baal
1861 3908 1953 3979 (lii
1985 3909 2117 3981 Reg.

518 4018 627 4066 XIX,
670 4000 781 4073 18),
828 4001 986 4071 longe
1036 4000 1197 4053 istum
1244 4000 1469 4070 piscium
1504 4014 1790 4054 numerum
1837 4006 2113 4071 superant.

516 4094 739 4146 Centum
779 4107 908 4162 ergo
949 4091 1330 4161 quinquaginta
1373 4098 1485 4146 tres
1530 4091 1704 4161 pisces
1750 4106 1855 4145 non
1903 4100 2112 4147 tantum

518 4199 799 4237 numerum
842 4190 1151 4237 sanctorum
1193 4180 1493 4251 signiﬁcat;
1523 4181 1617 4236 sed
1659 4181 1965 4237 universum
1992 4197 2117 4237 san-

517 4287 723 4328 ctorum
751 4285 804 4327 et
841 4275 1107 4342 iustorum
1150 4288 1432 4327 numerum
1475 4284 1622 4328 certa
1653 4289 1812 4327 causa
1847 4284 1992 4327 tanto
2020 4291 2118 4329 nu-

520 4382 672 4420 mero
697 4365 961 4434 signiﬁcat
1002 4364 1297 4432 Scriptura,
1345 4373 1404 4417 ut
1443 4378 1635 4419 omnes
1668 4365 2035 4434 intelligantur
2063 4365 2113 4420 in

521 4462 625 4513 illis
672 4472 885 4512 centum
928 4458 1308 4527 quinquaginta
1344 4457 1514 4511 tribus
1558 4461 1887 4528 pertinentes
1916 4460 1980 4513 ad
2025 4477 2115 4517 re-

518 4550 907 4605 smreetionem
935 4550 1055 4603 vita:
1082 4558 1318 4602 aeternas.
1365 4548 1577 4603 Etenim
1610 4549 1715 4604 Lex
1744 4551 1906 4604 habet
1930 4551 2114 4606 decem

520 4647 784 4709 pra‘ccpta
813 4657 827 4694 :
855 4639 1088 4709 Spiritus
1125 4650 1301 4694 autem
1346 4640 1554 4711 gratim,
1602 4655 1701 4711 per
1745 4656 1903 4713 quam
1946 4644 2114 4698 solani

524 4735 633 4788 Lex
666 4732 934 4801 impletur,
957 4731 1286 4801 septiformis
1310 4731 1674 4802 lcgitur(lsai.
1708 4749 1786 4797 ιι,
1814 4734 1868 4797 Ξ,
1898 4734 1974 4802 5).
1998 4737 2116 4791 Dis-

522 4822 806 4877 cmiendus
858 4829 940 4875 est
981 4835 1111 4891 ergo
1139 4837 1415 4884 numerus,
1448 4822 1574 4890 quid
1605 4822 1705 4878 sibi
1732 4825 1898 4878 velint
1924 4825 2112 4880 decem

523 4925 578 4969 ct
623 4925 827 4981 septem
862 4929 875 4965 :
907 4914 1094 4967 decem
1141 4913 1196 4966 in
1241 4913 1541 4982 pra'ceptis,
1592 4925 1798 4983 septem
1850 4917 1902 4970 in
1947 4918 2115 4987 gratia

523 5005 757 5074 Spiritus
783 5003 994 5070 sancti;
1026 5018 1120 5073 per
1146 5019 1304 5073 quam
1335 5005 1559 5075 gratiam
1591 5007 1882 5076 implentur
1918 5026 2118 5079 prmce.

526 5108 634 5168 pta.
666 5098 858 5151 Decem
887 5112 1017 5168 ergo
1043 5104 1099 5151 et
1121 5104 1325 5166 septem
1352 5106 1535 5152 tenent
1563 5115 1752 5155 omnes
1792 5103 2118 5170 pertinentes

524 5190 591 5243 ad
618 5189 1087 5255 resurrectionem,
1116 5189 1182 5243 ad
1205 5188 1467 5256 dextram,
1491 5181 1804 5264 ad'regnum
1832 5197 2115 5263 caelorum,

525 5281 591 5333 aii
624 5282 783 5335 vitam
822 5290 1075 5335 aeternam
1100 5296 1117 5347 ;
1146 5280 1199 5337 id
1228 5290 1310 5336 est
1333 5281 1527 5353 Legem
1567 5284 1847 5355 implentes
1876 5303 1973 5358 per
1998 5304 2120 5360 gra-

502 5375 653 5428 tiam
685 5374 937 5443 Spiritus,
968 5389 1075 5429 non
1103 5374 1252 5444 quasi
1285 5389 1381 5444 per
1407 5390 1543 5445 cpus
1582 5391 1737 5433 suum
1766 5388 1859 5434 aut
1885 5385 1980 5451 per
2007 5397 2119 5439 mc—

527 5466 686 5519 ritum
718 5478 897 5519 suum.
930 5466 1121 5520 Decem
1149 5474 1327 5521 autem
1356 5476 1409 5520 ct
1433 5478 1663 5536 septem,
1705 5470 1751 5524 si
1777 5486 2026 5529 numeres
2048 5476 2118 5529 ab

529 5569 635 5609 uno
665 5570 833 5625 usque
873 5553 939 5609 ad
983 5554 1168 5612 decem
1198 5565 1253 5612 et
1298 5565 1526 5626 septem,
1573 5559 1821 5616 addendo
1864 5578 2118 5619 numeros

527 5661 715 5703 omnes
741 5647 1032 5718 gradatim,
1052 5659 1109 5704 ut
1133 5649 1201 5704 ad
1228 5666 1389 5704 unum
1422 5650 1585 5705 addas
1624 5651 1753 5718 duo,
1783 5652 1944 5711 addas
1972 5659 2070 5711 tria
2096 5699 2112 5722 ,

592 5739 668 5800 (α)
690 5743 834 5790 lassa
852 5740 1069 5791 candida.
1091 5738 1211 5791 vide
1231 5747 1383 5792 Serm.
1409 5755 1554 5804 cem,
1576 5756 1623 5792 ιι.
1651 5741 1701 5792 2.
1725 5760 1737 5768 ο

1726 307 1784 373 ς.
1828 310 2198 371 AUGUSTINI
2236 305 2545 367 EPISCON

3689 305 3804 359 57'?

2195 422 2362 477 addas
2403 434 2651 494 quatuor.
2681 433 2737 491 ut
2765 402 2898 479 liaut
2940 424 3147 486 decem,
3200 422 3445 477 addendo
3472 423 3783 503 quinquieut

2196 513 2326 567 iiant
2351 512 2677 585 quindecim,
2724 515 2972 570 addendo
3008 531 3103 571 sex
3137 526 3195 569 ut
3223 516 3350 570 fiant
3376 515 3564 586 viginti
3587 530 3787 577 unum,

2181 590 2442 660 addendo
2466 616 2671 675 septem
2703 618 2759 662 ut
2791 606 2921 661 liant
2944 608 3127 678 viginti
3150 617 3292 667 octo.
3319 605 3568 664 addendo
3588 618 3712 663 octo
3737 618 3797 660 ut

2198 699 2328 753 [lant
2356 698 2569 769 triginta
2620 715 2737 766 sex,
2782 699 3028 755 addendo
3069 716 3259 755 norem
3292 708 3348 755 ut
3388 696 3792 769 [iant-quadra-

2197 790 2340 861 ginta
2370 793 2627 862 quinque,
2674 793 2922 846 addendo
2945 773 3132 849 tlecem
3174 802 3234 853 ut
3261 791 3389 846 iiant
3412 791 3793 862 quinquaginta

2199 884 2455 952 quinque,
2502 884 2749 940 addendo
2792 885 3040 941 undecim
3084 896 3140 941 ut
3181 885 3310 940 ilant
3346 886 3621 956 sexaginta
3660 899 3754 939 sex
3778 926 3795 949 ,

2200 974 2445 1030 addendo
2470 974 2748 1030 duodecim
2773 987 2831 1031 ut
2860 976 2989 1030 (iant
3010 977 3342 1047 septuaginta
3370 985 3513 1041 octo,
3542 975 3797 1031 addendo

2204 1064 2457 1119 tredecim
2486 1075 2543 1119 ut
2572 1065 2700 1119 (iant
2730 1066 3015 1137 nonaginta
3054 1082 3243 1132 unum,
3274 1065 3520 1134 addendo
3542 1075 3799 1141 quatuor-

2202 1150 2376 1207 decim
2408 1162 2467 1208 ut
2497 1155 2624 1209 iiant
2647 1166 2861 1211 centum
2906 1156 3160 1227 quinque,
3216 1156 3463 1212 addendo
3490 1158 3797 1228 quindecim

2203 1252 2264 1298 ut
2306 1245 2434 1298 ﬁant
2461 1256 2675 1300 centum
2726 1247 2932 1316 viginti,
2979 1246 3229 1302 addendo
3271 1247 3544 1319 sexdecim
3570 1260 3630 1303 ut
3674 1249 3802 1303 iiant

2203 1324 2419 1389 centum
2470 1336 2680 1406 triginta
2741 1353 2836 1393 sex
2863 1377 2878 1403 ,
2924 1337 3174 1393 addendo
3216 1338 3403 1393 decem
3446 1348 3503 1394 et
3545 1348 3755 1411 septem
3786 1381 3801 1400 ς

2206 1425 2513 1483 efﬁciuntur
2549 1439 2764 1484 centum
2809 1429 3195 1500 quinquaginta
3252 1430 3394 1484 tria:
3427 1428 3669 1487 invenies
3716 1430 3803 1486 in-

2205 1528 2418 1587 gentem
2449 1535 2731 1575 numerum
2775 1522 3015 1574 onmium
3063 1532 3368 1576 sanctorum
3421 1522 3691 1591 pertinere
3738 1522 3804 1576 ad

2207 1608 2348 1664 hunc
2374 1627 2653 1665 numerum
2687 1602 2908 1682 piscium
2936 1627 3249 1682 paucorum.
3282 1613 3563 1681 Quomodo
3592 1602 3803 1684 ergo'in

2207 1704 2441 1773 quinque
2470 1704 2761 1774 virginibus
2800 1703 3221 1759 innumerabiles
3252 1705 3506 1775 virgines,
3536 1705 3809 1774 quomodo

2209 1796 2263 1850 in
2289 1794 2525 1867 quinque
2545 1795 2797 1854 fratribus
2818 1798 2959 1852 illius
2996 1798 3089 1870 qui
3130 1800 3476 1869 torquebatur
3504 1799 3645 1870 apud
3672 1800 3810 1857 infe-

2208 1903 2303 1942 ros
2346 1889 2508 1943 millia
2554 1890 2736 1958 pepuli
2779 1890 3113 1952 Judamrttm,
3160 1892 3432 1962 quomodo
3478 1893 3531 1946 in
3581 1910 3817 1950 numero

2210 1988 2425 2033 centum
2454 1980 2831 2051 quinquaginta
2887 1981 3046 2035 trium
3090 1982 3316 2053 piscium
3367 1981 3533 2036 millia
3582 1983 3810 2038 millium

2210 2081 2516 2125 sanctorum
2548 2089 2562 2126 :
2596 2074 2674 2126 sic
2703 2072 2754 2127 in
2801 2073 3085 2130 duodecim
3131 2073 3347 2129 sedibus
3392 2092 3495 2130 non
3525 2076 3809 2133 duodecim

2214 2160 2480 2226 homines,
2511 2164 2611 2218 sed
2636 2179 2858 2234 magnus
2882 2172 2969 2219 est
2996 2180 3253 2221 numerus
3288 2160 3670 2235 perfecturum.
3832 2152 3837 2157 ’

2288 2255 2374 2309 ιο.
2414 2252 2518 2308 Sed
2546 2252 2702 2309 video
2730 2255 2855 2325 quid
2895 2267 3292 2327 consequenter
3332 2258 3639 2328 requiratur
3660 2275 3687 2312 a
3716 2277 3810 2313 no-

2212 2342 2296 2399 bis
2323 2363 2336 2398 :
2364 2344 2646 2411 Quomodo
2669 2344 2740 2401 de
2764 2346 3004 2418 quinque
3029 2346 3325 2417 virginibus
3369 2347 3575 2403 reddita
3606 2360 3691 2405 est
3722 2367 3819 2407 ra--

2215 2439 2308 2493 tio.
2338 2432 2509 2508 quare
2529 2439 2597 2492 ad
2630 2440 2868 2510 quinque
2897 2441 3077 2496 multa:
3106 2441 3427 2510 pertineant,
3453 2453 3508 2496 et
3549 2457 3719 2512 quare
3747 2446 3812 2497 ad

2214 2531 2448 2602 quinque
2476 2532 2595 2585 illos
2622 2532 2772 2586 multi
2814 2531 3008 2598 Judasi,
3036 2543 3092 2589 et
3130 2548 3296 2604 quare
3320 2532 3387 2588 ad
3413 2544 3628 2589 centum
3654 2536 3812 2604 quin-

2214 2624 2463 2694 quaginta
2495 2633 2606 2680 tres
2647 2624 2802 2679 multi
2848 2625 3093 2695 perfecti,
3136 2626 3361 2683 ostende
3404 2620 3570 2698 quare
3598 2638 3653 2684 ct
3676 2646 3815 2700 quo-

2213 2715 2377 2769 modo
2402 2715 2467 2770 ad
2489 2715 2768 2771 duodecim
2789 2716 2963 2783 sodes,
2990 2732 3100 2773 non
3120 2716 3403 2774 duodecim
3431 2720 3693 2784 homines.
3718 2724 3813 2779 sed

2215 2808 2367 2863 multi
2402 2810 2728 2878 pertineant.
2756 2809 2894 2879 Quid
2941 2810 3042 2866 sibi
3085 2810 3272 2866 volunt
3303 2811 3584 2869 duodeaim
3612 2813 3775 2869 sedes
3796 2857 3811 2877 ,

2216 2915 2337 2971 qua:
2371 2900 2675 2971 signiﬁcant
2699 2916 2887 2956 omnes
2916 2902 3150 2972 undique
3174 2902 3264 2974 qui
3293 2912 3401 2958 tam
3447 2903 3667 2974 perfecti
3693 2921 3817 2963 esse

2216 2994 2508 3064 potuerint,
2535 3009 2694 3064 quam
2726 2994 2976 3064 perfectis
3000 2994 3200 3050 dictum
3228 3002 3311 3057 est
3341 3012 3357 3050 :
3388 2994 3640 3051 Sedebitis
3664 3015 3818 3068 super

2216 3085 2481 3141 duodecim
2524 3086 2687 3153 sedes,
2712 3087 3006 3159 judicantcs
3034 3088 3298 3141 duodecim
3326 3088 3483 3144 tribu:
3514 3088 3681 3146 Israel
3697 3092 3727 3148 γ
3750 3092 3820 3148 Et

2216 3195 2382 3250 quare
2441 3182 2645 3236 omnes
2702 3179 2935 3251 undique
2978 3181 3046 3235 ad
3092 3164 3476 3238 duodenarium
3532 3199 3816 3240 numermn

2216 3269 2529 3340 pertinent?
2556 3270 2692 3339 Quia
2716 3269 2891 3340 ipsum
2918 3270 3155 3341 undique
3174 3272 3316 3342 quod
3336 3272 3584 3336 dicimus,
3610 3275 3682 3331 de
3703 3286 3816 3332 toto

2217 3359 2422 3414 mundo
2448 3358 2678 3415 dicimus
2707 3377 2721 3413 :
2752 3360 2901 3415 orbis
2925 3370 3102 3416 autem
3134 3370 3394 3418 terrarum
3425 3375 3657 3435 quatuor
3682 3366 3821 3424 desi.

2216 3451 2391 3521 gnatis
2416 3450 2655 3521 partibus
2696 3452 3021 3517 continetur,
3048 3455 3276 3519 oriente,
3318 3456 3616 3524 occidente,
3656 3464 3820 3516 meri-

2217 3541 2381 3596 diano
2431 3551 2488 3597 et
2511 3539 2812 3613 aquilone":
2842 3543 2911 3598 ab
2954 3542 3040 3598 bis
3078 3546 3327 3601 omnibus
3372 3548 3612 3617 partibus
3641 3556 3819 3609 vocati

2219 3632 2273 3688 in
2300 3632 2581 3699 Triuitate,
2621 3642 2680 3690 et
2709 3632 2927 3704 perfecti
2958 3633 3062 3690 ilde
3099 3644 3155 3689 et
3200 3646 3468 3707 prmeepto
3493 3638 3773 3698 Trinitatis
3796 3686 3812 3708 ,

2216 3723 2472 3793 quoniam
2494 3730 2576 3778 ter
2596 3724 2841 3794 quaterni
2858 3723 3142 3781 duodecim
3165 3725 3319 3794 ilunt,
3338 3729 3628 3800 agnoscitis
3649 3744 3820 3803 quare

2217 3813 2288 3871 ad
2313 3822 2480 3871 totum
2502 3815 2688 3871 orbem
2711 3816 3015 3886 pertineant
3037 3818 3230 3885 sancti,
3257 3818 3353 3890 qui
3369 3819 3637 3877 sedebant
3658 3839 3821 3895 super

2218 3906 2501 3964 duodecim
2518 3906 2677 3964 sedes
2699 3908 2989 3980 iudicaturi
3001 3908 3287 3967 duodecim
3300 3912 3468 3967 tribus
3485 3912 3646 3970 Israel
3663 3932 3679 3981 ;
3697 3918 3820 3996 qqu

2219 4006 2275 4054 et
2296 3997 2579 4055 duodecim
2606 3999 2776 4056 tribus
2805 3998 2991 4069 Israel,
3021 4001 3185 4058 totius
3211 4001 3377 4059 israel
3401 4002 3688 4062 duodecim
3714 4010 3814 4063 tri-

2220 4094 2322 4149 bus
2344 4100 2492 4152 sunt.
2515 4091 2669 4150 Sicut
2692 4094 2837 4151 enim
2860 4093 3153 4166 iudicaturi
3183 4112 3249 4152 ex
3274 4092 3390 4153 toto
3413 4099 3637 4164 mundo,
3666 4102 3746 4158 sic
3768 4112 3823 4158 et

2215 4185 2491 4254 iudicandi
2512 4201 2582 4242 ex
2603 4195 2716 4242 toto
2736 4187 2960 4244 mundo.
2989 4188 3281 4259 Apostolus
3299 4189 3369 4246 de
3390 4204 3450 4246 se
3474 4190 3676 4249 Paulus
3698 4208 3820 4250 cum

2219 4285 2468 4348 argueret
2509 4277 2697 4335 fideles
2741 4278 2928 4348 laicos,
2954 4279 3078 4350 quia
3103 4278 3303 4351 iudicia
3348 4296 3444 4336 sua
3476 4297 3587 4338 non
3617 4283 3687 4339 ad
3715 4285 3821 4342 Ec-

2220 4366 2438 4424 clesiam
2454 4362 2793 4437 deferebant,
2818 4368 2914 4426 sed
2937 4369 3006 4424 ad
3029 4370 3299 4440 publicum
3322 4372 3709 4441 pertraitcbant
3728 4391 3822 4431 eos

2220 4473 2343 4513 cum
2369 4458 2564 4529 quibus
2587 4459 2859 4516 habebant
2886 4459 3122 4531 negotia,
3153 4461 3230 4516 ait
3257 4478 3272 4515 :
3309 4460 3530 4517 Nescitis
3559 4466 3682 4535 quia
3718 4467 3822 4521 An-

2220 4551 2359 4622 gelos
2376 4550 2728 4622 judicabimtu
2764 4550 2809 4626 (i
2845 4551 2964 4609 Cor.
2993 4568 3070 4620 vx,
3112 4552 3170 4626 5)
3191 4553 3218 4609 Ἰ
3243 4553 3432 4611 Videte
3470 4558 3821 4626 quemadmo-

2220 4640 2349 4697 dum
2367 4642 2603 4711 iudicem
2619 4641 2861 4710 sefecit;
2880 4658 2984 4699 non
3010 4644 3185 4701 solum
3215 4658 3293 4713 se,
3321 4645 3416 4703 sed
3435 4654 3491 4702 et
3516 4661 3711 4706 omnes
3734 4650 3823 4722 qui

2219 4740 2369 4787 recte
2395 4731 2634 4800 iudicant
2669 4733 2722 4787 in
2757 4733 3017 4789 Ecclesia.

2293 4822 2380 4877 li.
2411 4821 2545 4877 Cum
2574 4839 2702 4894 ergo
2730 4823 3068 4893 manifestum
3096 4826 3187 4893 sit,
3217 4827 3414 4883 multos
3437 4842 3559 4885 cum
3590 4829 3822 4888 Domino

2215 4911 2570 4982 iudicaturos,
2598 4915 2735 4970 alios
2760 4930 2910 4981 vero,
2935 4932 3043 4971 non
3084 4925 3261 4985 tamen
3297 4933 3367 4974 ex
3390 4933 3566 4990 equo,
3597 4920 3696 4977 sed
3728 4939 3823 4993 pro

2221 5004 2427 5060 meritis
2446 5003 2790 5075 iudicandos;
2817 5021 2939 5061 cum
2964 5008 3214 5063 omnibus
3242 5010 3460 5080 Angelis
3483 5011 3598 5066 suis
3621 5013 3821 5073 veniet.

2221 5098 2435 5168 quando
2450 5108 2574 5154 ante
2591 5114 2713 5155 eum
2727 5101 3191 5172 congregabantur
3201 5116 3390 5159 omnes
3402 5113 3588 5175 gentes
3601 5105 3819 5171 (Haut.

2224 5208 2355 5257 xxv,
2384 5192 2478 5258 5.1,
2508 5191 2625 5262 32),
2653 5199 2709 5247 et
2726 5192 2865 5247 inter
2884 5207 3071 5249 omnes
3092 5195 3327 5265 Angelos
3343 5195 3634 5267 deputandi
3660 5210 3823 5255 erunt

2221 5283 2322 5350 illi,
2347 5283 2438 5354 qui
2469 5292 2575 5338 tam
2603 5281 2823 5353 perfecti
2849 5282 3045 5339 fuerint
3066 5293 3126 5340 ut
3147 5285 3397 5342 sedentes
3423 5301 3587 5357 super
3610 5288 3814 5345 duode-

2220 5374 2328 5432 cim
2356 5373 2512 5431 sedes
2549 5372 2791 5444 iudicent
2833 5373 3113 5432 duodecim
3163 5377 3334 5433 tribus
3373 5378 3560 5435 lsrael.
3609 5381 3818 5438 Etenim

2222 5465 2467 5523 homines
2481 5464 2607 5521 dicti
2635 5476 2760 5521 sunt
2779 5466 2951 5537 angeli
2977 5485 2995 5522 :
3015 5468 3303 5538 Apostolus
3326 5466 3396 5525 de
3414 5482 3475 5524 se
3496 5470 3647 5534 dicit,
3670 5470 3821 5527 Sicut

2221 5557 2459 5630 angelum
2501 5554 2596 5610 Dei
2620 5558 2907 5628 suscepistis
2930 5574 3011 5613 me
3042 5557 3183 5631 (Gal.
3214 5572 3290 5626 tv,
3337 5557 3449 5633 Η).
3498 5562 3575 5618 De
3612 5562 3820 5621 Joanne

2222 5651 2458 5722 Baptista
2487 5648 2682 5705 dicitur
2700 5667 2715 5705 :
2737 5647 2867 5705 Ecce
2885 5652 3028 5706 mitto
3048 5648 3286 5723 angelum
3305 5669 3475 5709 metuit,
3492 5665 3613 5709 ante
3637 5655 3817 5726 [aciem

2224 5753 2385 5805 (nam,
2406 5740 2491 5810 qui
2520 5740 2825 5811 preparabit
2866 5740 3001 5796 viam
3035 5748 3173 5798 tum
3215 5752 3332 5800 ante
3360 5755 3409 5799 te
3430 5743 3689 5817 utam.
3718 5761 3776 5802 ut
3795 5787 3816 5817 ,
