3968 6338
265 366 376 423 573

265 481 315 544 1.
342 495 402 544 et
436 484 620 541 Matth.
665 501 736 546 xi,
773 485 877 554 l0).
926 486 1064 556 Ergo
1105 501 1224 540 cum
1255 488 1501 542 omnibus
1531 489 1748 559 Angelis
1774 503 1862 542 ve-

264 585 440 646 nieus,
470 579 626 634 simul
667 595 848 634 secum
896 580 1110 633 habebit
1135 590 1187 634 et
1215 591 1449 633 sanctos.
1499 586 1691 649 Apr-rte
1721 582 1862 634 enim

261 674 395 730 dicit
418 683 472 726 et
499 673 660 727 Isaias
686 691 700 726 :
743 668 913 726 Veniet
945 674 1015 724 ad
1041 671 1296 743 judicium
1323 689 1436 726 cum
1465 675 1743 727 senioribus
1767 691 1863 742 po-

266 765 375 836 puli
403 763 556 837 (Isai.
585 781 659 827 ιιι,
693 765 802 833 it).
839 763 925 818 Isti
955 779 1085 834 ergo
1127 764 1367 820 seniores
1398 765 1594 833 populi,
1631 766 1714 831 isti
1752 766 1862 833 jam

269 858 455 928 Angeli
504 858 782 919 nominati,
817 858 914 913 ista
963 859 1126 912 millia
1171 860 1459 912 multorum
1508 859 1861 926 perfectorum

267 951 330 1008 t'e
360 958 474 1003 toto
498 948 629 1003 orhc
659 949 1006 1009 venientium,
1035 948 1228 1002 emtum
1264 958 1538 1001 vocamur.
1579 948 1667 1003 Illa
1697 963 1826 1002 vero
1845 989 1860 1012 ,

262 1051 428 1097 terra.
456 1039 551 1094 sed
579 1041 865 1093 fructuosa.
894 1037 1024 1104 Qtne
1054 1051 1192 1092 terra
1234 1037 1499 1092 fructuosa
1525 1040 1547 1092 ?
1589 1039 1654 1092 In.
1673 1040 1861 1093 dextra

258 1133 533 1202 ponenda,
564 1133 648 1186 cui
679 1132 906 1194 dicetur,
941 1131 1162 1192 Esurivi,
1193 1142 1240 1184 et
1265 1131 1472 1186 dedistis
1502 1133 1624 1186 milii
1655 1133 1863 1185 mandu-

258 1243 425 1280 care:
457 1241 582 1281 vere
634 1235 774 1279 terra
820 1225 1109 1282 fructuosa.
1159 1226 1242 1279 cui
1289 1225 1485 1294 gaudet.
1531 1227 1860 1293 Apostolus,

258 1317 476 1388 quando
520 1317 568 1370 ei
613 1317 874 1370 miserunt
902 1315 967 1368 ad
1015 1315 1361 1370 necessitates
1401 1319 1517 1383 ejus
1549 1335 1562 1370 :
1597 1316 1715 1370 Non
1743 1320 1862 1387 quia

257 1424 432 1477 (puero
468 1407 665 1476 datum,
714 1405 905 1476 inquit,
934 1406 1023 1458 sed
1067 1407 1265 1475 requiro
1292 1410 1529 1477 fructum.
1561 1408 1623 1461 Et
1663 1409 1863 1478 gratias

257 1500 370 1568 agit
396 1487 580 1552 dicens
614 1515 626 1548 :
659 1497 791 1561 Quin
833 1497 1035 1550 tandem
1079 1483 1352 1564 aliquando
1400 1500 1740 1566 repullulastis
1771 1519 1862 1568 pro

1360 366 1757 426 ENARRATIO
1797 367 1860 424 l.\'
1903 368 2224 437 PSALMUM
2265 383 2449 443 xux,

3458 417 3564 477 574

2086 509 2211 602 suos
2231 540 2247 564 ,
2277 512 2333 557 et
2360 509 2822 582 congregabantur
2846 529 2972 578 ante
3007 538 3130 580 etim
3160 542 3348 586 omnes
3375 546 3566 602 gentes

1975 583 2184 696 (illattlt.
2207 608 2330 660 xxv,
2347 597 2774 696 52).?qngrcgate
2791 611 2868 665 illi
2871 612 3038 682 justas
3060 619 3189 688 ejus.
3207 583 3352 691 Quos

1975 692 2074 776 nisi
2103 694 2344 776 viventes
2372 704 2438 745 ex
2471 693 2571 747 tide
2591 737 2606 760 ,
2637 696 2894 757 facientes
2929 721 3091 776 opera
3138 692 3564 776 misericordia?

1973 767 2183 867 Etenim
2216 791 2379 846 opera
2407 781 2494 836 illa
2515 825 2531 850 ,
2555 789 2776 852 justitia:
2804 808 2966 860 opera
2995 811 3138 855 sunt.
3174 804 3346 862 llahes
3383 809 3563 867 Evan-

1972 863 2164 958 gelium
2198 886 2211 920 :
2245 867 2424 927 Cavete
2449 877 2697 940 iustitiam
2723 896 2938 940 vestram
2960 889 3127 958 facere
3145 911 3316 950 carent
3337 901 3557 956 homini-

1971 951 2096 1056 aus,
2125 967 2183 1056 ut
2211 961 2486 1056 videamini
2511 969 2576 1022 ab
2604 974 2695 1026 eis.
2741 975 2804 1029 Et
2830 981 2982 1046 quasi
3011 997 3362 1053 quaereretur,
3394 993 3567 1056 Quam

1967 1045 2264 1147 iustitia-rp?
2291 1049 2417 1108 Cum
2444 1055 2564 1129 ergo
2587 1064 2716 1130 facis
2735 1045 3129 1140 eleemosynam,
3160 1045 3466 1147 inquit
3492 1098 3567 1145 vr,

1978 1136 2026 1238 t,
2050 1134 2127 1239 2).
2166 1139 2310 1210 Ergo
2339 1146 2709 1222 eleentosyuas
2738 1171 2900 1224 opera
2921 1159 3143 1230 iustitia:
3164 1134 3282 1221 esse
3301 1134 3570 1239 signiﬁca:

1969 1227 2065 1280 vit.
2095 1227 2242 1300 Ipsos
2270 1249 2591 1309 congregata
2612 1243 2788 1311 justus
2813 1249 2931 1320 ejus
2963 1269 2978 1308 :
3005 1269 3104 1310 eos
3133 1227 3452 1330 congregem
3477 1265 3567 1333 qui

1968 1325 2232 1410 compassi
2265 1337 2392 1382 sunt
2415 1331 2558 1401 inopi
2580 1375 2594 1394 .
2621 1337 2712 1405 qui
2740 1339 3118 1400 intellexerunt
3147 1325 3309 1418 super
3336 1325 3565 1423 egenum

1967 1421 2022 1464 et
2051 1428 2342 1484 pauperem
2369 1438 2382 1474 :
2407 1436 2728 1497 Congregate
2756 1430 2875 1486 illos
2897 1477 2913 1499 ,
2943 1448 3226 1494 conservet
3254 1457 3349 1496 eos
3375 1421 3562 1501 Domi-

1970 1519 2091 1604 nus,
2119 1515 2176 1562 et
2196 1509 2430 1604 viviticet
2456 1529 2552 1570 eos
2580 1516 2600 1588 (
2630 1517 2770 1574 Psal.
2795 1539 2884 1585 XL,
2910 1524 2968 1588 2,
3001 1527 3036 1581 5
3057 1524 3099 1599 ).
3128 1529 3445 1604 Congregate
3487 1536 3568 1590 illi

364 1605 544 1694 sapere
573 1587 830 1658 (Philipp.
865 1590 1055 1694 H.117:
1089 1588 1197 1657 10).
1236 1589 1602 1694 liepullnlastis
1625 1591 1863 1694 ut‘ar‘l'io-
1955 1596 2127 1694 justas
2159 1600 2268 1694 ejus
2289 1607 2418 1674 :qui
2441 1607 2719 1676 disponunt
2743 1587 3096 1673 testamentum
3135 1587 3263 1692 ejus'
3282 1587 3438 1694 stipar-
3477 1587 3568 1684 “,7.

259 1680 411 1735 ribus
437 1679 585 1744 dicit,
627 1694 747 1747 qua:
797 1678 1075 1732 sterilitate
1117 1679 1344 1748 quadam
1378 1689 1720 1734 exaruerunt.
1755 1681 1860 1735 Ve-

258 1770 418 1825 niens
442 1769 620 1839 itaque
651 1770 908 1822 Dominus
931 1768 995 1821 ad
1018 1767 1298 1836 judicium,
1331 1779 1388 1823 ut
1411 1768 1519 1838 jam
1549 1771 1815 1826 Psalmum
1842 1815 1857 1838 ,

256 1847 477 1923 fratres,
495 1862 794 1926 audiamus,
817 1860 944 1930 quid
967 1860 1202 1920 facturus
1229 1861 1352 1915 est?
1385 1863 1657 1916 Advocabit
1678 1865 1861 1918 cazlum

253 1970 459 2018 sursum
482 1969 500 2007 :
521 1953 740 2017 caelum,
764 1966 950 2006 omnes
976 1961 1192 2006 sanctos
1214 1950 1478 2019 perfectos
1503 1953 1857 2022 judicaturos;

250 2045 537 2099 aancahit
586 2058 679 2097 eos
721 2058 975 2104 sursum,
1023 2057 1264 2098 sessores
1304 2058 1484 2097 secum
1529 2044 1860 2112 iudicaturus

250 2135 538 2189 duodecim
572 2135 739 2188 trihus
769 2133 952 2188 lsrael.
983 2133 1263 2200 Quomodo
1287 2135 1430 2189 enim
1460 2134 1732 2189 Advocabit
1757 2154 1856 2190 cm-

251 2228 362 2282 lum
391 2244 608 2292 sursum,
635 2241 756 2280 cum
779 2241 993 2296 semper
1012 2240 1221 2279 sursum
1243 2224 1309 2278 sit
1332 2227 1524 2279 omium
1547 2227 1570 2279 ’ἓ
1599 2227 1705 2282 Sed
1726 2244 1860 2297 quos

248 2316 342 2372 hic
378 2318 570 2371 (uelum
600 2318 749 2380 dicit,
796 2317 1014 2371 eosdem
1053 2315 1219 2370 cados
1265 2316 1387 2370 alibi
1433 2318 1682 2386 appellat.
1713 2320 1860 2385 QltttS

254 2391 462 2463 (ξεειοεῖ
491 2407 590 2475 Qui
635 2415 890 2462 enarrant
928 2407 1155 2476 gleriam
1188 2407 1276 2460 Dei
1309 2426 1320 2460 :
1351 2406 1478 2462 Caeli
1517 2410 1659 2461 enim
1705 2426 1854 2463 enar-

247 2511 370 2559 rant
394 2503 606 2572 gloriam
632 2500 728 2554 Dei
755 2517 772 2554 :
798 2501 866 2554 de
890 2500 1083 2568 quibus
1105 2499 1320 2564 dicitur,
1351 2497 1416 2553 In
1445 2517 1642 2553 omnem
1667 2511 1854 2555 terram

247 2597 376 2652 exiit
412 2611 567 2650 sonus
601 2610 793 2656 eorum,
824 2604 870 2647 et
908 2593 960 2646 in
989 2593 1118 2661 ﬁnes
1156 2592 1290 2646 orbis
1320 2602 1468 2646 terra?
1509 2593 1656 2646 verba
1685 2610 1858 2646 eorum

247 2689 429 2756 (Psal.
478 2703 626 2752 xvtn,
655 2687 711 2753 2,
740 2685 820 2757 5).
847 2685 1039 2741 Videte
1077 2687 1220 2740 enim
1250 2686 1642 2740 discernentem
1675 2687 1856 2739 Domi-

252 2795 386 2837 num
430 2780 484 2834 in
507 2779 708 2848 judicio
737 2795 751 2830 :
782 2777 1061 2832 Advocabit
1096 2776 1278 2831 caelum
1319 2794 1552 2843 sursum,
1587 2787 1634 2830 et
1669 2788 1856 2831 terram

245 2873 534 2926 discernere
560 2867 806 2942 pupulum
833 2886 1003 2923 suum.
1043 2869 1084 2922 A
1121 2867 1335 2937 quibus,
1368 2867 1472 2923 nisi
1493 2885 1521 2921 a
1553 2868 1747 2922 malis?
1778 2868 1856 2925 De

243 2965 444 3036 quibus
486 2962 572 3018 hic
598 2972 780 3032 postea
821 2977 926 3018 non
959 2959 1016 3014 lit
1043 2960 1264 3018 mentio.
1293 2959 1402 3028 jam
1435 2968 1683 3030 tanquam
1713 2960 1856 3031 diju-

244 3055 440 3112 dicatis
469 3053 535 3108 ad
562 3068 798 3124 pinnam.
829 3051 963 3106 istos
991 3051 1161 3105 bonos
1188 3049 1328 3114 vide,
1358 3060 1411 3104 et
1436 3049 1725 3120 distingue.
1751 3050 1858 3103 Ad-

243 3126 634 3202 socabitctelum
645 3153 916 3206 sursnm,ct
933 3151 1118 3195 terram
1134 3141 1411 3195 discernere
1426 3141 1669 3211 populum
1687 3158 1851 3192 suum.

247 3236 422 3292 Vocat
447 3244 504 3291 et
533 3243 753 3298 terram.
798 3249 902 3288 non
934 3242 1112 3288 tamen
1142 3231 1592 3295 concerncudam,
1620 3232 1713 3286 sed
1742 3231 1854 3285 dis-

243 3325 596 3382 cernendain.
631 3324 813 3378 Primo
839 3324 980 3378 enim
1028 3331 1315 3377 concretos
1343 3321 1545 3376 vocavit
1577 3323 1616 3384 ¹,
1643 3321 1856 3388 quando

246 3418 452 3473 locutus
481 3426 552 3472 est
587 3416 725 3479 Deus
746 3417 975 3481 deorum,
1022 3426 1066 3468 et
1093 3415 1284 3470 vocavit
1311 3424 1496 3468 terram
1537 3432 1567 3468 a
1593 3416 1712 3468 solis
1741 3425 1853 3468 ortu

198 3566 200 3569 .
245 3527 410 3574 usque
457 3511 523 3564 ad
561 3527 833 3573 occasum;
880 3509 1115 3564 nomium
1161 3509 1530 3563 discreverat:
1561 3524 1700 3563 δετιί
1733 3510 1804 3564 illi
1833 3511 1854 3541 ¹

243 3603 398 3657 missi
443 3610 596 3656 erant
623 3603 848 3656 invitare
891 3600 956 3656 ad
999 3601 1230 3672 nuptias,
1262 3602 1351 3670 qui
1403 3614 1856 3672 congregaverant

242 3696 422 3756 bonos
441 3704 495 3749 et
517 3695 687 3752 malos
717 3692 906 3763 (Matth
953 3709 1081 3756 xxu,
1113 3691 1222 3764 10).
1251 3692 1384 3748 Cum
1409 3709 1537 3748 vero
1562 3695 1697 3748 Deus
1724 3693 1857 3750 dco-

245 3798 370 3838 rum
396 3785 694 3855 manifcstus
719 3785 899 3859 reuiet,
931 3796 976 3838 et
1007 3802 1110 3838 non
1143 3785 1325 3844 silebit,
1354 3783 1434 3839 sic
1464 3784 1724 3838 advocabit
1750 3802 1850 3840 rte-

244 3875 356 3929 lum
384 3892 606 3938 sursum,
640 3875 920 3942 utjudicet
948 3892 1068 3928 cum
1103 3875 1213 3931 illo.
1245 3874 1397 3944 Quod
1441 3877 1583 3930 enim
1615 3877 1852 3943 eaalmu,

243 3967 348 4034 ipsi
380 3966 536 4030 cudi;
580 3967 719 4021 sicut
764 3984 883 4036 qua:
929 3977 1104 4028 terra,
1151 3967 1280 4034 ipsa!
1323 3975 1520 4031 terrae;
1552 3968 1690 4022 sicut
1733 3984 1854 4038 quae

242 4056 516 4123 Ecclesia,
544 4057 675 4126 ipsa!
712 4057 989 4112 Ecclesite.
1035 4056 1313 4110 Atlaocabit
1355 4057 1535 4112 caelum
1561 4075 1778 4122 sursum,
1807 4068 1853 4113 et

242 4160 438 4204 terram
462 4149 744 4204 discernere
779 4147 1026 4221 populum
1067 4165 1235 4202 suum.
1265 4147 1382 4202 Jam
1413 4164 1533 4204 cum
1579 4151 1716 4205 etelo
1749 4161 1854 4203 ter—
1886 4166 1891 4170 '

241 4259 364 4300 ram
390 4243 668 4306 discernit,
715 4242 766 4296 id
799 4251 902 4307 est,
933 4241 1131 4298 calum
1160 4256 1280 4295 cum
1310 4241 1400 4295 illo
1428 4249 1623 4296 terram
1651 4241 1853 4295 discer-

242 4336 347 4390 nit.
391 4334 672 4404 Quomodo
717 4333 974 4389 discernit
1024 4331 1267 4388 terram?
1293 4332 1361 4388 Ut
1402 4333 1533 4386 alios
1581 4342 1744 4402 ponat
1785 4333 1852 4388 ad

238 4428 520 4489 dextram,
565 4425 700 4481 alios
737 4425 804 4480 ad
833 4425 1127 4480 sinistram.
1160 4423 1357 4479 Terra).
1385 4422 1562 4478 autem
1605 4423 1852 4480 discreta:

237 4517 373 4588 quid
403 4517 575 4573 dicit?
609 4513 1071 4578 Venite,benedic:i
1114 4515 1288 4570 Patris
1325 4516 1443 4580 mei,
1492 4515 1732 4586 percipite
1767 4532 1851 4569 re-

237 4626 406 4683 gnum
425 4608 562 4681 quod
588 4608 724 4662 vobis
745 4617 982 4678 paratum
1007 4618 1077 4662 est
1104 4606 1166 4662 ab
1186 4607 1381 4677 origine
1415 4606 1611 4660 mundi.
1648 4605 1853 4660 Esurivi

235 4702 402 4766 enim,
428 4711 474 4754 et
490 4699 699 4754 dedistis
724 4699 848 4753 mihi
867 4707 1195 4761 manducare,
1214 4707 1269 4753 et
1289 4708 1502 4755 cetera.
1537 4698 1612 4752 illi
1634 4707 1810 4752 autem
1836 4716 1850 4753 :

241 4789 469 4860 Quando
496 4800 543 4843 te
566 4790 801 4854 vidimus,
829 4788 1093 4860 inquiunt,
1121 4789 1462 4842 esurientem?
1490 4789 1557 4843 Et
1577 4789 1697 4844 ille:
1725 4787 1850 4843 Cum

235 4884 336 4937 uni
361 4897 427 4936 ea:
450 4881 671 4935 minimis
699 4885 820 4935 meis
837 4881 1046 4949 fecistis,
1079 4880 1202 4933 milii
1231 4879 1416 4951 fecistis
1443 4879 1555 4952 (Id.
1586 4897 1719 4946 xxv,
1748 4882 1849 4936 34-

235 4972 361 5044 ιο).
393 4973 598 5028 Cuzlutn
635 4983 790 5027 terra:
815 4972 1047 5026 ostendit
1079 4972 1329 5027 minimos
1349 4987 1475 5025 suos
1498 4972 1608 5041 jam
1635 4988 1847 5028 sursum

236 5046 485 5128 vocatos.
519 5076 573 5118 et
597 5047 665 5117 ah
696 5064 993 5118 humilitate
1023 5062 1286 5117 exaltatos
1315 5079 1328 5114 :
1361 5061 1486 5116 Cum
1532 5064 1620 5116 uni
1663 5080 1726 5118 ea:
1754 5065 1850 5116 mi-

236 5157 399 5213 nimis
423 5157 544 5210 meis
572 5155 779 5225 fecistis,
813 5155 935 5206 milii
964 5153 1170 5224 fecistis.
1199 5151 1479 5206 Advocabit
1514 5169 1640 5224 ergo
1671 5155 1852 5208 cazlum

233 5263 469 5312 sursum,
498 5257 546 5300 et
572 5254 758 5299 terram
791 5246 1073 5298 discernere
1104 5243 1346 5314 populum
1374 5260 1540 5297 suum.

285 5385 290 5388 .
328 5339 417 5396 12.
451 5337 603 5412 [acrs.
637 5335 719 5408 5.]
769 5335 1082 5406 Congregate
1123 5334 1202 5388 illi
1238 5326 1408 5404 fus-tos
1445 5334 1575 5403 ejus.
1616 5334 1725 5388 Vox
1759 5333 1842 5389 di-

237 5435 374 5489 vina
403 5439 461 5486 et
486 5428 822 5501 prophetica,
849 5425 1034 5482 videns
1064 5425 1237 5480 futura
1266 5435 1515 5496 tanquam
1544 5428 1848 5496 praesentia,

246 5525 572 5582 exhortatur
600 5520 835 5591 Angelos
862 5530 1272 5590 congregantes.
1302 5519 1476 5573 Mittct
1501 5521 1640 5574 enim
1671 5521 1849 5591 Ange-

311 5662 329 5692 ι
365 5660 441 5709 sic
464 5657 692 5724 plerique
716 5662 824 5723 Mss.
847 5662 899 5704 At
919 5661 1054 5724 tot.
1077 5658 1355 5724 nontamen
1375 5652 1738 5724 conterendam,
1761 5656 1849 5706 sed

241 5715 641 5774 discernendum.
673 5716 834 5767 Primo
850 5715 976 5766 enim
1000 5729 1110 5764 cum
1127 5715 1412 5764 commixtos
1431 5716 1629 5765 voctwit.

313 5787 334 5844 Υ
367 5785 441 5831 sic
465 5783 635 5844 plures
649 5787 755 5829 Mss.
783 5787 838 5828 Αι
859 5778 992 5838 Edd.,
1018 5777 1234 5828 nondum
1257 5776 1585 5829 discreverunt
1609 5778 1736 5830 servi
1757 5775 1848 5838 illi,

228 5843 334 5914 “qui
513 5849 669 5902 erant.
697 5850 797 5901 θω.

1965 1689 2160 1788 criﬁcia
2182 1709 2202 1746 :
2226 1693 2280 1749 id
2305 1704 2408 1761 est,
2437 1701 2527 1768 qui
2556 1704 2794 1772 cogitant
2816 1706 2886 1763 de
2916 1689 3195 1778 promissis
3236 1689 3357 1784 ejus
3400 1732 3568 1788 super

1967 1779 2055 1832 illa
2089 1795 2204 1850 qua:
2229 1797 2538 1854 operantur.
2573 1791 2689 1860 Ipsa
2713 1795 2856 1852 enim
2881 1808 3006 1854 sunt
3035 1779 3317 1870 sacriﬁcia,
3351 1779 3567 1862 Deo-di-

1965 1881 2138 1968 cente,
2170 1873 2572 1934 Jlisericordiam
2591 1881 2705 1936 volo
2734 1885 2849 1954 plus
2875 1904 3028 1958 quam
3071 1895 3383 1963 sacriﬁcium
3413 1897 3568 1968 (Osee

1965 1977 2039 2028 Vl,
2085 1964 2138 2025 ϐ.
2175 1975 2234 2022 et
2279 1968 2462 2023 Matt/1.
2511 1989 2584 2043 Ix,
2626 1975 2738 2048 15).
2791 1978 2892 2045 Qui
2919 1982 3193 2052 disponunt
3220 1964 3567 2044 testamentum

1963 2055 2077 2124 ejus
2101 2073 2253 2124 super
2271 2062 2545 2130 sacrificia.

2041 2169 2125 2224 13.
2167 2168 2318 2242 [verm
2348 2173 2427 2246 6.]
2470 2174 2536 2229 Et
2577 2182 2951 2237 annuntiabunt
2993 2186 3107 2240 calli
3139 2189 3395 2259 justitiam
3431 2193 3564 2261 ejus.

1969 2259 2104 2316 Vere
2148 2261 2285 2318 hanc
2306 2264 2568 2333 justitiam
2607 2269 2702 2325 Dei
2735 2273 2857 2328 casti
2900 2275 3053 2330 nobis
3089 2259 3562 2344 annuntiaverunt,

1966 2352 2316 2424 Evangelist
2355 2353 2734 2426 praedixerunt.
2769 2364 2868 2419 Per
2891 2366 3009 2422 illos
3035 2369 3333 2424 audivimus
3361 2373 3566 2428 futuros

1962 2444 2218 2511 quosdam
2245 2446 2312 2500 ad
2341 2448 2604 2516 dextram,
2633 2455 2826 2522 quibus
2862 2456 2989 2513 dicit
3028 2461 3429 2529 paterfamilias,
3467 2463 3563 2519 Ve-

1963 2535 2084 2599 nite,
2109 2535 2355 2592 benedicti
2393 2539 2570 2625 Putris
2608 2545 2726 2608 mei,
2776 2547 3035 2624 percipite:
3085 2551 3220 2620 Quid
3268 2556 3567 2625 percipite?

1963 2625 2215 2697 Regnum.
2247 2631 2352 2685 Pro
2396 2647 2498 2702 qua
2540 2635 2633 2690 rei
2671 2636 2897 2705 Esuiivi,
2937 2651 2986 2694 et
3015 2645 3226 2700 dedistis
3260 2649 3386 2702 mihi
3413 2667 3562 2703 num-

1960 2719 2164 2812 ducare.
2209 2722 2346 2793 Quid
2396 2732 2505 2780 tam
2553 2729 2679 2794 vile,
2727 2730 2854 2801 quid
2905 2742 3010 2789 tam
3058 2745 3351 2806 terrenum,
3401 2757 3562 2812 quam

1962 2811 2206 2883 frangere
2247 2830 2435 2880 panem
2465 2819 2760 2876 esurienti?
2799 2823 2953 2878 Tanti
2981 2827 3123 2881 valet
3144 2842 3367 2899 regnum
3394 2811 3564 2888 ccio-

1961 2921 2100 2960 rum.
2143 2905 2349 2978 Frange
2374 2913 2632 2967 esurienti
2681 2929 2872 2983 panem
2905 2926 3074 2986 tuum,
3106 2929 3162 2974 et
3185 2923 3416 2993 egenum
3444 2923 3565 2981 sine

1963 3009 2104 3053 tecto
2133 2999 2290 3056 indue
2316 3003 2368 3055 in
2397 3001 2615 3058 domum
2644 3014 2825 3072 tuam;
2855 3009 2898 3064 si
2939 3010 3136 3068 videris
3176 3015 3400 3083 nudum,
3427 3016 3565 3076 vati

1962 3089 2115 3159 (lsai.
2134 3106 2282 3157 Lvut,
2305 3094 2386 3164 7).
2418 3094 2523 3151 Sed
2543 3113 2647 3152 non
2671 3098 2838 3154 habes
2850 3101 3151 3158 facultatem
3168 3103 3444 3176 frangendi
3465 3123 3531 3176 pa
3549 3135 3564 3147 -

1963 3196 2104 3243 nem,
2125 3197 2230 3236 non
2245 3181 2410 3238 babes
2421 3185 2639 3242 domum
2666 3204 2774 3259 quo
2797 3190 3037 3256 inducas,
3056 3209 3162 3249 non
3181 3194 3346 3253 babes
3360 3196 3561 3255 \‘eStetll

1959 3289 2062 3342 qua
2092 3277 2370 3346 cooperias
2403 3278 2757 3336 :da-calicem
2789 3298 2943 3353 aqua:
2986 3285 3189 3356 frigida:
3217 3287 3433 3358 (Matth.
3473 3307 3505 3345 x
3541 3329 3560 3359 ,

1955 3365 2073 3433 42),
2107 3368 2258 3421 mitte
2277 3368 2384 3423 duo
2413 3371 2614 3424 minuta
2646 3371 2698 3425 in
2729 3374 3171 3447 gazophylacium
3223 3378 3419 3450 (Illam.
3449 3397 3520 3436 xu
3542 3423 3559 3446 ,

1957 3456 2073 3529 42).
2096 3457 2325 3512 Tantum
2351 3461 2649 3516 ctuitvidua
2665 3463 2877 3520 duobus
2892 3465 3134 3535 minutis,
3150 3478 3406 3539 quantum
3430 3471 3564 3532 emit

1959 3549 2150 3604 Petrus
2179 3551 2483 3621 relinquens
2508 3554 2639 3608 retia
2671 3553 2885 3625 (Matth.
2913 3571 2986 3621 tv,
3008 3555 3125 3628 20),
3152 3570 3409 3628 quantum
3430 3561 3565 3616 eruit

1959 3641 2436 3698 Zacchaausdaudo
2452 3643 2730 3701 dimidium
2752 3649 3130 3718 patrimonium
3151 3650 3308 3721 (Luc.
3333 3668 3448 3717 xix,
3477 3652 3558 3722 8).

1957 3733 2113 3790 Tanti
2142 3736 2301 3801 valet,
2333 3747 2586 3805 quantum
2620 3738 2890 3796 habueris.
2917 3741 3306 3798 Annuntiabunt
3327 3745 3441 3800 caeli
3458 3747 3558 3816 ju-

1957 3827 2148 3880 stitiam
2170 3829 2280 3899 ejus
2309 3869 2325 3882 .
2349 3830 2589 3898 quoniam
2614 3829 2750 3886 Deus
2766 3832 2936 3902 judea:
2952 3839 3049 3892 est.
3084 3834 3420 3906 Verejudex,
3454 3855 3559 3892 non

1956 3933 2286 3976 concerneus
2318 3923 2359 3986 ',
2399 3921 2491 3976 sed
2532 3921 2866 3980 discernens.
2911 3925 3069 3980 Novit
3105 3928 3247 3982 enim
3305 3929 3562 3984 Dominus

1956 4009 2046 4079 qui
2071 4019 2194 4065 sunt
2215 4011 2336 4080 ejus
2365 4011 2430 4084 (ll
2459 4011 2594 4066 Tim.
2628 4029 2686 4078 ιι,
2714 4014 2826 4086 19).
2845 4016 2963 4072 Etsi
2992 4032 3157 4087 grana
3187 4019 3352 4074 latent
3381 4019 3434 4075 in
3462 4035 3560 4092 pa-

1957 4100 2059 4166 lea,
2089 4103 2337 4172 agricola:
2386 4114 2507 4159 uota
2550 4114 2694 4162 sunt.
2743 4105 2914 4163 Nemo
2946 4109 3136 4164 timeat
3172 4126 3294 4167 esse
3334 4127 3560 4181 grauium

1956 4194 2117 4247 etiam
2163 4193 2300 4249 inter
2331 4195 2568 4264 paleam;
2603 4214 2709 4252 non
2755 4198 3014 4255 falluntur
3056 4201 3196 4256 oculi
3228 4203 3564 4259 ventilatoris

1956 4284 2145 4340 nostri.
2175 4286 2288 4342 Noli
2319 4287 2526 4353 timere,
2561 4306 2628 4345 ne
2650 4291 2734 4344 illa
2764 4299 3057 4362 tempestas
3081 4309 3202 4364 qua:
3228 4296 3331 4350 erit
3369 4295 3422 4350 in
3446 4297 3560 4351 cir-

1955 4377 2099 4432 cuitu
2128 4379 2267 4447 ejus,
2297 4389 2596 4456 concernat'
2625 4390 2676 4436 te
2701 4397 2822 4436 cum
2851 4382 3024 4453 palea.
3065 4381 3227 4439 Certe
3260 4385 3430 4440 valida
3457 4384 3563 4451 erit

1959 4475 2282 4536 tempestas;
2310 4468 2513 4524 nullum
2542 4478 2718 4525 tamen
2741 4487 2966 4538 granum
2991 4472 3140 4528 tollet
3162 4488 3192 4526 a
3222 4481 3373 4544 parte
3396 4473 3559 4530 tritici

1955 4562 2022 4615 ad
2060 4562 2264 4630 paleam
2291 4579 2305 4615 :
2337 4563 2458 4632 quia
2493 4580 2597 4616 nou
2630 4564 2853 4633 quilibet
2889 4565 3122 4620 rusticus
3149 4581 3271 4619 cum
3302 4566 3558 4632 tridente,

1955 4652 2051 4707 sed
2082 4653 2222 4708 Deus
2249 4652 2482 4710 Trinitas
2521 4655 2687 4725 judex
2712 4666 2814 4712 est.
2849 4655 2914 4710 Et
2941 4657 3446 4712 annuntiabuntcaiti
3461 4659 3561 4730 ju-

1953 4745 2142 4800 stitiam
2171 4747 2282 4816 ejus
2311 4762 2327 4804 :
2361 4749 2602 4815 quoniam
2637 4747 2776 4802 Deus
2802 4749 2972 4819 judca:
2995 4758 3086 4803 est.
3131 4750 3264 4804 Eant
3291 4752 3436 4816 mali,
3459 4767 3561 4806 an-

1955 4824 2200 4891 nuntieut
2227 4837 2370 4899 ctuti,
2401 4838 2452 4891 in
2486 4853 2701 4892 omnem
2735 4849 2934 4892 terram
2967 4849 3124 4894 exeat
3153 4853 3318 4893 sonus
3345 4856 3556 4910 eorum,

1955 4938 2009 4982 et
2043 4929 2096 4982 in
2144 4929 2278 4982 lines
2307 4929 2452 4983 orbis
2483 4939 2639 4983 terrze
2667 4929 2829 4985 verba
2859 4945 3045 4985 eorum
3071 4930 3243 5003 {PsnL
3268 4947 3419 4998 xvut,
3452 4933 3507 5001 5)
3541 4950 3556 4986 :

1954 5028 2010 5074 et
2034 5022 2170 5074 dicat
2197 5019 2324 5072 illud
2354 5035 2567 5089 corpus,
2611 5018 2690 5075 De
2717 5021 2905 5090 ﬁnibus
2941 5031 2990 5076 te
3008 5033 3095 5074 ται
3128 5023 3209 5076 ad.
3233 5033 3281 5077 te
3321 5024 3555 5093 clamosi,

1954 5127 2073 5163 cum
2122 5117 2388 5180 angeretur
2421 5127 2510 5164 cor
2552 5109 2770 5182 meum
2786 5110 2932 5167 Psal.
2965 5127 3059 5174 LX.
3103 5114 3185 5183 3).
3227 5113 3386 5169 Modo
3415 5116 3559 5170 enim

1956 5211 2266 5255 concretum
2308 5201 2492 5269 gentit,
2538 5203 2828 5256 discretum
2872 5203 3142 5272 gaudebit.
3171 5205 3379 5260 Clamet
3406 5221 3558 5276 ergo,

1957 5301 2012 5343 et
2033 5292 2213 5344 dicat:
2244 5289 2328 5344 Ne
2354 5291 2655 5360 compertius
2691 5294 3018 5363 cum‘impiis
3042 5296 3265 5349 animam
3298 5313 3478 5360 meum,
3514 5306 3560 5350 et

1956 5402 2070 5438 cum
2103 5385 2220 5438 uiris
2246 5386 2554 5456 sanguinum
2579 5385 2730 5438 vitam
2768 5401 2929 5440 meum
2951 5385 3130 5457 (Psal.
3165 5403 3290 5452 xxv,
3327 5387 3401 5460 9).
3441 5388 3559 5444 Non

1957 5477 2274 5546 contpcrdit,
2304 5479 2423 5545 quia
2472 5477 2606 5530 Deus
2629 5466 2791 5545 judex
2822 5489 2924 5533 est.
2948 5477 3157 5533 Clamet
3192 5481 3286 5544 illi,
3315 5490 3368 5534 ct
3393 5480 3558 5545 dicat,

1955 5569 2146 5623 Judica
2172 5587 2267 5629 me,
2300 5568 2512 5622 Domine
2531 5611 2545 5632 ,
2578 5580 2622 5623 et
2650 5569 2882 5624 discerne
2903 5587 3110 5625 causam
3135 5589 3294 5625 meam
3323 5573 3387 5626 de
3409 5583 3558 5643 gente

1957 5679 2058 5716 non
2079 5672 2254 5715 sancta
2281 5661 2450 5733 (I’sal.
2479 5677 2603 5724 xui,
2642 5662 2693 5732 1)
2723 5680 2736 5714 :
2767 5663 2938 5723 dicat.
2967 5663 3129 5719 faciet
3157 5665 3246 5721 ille
3281 5683 3294 5720 :
3326 5681 3556 5739 congre-

1995 5778 2041 5887 ἁ
2078 5783 2197 5825 ἰτεε
2228 5781 2334 5825 Mss.
2353 5812 2365 5832 .
2393 5781 2641 5826 conterens
2669 5783 2760 5826 :et
2797 5773 2937 5840 ίίςιιιιο
2961 5775 3098 5840 intra,
3121 5784 3333 5830 conterat
3366 5784 3416 5832 te
3449 5790 3562 5835 cum

2042 5851 2117 5887 ca.

1962 5851 2117 5899 pinea.
