3968 6328
491 388 592 444 5¹15

487 504 750 570 gabtmlttr
793 500 838 550 ei
866 499 995 567 justi
1034 495 1169 566 ejus.
1209 493 1428 550 Vocavit
1466 501 1686 554 terram,
1732 500 1790 545 ut
1811 490 2080 545 discernat

491 593 740 662 populum
767 606 942 645 suum.

561 683 643 737 id.
687 680 835 756 [vers.
865 678 943 753 7.]
981 679 1134 743 Audi,
1189 679 1408 750 papulus
1455 692 1614 740 meus,
1659 683 1705 728 et
1747 670 1925 744 laquar
1971 671 2077 726 tibi.

487 777 580 830 ille
607 775 696 844 qui
722 774 897 828 veniet
920 784 973 826 et
1003 789 1104 826 non
1128 771 1302 825 silebit
1327 813 1342 835 ,
1375 769 1551 824 videte
1576 766 1695 836 quia
1725 777 1775 821 et
1807 763 1965 820 modo
1989 803 2004 829 ,
2036 763 2079 817 si

485 865 716 928 auditis,
765 880 869 919 non
914 864 1033 919 silet
1076 881 1090 916 :
1141 862 1302 927 Audi,
1345 859 1560 929 populus
1612 874 1790 922 meus,
1828 865 1872 910 et
1904 858 2084 927 loquar

487 959 595 1011 tibi.
629 957 758 1012 Nam
787 957 832 1011 si
861 951 965 1010 non
983 953 1153 1014 audis.
1185 970 1289 1008 non
1323 954 1506 1022 loquar
1530 950 1640 1005 tibi.
1665 947 1800 1003 Audi
1826 957 1871 1002 et
1901 947 2082 1018 loquar

487 1048 595 1104 tibi;
628 1048 756 1104 Nam
789 1045 832 1102 si
859 1063 961 1103 nou
991 1045 1164 1110 audis,
1191 1045 1288 1099 etsi
1319 1043 1526 1112 loquar,
1569 1057 1675 1096 non
1709 1040 1822 1094 tibi.
1853 1037 2078 1104 Quando

483 1157 616 1212 ergo
639 1139 730 1194 tibi
759 1138 987 1209 loquar?
1011 1137 1065 1192 Si
1094 1136 1266 1191 audis.
1303 1133 1525 1204 Quando
1552 1131 1741 1187 audis?
1765 1133 1818 1187 Si
1851 1129 2078 1203 papulas

486 1248 639 1292 meus
665 1250 743 1291 es.
776 1233 912 1288 Audi
937 1231 1099 1296 enim,
1131 1231 1348 1301 populus
1374 1247 1513 1284 meus
1539 1245 1558 1282 :
1586 1241 1688 1282 noo
1709 1227 1884 1304 audis,
1913 1225 1956 1279 si
1986 1241 2082 1291 po-

490 1329 646 1398 pulus
681 1327 904 1383 alienus.
956 1325 1112 1390 Audi,
1175 1323 1394 1395 populus
1421 1339 1578 1384 meus,
1628 1332 1676 1375 et
1717 1321 1898 1391 loquar
1950 1319 2082 1382 tibi;

486 1421 673 1488 Israel,
703 1433 749 1477 et
784 1420 1088 1492 testiﬁcabor
1126 1420 1231 1473 tibi.
1256 1416 1436 1482 Israel,
1460 1416 1580 1471 audi
1608 1433 1622 1480 ;
1654 1414 1880 1485 pupulus
1907 1428 2079 1477 meus,

484 1513 628 1569 audi.
685 1512 845 1570 Israel
895 1528 1086 1568 nomen
1125 1508 1403 1568 electionis
1446 1515 1529 1564 est
1570 1525 1584 1561 :
1636 1503 1758 1560 Non
1806 1503 2078 1568 vocaberis,

488 1609 582 1670 ait,
611 1603 794 1671 Iacob,
823 1605 911 1658 sed
939 1600 1193 1658 vocaberis
1219 1597 1385 1656 Israel
1406 1596 1558 1670 (Gen.
1588 1612 1771 1664 xxxtt,
1792 1595 1909 1665 28).
1939 1594 2083 1664 Ergo

488 1695 612 1752 audi
651 1697 789 1752 sicut
833 1695 1014 1762 lsrael,
1059 1695 1195 1750 sicut
1237 1689 1425 1747 videns
1473 1690 1678 1754 Deum;
1708 1687 1808 1743 etsi
1847 1686 2083 1743 nondum

487 1789 690 1856 specie,
718 1786 811 1843 sed
837 1786 948 1858 jam
981 1785 1104 1843 fide.
1135 1785 1248 1841 lloc
1285 1781 1430 1840 enim
1475 1781 1854 1850 interpretatur
1895 1777 2082 1843 Israel,

491 1878 690 1934 Videns
738 1879 923 1933 Deum.
989 1876 1089 1946 Qui
1144 1875 1304 1931 habet
1356 1887 1515 1929 aures
1559 1870 1843 1935 audiendi,
1903 1868 2084 1924 audiat

491 1969 511 2038 ς
523 1967 705 2023 Matth.
740 1984 813 2033 ιιι,
846 1967 972 2040 15);
1013 1975 1067 2022 et
1094 1966 1182 2036 qui
1213 1962 1374 2020 habet
1398 1961 1584 2020 oculos
1609 1961 1856 2026 videndi,
1884 1960 2081 2017 videat.

499 2060 649 2125 Audi,
668 2057 856 2125 Israel,
897 2067 944 2113 et
983 2054 1290 2127 testiﬁcabor
1318 2054 1427 2109 tibi.
1473 2050 1627 2121 Quod
1673 2066 1884 2107 sursum
1927 2050 2081 2118 dixit,

495 2149 716 2224 populus
748 2163 923 2214 ntetts;
965 2147 1066 2205 hoc
1108 2149 1160 2203 in
1203 2145 1585 2217 consequenti,
1619 2142 1782 2201 lsrael
1815 2161 1835 2199 :
1863 2155 1916 2199 et
1941 2145 2085 2213 quod

495 2244 628 2297 dixit
651 2256 884 2300 sursum.
915 2240 1095 2311 loquar
1124 2237 1248 2304 tibi;
1292 2237 1394 2293 hoc
1419 2236 1471 2291 in
1501 2234 1874 2306 consequenti,
1903 2235 2083 2304 testi/i-

493 2333 645 2389 cabor
667 2333 772 2388 tibi.
803 2331 938 2404 Quid
967 2332 1212 2402 loquetur
1241 2330 1495 2385 Dominus
1527 2329 1664 2383 Deus
1686 2337 1867 2383 uoster
1889 2328 2085 2397 populo

490 2427 630 2483 suo?
658 2425 836 2481 lsracii
866 2441 964 2480 suo
987 2424 1112 2495 quid
1143 2421 1546 2478 testificabitur?
1573 2419 1862 2474 Audiamus
1887 2437 1900 2471 :
1925 2418 2078 2484 Deus,

496 2517 633 2575 Deus
653 2529 768 2573 tuus
791 2535 883 2589 ego
907 2533 1040 2571 sunt.
1075 2515 1214 2570 Deus
1241 2530 1340 2585 ego
1369 2528 1510 2579 sum,
1553 2519 1608 2566 et
1637 2511 1776 2566 Deus
1799 2519 1916 2565 tuus
1941 2524 2082 2564 sum.

493 2611 772 2679 Quomodo
799 2608 941 2664 Deus
962 2624 1052 2680 ego
1071 2623 1181 2663 sum
1199 2607 1225 2660 2
1249 2605 1400 2662 Sicut
1429 2604 1596 2676 Moysi
1618 2602 1815 2656 dictum
1839 2609 1941 2666 est,
1972 2600 2083 2672 Ego

491 2719 604 2757 sum
647 2703 730 2771 qui
775 2718 886 2756 sum
934 2699 1129 2771 (Exod.
1170 2713 1245 2762 ιιι,
1296 2697 1412 2768 ﬂ).
1455 2694 1736 2765 Quomodo
1783 2691 1924 2748 Deus
1966 2702 2084 2746 tuus

491 2793 644 2846 sum?
673 2792 783 2860 Ego
811 2806 929 2844 sum
958 2791 1096 2843 Deus
1121 2787 1410 2852 Abraham,
1434 2795 1490 2842 et
1511 2786 1650 2841 Deus
1675 2784 1843 2851 lsaac,
1866 2794 1919 2838 et
1944 2783 2084 2838 Deus

494 2883 681 2939 Jacoh.
710 2883 840 2938 Sum
869 2883 1028 2944 Deus,
1057 2889 1112 2936 et
1141 2889 1264 2934 tuus
1291 2894 1408 2933 sum
1437 2879 1576 2933 Deus
1604 2896 1620 2932 ι
1661 2886 1716 2932 et
1748 2877 1794 2931 si
1821 2885 1945 2931 tuus
1970 2890 2077 2930 non

493 2975 594 3030 sim
625 2974 782 3035 Deus.
811 2987 930 3027 sum
961 2971 1118 3026 Deus.
1149 2970 1299 3025 Bono
1326 2984 1446 3023 meo
1471 2983 1589 3024 sum
1617 2967 1792 3034 Dens,
1825 2966 1964 3022 malo
1993 2977 2084 3021 tuo

493 3082 598 3119 non
626 3081 743 3120 smn
776 3064 916 3118 Deus
943 3070 1081 3117 tuus.
1112 3060 1322 3117 Etenim
1348 3059 1492 3115 Deus
1516 3069 1652 3126 tuus,
1678 3060 1727 3114 ei
1755 3058 1970 3130 proprie
2003 3059 2086 3112 di-

491 3159 630 3212 citur
653 3171 810 3227 quem
838 3153 1149 3210 familiarius
1174 3154 1335 3207 habet
1363 3153 1521 3216 Deus,
1561 3161 1809 3220 tanquam
1837 3151 1890 3204 in
1927 3164 2083 3204 man-

489 3248 631 3318 cipio
677 3261 792 3311 suo,
823 3254 1069 3316 tanquam
1113 3245 1166 3300 in
1205 3244 1412 3314 peculio
1451 3257 1567 3297 suo.
1613 3240 1776 3308 Deus,
1801 3239 1942 3295 Deus
1966 3249 2085 3294 tuus

489 3357 604 3394 sum
630 3355 742 3410 ego.
769 3338 905 3407 Quid
937 3338 1015 3392 vis
1036 3336 1302 3407 amplius?
1329 3335 1613 3391 Praemium
1651 3334 1849 3403 qumvis
1887 3347 1917 3387 a
1949 3333 2078 3398 Deo,

491 3439 550 3486 ut
598 3429 797 3502 aliquid
833 3430 924 3486 tibi
966 3429 1057 3484 det
1088 3430 1246 3492 Deus,
1295 3437 1352 3482 ut
1394 3427 1536 3497 quod
1580 3425 1671 3481 tibi
1700 3423 1908 3481 dederit
1937 3435 2083 3480 tuum

491 3523 592 3578 sit?
623 3522 762 3578 Ecce
791 3522 906 3592 ipse
932 3522 1071 3576 Deus
1099 3521 1189 3591 qui
1231 3519 1396 3586 dabit,
1432 3527 1554 3574 tuus
1589 3525 1693 3572 est.
1725 3516 1862 3586 Quid
1899 3531 1965 3572 eo
1999 3517 2072 3570 di-

495 3617 600 3671 tius
629 3615 697 3668 ίτ
757 3615 902 3669 Dona
951 3614 1269 3683 quatrebas,
1321 3613 1494 3682 ipsum
1552 3611 1869 3667 donatorem
1896 3611 2082 3668 habes.

491 3704 651 3771 Deus,
681 3703 822 3760 Deus
847 3714 960 3759 tuus
984 3720 1075 3776 ego
1099 3719 1233 3758 sum.

565 3798 651 3852 l5.
695 3795 846 3869 [vers.
878 3793 956 3868 8.]
998 3794 1136 3864 Quid
1177 3794 1367 3865 quaerit
1410 3794 1480 3851 ab
1523 3793 1763 3860 homine,
1786 3794 2080 3850 videamus.

496 3890 634 3945 Deus
657 3897 860 3952 noster,
891 3888 1182 3957 imperator
1206 3896 1255 3942 et
1299 3903 1392 3940 rex
1421 3897 1607 3941 noster
1625 3926 1640 3950 ,
1673 3884 1813 3955 quod
1857 3884 2084 3956 vectigal

494 3982 649 4036 nobis
669 3980 889 4046 indicit;
919 3980 1167 4050 quoniam
1209 3978 1380 4032 voluit
1408 3993 1527 4033 esse
1553 3993 1648 4033 rex
1675 3985 1876 4040 noster,
1913 3986 1967 4032 et
1992 3993 2086 4032 vo-

495 4077 591 4130 luit
617 4091 712 4130 nos
737 4090 856 4130 esse
884 4074 1215 4145 provinciam
1237 4073 1428 4127 suam?
1447 4072 1742 4127 Audiamus
1768 4071 2084 4128 indictiones

491 4171 629 4239 ejus.
675 4169 791 4224 Non
819 4169 1050 4240 trepidet
1089 4183 1293 4241 pauper
1317 4169 1417 4223 sub
1447 4165 1736 4223 indictione
1767 4168 1861 4224 Dei
1893 4186 1908 4222 :
1940 4167 2084 4238 quod

492 4263 592 4316 sibi
635 4261 776 4316 Deus
812 4260 926 4315 dari
959 4257 1162 4322 indicit,
1195 4259 1310 4329 ipse
1354 4258 1500 4328 prius
1523 4257 1688 4311 donat
1725 4259 1815 4329 qui
1854 4257 2079 4313 indicit:

492 4368 587 4407 vos
613 4362 814 4406 tantum
851 4350 1029 4406 devoti
1053 4358 1246 4405 estote.
1274 4349 1390 4404 Non
1427 4348 1591 4418 exigit
1619 4349 1758 4404 Deus
1791 4349 1934 4419 quod
1976 4364 2081 4403 non

490 4444 660 4511 dedit,
688 4453 743 4501 et
773 4442 1024 4497 omnibus
1059 4441 1209 4497 dedit
1242 4440 1381 4511 quod
1421 4441 1602 4511 exigit.
1630 4441 1766 4507 Quid
1789 4441 1930 4495 enim
1966 4440 2083 4495 exi-

491 4537 610 4605 git?
638 4534 930 4589 Audiamus
953 4532 1064 4604 jam
1091 4550 1104 4586 :
1141 4531 1262 4586 Non
1291 4547 1443 4603 super
1468 4533 1720 4601 sacriﬁcia
1751 4540 1842 4584 tua
1870 4547 2082 4601 arguam

491 4637 554 4683 te.
585 4626 699 4680 Non
732 4626 826 4680 tibi
857 4625 1029 4680 dicam
1056 4641 1070 4677 :
1102 4610 1279 4691 Quare
1305 4638 1408 4677 nou
1439 4623 1566 4679 mihi
1596 4622 1843 4693 pinguem
1872 4631 2082 4677 taurmn

490 4717 774 4773 mactasti?
811 4731 980 4787 quare
1020 4731 1126 4769 non
1169 4714 1237 4768 de
1273 4729 1435 4784 grege
1473 4724 1563 4767 tuo
1589 4713 1848 4783 optimum
1876 4713 2083 4768 hircum

490 4806 738 4879 elegisti‘l
764 4823 929 4878 quare
951 4807 1091 4860 aries
1119 4806 1210 4861 ille
1237 4805 1473 4859 ambulat
1501 4805 1553 4858 iu
1580 4805 1768 4858 ovibus
1791 4803 1914 4869 tuis,
1947 4813 2000 4860 et
2028 4804 2083 4859 in

492 4915 583 4954 ara
609 4914 725 4956 mea
751 4914 856 4952 non
885 4896 1139 4967 ponitur?
1171 4895 1288 4951 Non
1310 4895 1482 4950 dicam
1508 4913 1521 4949 :
1559 4895 1766 4966 inspice
1785 4908 1941 4965 agros
1965 4904 2083 4949 tuos

491 5000 545 5045 et
583 4990 825 5044 chortem
869 4996 1034 5050 tuam,
1080 4996 1135 5041 et
1179 4986 1408 5055 parietes
1447 4996 1585 5050 tuos,
1627 4985 1918 5055 querendo
1955 4985 2082 5055 quid

495 5080 621 5132 mihi
658 5079 775 5134 des.
827 5076 950 5131 Non
985 5093 1137 5147 super
1175 5074 1424 5142 sacriﬁcia
1467 5086 1556 5129 tua
1581 5092 1797 5147 arguam
1835 5086 1902 5130 te.
1945 5076 2082 5145 Quid

492 5172 662 5240 ergo?
690 5169 802 5224 Non
825 5179 1074 5238 acceptas
1100 5165 1376 5222 sacriﬁci!
1389 5167 1542 5221 mea?
1575 5165 1892 5220 Ilolocausta
1915 5178 2080 5221 autent

492 5270 578 5315 tua
617 5262 669 5314 in
711 5269 982 5328 conspectu
1011 5275 1120 5312 meo
1161 5269 1276 5313 sunt
1317 5273 1530 5327 semper.
1579 5258 1896 5312 llolocausta
1935 5275 2082 5329 qum-

491 5351 636 5416 tlam,
657 5351 726 5405 de
751 5351 944 5422 quibus
969 5350 1020 5404 in
1051 5349 1156 5403 alio
1178 5350 1382 5419 psalmo
1405 5349 1619 5416 dicitur,
1652 5349 1714 5403 Si
1738 5351 1978 5405 voluisses
1997 5368 2084 5406 sa-

491 5443 761 5511 criﬁcium,
802 5440 1049 5496 dedissem
1088 5442 1290 5510 utique;
1334 5441 1641 5496 holocaustis
1670 5458 1772 5495 non
1798 5441 2079 5496 delectabe-

493 5536 567 5588 ris
598 5549 615 5587 :
643 5542 697 5588 et
740 5545 923 5586 rursus
962 5533 1227 5587 convertit
1269 5548 1348 5595 se.
1387 5533 1709 5600 Sacriﬁcium
1733 5532 1848 5588 Deo
1872 5534 2081 5603 spiritus

492 5625 896 5689 contribulatus;
935 5639 1021 5677 cor
1049 5625 1317 5679 contritum
1354 5635 1399 5677 ct
1441 5625 1765 5678 humiliatum
1802 5623 1944 5678 Deus
1971 5642 2073 5679 non

497 5770 573 5888 ut
611 5770 704 5866 $1.:
730 5761 850 5826 Qtts'd
888 5771 947 5812 eo
966 5758 1196 5812 dulcius?
1218 5761 1423 5811 llelioris
1465 5769 1590 5810 uoce
1624 5769 1752 5811 uss:
1777 5758 1899 5821 Quid
1931 5767 1976 5811 te
2001 5761 2078 5811 cli-

571 5843 628 5883 s.

571 5843 628 5883 82

1734 378 1792 433 S.
1836 374 2195 432 AUGUSTINI
2241 374 2538 430 tPlSCOPl

3638 385 3640 388 ’
3676 379 3777 436 576

2191 491 2399 556 spernit.
2430 487 2556 554 Qua:
2584 496 2705 542 sunt
2736 504 2863 560 ergo
2898 488 3199 545 holocausta
3229 506 3348 561 qua:
3386 507 3490 546 non
3529 495 3776 563 spernit?

2190 581 2318 646 Quae
2349 580 2652 636 holocausta
2684 579 2801 652 qua:
2825 583 2874 636 in
2902 594 3188 653 conspectu
3217 583 3332 655 ejus
3359 596 3483 640 sunt
3510 587 3772 655 semper?

2189 669 2430 740 Benigne,
2448 672 2633 741 inquit,
2652 676 2753 742 (ac,
2769 672 3003 736 Domine,
3019 677 3071 728 in
3090 675 3218 728 bona
3235 674 3488 730 voluntate
3508 685 3596 730 tua
3620 677 3771 740 Stou,

2189 773 2237 818 et
2264 764 2575 832 atdiﬁcentur
2601 767 2733 820 nturi
2758 764 3040 822 Jerusalem
3068 785 3086 823 :
3117 778 3234 822 tunc
3259 771 3542 838 acceptabis
3572 771 3774 836 sacri/lc

2189 855 2321 908 cium
2336 855 2552 926 justitia:
2579 857 2851 912 oblationes
2879 869 2925 911 et
2955 858 3249 913 holocausta
3277 858 3447 930 (Psal.
3471 877 3522 926 ι..
3553 861 3718 916 1831
3735 867 3772 929 ).

2191 946 2327 1003 Dicit
2345 1023 2348 1026 ῃ
2367 949 2608 1018 qumdam
2651 948 2962 1005 holocausta
2994 951 3158 1006 Deum
3186 963 3607 1024 acceptaturum.
3633 955 3773 1024 Quid

2189 1051 2270 1096 est
2309 1051 2487 1097 autem
2529 1040 2932 1098 holocaustum?
2978 1043 3168 1100 Totum
3217 1047 3339 1116 igne
3391 1047 3774 1118 absumptum:

2189 1137 2350 1197 καῦσις
2377 1136 2613 1191 incensio
2634 1146 2733 1202 est,
2774 1143 2879 1192 ὅλον
2918 1148 3086 1193 ιοιιιιιι
3114 1148 3195 1193 cst
3226 1157 3240 1192 :
3278 1128 3651 1202 holocaustum
3677 1156 3772 1194 au-

2192 1237 2297 1282 tem
2328 1239 2410 1284 est
2457 1238 2622 1285 totum
2669 1233 2788 1300 igne
2832 1231 3193 1301 absumptum.
3245 1231 3344 1286 Est
3379 1233 3594 1304 quidam
3641 1233 3779 1303 ignis

2190 1317 2612 1391 ﬂagrantissimae
2651 1321 2971 1379 cbaritatis:
3010 1324 3220 1378 animus
3261 1322 3619 1380 iullammetur
3645 1326 3776 1380 cha.

2191 1409 2385 1476 ritate,
2438 1411 2657 1482 arripiat
2711 1412 2898 1468 eadem
2947 1413 3180 1471 charitas
3223 1416 3462 1470 membra
3514 1415 3564 1469 iu
3621 1430 3775 1469 usum

2189 1517 2342 1556 suum
2367 1543 2383 1568 ,
2431 1517 2535 1556 non
2564 1517 2628 1558 ea
2656 1503 2930 1574 permittat
2957 1505 3184 1560 militare
3213 1505 3508 1576 cupiditati,
3550 1515 3609 1578 ut
3633 1516 3778 1562 totus

2190 1592 2502 1649 exardeseat
2549 1594 2670 1665 igne
2709 1595 2908 1650 amoris
2931 1596 3100 1651 divini
3139 1597 3228 1667 qui
3271 1598 3384 1653 vult
3427 1597 3626 1656 offerre
3665 1599 3779 1656 Deo

2189 1683 2576 1741 holocaustum.
2620 1685 2767 1742 Talia
2817 1687 3112 1742 holocausta
3152 1699 3242 1743 tua
3268 1689 3321 1743 in
3361 1699 3634 1760 conspectu
3668 1707 3779 1744 meo

2188 1788 2305 1834 sunt
2329 1795 2543 1844 semper.

2263 1871 2349 1927 lli.
2391 1867 2542 1944 [vcrs.
2569 1868 2653 1946 9.]
2689 1870 2879 1927 Adhuc
2903 1871 3003 1928 iste
3030 1872 3192 1928 lsracl
3229 1869 3367 1930 forte
3400 1888 3504 1928 non
3532 1873 3778 1945 intelligit

2189 1975 2307 2031 qua:
2335 1960 2638 2016 holocausta
2666 1961 2784 2032 ejus
2810 1961 2862 2016 in
2890 1971 3181 2032 conspectu
3202 1979 3300 2019 suo
3327 1963 3520 2020 habeat
3542 1980 3775 2036 semper,

2187 2063 2243 2110 et
2267 2053 2440 2109 adhuc
2465 2054 2532 2110 de
2561 2053 2751 2120 bubus,
2785 2052 2852 2110 de
2875 2054 3082 2118 ovibus,
3114 2055 3180 2110 de
3210 2054 3372 2110 hircis
3397 2057 3594 2125 cogitat
3622 2075 3638 2111 :
3669 2073 3777 2111 non

2188 2146 2418 2215 cogitet;
2450 2145 2571 2200 Non
2593 2146 2841 2216 accipiam
2863 2145 2926 2199 de
2945 2145 3096 2200 domo
3117 2157 3202 2200 tua
3228 2147 3430 2202 vitulos.
3459 2148 3776 2205 Holocausta

2190 2237 2494 2303 nominavi;
2519 2237 2628 2307 jam
2654 2238 2832 2292 animo
2862 2245 2917 2293 et
2940 2239 3259 2308 cogitatione
3283 2239 3350 2296 ad
3379 2248 3620 2296 terrenos
3652 2239 3776 2314 gne-

2188 2342 2282 2398 ges
2304 2329 2579 2394 currebas,
2610 2327 2732 2384 inde
2754 2329 2948 2402 pingue
2969 2330 3097 2383 mihi
3124 2330 3321 2400 aliquid
3349 2331 3581 2404 eligebas
3605 2351 3618 2386 :
3655 2333 3776 2388 Non

2190 2419 2435 2489 accipiam
2463 2419 2526 2474 de
2567 2419 2716 2474 domo
2745 2429 2831 2473 tua
2861 2420 3064 2475 vitulos.
3098 2421 3425 2478 Prasnuntiat
3466 2423 3780 2480 Testamcnc

2191 2520 2300 2564 tum
2330 2525 2544 2575 navum,
2576 2511 2663 2565 ubi
2702 2512 2880 2566 omnia
2907 2511 2993 2566 illa
3028 2513 3288 2567 sacriﬁcia
3319 2523 3496 2570 vetera
3525 2531 3776 2572 cessavc-

2189 2607 2332 2655 runt.
2361 2599 2528 2654 Erant
2559 2600 2702 2655 enim
2745 2609 2870 2656 tunc
2899 2601 3306 2671 przenuntiantia
3334 2602 3568 2659 futurum
3603 2610 3775 2676 quod-

2188 2686 2310 2742 dam
2341 2688 2684 2757 sacriﬁcium,
2724 2692 2876 2760 cujus
2917 2693 3175 2762 sanguine
3217 2693 3617 2750 mundaremur.
3657 2696 3779 2751 Non

2187 2781 2434 2852 accipiam
2469 2782 2534 2837 de
2561 2783 2709 2838 domo
2752 2794 2839 2838 tua
2875 2784 3078 2853 vitulos,
3107 2801 3266 2854 neque
3303 2786 3367 2842 de
3404 2789 3637 2860 gregibus
3679 2796 3777 2846 tuis

2187 2872 2372 2930 ltircos.

2262 2967 2348 3021 Π.
2390 2964 2540 3040 [vers.
2571 2965 2685 3041 10.]
2728 2967 2982 3035 Quoniam
3005 2985 3130 3026 mete
3151 2980 3267 3024 sunt
3296 2988 3468 3026 omnes
3491 2972 3662 3028 bestia:
3686 2974 3780 3029 sil-

2188 3073 2281 3113 va.
2312 3057 2451 3127 Quid
2480 3074 2511 3112 a
2542 3067 2593 3115 te
2616 3075 2852 3130 qumram
2879 3061 3020 3131 quod
3045 3077 3144 3133 ego
3164 3062 3414 3118 condidi?
3436 3064 3671 3136 Magisne
3693 3078 3780 3122 εει

2189 3147 2292 3206 hoc
2320 3160 2466 3205 tuum
2493 3151 2577 3206 cui
2610 3151 2882 3220 possidere
2907 3150 3028 3208 dedi
3053 3194 3070 3219 ,
3111 3169 3272 3224 quam
3303 3171 3480 3211 meum
3508 3158 3596 3226 qui
3638 3159 3778 3213 feci?

2191 3242 2441 3310 Quoniam
2478 3257 2603 3298 mea:
2641 3252 2759 3298 sunt
2796 3260 2969 3299 omnes
3006 3245 3175 3300 bestia:
3202 3245 3364 3307 sileat.
3397 3246 3500 3303 Sed
3528 3247 3667 3306 forte
3705 3251 3780 3305 ait

2190 3335 2278 3389 ille
2303 3333 2487 3399 lsrael,
2511 3335 2704 3390 Bestiae
2732 3336 2826 3391 Dei
2855 3346 3000 3402 sunt,
3029 3336 3134 3392 illa:
3157 3338 3340 3394 bestia:
3360 3338 3489 3394 fera:
3509 3355 3640 3411 quas
3664 3357 3774 3398 non

2189 3425 2402 3482 includo
2443 3428 2494 3481 in
2539 3427 2726 3484 chorte
2757 3444 2872 3484 mea
2895 3469 2915 3497 ,
2958 3445 3090 3501 quas
3121 3445 3226 3486 non
3253 3431 3414 3503 alligo
3440 3433 3508 3488 ad
3539 3450 3780 3506 praesepe

2188 3538 2364 3580 meum
2390 3539 2404 3580 :
2435 3531 2687 3580 czcterum
2718 3524 2814 3578 bos
2840 3525 2928 3579 ille
2955 3533 3010 3579 et
3049 3525 3163 3581 ovis
3192 3536 3248 3581 et
3274 3525 3474 3594 hircus,
3503 3544 3621 3585 mea
3653 3539 3780 3585 sunt

2188 3615 2324 3671 haec.
2374 3615 2569 3670 Pecora
2593 3618 2646 3669 in
2672 3613 2926 3671 montibus
2950 3625 2994 3672 et
3022 3614 3186 3673 boves.
3220 3616 3332 3674 Mea
3375 3628 3501 3675 sunt
3543 3619 3628 3674 illa
3659 3637 3780 3693 quae.

2189 3722 2293 3761 non
2338 3707 2576 3775 possides
2598 3750 2613 3772 ,
2643 3723 2760 3763 mea
2792 3718 2916 3763 sunt
2957 3711 3054 3764 ista
3084 3725 3203 3780 qua:
3233 3709 3499 3780 possides.
3536 3712 3592 3768 Si
3633 3713 3777 3768 enim

2187 3811 2378 3852 servus
2403 3814 2554 3853 meus
2580 3814 2640 3854 es
2669 3807 2722 3852 tu
2743 3841 2757 3861 ,
2791 3809 2959 3854 totum
2992 3802 3258 3870 peculium
3285 3810 3436 3857 tuum
3466 3818 3643 3858 meum
3672 3816 3776 3861 est.

2187 3889 2370 3961 Neque
2411 3890 2555 3946 enim
2602 3899 2686 3945 est
2723 3893 2989 3962 peculium
3018 3893 3230 3949 Domini
3273 3895 3416 3965 quod
3445 3896 3544 3952 sibi
3586 3913 3779 3954 servus

2187 3987 2547 4053 comparavit,
2579 3993 2633 4038 et
2661 3999 2769 4038 non
2807 3985 2913 4039 erit
2946 3986 3214 4054 peculium
3253 3986 3463 4041 Domini
3490 3988 3634 4058 quod
3663 3989 3777 4058 ipse

2188 4076 2444 4130 Dominus
2464 4093 2622 4131 servo
2654 4077 2877 4132 creavit.
2902 4076 3045 4148 Ergo
3076 4091 3211 4133 mea:
3245 4086 3372 4133 sunt
3405 4079 3592 4134 bestia:
3627 4081 3779 4136 silva:

2187 4185 2318 4240 quas
2347 4180 2401 4223 tu
2432 4185 2534 4224 non
2562 4169 2750 4239 cepisti
2775 4186 2789 4234 ;
2818 4184 2935 4224 mea
2959 4179 3084 4225 sunt
3105 4179 3162 4225 et
3194 4185 3383 4241 pecora
3413 4170 3465 4224 in
3497 4174 3772 4227 montibus

2187 4277 2305 4331 qum
2334 4272 2456 4316 sunt
2486 4271 2572 4315 tua
2592 4304 2607 4328 ,
2648 4270 2703 4316 et
2740 4261 2904 4317 boves
2932 4262 3022 4332 qui
3066 4272 3191 4317 sunt
3213 4262 3278 4317 ad
3311 4277 3551 4334 praesepe
3580 4273 3730 4320 tuum
3761 4283 3774 4318 :

2187 4354 2364 4408 omnia
2397 4369 2512 4408 mea
2543 4363 2689 4419 sunt,
2713 4354 2834 4422 quia
2864 4368 2964 4424 ego
2991 4355 3168 4410 creavi
3194 4369 3279 4409 ea.

2259 4445 2347 4500 18.
2388 4443 2540 4517 [vers.
2585 4443 2698 4517 il.]
2735 4443 2956 4515 Cognovi
2991 4445 3161 4498 omnia
3200 4445 3422 4499 volatilia
3460 4444 3594 4499 caeli.
3630 4445 3778 4514 Quo-

2187 4536 2346 4591 modo
2371 4535 2657 4606 cognovit?
2697 4536 2986 4605 Appeudit,
3027 4537 3342 4589 numeravit.
3371 4536 3502 4603 Quis
3536 4547 3778 4591 nostrum

2187 4629 2333 4683 novit
2359 4628 2538 4681 omnia
2578 4626 2809 4681 volatilia
2851 4626 3013 4681 coeli?
3048 4625 3153 4699 Sed
3190 4627 3287 4681 etsi
3329 4627 3485 4682 alicui
3523 4626 3663 4681 Deus
3690 4628 3783 4682 det

2188 4719 2428 4773 notitiam
2459 4717 2695 4771 omnium
2725 4717 3017 4772 volatilium
3049 4718 3192 4782 caeli,
3226 4734 3331 4772 non
3358 4719 3437 4772 sic
3467 4719 3581 4788 ipse
3609 4721 3778 4786 novit,

2186 4821 2246 4866 ut
2269 4811 2358 4864 dat
2385 4824 2543 4865 nosse
2571 4809 2793 4864 homini.
2835 4809 2955 4863 Alia
2995 4817 3078 4863 est
3118 4809 3303 4882 notitia
3329 4809 3445 4876 Dei,
3471 4811 3571 4864 alia
3603 4809 3779 4866 homi-

2187 4902 2311 4956 nis:
2348 4900 2486 4954 sicut
2510 4901 2611 4955 alia
2639 4900 2907 4970 possessio
2953 4901 3085 4968 Dei,
3123 4901 3226 4954 alia
3258 4901 3524 4968 immittis;
3569 4903 3622 4957 id
3661 4913 3780 4967 est,

2186 4993 2328 5048 aliud
2355 5001 2437 5047 est
2462 4991 2738 5063 possidere
2773 4992 2888 5059 Dei,
2912 4994 3054 5047 aliud
3082 4993 3355 5064 possidere
3379 4993 3630 5050 hominis.
3663 4993 3780 5050 Non

2187 5085 2329 5140 enim
2357 5093 2411 5139 tu
2441 5084 2580 5155 quod
2611 5083 2873 5155 possides,
2901 5093 3068 5140 totum
3097 5086 3264 5142 habes
3291 5088 3342 5141 in
3375 5095 3659 5157 potestate,
3688 5102 3779 5144 aut

2187 5177 2438 5248 quamdiu
2465 5177 2609 5231 vivat
2649 5176 2747 5232 bos
2776 5185 2898 5231 tuus
2937 5176 2987 5230 in
3022 5186 3107 5230 tua
3138 5185 3402 5247 potestate
3441 5189 3519 5233 est
3545 5221 3561 5246 ,
3601 5192 3696 5234 aut
3727 5192 3780 5234 ut

2188 5285 2292 5324 non
2319 5277 2522 5339 pereat,
2545 5278 2637 5323 aut
2664 5283 2770 5324 non
2796 5279 3064 5338 pascatur.
3087 5269 3240 5339 Apud
3264 5286 3422 5340 quem
3448 5285 3655 5326 summa
3682 5290 3779 5342 pc-

2188 5371 2352 5417 testas
2379 5370 2482 5424 est,
2509 5375 2718 5416 summa
2747 5351 2809 5415 et
2836 5371 3040 5416 secreta
3064 5360 3297 5429 cognitio
3325 5370 3428 5417 est.
3455 5363 3780 5420 Tribuamus

2189 5453 2292 5507 hoc
2337 5453 2465 5517 Deo,
2516 5452 2794 5508 laudantes
2833 5453 3020 5507 Deum.
3069 5453 3185 5507 Non
3213 5454 3500 5510 audeamus
3535 5457 3714 5512 dicere
3768 5475 3782 5510 .-

2186 5545 2468 5613 Quomodo
2508 5547 2655 5601 novit
2697 5547 2875 5602 Deus?
2914 5546 2993 5603 Ne
3032 5545 3171 5603 forte
3215 5548 3315 5602 hoc
3352 5563 3380 5602 a
3415 5564 3524 5616 me,
3562 5549 3771 5614 fratres,

2186 5639 2512 5708 exspectetis
2565 5649 2622 5694 ut
2668 5641 2929 5710 explicem
2979 5639 3128 5696 vobis
3172 5641 3442 5712 quomodo
3493 5653 3776 5712 cognoscat

2187 5731 2362 5792 Deus;
2397 5730 2498 5785 hoc
2521 5731 2694 5786 solum
2729 5732 2851 5788 dico
2892 5751 2904 5786 :
2937 5749 3042 5788 non
3069 5735 3148 5789 sic
3174 5737 3444 5804 cognoscit
3481 5747 3536 5789 ut
3580 5737 3774 5803 homo,

2187 5832 2292 5874 non
2324 5824 2400 5876 sic
2427 5822 2702 5892 cognoscit
2729 5834 2785 5876 ut
2818 5824 3074 5894 angelus;
3107 5835 3157 5880 et
3189 5827 3456 5894 quomodo
3483 5831 3768 5896 cognoscit.
