3968 6406
187 446 279 502 1177

187 562 361 619 dicere
409 576 516 617 non
559 558 755 624 audeo,
803 556 1054 630 quoniam
1096 566 1152 613 et
1190 556 1331 613 scire
1380 572 1485 612 non
1530 569 1769 627 possum.

192 654 357 711 Unum
392 662 570 707 tamen
615 651 765 716 scio,
796 647 919 720 quia
951 658 1005 704 et
1042 657 1327 719 antequam
1372 656 1555 704 essent
1596 648 1773 701 omnia

189 744 413 800 volatilia
462 742 607 809 ccli,
654 749 883 796 noverat
924 739 1064 795 Deus
1101 738 1243 810 quod
1280 739 1448 795 fuerat
1477 750 1771 795 creaturas.

178 839 310 908 Quae
333 848 417 894 est
442 836 531 892 illa
556 835 782 891 notitia?
807 832 851 890 Ο
877 834 1057 901 homo,
1081 833 1263 889 videre
1288 833 1495 905 cmpisti
1523 832 1773 898 volatilia,

191 937 369 1003 postea
398 944 555 1000 quam
601 927 891 997 plasmatus
919 940 1013 992 es,
1046 934 1229 995 postea
1259 940 1417 995 quam
1449 938 1663 979 sensum
1695 925 1774 978 vi-

189 1023 343 1077 dendi
385 1020 658 1091 accepisti.
691 1019 817 1075 11ωο
856 1018 1091 1074 volatilia
1132 1016 1198 1074 de
1228 1033 1362 1089 aqua
1408 1028 1526 1072 nata
1558 1025 1681 1071 sunt
1710 1017 1776 1071 ad

190 1092 409 1168 verbum
441 1113 557 1179 Dei,
586 1111 854 1166 dicentis:
886 1107 1181 1163 Producant
1204 1124 1349 1180 aquae
1373 1106 1601 1161 volatilia
1623 1106 1772 1176 (Gen.

190 1224 223 1269 ι,
251 1206 363 1277 20).
396 1205 497 1261 Ubi
527 1213 745 1260 noverat
769 1204 907 1259 Deus
927 1218 1047 1274 quae
1079 1201 1377 1272 imperabat
1408 1211 1461 1255 ut
1488 1216 1621 1271 aqua
1650 1215 1775 1270 pro-

192 1297 388 1352 ferret!
418 1296 533 1351 Jam
560 1306 705 1351 certe
730 1302 951 1349 neverat
973 1293 1117 1364 quod
1138 1280 1385 1353 crearat,
1417 1302 1469 1347 et
1494 1300 1774 1361 antequam

188 1396 395 1441 Crearct
423 1396 665 1440 noverat.
694 1385 860 1439 Tanta
891 1393 975 1439 est
1001 1398 1131 1453 ergo
1168 1382 1352 1439 notitia
1386 1382 1511 1448 Dei,
1555 1392 1611 1437 ut
1637 1382 1775 1451 apud

190 1479 360 1547 ipsum
384 1487 564 1532 essent
585 1477 815 1547 quodam
839 1475 1089 1531 ineffabili
1113 1474 1272 1528 modo
1292 1484 1573 1543 antequam
1599 1483 1775 1527 creata

187 1580 403 1623 essent:
429 1579 484 1622 et
520 1583 549 1621 a
581 1573 634 1621 te
669 1575 947 1636 exspectat
975 1574 1033 1619 ut
1058 1565 1283 1633 accipiat
1312 1564 1453 1633 quod
1492 1572 1776 1631 antequam

186 1670 397 1716 crearet
424 1660 692 1716 habebat?
721 1657 939 1731 Cognovi
966 1660 1135 1712 omnia
1160 1658 1383 1711 volatilia
1406 1656 1517 1709 coeli
1536 1698 1550 1720 ,
1583 1672 1699 1725 qua:
1724 1666 1777 1707 tu

189 1756 317 1810 mihi
351 1770 457 1809 non
501 1763 655 1827 potes
690 1751 839 1807 dare.
878 1751 1008 1819 Qua:
1048 1759 1102 1805 tu
1143 1748 1273 1803 mihi
1318 1756 1646 1803 mactaturus
1690 1762 1770 1814 es,

188 1862 288 1917 ego
316 1845 537 1916 cognovi
565 1842 743 1899 omnia
769 1859 783 1897 :
817 1857 925 1898 non
951 1840 1074 1913 quia
1101 1839 1197 1897 feci
1222 1838 1467 1911 cognovi,
1498 1836 1592 1894 sed
1620 1847 1675 1891 ut
1702 1836 1779 1892 fa—

187 1952 389 1993 cerem.
435 1933 505 1990 Et
549 1936 739 2007 species
774 1934 885 2007 agri
923 1949 1119 1989 mecum
1149 1943 1241 1988 est.
1271 1932 1618 1989 Pulchritudo
1643 1930 1776 2003 agri,

189 2027 405 2085 ubertas
442 2029 681 2081 omnium
708 2026 761 2080 in
790 2033 929 2081 terra
960 2022 1312 2095 gignentium,
1342 2038 1535 2076 mecum
1566 2031 1658 2085 est,
1694 2021 1778 2077 ln-

186 2120 324 2186 quit.
347 2117 625 2187 Quomodo
651 2133 771 2174 cum
794 2117 916 2173 illo?
946 2116 1133 2174 Utrum
1155 2127 1210 2173 et
1237 2126 1522 2189 antequam
1555 2114 1781 2172 flerent?

188 2211 320 2266 Cum
354 2211 443 2266 illo
472 2210 617 2267 enim
648 2218 802 2266 crant
828 2209 1005 2264 omnia
1034 2207 1206 2264 futura
1226 2249 1242 2275 ,
1281 2217 1334 2264 et
1371 2222 1491 2263 cum
1521 2206 1614 2264 illo
1656 2218 1780 2265 sunt

187 2303 370 2359 omnia
401 2301 669 2374 praiterita
714 2317 728 2356 :
766 2300 943 2357 futura
977 2300 1046 2357 ita
1068 2343 1080 2367 ,
1114 2309 1173 2356 ut
1202 2315 1306 2355 non
1348 2300 1395 2356 ei
1436 2298 1783 2355 detrahantur

188 2394 367 2450 omnia
415 2395 704 2466 praeterita.
760 2393 897 2449 Cum
941 2392 1032 2449 illo
1074 2402 1199 2448 sunt
1247 2392 1424 2448 omnia
1478 2391 1781 2463 cognitiozue

188 2489 420 2559 quadam
453 2487 734 2543 ittell'abilis
753 2486 1038 2556 Sapientia!
1068 2486 1161 2541 Del
1189 2487 1242 2541 in
1266 2484 1443 2541 Verbo
1466 2484 1778 2551 constituta,

186 2590 246 2637 et
284 2581 459 2652 ipsum
492 2579 726 2636 Verbum
756 2582 771 2612 ί
801 2580 999 2635 omnia.
1034 2578 1117 2636 An
1156 2578 1331 2649 aliquo
1358 2576 1515 2635 modo
1539 2592 1659 2633 cum
1693 2577 1783 2633 illo

188 2684 274 2729 est
303 2672 416 2744 agri
442 2672 670 2744 species,
708 2671 827 2743 quia
860 2671 970 2741 ipse
1001 2670 1197 2741 ubique
1224 2678 1326 2734 est,
1368 2678 1422 2721 et
1461 2668 1574 2735 ipse
1600 2666 1734 2720 dixit
1766 2684 1779 2719 :

191 2766 387 2822 Caelum
414 2773 457 2820 et
489 2774 673 2818 terram
700 2779 789 2834 ego
829 2761 1013 2831 impleo
1039 2760 1268 2831 (Jerem.
1304 2775 1452 2824 χχιιι,
1478 2757 1621 2829 24)ἶ²
1647 2758 1783 2825 Quid

190 2874 315 2911 trum
350 2856 445 2912 1110
476 2870 580 2911 non
609 2862 709 2920 est,
740 2853 807 2910 de
836 2868 942 2925 quo
964 2852 1159 2909 dicitur
1186 2868 1200 2904 :
1228 2850 1289 2907 Si
1312 2850 1582 2904 ascendere
1612 2852 1662 2903 iu
1689 2867 1779 2903 cae.

190 2952 338 3015 lunt,
388 2958 442 3003 tu
476 2946 580 3001 illic
620 2962 709 3013 es,
742 2954 786 3000 et
814 2946 859 3001 si
908 2942 1209 3000 descendere
1251 2944 1303 2995 in
1342 2941 1626 3011 infernum,
1667 2944 1786 2996 ades

191 3038 369 3111 (Psal.
397 3053 657 3103 cxxxvm,
696 3034 791 3109 8)?
820 3036 950 3092 Cum
983 3034 1076 3090 illo
1102 3043 1184 3091 est
1214 3042 1381 3089 totum
1414 3051 1425 3084 :
1451 3034 1543 3088 sed
1576 3050 1680 3087 non
1711 3036 1788 3088 sic

191 3146 318 3187 cum
347 3128 437 3184 illo
462 3138 565 3188 est.
592 3137 649 3183 ut
667 3127 899 3199 aliquam
930 3141 998 3183 ex
1028 3126 1110 3181 his
1138 3140 1258 3197 qua:
1283 3126 1484 3181 creavit
1511 3126 1787 3195 contagio-

194 3238 345 3291 nem,
370 3232 461 3277 aut
481 3236 667 3278 eorum
695 3219 1040 3291 indigentiam
1072 3219 1323 3290 patiatur.
1347 3217 1477 3272 Nam
1509 3227 1682 3272 tecum
1708 3227 1790 3272 est

197 3314 339 3371 forte
364 3312 610 3368 columna
632 3311 783 3383 juxta
810 3325 966 3382 quam
998 3320 1128 3376 stas,
1153 3317 1208 3365 et
1233 3323 1353 3365 cum
1397 3308 1642 3378 fatigatus
1672 3308 1789 3362 fue-

196 3408 295 3471 ris,
326 3405 590 3462 incumbis
618 3405 669 3460 in
698 3418 839 3460 eam.
859 3401 1068 3474 Indiges
1095 3416 1162 3457 eo
1190 3400 1331 3473 quod
1358 3410 1533 3457 tecum
1554 3409 1656 3467 est,
1683 3416 1787 3454 non

197 3498 404 3568 indiget
443 3495 584 3551 Deus
619 3509 749 3567 agro
786 3494 877 3565 qui
914 3507 1035 3548 cum
1075 3491 1169 3548 illo
1205 3499 1309 3548 est.
1338 3491 1472 3546 Cum
1512 3492 1604 3547 1110
1640 3506 1786 3562 ager,

195 3606 323 3647 cum
349 3590 439 3644 illo
466 3588 675 3661 species
699 3596 875 3655 terrae,
898 3600 1019 3643 cum
1045 3585 1138 3641 illo
1163 3584 1369 3657 species
1388 3585 1508 3641 cmli
1523 3600 1675 3648 ,cum
1699 3584 1792 3639 illo

196 3683 382 3738 omnia
432 3680 699 3747 volatilia,
744 3679 868 3750 quia
914 3678 1027 3749 ipse
1068 3677 1286 3749 ubique.
1332 3675 1403 3732 Et
1446 3687 1611 3748 quare
1650 3675 1792 3746 apud

199 3777 376 3847 ipsum
415 3773 636 3829 omnia?
671 3772 805 3841 Quia
845 3778 899 3828 et
929 3779 1212 3841 antequam
1248 3777 1430 3827 esseut
1465 3769 1669 3835 omnia,
1702 3777 1794 3825 aut

198 3875 537 3930 crearentur,
560 3864 608 3920 ei
633 3873 757 3919 nota
777 3869 931 3919 erant
950 3860 1148 3917 omnia.

275 3957 366 4013 19.
410 3954 569 4029 [verm
614 3952 725 4027 {2.}
764 3954 894 4022 Quis
935 3952 1205 4024 explicat,
1244 3951 1365 4024 quis
1401 3952 1620 4023 exponit
1662 3951 1794 4008 illud

199 4047 347 4118 quod
397 4047 447 4102 ei
494 4046 689 4102 dicitur
733 4045 784 4099 in
829 4043 935 4099 alio
977 4043 1204 4114 psalmo,
1252 4042 1504 4109 Quoniam
1550 4044 1796 4099 bonorum

201 4154 432 4195 meorum
461 4154 559 4192 non
584 4153 697 4209 eges
723 4135 894 4209 (Psal.
926 4147 1019 4199 xv,
1045 4134 1142 4207 2)?
1170 4133 1287 4189 Non
1314 4148 1372 4189 se
1398 4149 1556 4207 egere
1580 4149 1610 4189 a
1642 4134 1797 4190 nobis

202 4233 388 4302 aliquo
429 4230 733 4285 necessario
774 4226 929 4285 dixit.
976 4225 1037 4283 Si
1068 4224 1323 4292 esuriero,
1362 4241 1463 4280 non
1493 4226 1659 4280 dicant
1686 4226 1793 4280 tibi.

201 4323 323 4379 Non
353 4321 574 4386 esuriet,
599 4334 773 4391 neque
797 4319 961 4385 sitiet,
988 4332 1159 4387 neque
1188 4316 1468 4386 laborabit,
1497 4332 1671 4389 neque
1696 4317 1795 4373 ob-

201 4415 442 4470 dormiet
465 4412 555 4483 qui
584 4410 818 4468 custodit
845 4410 1006 4465 Israel
1033 4408 1220 4483 (Psal.
1252 4423 1381 4475 cxx,
1410 4408 1445 4464 ι
1469 4411 1507 4479 ).
1539 4407 1643 4464 Sed
1672 4422 1800 4463 ecce

201 4504 504 4561 secundum
548 4502 916 4558 carnalitatem
952 4511 1095 4556 tuam
1130 4500 1325 4572 loquor
1366 4516 1381 4555 :
1423 4500 1545 4571 quia
1580 4508 1635 4554 tu
1675 4513 1799 4554 cum

204 4615 316 4655 non
365 4595 795 4660 manducaveris,
842 4592 1037 4649 famem
1084 4592 1329 4663 patieris,
1374 4590 1513 4646 forte
1548 4601 1703 4661 putas
1746 4600 1801 4646 et

208 4693 379 4746 Deum
430 4688 635 4743 esurire
665 4697 722 4741 ut
756 4684 1062 4740 manducet.
1095 4681 1213 4739 Etsi
1253 4681 1535 4746 esurierit,
1569 4697 1675 4735 non
1708 4681 1799 4735 tibi

202 4782 343 4837 dicit
379 4795 396 4835 :
442 4778 618 4833 omnia
660 4787 783 4832 ante
813 4776 959 4829 illum
990 4783 1150 4839 sunt,
1180 4773 1321 4829 unde
1348 4773 1461 4827 vult
1491 4770 1631 4828 tollit
1659 4770 1801 4841 quod

205 4876 284 4930 illi
312 4872 676 4928 necessarium
700 4879 802 4925 est.
829 4869 975 4923 Dicta
995 4876 1122 4922 sunt
1147 4866 1261 4923 lucc
1289 4865 1354 4920 ad
1380 4864 1813 4920 convincendum-

206 4967 490 5037 parvulum
522 4978 757 5029 sensum,
791 4977 899 5019 non
929 4960 1050 5031 quia
1090 4958 1364 5030 professus
1402 4968 1486 5014 est
1514 4958 1655 5013 Deus
1679 4970 1804 5012 esu-

205 5061 347 5113 riem
375 5071 547 5111 suam.
578 5056 891 5126 Quanquam
927 5060 1145 5123 propter
1174 5064 1271 5105 nos
1302 5051 1441 5104 Deus
1468 5050 1555 5103 ille
1583 5048 1805 5102 deorum

204 5161 264 5205 ιιι
309 5148 520 5207 esurire
549 5146 797 5218 dignatus
838 5156 940 5200 est.
972 5143 1132 5199 Venit
1175 5143 1381 5197 esurire
1429 5151 1483 5195 et
1527 5140 1805 5211 saginare,

206 5242 364 5297 venit
383 5240 533 5294 sitire
557 5249 611 5293 ct
638 5248 819 5307 potum
848 5236 995 5298 dare,
1025 5235 1169 5289 venit
1193 5232 1375 5288 vestiri
1404 5232 1731 5287 mortalitate
1756 5239 1810 5286 et

206 5334 414 5389 vestire
443 5329 841 5386 immortalitate
862 5371 876 5389 .
922 5328 1071 5383 venit
1101 5336 1303 5398 pauper
1328 5325 1525 5380 divites
1551 5324 1809 5379 facturus.

208 5425 431 5483 Etenim
459 5438 565 5478 non
596 5420 827 5493 perdidit
847 5420 1060 5475 divitias
1083 5434 1208 5474 suas
1231 5416 1555 5473 assumenda
1587 5431 1812 5487 panper-

210 5530 383 5572 .atem
433 5524 705 5581 nostram,
754 5516 879 5584 quia
934 5513 988 5567 in
1041 5510 1134 5567 illo
1164 5520 1289 5565 sunt
1339 5524 1528 5566 omnes
1577 5509 1810 5563 thesauri

211 5608 497 5679 sapientia:
526 5615 583 5662 et
627 5604 865 5661 scientia:
897 5602 1199 5659 absconditi
1244 5601 1463 5675 (Coloss.
1514 5616 1576 5668 ll,
1624 5602 1705 5669 ὃ).
1752 5601 1814 5655 δέ

208 5704 464 5767 esuriem,
510 5717 611 5755 non
642 5699 809 5754 dicant
850 5696 959 5753 tibi.
992 5694 1140 5753 Meus
1177 5707 1249 5752 est
1274 5696 1407 5753 enim
1436 5695 1572 5751 orbis
1602 5704 1748 5750 teme
1771 5708 1815 5750 et

215 5858 411 5970 ὑὲ).ῆο
426 5858 613 5921 aliquot
637 5862 741 5905 nas.
776 5853 879 5912 alii,
905 5859 949 5905 et
971 5851 1020 5903 in
1050 5852 1171 5917 ipso.
1206 5852 1343 5917 add,
1375 5858 1422 5904 et
1444 5850 1494 5903 in
1515 5849 1671 5915 ipsum
1701 5860 1815 5901 Ver-

1286 439 1684 497 ENABRA‘TIO
1724 440 1787 497 lN
1829 441 2145 499 PSXLMUM
2191 444 2374 503 XLIX.

3362 450 3465 507 578

1883 558 2141 625 plenitudo
2169 560 2296 631 ejus.
2324 559 2442 617 Noli
2468 575 2595 633 ergo
2624 560 2866 620 laborare
2890 562 3014 635 quid
3043 562 3169 621 mibi
3199 563 3313 627 des.
3352 568 3471 623 sine

1879 650 2063 707 labore
2091 651 2262 709 habeo
2286 652 2427 724 quod
2461 654 2602 707 volo.

1949 744 2041 807 20.
2082 742 2231 819 [oers.
2279 742 2393 819 13.]
2432 744 2569 810 Ouid
2599 759 2727 814 ergo
2751 743 2820 799 de
2859 746 3107 816 gregibus
3147 746 3252 801 tuis
3294 747 3469 802 adimo

1881 837 2121 907 cogitas?
2166 834 2433 907 Numquid
2473 836 2788 889 manducabo
2831 852 3007 890 carnes
3052 847 3335 901 taurorum,
3379 853 3470 893 aut

1879 929 2176 997 sanguinem
2198 927 2451 983 hircorum
2474 926 2655 997 potabo
2671 927 2697 981 .’
2721 925 2954 981 Audistis
2976 928 3103 995 quid
3131 944 3159 981 a
3185 929 3338 983 nobis
3362 946 3470 984 non

1882 1028 2103 1087 qurerat,
2134 1020 2221 1089 qui
2254 1021 2434 1074 nescio
2459 1019 2585 1089 quid
2617 1019 2767 1073 nobis
2797 1019 2908 1073 vult
2937 1019 3187 1074 indicere.
3218 1020 3271 1076 Si
3298 1022 3364 1075 de
3397 1033 3474 1075 ta-

1884 1111 2019 1164 libus
2045 1110 2380 1179 cogitabatis,
2421 1111 2530 1178 jam
2577 1110 2780 1163 auferte
2808 1111 3160 1179 cogitationes
3205 1123 3412 1166 vestras
3441 1130 3471 1166 a

1886 1203 2077 1257 talibus
2109 1204 2268 1257 rebus
2298 1220 2311 1255 :
2346 1202 2476 1255 nihil
2510 1204 2612 1255 tale
2643 1204 2749 1255 lico
2777 1202 2973 1256 offerre
3001 1203 3263 1271 cogitetis.
3296 1202 3349 1257 Si
3376 1202 3474 1257 ha-

1886 1295 1978 1348 bes
2009 1304 2215 1347 taurum
2252 1295 2521 1362 pinguem,
2546 1294 2729 1347 occide
2763 1294 3084 1361 pauperibus
3111 1313 3123 1346 :
3150 1295 3475 1349 manducent

1885 1385 1981 1455 ipsi
2009 1400 2197 1439 comes
2224 1394 2517 1450 taurorum,
2549 1386 2645 1439 ctsi
2677 1402 2780 1437 nou
2811 1384 2991 1441 bibent
3018 1386 3330 1456 sanguinem
3358 1386 3469 1439 Itir-

1882 1492 2087 1531 corum.
2130 1476 2281 1543 Quod
2330 1490 2449 1531 cum
2502 1477 2719 1533 feceris.
2774 1476 3053 1546 imputabit
3101 1477 3191 1530 tibi
3242 1477 3331 1532 ille
3378 1476 3471 1548 qui

1884 1567 2034 1627 dixit,
2070 1568 2130 1622 Si
2157 1569 2374 1621 esuriero
2396 1610 2409 1629 ,
2440 1584 2540 1621 non
2571 1569 2736 1620 dicam
2764 1567 2851 1620 tibi
2871 1576 2969 1630 ;.ct
2997 1568 3138 1621 dicet
3169 1568 3298 1632 tibi,
3331 1567 3470 1622 Esu-

1884 1661 1995 1722 rivi,
2046 1670 2092 1712 el
2140 1661 2326 1713 dedisti
2371 1661 2494 1711 milii
2537 1661 2843 1712 manducare
2885 1658 3113 1731 (Matth.
3165 1676 3291 1725 xxv,
3342 1661 3411 1717 55
3428 1661 3469 1731 ).

1888 1752 2150 1821 Numquid
2184 1752 2497 1805 manducabo
2525 1768 2702 1805 carnes
2733 1761 3026 1818 taurorum,
3058 1762 3146 1805 aut
3175 1753 3474 1826 sanguinem

1884 1845 2136 1900 hircorum
2167 1844 2388 1916 putabo!

1952 1936 2045 1993 21.
2087 1933 2248 2011 [vers.
2297 1934 2411 2009 16.]
2454 1937 2548 1992 Dic
2594 1950 2759 2005 ergo,
2811 1935 3035 1992 Domine
3083 1936 3223 1991 Deus
3270 1944 3475 2003 noster,

1882 2029 2010 2104 quid
2044 2029 2233 2088 indicis
2266 2030 2460 2102 pOPUlO
2489 2039 2601 2096 tuo,
2634 2027 2817 2084 lsraeli
2848 2028 2976 2083 tuo?
3009 2026 3226 2084 fmmola
3255 2026 3366 2083 Deo
3392 2045 3479 2084 sa—

1885 2120 2133 2193 criﬁcium
2178 2119 2368 2176 laudis.
2417 2120 2663 2175 Dieamus
2709 2119 2785 2174 illi
2830 2127 2886 2175 et
2927 2133 3023 2174 nos
3071 2136 3084 2173 :
3126 2117 3195 2173 1η
3234 2131 3474 2186 mesuut,

1884 2211 2046 2279 Deus,
2078 2221 2191 2269 vota
2219 2221 2327 2278 tua,
2355 2228 2468 2285 qua:
2494 2212 2704 2266 reddant
2731 2212 2897 2269 laudis
2924 2212 3013 2267 tibi
3046 2210 3215 2284 (Psal.
3245 2229 3331 2280 LV,
3360 2213 3475 2287 η).

1886 2304 2221 2374 Espaveram
2248 2319 2315 2360 ne
2341 2304 2537 2375 aliquid
2569 2303 2832 2359 iudiceres
2858 2302 2999 2374 quod
3025 2313 3166 2359 esset
3190 2317 3338 2360 ostra
3370 2320 3475 2370 me,

1887 2394 2028 2468 quod
2059 2395 2434 2468 computabam
2468 2395 2517 2449 in
2546 2393 2733 2449 chorte
2756 2408 2898 2457 mea,
2926 2402 2975 2448 et
3007 2409 3033 2448 a
3066 2392 3182 2449 fure
3207 2393 3316 2465 jam
3344 2393 3480 2451 forte

1885 2488 2121 2545 ablatum
2152 2498 2292 2544 erat.
2336 2486 2471 2556 Quid
2506 2486 2633 2543 mihi
2668 2485 2897 2542 iudicis?
2937 2484 3168 2543 Immola
3188 2486 3297 2542 Deo
3320 2489 3481 2542 sacri-

1888 2580 2059 2649 ﬁcium
2086 2580 2277 2634 laudis.
2312 2578 2391 2633 Ad
2422 2594 2507 2633 me
2533 2576 2769 2639 redeam,
2799 2578 2884 2630 ubi
2918 2577 3182 2632 inveniam
3213 2578 3355 2647 quod
3384 2581 3483 2633 int—

1890 2671 2082 2725 tnolem
2115 2688 2127 2724 :
2160 2669 2227 2725 ad
2269 2685 2354 2724 mc
2382 2669 2633 2733 redeam,
2670 2669 2722 2721 in
2754 2684 2837 2722 me
2884 2668 3149 2723 inveniam
3178 2669 3350 2723 laudis
3378 2669 3483 2723 1111·-

1890 2763 2235 2818 molationem
2265 2780 2277 2815 :
2309 2764 2379 2817 sit
2406 2778 2495 2815 ara
2530 2770 2616 2815 tua
2637 2802 2651 2825 ,
2680 2761 3009 2815 conscientia
3041 2777 3160 2816 mea
3188 2763 3227 2816 ί.
3263 2761 3483 2816 lnmtola

1891 2854 1999 2908 Deo
2043 2854 2351 2922 sacrificium
2400 2853 2587 2905 laudis.
2637 2851 2821 2907 Scenri
2869 2868 3073 2914 sumus,
3125 2871 3228 2906 non
3264 2854 3401 2909 imus
3431 2854 3485 2908 in

1894 2947 2145 3001 Arabiam
2180 2948 2299 2999 thus
2323 2962 2589 3016 quaerere,
2622 2964 2725 2999 non
2756 2948 2992 2999 sarcinas
3016 2948 3159 2999 avari
3193 2948 3489 3017 negotiatu-

1891 3040 1966 3092 ris
2014 3037 2312 3091 excutimus
2355 3055 2367 3089 :
2420 3037 2741 3091 sacrificium
2795 3036 2968 3090 laudis
3012 3038 3203 3106 quaerit
3252 3053 3281 3090 a
3330 3038 3487 3092 nobis

1895 3130 2054 3184 Deus.
2103 3128 2345 3184 Habebat
2387 3128 2490 3183 hoc
2534 3130 2853 3183 sacrificium
2900 3129 3071 3184 laudis
3101 3129 3389 3184 Zacchmus
3436 3132 3487 3185 in

1893 3222 2214 3294 patrimonio
2238 3240 2356 3288 suo,
2390 3222 2617 3277 habebat
2645 3224 2805 3277 vidua
2839 3222 2889 3275 in
2919 3224 3149 3278 saccello
3174 3239 3293 3290 suo,
3325 3224 3490 3279 habe-

1893 3318 1983 3374 bat
2012 3319 2193 3373 neseio
2214 3319 2334 3390 quis
2361 3334 2563 3389 pauper
2589 3319 2784 3388 hospes
2814 3319 2865 3372 iu
2897 3320 3043 3374 dolio
3069 3336 3203 3385 suo;
3228 3321 3363 3376 alius
3388 3337 3490 3375 nec

1894 3411 1949 3464 in
1977 3410 2321 3480 patrimonio,
2362 3425 2461 3464 nec
2492 3411 2543 3463 in
2583 3410 2833 3475 saccello,
2880 3424 2982 3465 nec
3011 3412 3063 3465 iu
3104 3412 3247 3467 dolio
3286 3413 3487 3483 aliquid

1895 3501 2146 3567 habebat,
2192 3510 2361 3557 totum
2397 3501 2629 3555 habebat
2672 3501 2724 3555 in
2750 3503 2931 3555 animo
2956 3518 3055 3555 suo
3086 3521 3098 3555 :
3132 3503 3279 3557 salus
3306 3503 3489 3558 domui

1895 3592 2136 3647 Zacchzei
2166 3591 2317 3664 (Luc.
2347 3608 2457 3657 tux,
2489 3593 2567 3661 8);
2598 3602 2653 3646 et
2685 3592 2804 3661 plus
2835 3592 2978 3645 misit
3010 3592 3124 3646 hazc
3150 3592 3303 3647 vidua
3328 3610 3490 3663 quam

1894 3685 2085 3741 divites
2115 3686 2187 3739 illi
2214 3684 2409 3754 (Marc.
2442 3699 2535 3747 ιιι,
2569 3682 2661 3753 49.)
2686 3700 2699 3746 ;
2734 3683 2832 3737 iste
2855 3683 3076 3737 Calicem
3102 3699 3257 3753 aqua:
3286 3683 3492 3754 frigida:

1899 3778 2176 3848 porrigens
2221 3774 2453 3847 (Matth.
2502 3790 2567 3841 ι,
2617 3775 2749 3843 42),
2802 3792 2907 3828 non
2954 3775 3142 3845 perdet
3184 3777 3491 3832 mercedem

1896 3884 2085 3934 suam;
2113 3868 2207 3923 sed
2232 3879 2286 3923 et
2311 3883 2412 3938 pas
2445 3868 2496 3921 in
2527 3876 2665 3922 terra
2694 3866 3001 3922 hominibus
3029 3869 3181 3920 bona:
3208 3870 3494 3923 voluntatis

1899 3961 2048 4032 (Luc.
2070 3977 2129 4023 u,
2154 3961 2263 4027 H).
2296 3958 2519 4012 Intmola
2548 3958 2663 4012 Deo
2682 3959 2991 4027 sacri/icium
3018 3960 3206 4012 laudis.
3226 3958 3270 4014 Ο
3292 3962 3495 4013 sacrifi-

1900 4056 2040 4109 cium
2070 4054 2380 4123 gratuitum,
2409 4052 2577 4121 gratia
2610 4051 2826 4105 datum!
2861 4051 2977 4104 Non
3012 4051 3225 4121 quidem
3260 4052 3361 4106 hoc
3389 4054 3498 4107 emi

1900 4146 2041 4218 quod
2060 4145 2335 4209 offerrem,
2357 4145 2449 4199 sed
2474 4153 2527 4197 tu
2549 4144 2759 4199 donasti
2786 4162 2800 4197 :
2827 4161 2947 4197 nam
2974 4160 3072 4199 nec
3094 4144 3195 4198 hoc
3220 4146 3495 4201 haberem.

1903 4236 2125 4291 lmmola
2151 4236 2261 4289 Deo
2291 4237 2599 4305 sacriﬁcium
2628 4235 2816 4289 laudis.
2852 4236 2918 4290 Et
2948 4240 3061 4291 lucc
3094 4238 3387 4292 immolatio
3412 4253 3497 4291 Su-

1902 4330 2087 4385 criiieii
2115 4329 2302 4393 laudis,
2337 4329 2536 4399 gratias
2566 4342 2725 4398 agere
2755 4328 2826 4383 illi
2856 4344 2883 4380 a
2915 4344 3021 4397 quo
3049 4328 3215 4382 habes
3240 4328 3498 4398 quidquid

1904 4424 2028 4480 boni
2058 4422 2242 4485 habes,
2269 4430 2324 4478 et
2347 4419 2497 4490 cuius
2526 4420 2886 4474 misericordia
2913 4421 3003 4474 tibi
3026 4419 3314 4474 dimittitur
3336 4420 3497 4487 quid-

1904 4515 2030 4587 quid
2054 4524 2200 4569 tuum
2226 4514 2349 4569 mali
2377 4512 2562 4566 habes.
2587 4510 2808 4565 Immola
2831 4510 2939 4564 Deo
2961 4513 3267 4580 sacriﬁcium
3288 4513 3458 4565 laudis
3476 4526 3498 4567 :

1906 4618 1952 4662 et
1977 4607 2129 4659 redde
2150 4605 2407 4658 Altissimo
2438 4619 2605 4671 preces
2632 4613 2763 4657 tuas.
2791 4602 2901 4655 1100
2923 4604 3088 4655 odore
3117 4604 3372 4656 Dominus
3394 4602 3496 4657 de-

1907 4700 2151 4753 lectatur.
2182 4696 2356 4750 Redde
2380 4695 2637 4747 Altissimo
2664 4708 2834 4762 preces
2860 4703 2994 4746 tuas.

1979 4791 2069 4846 22.
2114 4788 2269 4861 [oers.
2322 4786 2435 4858 15.]
2478 4786 2545 4839 Et
2591 4786 2769 4837 invoca
2816 4801 2895 4837 nte
2937 4786 2989 4837 in
3039 4784 3121 4838 die
3164 4784 3504 4839 tribulationis

1910 4892 2012 4937 tua:
2038 4899 2056 4934 .'
2083 4892 2129 4935 et
2159 4861 2378 4933 eximant
2404 4888 2482 4940 te,
2515 4889 2560 4931 et
2586 4876 2891 4947 gloriﬁcabis
2918 4890 3014 4927 me.
3043 4874 3159 4929 Non
3188 4877 3330 4929 enim
3359 4892 3503 4945 prata

1910 4988 2125 5027 sumere
2155 4971 2321 5025 debes
2344 4968 2411 5022 de
2437 4968 2637 5022 viribus
2661 4968 2789 5044 tuis,
2810 4968 2987 5019 omnia
3012 4966 3206 5019 auxilia
3238 4976 3323 5020 tua
3353 4984 3505 5019 mett-

1911 5066 2061 5121 dacia
2091 5074 2235 5120 sunt.
2284 5061 2371 5116 Me
2397 5063 2574 5115 invoca
2613 5061 2664 5113 in
2692 5062 2774 5113 die
2801 5060 3138 5113 tribulationis
3167 5075 3185 5112 :
3215 5076 3390 5113 eruam
3419 5070 3505 5123 te,

1913 5169 1957 5213 et
1984 5157 2291 5230 gloriﬁcabis
2316 5172 2415 5211 me.
2450 5154 2526 5207 Ad
2556 5154 2656 5207 hoc
2684 5153 2824 5207 enim
2862 5151 3075 5220 permisi
3102 5151 3244 5204 diem
3278 5150 3501 5205 tribula-

1916 5251 2076 5306 tionis
2105 5249 2199 5304 tibi
2233 5248 2346 5303 fieri
2391 5264 2403 5298 :
2448 5247 2570 5315 quia
2617 5246 2751 5299 forte
2795 5244 2839 5297 si
2869 5261 2970 5296 non
3000 5242 3364 5307 tribulareris,
3396 5258 3508 5296 nou

1916 5345 2193 5399 invocares
2211 5357 2324 5405 me;
2348 5356 2467 5395 cum
2493 5339 2761 5393 tribularis
2782 5346 2979 5392 autem.
3003 5337 3220 5389 invocas
3239 5352 3353 5397 uie;
3381 5350 3505 5390 cum

1917 5436 2137 5491 introeas
2162 5450 2271 5495 tne,
2302 5433 2531 5486 eximam
2562 5439 2641 5493 te;
2673 5444 2794 5484 cum
2827 5430 3055 5482 eximam
3085 5437 3155 5487 te.
3184 5426 3509 5498 glorificabis

1919 5544 2024 5589 me.
2067 5535 2123 5580 ut
2143 5525 2251 5595 jam
2285 5538 2390 5579 non
2422 5522 2661 5578 discedas
2693 5537 2722 5573 a
2754 5536 2856 5574 me.
2908 5519 3261 5588 Obtorpuerat
3293 5518 3508 5589 quidam

1918 5627 1973 5674 et
1998 5620 2247 5689 iriguerat
2273 5632 2300 5669 a
2330 5614 2535 5671 fervore
2548 5612 2826 5677 orationis,
2850 5621 2904 5667 et
2924 5612 3056 5666 dixit
3077 5628 3088 5664 :
3114 5609 3512 5666 Tribulationent

1920 5723 1965 5767 et
1994 5712 2220 5765 dolorem
2249 5709 2447 5774 inveni,
2490 5717 2535 5761 et
2585 5722 2765 5760 nomen
2811 5703 3018 5761 Domini
3058 5704 3280 5759 invocavi
3324 5700 3511 5775 (Psal.

1989 5852 2003 5881 ί
2042 5853 2105 5915 tta
2130 5846 2177 5912 in
2200 5851 2305 5894 Mss.
2334 5850 2387 5892 Αι
2405 5845 2452 5893 in
2480 5841 2589 5890 add.
2617 5839 2853 5890 omittitur
2871 5839 2950 5899 sit,
2970 5844 3019 5885 et
3042 5838 3393 5891 habetur:er
3413 5842 3515 5896 tua.

1927 5914 2209 5960 ιὀηὸεωηιια
2232 5915 2328 5957 tua.
