3968 6328
415 419 516 475 579

401 556 559 601 .cxav,
609 537 664 599 3,
707 532 800 602 4).
846 523 1051 581 Invenit
1096 511 1490 574 tribulationem
1521 514 1770 570 tanquam
1799 488 2007 560 aliquid,

415 582 559 601 νη...
610 582 664 599 ν,
720 582 736 588 -
759 582 775 602 ,

415 636 576 694 utile;
610 630 885 698 pulrucrat
914 616 1036 670 tabe
1083 616 1425 680 peccatorum
1463 608 1681 651 suorum
1704 632 1718 653 ,
1746 588 1857 656 jam
1888 582 2005 637 sine

413 740 576 784 sensu
623 717 993 775 remanserat,
1048 700 1251 757 invenit
1303 688 1694 748 tribulationem
1753 689 2002 745 tanquam

414 818 683 874 ustionem
709 820 757 862 et
778 804 1091 860 sectionem.
1124 788 1323 850 Inveni,
1343 782 1531 852 inquit,
1562 772 1934 831 tribulationem
1959 772 2007 816 et

420 909 645 962 dolorem
668 943 682 963 ,
722 908 765 952 et
796 908 976 948 nomen
1017 883 1222 940 Domini
1248 874 1491 932 invocavi.
1519 869 1585 923 Et
1612 865 1862 933 quidem,
1897 858 2005 910 fra—

423 1012 554 1063 tres,
583 1002 709 1050 sunt
737 982 1102 1043 tribulationes
1124 971 1372 1029 omnibus
1396 973 1557 1020 not-.e.
1586 960 1722 1013 Ecce
1750 955 1863 1008 ista:
1890 963 2009 1019 qua:

1410 1057 1440 1063 ’“
1570 1052 1581 1063 ¹
1724 1061 1735 1063 -
1792 1042 2007 1063 -ιν-ι.ι..η

424 1042 554 1063 ..νη
585 1042 707 1050 __-.-
742 1042 769 1043 η

423 1092 695 1144 abundant
735 1081 787 1134 in
816 1087 1013 1147 genere
1053 1072 1285 1122 humano
1320 1076 1334 1112 :
1375 1057 1509 1111 alius
1550 1052 1745 1105 damno
1787 1042 2009 1097 allectus

427 1179 660 1249 plangit,
705 1173 840 1226 alius
870 1165 1097 1220 orbitate
1124 1164 1409 1228 percussus
1446 1148 1620 1213 luget;
1661 1138 1798 1191 alius
1837 1130 2005 1203 patria

1376 1240 1407 1249 '~
1470 1237 1478 1246 ·
1527 1244 1536 1249 -
1585 1226 1853 1249 πίῃ-ιλιι...
1886 1236 2005 1249 ...ημ

428 1226 623 1249 l"""O"
646 1226 660 1240 1
1128 1226 1141 1228 _

424 1270 699 1325 exsulatns
748 1266 955 1319 niteret,
986 1261 1040 1306 et
1070 1249 1242 1302 redire
1270 1240 1435 1307 cupit,
1470 1226 1855 1289 intolerabilem
1886 1236 2007 1291 por-

423 1361 808 1434 egriuationcm
845 1351 1140 1417 deputans;
1170 1334 1322 1391 alteri
1351 1332 1504 1385 vinea
1544 1320 1856 1395 grandinata
1894 1322 2010 1375 est,

425 1453 651 1512 attendit
671 1460 738 1504 au
765 1445 975 1501 labores
1000 1449 1145 1495 suos,
1171 1439 1226 1485 et
1251 1429 1621 1489 consumptam
1643 1423 1855 1467 omnem
1885 1418 2013 1473 0pc-

427 1564 540 1603 ram
568 1548 856 1599 incassum.
889 1529 1112 1598 Quando
1144 1527 1304 1577 homo
1335 1522 1508 1587 potest
1536 1522 1643 1565 non
1669 1496 2013 1559 contristari?

429 1639 702 1695 Inimicum
731 1629 927 1702 patitur
944 1639 1010 1679 ex
1039 1621 1233 1673 amico.
1254 1610 1386 1676 ρυω
1409 1604 1581 1672 major
1607 1593 1820 1651 miseria
1846 1591 1898 1642 in
1924 1603 2019 1657 ged-

735 1679 879 1702 τ----ν

430 1746 560 1786 nere
586 1720 857 1783 humano?
880 1718 1141 1782 Plangnnt
1169 1707 1285 1760 huc
1308 1712 1516 1759 omnes,
1540 1704 1594 1746 et
1614 1688 1816 1746 dolent.
1837 1691 1893 1737 et
1918 1679 2015 1734 tri-

432 1818 731 1880 ltulationes
755 1824 880 1871 sunt
906 1812 1022 1865 istze
1050 1824 1064 1859 :
1092 1814 1147 1858 et
1171 1802 1225 1856 in
1253 1798 1334 1852 his
1357 1789 1606 1848 omnibus
1635 1785 1884 1839 invocant
1911 1775 2019 1829 Do-

434 1918 669 1976 Initium,
700 1919 756 1963 et
784 1913 930 1959 recte
957 1900 1174 1951 faciunt.
1212 1890 1465 1943 lnvoccnt
1495 1882 1658 1933 Deum
1679 1916 1693 1937 ,
1724 1878 1910 1942 potens
1940 1871 2022 1919 est

432 2006 519 2061 vel
552 2004 748 2058 docere
786 1988 1119 2049 tolerandum
1140 2026 1154 2050 ,
1182 1981 1265 2037 vel
1306 1987 1499 2032 sanare
1528 1971 1829 2023 toleratam.
1868 1956 2022 2022 Novit

436 2099 523 2154 ille
546 2109 652 2150 non
679 2090 856 2146 sinere
883 2079 1074 2138 tentari
1099 2090 1196 2131 nos
1217 2085 1377 2141 supra
1398 2077 1555 2136 quam
1580 2066 1862 2130 possumus
1882 2050 2023 2104 ferre

440 2192 480 2261 (Ι
509 2188 629 2243 Cor.
655 2198 715 2247 x,
745 2180 857 2249 t3).
889 2175 1203 2231 lnvoeemus
1231 2140 1398 2218 Deum
1426 2155 1586 2210 etiam
1627 2151 1680 2203 in
1709 2145 1824 2200 istis
1852 2140 2021 2196 tribu-

440 2233 480 2261 \-
512 2233 628 2243 ννη
658 2233 715 2247 --ι
751 2233 839 2249 ην

436 2276 724 2338 lationibus
759 2289 772 2325 :
812 2267 905 2325 sed
935 2266 1020 2319 lue
1048 2256 1414 2316 tribulationes
1438 2244 1713 2304 inveniunt
1740 2251 1858 2301 nos,
1888 2233 2026 2287 sicut

439 2372 491 2426 in
519 2368 624 2422 alio
649 2361 853 2435 psalmo
878 2354 1135 2424 scriptum
1162 2355 1266 2411 est,
1296 2342 1513 2409 Adjutor
1542 2336 1595 2388 in
1623 2322 2025 2386 tribulationibus

1535 2425 1586 2435 η.
1738 2432 1748 2435 _
1824 2413 1948 2435 HA,
1974 2425 2022 2435 Μ

519 2413 621 2422 ...η
651 2413 793 2435 ,,____-,
988 2413 1003 2424 _

438 2477 551 2531 qua
572 2459 865 2512 invenerunt
888 2463 981 2502 nos
1005 2442 1153 2497 nimis
1181 2435 1353 2511 (Paul.
1384 2444 1510 2491 XLV,
1533 2425 1593 2495 ‘2)
1618 2442 1633 2479 :
1673 2432 1756 2475 est
1784 2413 2024 2485 qttmdam

440 2504 548 2531 Ψ·-
573 2504 757 2512 --η-ν--ν
780 2504 804 2506 η
1190 2504 1202 2511 .

440 2567 599 2622 qttatn
632 2562 733 2603 nos
767 2541 1024 2599 debemus
1048 2530 1312 2590 invenire.
1349 2521 1629 2578 lnveniant
1656 2527 1753 2567 nos
1782 2510 1899 2563 ista:
1928 2504 2027 2558 tri-

1228 2621 1235 2622 '
1322 2618 1331 2622 ‘
1394 2616 1406 2622 ⁵
1673 2620 1677 2622 .
1732 2618 1750 2622 λ
1779 2600 2027 2622 λ,.ι....-...,.

442 2600 743 2701 liulationes
765 2655 779 2691 :
802 2643 886 2691 est
907 2627 1149 2702 quadam
1174 2616 1444 2677 tribulatio
1468 2625 1625 2683 quam
1656 2618 1753 2660 nos
1772 2600 2030 2656 debemus

443 2751 719 2807 qnzcrere,
758 2739 814 2784 et
855 2724 1116 2781 invenire.
1156 2717 1286 2783 Quae
1320 2720 1405 2767 est
1435 2706 1572 2761 ista?
1602 2702 1676 2757 Ea
1705 2701 1817 2767 ipsa
1844 2696 1897 2749 in
1927 2694 2031 2745 hoc

445 2826 648 2884 mundo
676 2820 931 2880 felicitas,
962 2808 1233 2867 affluentia
1263 2815 1443 2858 rerum
1470 2789 1841 2863 temporalium
1876 2801 1891 2838 :
1924 2796 2029 2835 non

443 2918 660 2992 quidem
689 2915 803 2984 ipsa
834 2906 1106 2964 tribulatio
1131 2908 1247 2963 est;
1274 2892 1462 2950 solatia
1490 2894 1616 2942 sunt
1639 2892 1836 2937 nostrae
1865 2875 2033 2930 tribu-

444 2964 660 2992 νων---
691 2964 802 2984 τη

426 3011 681 3066 laticuis.
717 3002 881 3070 Cujus
908 2986 1304 3051 tribulationis?
1326 2983 1535 3040 Nostrae
1567 2964 2029 3046 peregrinationis.

449 3105 561 3159 lloc
584 3100 726 3156 enim
753 3097 930 3166 ipsum
961 3086 1106 3159 quod
1135 3098 1255 3137 cum
1285 3080 1394 3133 Deo
1422 3072 1653 3129 nondum
1684 3077 1899 3126 sumus,
1931 3058 2036 3113 hoc

448 3198 618 3264 ipsum
648 3164 793 3259 quod
818 3185 957 3238 inter
983 3176 1302 3234 tentationes
1328 3164 1707 3230 molestiasque
1729 3166 2032 3211 versamur,

446 3285 590 3356 quod
618 3283 734 3337 sine
763 3279 954 3332 timore
978 3285 1098 3326 esse
1124 3282 1233 3321 non
1260 3270 1542 3333 possumus
1561 3294 1576 3319 ,
1605 3246 1875 3306 tribulatio
1903 3251 1985 3298 est
2019 3257 2034 3294 :

448 3330 590 3356 ..ηπ
619 3330 730 3337 _--__
770 3330 783 3332 _
807 3330 833 3331 η
1261 3330 1275 3333 _

448 3393 552 3432 non
579 3373 723 3430 enim
752 3378 834 3426 est
871 3367 960 3422 illa
991 3360 1253 3418 securitas
1288 3366 1404 3422 quin
1445 3346 1599 3403 nobis
1639 3338 1897 3411 promissa
1926 3330 2035 3388 est.

450 3472 597 3547 llanc
620 3460 1016 3522 tribulationem
1043 3444 1483 3525 peregrinationis
1508 3454 1617 3494 suae
1638 3435 1729 3505 qui
1757 3446 1864 3486 non
1892 3428 2038 3482 inve-

1105 3544 1134 3547 ”
1468 3536 1501 3547 ⁸-
1545 3540 1555 3547 -
1626 3521 1918 3547 ’ν-ειι--ιι-ιζιι
1952 3518 2035 3547 ἱΙΙ..

450 3542 619 3622 net-it,
656 3556 722 3610 ad
763 3551 986 3623 patriam
1023 3518 1202 3599 redire
1232 3555 1337 3592 non
1364 3536 1582 3603 cogitat.
1626 3521 1921 3580 Tribulatio
1950 3518 2038 3571 illa

449 3668 556 3723 est,
588 3655 803 3709 fratres.
828 3648 991 3701 Certe
1018 3637 1176 3693 modo
1203 3632 1425 3687 facimus
1452 3628 1588 3681 bona
1616 3633 1801 3689 opera,
1827 3612 2042 3685 quando

452 3744 772 3818 porrigimus
794 3748 988 3808 panem
1009 3725 1290 3787 esurienti,
1313 3720 1511 3774 donum
1535 3710 1839 3785 peregrino.
1858 3714 1914 3758 et
1935 3718 2044 3757 ca:-

453 3797 537 3818 r--
555 3797 565 3800 -
586 3797 632 3815 -υ
796 3797 813 3808 .

453 3855 565 3895 tera
587 3855 606 3891 ι
646 3829 918 3890 tribulatio
937 3833 1022 3879 est
1052 3828 1110 3875 et
1136 3814 1272 3871 hmo.
1299 3810 1603 3866 Invenimus
1642 3803 1783 3857 enim
1818 3797 2043 3851 miseros

452 3945 614 4001 super
628 3938 773 3995 quos
797 3912 1219 3974 miscricordiam
1241 3904 1496 3963 facimus;
1521 3905 1577 3952 et
1597 3894 1915 3949 miserorum
1942 3884 2044 3952 mi-

1370 3994 1401 4001 η
1526 3999 1533 4001 Α
1834 3980 1900 4001 η»,
1938 3978 2038 4001 LM

453 3978 603 4001 -..,.--
628 3978 633 3984 .
658 3978 695 3995 ,γ

453 4023 594 4078 seria
626 4016 751 4073 facit
777 4026 875 4067 nos
911 4003 1318 4075 compatientes.
1363 3994 1576 4059 Quanto
1616 3984 1807 4041 melius
1834 3980 1904 4033 ibi
1931 3978 2039 4044 jam

456 4128 607 4170 esses
626 4151 641 4179 ,
672 4107 762 4163 ubi
791 4118 897 4159 non
922 4096 1129 4155 invenis
1158 4090 1485 4147 esurientem
1513 4094 1670 4150 quem
1702 4085 1887 4144 pascas
1906 4111 1922 4133 ,
1955 4066 2042 4121 ubi

1519 4173 1531 4179 -
1576 4172 1586 4179 .
1924 4160 1946 4179 J

458 4160 606 4170 πη--
626 4160 641 4179 ,
678 4160 759 4163 ﬁ,

458 4222 564 4261 non
596 4199 805 4257 invenis
835 4190 1175 4267 peregrinum
1203 4195 1360 4251 quem
1394 4172 1673 4241 suscipias,
1708 4182 1812 4220 non
1844 4160 2043 4216 nudum

457 4311 618 4368 quem
654 4290 876 4349 vestias,
907 4298 1015 4338 non
1047 4290 1246 4342 aegrum
1282 4284 1441 4339 quem
1466 4264 1667 4323 visitcs,
1699 4274 1802 4311 non
1828 4253 2045 4321 litigan-

456 4401 564 4443 tem
591 4397 750 4456 quem
788 4368 1125 4431 concordes?
1151 4363 1340 4421 Omnia
1369 4357 1511 4435 enim
1551 4354 1621 4406 ibi
1648 4360 1857 4403 summa
1885 4350 2009 4396 sunt
2029 4379 2044 4402 ,

1587 4446 1623 4456 ,κ
1701 4442 1711 4453 .
1849 4447 1885 4456 ί,
1906 4452 1953 4456 ,_
1975 4436 2006 4456 ε,
2034 4436 2044 4456 ε

455 4495 582 4535 vera
605 4482 752 4539 sunt,
781 4477 966 4525 sancta
996 4470 1142 4521 sunt,
1181 4463 1379 4511 artern‘a
1400 4456 1546 4505 sunt.
1587 4442 1746 4499 Panis
1767 4447 1954 4494 noster
1975 4436 2048 4488 ibi

452 4571 656 4641 jus‘titia
681 4574 786 4629 est,
806 4568 966 4633 potus
1000 4563 1185 4608 noster
1210 4548 1281 4603 ibi
1313 4539 1575 4613 sapientia
1603 4546 1715 4599 est,
1743 4530 1904 4585 vestis
1948 4541 2049 4581 no-

456 4676 566 4721 sua
595 4661 665 4716 ibi
693 4649 1071 4712 immortalitas
1092 4651 1196 4704 est,
1223 4639 1415 4692 domus
1442 4638 1620 4685 nostra
1647 4634 1847 4680 aeterna
1866 4622 1916 4673 in
1933 4630 2049 4671 coe-

458 4758 525 4813 lis
545 4798 561 4820 ,
591 4749 816 4807 firmitas
856 4749 1036 4798 nostta
1074 4728 1465 4789 immortalitas.
1498 4716 1762 4785 Numquid
1793 4710 2050 4781 a-gritudo

458 4839 731 4913 subrepit?
753 4830 1012 4903 numquid
1035 4824 1293 4882 lassitudo
1314 4818 1380 4874 ad
1402 4826 1652 4869 somnum
1676 4806 1869 4863 trahit?
1894 4801 2047 4856 Nulla

756 4892 761 4893 ,
904 4892 916 4903 _

457 4951 609 4994 mors
630 4975 647 4990 .
680 4931 825 4985 nulla
854 4926 923 4980 lis
960 4940 977 4977 :
1006 4920 1077 4976 ibi
1107 4932 1204 4987 pax
1224 4955 1239 4981 ,
1284 4911 1435 4980 quies
1455 4949 1470 4971 ,
1502 4897 1754 4973 gaudium
1776 4937 1792 4963 ,
1819 4892 2045 4965 justitia.

459 5029 646 5087 Nullus
669 5023 835 5076 intrat
859 4986 1128 5073 inimicus,
1151 5007 1327 5062 nullus
1352 5001 1547 5056 labitur
1571 4994 1793 5049 amicus.
1815 4989 1946 5056 Qua:
1980 4986 2048 5039 ibi

459 5119 648 5195 quies!
680 5115 738 5173 Si
760 5114 1078 5183 cogitemus,
1105 5113 1159 5159 et
1184 5098 1523 5156 attendamus
1553 5090 1639 5144 ubi
1668 5088 1857 5146 simus,
1880 5092 1934 5136 et
1960 5082 2046 5134 ubi

460 5229 560 5272 nos
589 5213 796 5267 futuros
828 5218 950 5260 esse
984 5195 1230 5271 promisit
1256 5192 1345 5262 qui
1382 5183 1595 5243 mentiri
1631 5183 1821 5243 nescit,
1843 5194 1910 5232 ex
1938 5176 2051 5243 ipsa

456 5309 575 5377 ejus
612 5295 968 5373 promissione
1007 5286 1308 5345 invenimus
1351 5281 1402 5334 in
1447 5292 1551 5347 qua
1592 5285 1778 5328 sanius
1824 5265 2051 5323 tribula-

461 5355 572 5377 η--
616 5355 639 5373 τ
691 5355 698 5357 _

460 5402 629 5456 tione.
679 5392 827 5449 lianc
878 5381 1272 5441 tribulationem
1320 5387 1477 5428 nemo
1522 5364 1764 5429 invenit,
1812 5361 1911 5415 nisi
1958 5355 2053 5427 qui

459 5480 961 5560 quasierit.,Sanus
987 5489 1068 5539 es,
1093 5469 1217 5525 vide
1242 5468 1287 5522 si
1316 5465 1479 5519 miser
1506 5476 1565 5515 es
1594 5477 1608 5514 :
1641 5470 1762 5510 nam
1791 5449 1947 5506 facile
1970 5456 2054 5502 est

461 5594 518 5637 ut
542 5577 637 5651 qui
661 5578 903 5645 :t'grotat,
928 5566 1122 5622 sentiat
1140 5576 1201 5616 se
1228 5558 1483 5613 miserum
1507 5570 1521 5605 :
1543 5546 1758 5619 quando
1784 5556 1945 5599 sanus
1967 5554 2047 5603 es,

462 5673 582 5726 vide
606 5670 651 5724 si
684 5666 848 5721 miser
868 5675 967 5725 es;
998 5655 1121 5727 quia
1146 5666 1269 5707 cum
1298 5649 1409 5703 Deo
1436 5641 1673 5699 nondum
1700 5652 1780 5694 es.
1811 5632 2053 5691 Tribulu-

462 5770 649 5817 tionem
691 5768 735 5811 et
761 5754 987 5807 dolorem
1028 5744 1219 5809 inveni,
1263 5752 1310 5796 ct
1335 5754 1514 5793 nomen
1560 5731 1763 5787 Domini
1802 5726 2047 5782 invocavi.

469 5856 684 5910 lmmola
729 5862 858 5918 ergo
900 5842 1004 5898 Deo
1046 5834 1353 5905 sacrificium
1384 5830 1566 5885 laudis.
1604 5824 1779 5879 Lauda
1826 5824 2049 5891 promit-

1633 383 1690 437 8.
1732 370 2096 434 AUGliSTlNl
2136 366 2434 424 El'lSllOPl

3600 360 3703 410 580

2114 493 2335 546 tentem,
2374 479 2529 535 lauda
2559 490 2861 539 vocantem,
2907 474 3061 530 lauda
3101 474 3494 535 exhortantem,
3543 470 3696 523 Ianua

2110 574 2448 641 adjuvantem
2494 590 2510 626 :
2554 582 2613 626 et
2650 571 2884 638 intelligo
2908 567 2963 621 in
2994 582 3096 637 qua
3126 563 3468 625 tribulatione
3495 568 3697 633 positus

2112 682 2193 721 es.
2226 667 2436 725 invoca.
2460 665 2691 720 emeris.
2718 661 3043 733 glorificabis
3066 660 3108 726 ί,
3138 657 3496 727 permanebis.

2182 759 2274 813 2'5.
2304 756 2455 830 [verm
2481 757 2596 828 t6.]
2638 755 2827 809 Videte
2854 763 3029 809 autem
3060 752 3197 822 quod
3229 752 3489 818 sequitur,
3518 750 3717 807 fratres

2115 850 2238 904 mei.
2259 850 2372 903 .lam
2398 850 2540 902 enim
2569 846 2754 903 nescio
2778 845 3052 914 quis,quia
3074 844 3280 898 dixerat
3303 841 3375 895 illi
3400 842 3542 895 Dens
3597 843 3701 894 Int-

2115 940 2249 993 molu
2278 939 2382 993 Deo
2406 938 2714 1008 sacriﬁcium
2743 937 2907 991 laudis
2926 977 2941 999 ,
2969 945 3023 989 et
3050 934 3152 989 hoc
3178 930 3572 1004 quodannnodo
3608 946 3703 983 ve-

2115 1030 2271 1099 ctigal
2311 1030 2606 1095 indixerat,
2644 1028 2996 1083 meditabatur
3022 1024 3156 1093 sibi,
3186 1036 3241 1078 et
3281 1022 3490 1077 dicebat
3523 1040 3537 1075 :
3569 1020 3703 1075 Sur-

2116 1138 2234 1192 gam
2252 1123 2506 1191 quotidie,
2524 1135 2742 1191 pergam
2762 1119 2827 1174 ad
2846 1117 3157 1181 Ecclesiam,
3177 1115 3349 1170 dicam
3368 1130 3528 1168 unum
3552 1112 3709 1184 bym-

2118 1232 2244 1269 nmn
2265 1216 2598 1279 matutinum,
2624 1212 2785 1267 alium
2802 1210 3184 1279 vespertinum,
3205 1208 3415 1263 tertium
3442 1216 3709 1274 autqnar—

2119 1319 2229 1361 tum
2261 1310 2313 1361 in
2338 1309 2498 1361 domo
2526 1320 2644 1362 mea
2668 1322 2683 1367 ;
2710 1302 2945 1374 quotidie
2970 1300 3211 1355 sacriﬁco
3247 1297 3565 1353 sacrificium
3593 1297 3707 1349 lau-

2119 1397 2234 1461 dis,
2273 1411 2327 1452 et
2355 1397 2573 1450 imtuolo
2605 1397 2715 1451 Deo
2746 1409 2885 1448 meo.
2916 1393 3060 1446 Bene
3086 1389 3216 1444 facis
3251 1388 3462 1459 quidem
3485 1430 3500 1449 ,
3533 1386 3575 1439 si
3607 1385 3713 1440 hoc

2123 1489 2250 1542 facis
2283 1506 2295 1540 :
2328 1487 2420 1540 sed
2448 1487 2571 1541 vide
2596 1500 2665 1539 ne
2690 1484 2799 1553 jam
2829 1496 3052 1538 securus
3077 1480 3150 1534 sis
3169 1520 3185 1545 ,
3216 1479 3336 1548 quia
3360 1478 3469 1547 jam
3498 1478 3599 1531 hoc
3629 1475 3710 1528 fa-

2120 1585 2231 1646 cis,
2257 1592 2311 1638 ct
2338 1583 2473 1636 forte
2514 1583 2696 1649 lingua
2740 1589 2828 1632 tua
2857 1578 3022 1631 Demn
3051 1572 3364 1635 benedicat,
3393 1582 3448 1625 et
3475 1570 3578 1623 vita
3624 1578 3712 1622 tua

2125 1676 2233 1729 Deo
2276 1673 2575 1727 nndedicat.
2607 1670 2652 1725 0
2683 1668 2875 1739 popule
2900 1680 3085 1731 meus,
3116 1664 3245 1718 dicit
3289 1662 3380 1715 tibi
3416 1662 3554 1714 Deus
3580 1660 3713 1713 deo-

2126 1781 2241 1818 rum
2274 1763 2529 1817 Dominus
2555 1760 2648 1830 qu'i
2679 1760 2887 1812 locutus
2924 1764 3038 1821 est,
3066 1768 3263 1808 vocans
3306 1763 3499 1806 teriam
3527 1766 3557 1803 a
3587 1750 3717 1803 solis

2125 1869 2246 1913 ortu
2277 1872 2445 1927 usque
2469 1855 2533 1909 ad
2563 1859 2812 1907 occasum
2834 1892 2850 1917 ,
2889 1848 3132 1919 quamvis
3156 1846 3329 1900 adhuc
3356 1845 3493 1897 inter
3515 1842 3715 1896 zizania

2126 1950 2445 2003 constitutus
2471 1946 2545 2000 sis
2565 1984 2581 2010 ,
2612 1941 2821 1997 immota
2861 1940 3165 2008 sacriﬁcium
3193 1936 3359 1990 laudis
3390 1934 3493 1987 Deo
3523 1944 3608 1986 tuo
3629 1974 3642 1993 .
3669 1941 3719 1985 et

2126 2044 2281 2096 redde
2304 2040 2382 2094 illi
2411 2052 2585 2109 preces
2612 2045 2722 2088 tuus
2748 2049 2766 2088 :
2798 2030 2895 2086 sed
2924 2030 3042 2083 vide
3068 2045 3135 2084 ne
3162 2028 3306 2080 vivas
3332 2026 3487 2091 male,
3516 2034 3571 2078 et
3593 2038 3721 2078 can-

2128 2145 2213 2189 tes
2239 2132 2394 2188 bene.
2424 2130 2604 2199 Quare
2626 2126 2766 2180 hoc?
2795 2122 3060 2178 Peccatori
3088 2120 3229 2174 enim
3258 2118 3374 2171 dicit
3401 2115 3538 2169 heus
3564 2131 3583 2170 :
3620 2111 3720 2169 Ut:-

2129 2226 2252 2295 quid
2279 2236 2332 2275 tu
2360 2234 2568 2275 murras
2585 2217 2817 2288 justitias
2839 2230 3008 2276 nicas,
3036 2222 3082 2265 et
3108 2210 3322 2265 assumis
3351 2206 3724 2262 Testamentum

2130 2332 2293 2371 meum
2318 2330 2407 2383 per
2433 2329 2488 2367 os
2515 2310 2693 2363 tuum?
2726 2306 2945 2369 Videtis,
2974 2304 3187 2367 fratres,
3214 2316 3335 2356 cum
3360 2314 3465 2369 quo
3493 2310 3726 2352 tremore

2134 2409 2231 2463 ista
2257 2408 2515 2461 dicamus.
2532 2401 2875 2457 Assumimus
2891 2396 3289 2452 Testamentum
3313 2392 3403 2446 Dei
3433 2406 3529 2461 per
3551 2404 3613 2443 os
3631 2404 3720 2442 no-

2132 2506 2382 2561 strum,ct
2398 2495 2751 2567 prmdicamus
2764 2488 2913 2545 vobis
2929 2487 3281 2544 eruditionem
3297 2479 3592 2552 ctjustitias
3612 2480 3722 2535 Dei.

2136 2594 2203 2648 Et
2222 2590 2349 2662 quid
2376 2589 2507 2644 dicit
2531 2584 2795 2657 peecatori
2826 2578 2999 2636 Deus?
3028 2576 3219 2646 thuid
3247 2576 3340 2629 tu?
3369 2573 3622 2629 Prohibet
3643 2587 3729 2623 ω’.

2135 2701 2202 2756 go
2230 2683 2607 2752 prtedicatores
2633 2672 2974 2748 peccatores?
2992 2671 3057 2726 Et
3085 2670 3170 2723 ubi
3197 2676 3280 2723 est
3305 2665 3468 2720 illud:
3496 2663 3623 2730 Qui:
3648 2661 3730 2713 di-

2136 2785 2256 2830 cunt
2284 2774 2469 2846 facite,
2499 2786 2613 2842 qua:
2654 2777 2823 2822 autem
2852 2763 3078 2835 faciunt,
3109 2763 3275 2830 facere
3314 2755 3471 2810 nolite
3514 2752 3727 2824 (Matth.

2138 2843 2392 2939 nimii)?
2410 2865 2510 2921 Ubi
2536 2873 2620 2917 est
2637 2860 2764 2916 illud
2786 2880 2798 2913 :
2820 2859 2939 2914 Sive
2960 2855 3163 2909 veritate
3185 2854 3288 2906 sive
3310 2847 3569 2903 occasione
3583 2843 3718 2900 Chri

2137 2973 2244 3017 stus
2268 2958 2594 3013 annuutietur
2622 2952 2880 3027 (Philipp.
2912 2966 2961 3013 t,
2992 2946 3124 3017 18)?
3150 2942 3258 3001 Sed
3287 2942 3401 2997 bare
3425 2939 3562 2995 dicta
3585 2945 3731 3001 sunt,

2141 3069 2209 3107 ne
2236 3054 2454 3106 timeant
2479 3048 2568 3117 qni
2599 3044 2819 3099 audiunt
2848 3058 2877 3095 a
2906 3049 3243 3109 quocumque
3267 3031 3520 3088 audiant:
3545 3044 3651 3082 non
3678 3036 3735 3081 ut

2140 3143 2313 3198 securi
2341 3142 2447 3194 sint
2470 3138 2558 3205 qui
2588 3136 2774 3190 dicunt
2798 3134 2957 3193 bona,
2976 3138 3030 3184 et
3060 3125 3259 3180 faciunt
3285 3122 3442 3176 mala.
3463 3118 3619 3174 Modo
3644 3133 3734 3171 er-

2141 3254 2209 3308 go
2229 3278 2245 3303 ,
2274 3235 2464 3290 fratres
2484 3273 2499 3296 ,
2531 3244 2626 3283 vos
2652 3225 2828 3282 securi
2856 3223 2985 3277 estis
3016 3238 3032 3274 :
3062 3219 3109 3273 si
3142 3218 3274 3273 bona
3306 3212 3530 3276 auditis,
3566 3210 3733 3264 Deum

2144 3302 2394 3388 auditis’,
2418 3340 2514 3394 per
2537 3319 2831 3391 quemlibet
2849 3314 3096 3369 audiatis.
3125 3308 3233 3366 Sed
3257 3302 3428 3361 noluit
3456 3306 3595 3360 Deus
3618 3302 3736 3357 sine

2144 3417 2480 3487 correptione
2496 3412 2767 3467 dimittere
2787 3407 2905 3465 illos
2921 3404 3010 3475 qui
3028 3404 3239 3463 dicunt;
3261 3415 3327 3454 ne
3342 3396 3444 3452 hoc
3460 3396 3577 3452 solo
3592 3392 3732 3464 quod

2145 3513 2363 3575 dicunt,
2394 3506 2567 3562 securi
2596 3502 2696 3557 sibi
2725 3489 3127 3555 obdormiscant
3151 3490 3206 3546 in
3236 3491 3371 3543 mala
3401 3488 3539 3549 vita,
3572 3494 3628 3540 et
3651 3484 3735 3537 di-

2146 3610 2271 3659 cant
2297 3600 2396 3656 sibi
2428 3615 2446 3659 ;
2477 3596 2660 3665 Neque
2687 3592 2831 3648 enim
2860 3585 3047 3660 perdet
3072 3598 3170 3637 nos
3198 3581 3357 3643 Deus,
3390 3593 3485 3648 per
3509 3589 3735 3645 quorum

2147 3710 2211 3750 os
2226 3692 2393 3749 voluit
2406 3698 2549 3745 tanta
2567 3687 2704 3740 bona
2719 3682 2824 3738 dici
2847 3677 3041 3750 populo
3057 3689 3174 3729 suo.
3190 3673 3302 3728 lmo
3316 3686 3443 3724 vero
3458 3666 3579 3721 andi
3598 3665 3736 3735 quod

2148 3785 2320 3850 dicis,
2348 3781 2669 3852 quicumque
2702 3773 2871 3835 dicis;
2900 3778 2955 3825 et
2976 3767 3063 3837 qui
3091 3767 3170 3818 vis
3198 3774 3247 3817 te
3280 3759 3484 3823 audiri,
3516 3758 3662 3827 prior
3688 3767 3738 3809 te

2149 3876 2269 3931 audi
2286 3846 2383 3940 {ei
2402 3872 2488 3927 die
2504 3846 2643 3940 quod
2664 3865 2793 3920 dicit
2819 3866 2871 3917 in
2897 3861 3002 3915 alio
3033 3857 3236 3926 psalmo
3254 3851 3466 3923 quidam
3490 3867 3501 3901 :
3523 3846 3740 3902 Audiam

2150 3968 2272 4037 quid
2302 3938 2536 4033 loquatur
2563 3962 2614 4013 in
2655 3973 2734 4010 mc
2758 3953 3008 4006 Dominus
3034 3947 3204 4011 Deus,
3233 3942 3470 4014 quoniam
3512 3938 3742 4010 loquetur

2151 4033 2327 4129 pacem
2357 4052 2546 4123 papula
2580 4065 2673 4103 suo
2700 4043 2875 4117 (Ιιεαι.
2906 4056 3119 4103 Lxxnv,
3147 4037 3221 4105 9).
3253 4033 3435 4101 Qualis
3463 4046 3592 4100 ergo
3619 4044 3737 4098 ego,

2152 4152 2241 4221 qui
2269 4164 2373 4202 non
2402 4144 2561 4199 audio
2586 4138 2728 4212 quod
2761 4138 2812 4192 in
2842 4150 2928 4190 me
2955 4132 3206 4202 loquitur,
3232 4137 3285 4181 ct
3310 4126 3431 4180 volo
3456 4132 3512 4177 ut
3534 4122 3623 4176 alii
3650 4137 3744 4175 an-

2153 4213 2302 4296 diant
2325 4236 2467 4309 quod
2498 4250 2591 4304 per
2617 4247 2703 4285 me
2726 4224 3002 4298 loquitur?
3030 4220 3252 4276 Audiam
3278 4216 3421 4285 prior
3440 4254 3455 4280 ,
3483 4213 3695 4267 audiam
3722 4244 3740 4277 ,

2155 4333 2491 4400 maximeque
2507 4327 2717 4381 audiam
2736 4321 2874 4391 quod
2892 4317 3124 4389 loquitur
3140 4314 3192 4368 in
3212 4328 3295 4366 me
3311 4310 3561 4364 Dominus
3580 4305 3742 4368 Deus,

2154 4425 2404 4497 quoniam
2434 4422 2682 4490 loquetur
2708 4428 2891 4485 pacem
2918 4408 3113 4481 papulo
3140 4418 3259 4460 suo.
3287 4399 3512 4456 Audiam
3532 4436 3549 4461 ,
3577 4406 3629 4451 et
3654 4409 3745 4450 ea-

2155 4520 2343 4587 stigem
2369 4527 2564 4583 corpus
2590 4522 2791 4571 meum,
2819 4514 2874 4560 ct
2897 4498 3140 4558 servituti
3167 4494 3466 4564 subjiciam,
3498 4505 3566 4544 ne
3608 4488 3745 4541 forte

2156 4578 2272 4662 aliis
2301 4578 2616 4677 praedicans,
2634 4601 2750 4669 ipse
2769 4595 3029 4666 reprobus
3055 4588 3294 4645 inveniar
3320 4584 3360 4657 (Ι
3390 4581 3507 4637 Cor.
3533 4595 3608 4645 ix,
3626 4578 3743 4648 27).

2162 4670 2354 4764 thuid
2382 4707 2436 4750 tu
2457 4709 2666 4750 enarrat
2684 4685 2911 4754 justitias
2934 4681 3113 4737 meas?
3140 4676 3337 4748 thuid
3365 4674 3456 4727 tibi
3482 4671 3625 4741 quod
3654 4670 3748 4725 tibi

2159 4807 2265 4847 non
2310 4786 2563 4862 prodest?
2588 4780 2858 4837 Admonet
2886 4777 3030 4831 illum
3060 4783 3120 4826 ut
3159 4769 3341 4824 audiat
3372 4784 3385 4819 :
3418 4778 3523 4818 non
3569 4772 3628 4816 ut
3652 4762 3748 4817 de-

2159 4892 2326 4953 ponat
2367 4873 2838 4949 praedicationem,
2866 4864 2960 4922 sed
3005 4872 3063 4918 ut
3087 4868 3327 4917 assumat
3366 4853 3747 4909 obedientiam.

2158 4972 2237 5026 Tn
2279 4985 2408 5025 vero
2453 4964 2637 5036 utquid
2681 4959 2897 5016 assuntis
2937 4955 3313 5010 Testamentum
3359 4963 3522 5002 meum
3565 4962 3657 5016 per
3693 4960 3750 4998 os

2158 5074 2298 5118 tuum
2314 5062 2340 5117 ?

2229 5154 2320 5209 24.
2353 5150 2503 5223 [veru
2535 5143 2651 5218 17.]
2683 5142 2761 5199 Tu
2787 5156 2903 5195 vero
2922 5136 3073 5193 odisti
3101 5133 3448 5189 eruditionem.
3471 5126 3643 5183 Odisti
3670 5125 3754 5180 di—

2159 5244 2457 5313 sciplinam.
2502 5215 2739 5306 Quando
2757 5246 2918 5303 parco
2936 5270 2952 5295 ,
2994 5235 3177 5282 Cantas
3204 5232 3259 5277 et
3288 5219 3505 5279 laudas;
3534 5215 3753 5286 quando

2158 5336 2398 5405 castigo,
2440 5340 2743 5386 murmuras
2774 5339 2789 5376 :
2821 5322 2969 5391 quasi
2999 5315 3212 5389 quando
3248 5326 3441 5383 parco,
3471 5309 3573 5363 sim
3611 5307 3753 5361 Deus

2162 5441 2321 5490 tuus;
2361 5433 2417 5479 et
2450 5418 2662 5491 quando
2700 5415 2940 5482 castigo,
2983 5423 3088 5462 non
3125 5406 3224 5459 sint
3266 5403 3402 5457 Deus
3450 5408 3617 5463 tuus.
3641 5395 3757 5465 Ego

2161 5483 2500 5591 quos'amo,
2544 5523 2709 5579 arguo
2749 5516 2804 5559 et
2847 5501 3048 5570 castigo
3094 5496 3295 5567 (Apoc.
3345 5505 3397 5543 tu
3424 5530 3437 5552 ,
3487 5485 3624 5555 t9}.
3671 5483 3756 5539 Tu

2161 5625 2275 5663 erro
2322 5602 2473 5659 odisti
2519 5598 2853 5654 eruditiorum
2883 5610 2901 5645 :
2930 5600 2975 5644 et
3019 5584 3272 5656 proiecisti
3317 5594 3571 5633 sermones
3618 5589 3755 5629 uno:

2225 5763 2239 5793 ¹
2278 5762 2348 5808 Sic
2372 5765 2447 5817 pot
2457 5757 2586 5803 iores
2601 5757 2707 5817 uss.
2739 5755 2790 5796 At
2808 5743 2942 5817 edd.
2964 5732 3322 5817 glori/imiteris.

2227 5828 2244 5855 ε
2281 5793 2561 5869 ptuit;
2584 5793 2706 5874 ,Ἑᾶ
2728 5793 2853 5861 sunt.
2880 5793 3116 5863 nonnulli,
3146 5807 3225 5851 Det
3250 5793 3446 5845 auditis.
