3968 6396
180 491 270 550 3s:
1304 481 1699 540 EN.\Rll-\Tltl
1739 484 1802 539 LV
1845 485 2164 540 ι’δλωιικιι
2215 488 2370 542 XLIX

182 617 287 675 post
333 618 398 661 te.
430 608 562 675 Quae
607 605 855 659 dicuntur
886 615 993 672 per
1039 608 1128 664 te,
1161 599 1377 668 projicts
1424 607 1544 666 post
1591 607 1660 650 te.
1698 595 1762 649 Et

181 701 436 772 projecisti
476 714 730 754 sermones
759 712 895 750 meos
920 703 1031 766 post
1056 703 1104 748 te
1130 710 1150 748 :
1180 692 1270 748 ubi
1297 706 1401 747 non
1431 691 1716 745 videantur
1734 705 1765 742 a

175 805 230 850 te
251 835 266 857 ,
285 792 379 848 sed
409 800 634 847 onerent
660 799 731 844 te.
763 785 832 842 Et
852 786 1106 858 projecisti
1124 799 1374 839 sermones
1395 799 1527 836 meos
1555 791 1667 852 post
1697 789 1763 834 te.

243 884 336 941 25.
369 883 520 958 [νινε.
555 879 668 954 ιεε]
699 879 761 935 Si
787 879 987 932 uidebas
1013 881 1212 948 furem,
1242 873 1573 928 concurrebas
1599 872 1678 936 ei,
1702 882 1766 926 et

177 990 290 1028 cum
331 974 587 1026 adulteris
603 972 883 1041 portionem
912 979 1049 1022 luam
1078 965 1317 1038 ponebas.
1348 965 1424 1020 Ne
1454 964 1589 1019 forte
1614 964 1766 1018 dice-

180 1080 264 1121 res
295 1082 310 1119 :
341 1064 458 1120 Non
503 1063 600 1117 feci
648 1063 845 1116 furtum
870 1101 885 1122 .
918 1075 1023 1114 non
1051 1060 1151 1115 feci
1193 1053 1542 1112 adulterium.
1583 1054 1724 1123 Quid
1745 1093 1763 1120 ,

177 1156 221 1212 si
263 1157 466 1226 placuit
492 1155 584 1210 tibi
625 1155 714 1224 qui
759 1152 924 1208 fecit?
950 1151 1136 1206 Nonne
1161 1149 1279 1221 ipso
1319 1149 1511 1219 placito
1534 1161 1763 1202 concur-

179 1246 340 1303 risti‘l
370 1261 547 1300 nonne
575 1245 872 1314 portionem
899 1252 1045 1298 tuam
1075 1256 1196 1296 cum
1224 1240 1314 1294 illo
1338 1240 1426 1309 qui
1456 1239 1576 1294 fecit
1599 1279 1615 1304 ,
1649 1237 1764 1291 lau-

178 1337 355 1396 dando
381 1335 648 1409 posuisti?
677 1334 790 1390 lloc
831 1343 913 1390 est
955 1333 1096 1388 enim
1120 1367 1147 1400 ,-
1167 1330 1360 1386 fratres
1383 1373 1399 1398 ,
1443 1344 1766 1386 concurrere

180 1444 300 1488 cum
340 1429 456 1482 fure
478 1468 496 1495 ,
525 1436 579 1480 et
614 1439 812 1496 ponere
835 1439 955 1479 cum
981 1423 1226 1478 adultero
1253 1423 1551 1492 portionem
1580 1431 1723 1475 tuam
1747 1435 1761 1472 :

179 1524 300 1591 quia
347 1518 449 1575 etsi
480 1533 585 1573 non
628 1516 758 1573 facis
781 1557 799 1582 ,
828 1524 885 1571 et
926 1513 1113 1570 laudas
1152 1511 1294 1583 quod
1323 1511 1382 1566 fit
1405 1553 1421 1577 ,
1451 1511 1769 1580 astipulator

177 1627 239 1667 es
264 1612 424 1676 facti;
454 1609 706 1681 quoniam
731 1607 974 1663 laudatur
999 1614 1245 1676 peccator
1269 1605 1322 1659 in
1348 1603 1630 1660 desideriis
1653 1604 1768 1658 ani-

178 1722 282 1760 mm
302 1721 436 1771 sum,
457 1713 511 1759 et
528 1704 618 1775 qui
640 1703 818 1771 iniqua
840 1700 996 1774 gerit,
1011 1697 1354 1758 benedicitur
1380 1695 1552 1765 (Psal.
1579 1713 1654 1763 tx,
1685 1696 1765 1768 3).

179 1796 296 1850 Non
327 1795 456 1850 facis
482 1795 640 1856 mala,
663 1792 846 1846 laudas
878 1789 1016 1844 mala
1044 1787 1317 1843 facientes.
1336 1787 1449 1842 lloc
1474 1787 1616 1841 enim
1643 1802 1768 1854 par-

177 1902 305 1941 vum
319 1886 516 1940 malum
536 1881 785 1939 cst?Gum
803 1880 1044 1934 adulteris
1067 1879 1346 1950 portionem
1368 1885 1507 1930 tuam
1527 1878 1765 1946 ponebas.

249 1978 343 2032 26.
376 1973 528 2050 [vers.
561 1971 674 2046 {9.1
706 1971 777 2025 0s
803 1981 946 2024 tuum
968 1967 1238 2022 abundavit
1262 1967 1456 2019 malitia
1474 2007 1490 2030 ,
1518 1976 1566 2020 et
1593 1966 1769 2038 lingua

178 2077 270 2122 tua
296 2068 531 2140 amplam
571 2075 646 2120 est
673 2062 1011 2118 dolositatem.
1039 2058 1464 2116 Malevolentiam
1491 2066 1548 2113 et
1569 2057 1771 2113 dolosi-

179 2142 348 2215 tatem
368 2199 384 2224 ,
423 2158 613 2212 fratres
632 2198 648 2219 ,
678 2153 1031 2226 quorumdam
1060 2149 1335 2206 hominum
1363 2148 1521 2213 dicit,
1555 2148 1645 2218 qui
1673 2164 1769 2218 per

178 2251 576 2315 adulationem,
600 2247 843 2318 quamvis
864 2245 1034 2300 sciant
1057 2241 1193 2298 mala
1213 2250 1336 2297 esse
1362 2255 1483 2311 quae
1506 2239 1730 2295 audiunt
1749 2280 1766 2307 ,

181 2361 250 2400 ne
276 2343 550 2400 ollendant
576 2355 671 2396 eos
690 2356 717 2393 a
738 2337 931 2411 quibus
957 2335 1199 2398 audiunt,
1220 2349 1329 2389 non
1356 2333 1526 2388 solum
1554 2346 1661 2386 non
1684 2347 1771 2388 re-

179 2433 568 2506 prehendendo
587 2473 601 2496 ,
627 2429 720 2486 sed
765 2426 991 2483 tacendo
1017 2423 1378 2481 consentiunt.
1423 2421 1618 2477 Parum
1647 2429 1728 2476 est
1749 2460 1766 2487 ,

177 2528 305 2598 quia
333 2540 441 2581 non
465 2524 668 2589 dicunt,
689 2520 823 2576 Male
848 2517 1053 2584 fecisti;
1082 2515 1176 2571 sed
1205 2515 1407 2579 dicunt,
1432 2511 1494 2568 Et
1522 2513 1661 2569 bene
1690 2511 1768 2567 fe-

176 2618 303 2674 cisti
335 2635 350 2672 :
383 2625 440 2672 et
466 2620 663 2670 norunt
701 2611 897 2666 malum
922 2621 1076 2673 esse;
1116 2604 1212 2662 sed
1237 2603 1557 2659 abundat-os
1583 2616 1769 2656 eorum

177 2711 407 2773 malitia,
434 2715 490 2764 et
510 2707 686 2777 lingua
709 2719 896 2760 eorum
921 2699 1256 2770 amplexatur
1282 2695 1642 2752 dolositatem.
1669 2692 1773 2747 Do-

176 2804 370 2860 lositas
392 2809 477 2857 est
501 2799 646 2855 fraus
670 2794 912 2867 quaedam
955 2793 1009 2847 in
1035 2789 1246 2857 verbis,
1271 2785 1415 2842 aliud
1451 2785 1727 2856 promendi
1753 2824 1770 2851 ,

174 2893 330 2950 aliud
358 2888 642 2948 sentiendi.
674 2866 790 2943 Non
813 2884 907 2949 ait,
934 2881 1138 2953 Lingua
1159 2866 1248 2934 tua
1273 2876 1490 2933 admisit
1511 2874 1772 2930 dolosita-

175 2997 290 3040 tem
311 3024 327 3051 ,
358 2991 451 3038 aut
469 3023 484 3049 ,
519 2976 842 3051 perpetravit
863 2972 1234 3036 dolositatem;
1260 2966 1357 3025 sed
1378 2977 1437 3022 ut
1463 2965 1776 3022 ostenderet

175 3079 278 3132 tibi
306 3075 600 3154 quamdam
627 3069 1035 3128 delectationem
1063 3064 1116 3120 in
1145 3063 1263 3132 ipso
1287 3061 1430 3116 malo
1454 3059 1592 3114 facto
1609 3099 1627 3127 ,
1656 3074 1772 3112 am-

174 3149 334 3240 plexa
362 3177 435 3220 est
452 3207 467 3230 ,
499 3164 653 3218 dixit.
683 3161 877 3217 Parum
904 3165 987 3214 est
1009 3157 1134 3227 quia
1161 3153 1324 3218 facis;
1367 3160 1424 3207 et
1445 3149 1767 3206 delectaris:

177 3239 373 3316 laudas
395 3257 447 3312 in
473 3262 724 3329 promptu
741 3293 758 3318 ,
783 3249 974 3306 irrides
993 3244 1134 3315 apud
1163 3255 1235 3299 te.
1262 3241 1570 3312 ['rzecipitas
1597 3239 1774 3296 homi-

175 3369 306 3407 ncm
335 3333 544 3404 incaute
562 3345 686 3400 vitia
712 3357 806 3398 sua
833 3337 1215 3412 proferentem,
1231 3341 1288 3389 et
1313 3348 1380 3387 an
1403 3331 1510 3387 sint
1526 3329 1651 3386 vitia
1679 3346 1775 3386 ne-

173 3445 440 3500 scientem
471 3457 487 3494 :
520 3447 576 3492 tu
600 3433 688 3508 qui
713 3435 820 3490 scis
846 3430 1031 3486 vitium
1055 3442 1198 3492 esse,
1219 3440 1324 3480 non
1350 3424 1482 3478 dicis
1501 3424 1542 3490 ι,
1563 3422 1680 3493 Quo
1701 3422 1772 3476 ir-

175 3537 292 3590 rnis
309 3534 336 3589 2
362 3533 420 3588 Si
446 3532 592 3586 illum
619 3527 832 3582 videres
858 3521 1132 3577 ambulare
1156 3518 1423 3573 incautum
1451 3514 1506 3568 in
1537 3513 1772 3568 tenebris

176 3631 270 3685 ubi
319 3638 372 3682 tu
400 3634 620 3696 puteum
646 3634 766 3676 esse
801 3617 970 3672 scires
989 3656 1003 3677 ,
1031 3621 1086 3669 et
1111 3622 1314 3666 laceres
1333 3649 1348 3676 ,
1379 3607 1554 3678 qualis
1581 3605 1772 3661 esses?

175 3736 366 3776 nonne
393 3717 642 3771 inimicus
665 3707 996 3781 deputareris
1021 3704 1214 3759 animm
1240 3701 1396 3772 ejus?
1422 3699 1492 3754 Et
1519 3709 1695 3753 tamen
1725 3699 1770 3752 si

175 3815 235 3867 in
264 3818 484 3883 puteum
501 3804 753 3869 caderet,
785 3814 890 3855 non
916 3797 1092 3852 anima
1111 3835 1127 3860 ,
1156 3793 1255 3850 sed
1277 3806 1502 3861 corpore
1530 3803 1770 3844 morere-

175 3878 288 3958 tur.
322 3896 626 3968 Praecipitat
651 3909 708 3949 se
733 3894 785 3946 in
811 3888 937 3945 vitia
962 3902 1056 3943 sua
1075 3927 1091 3951 ,
1123 3882 1374 3956 prmdiCat
1397 3878 1536 3956 apud
1560 3888 1610 3933 te
1632 3879 1770 3933 mala

172 3997 319 4051 iacta
346 4005 473 4056 sua;
493 3999 548 4043 tu
566 3986 704 4042 nOsti
728 3983 866 4038 mala
888 3994 1029 4045 esse,
1050 3986 1106 4033 et
1128 3976 1334 4041 laudas,
1353 3980 1409 4029 et
1426 3972 1616 4027 irrides
1632 3971 1770 4042 apud

176 4101 255 4144 te.
278 4087 326 4142 Ο
347 4085 390 4140 si
418 4087 758 4139 convertatur
776 4071 1059 4146 aliquando
1079 4071 1144 4126 ad
1169 4070 1335 4124 Deum
1358 4067 1444 4122 ille
1464 4081 1621 4136 quem
1645 4064 1772 4120 irri-

172 4185 299 4248 des,
328 4189 384 4235 et
407 4192 564 4249 quem
590 4172 859 4242 corripere
884 4164 1120 4232 noluisti,
1144 4175 1198 4218 et
1223 4163 1400 4218 dicat:
1423 4158 1771 4249 Confundan.

175 4247 386 4342 turrqui
409 4247 592 4323 dicunt
615 4261 766 4327 mihi,
796 4261 959 4330 Euge,
987 4271 1122 4325 euge
1151 4249 1324 4326 (Psal.
1354 4265 1535 4314 xxxix,
1566 4249 1675 4320 l6).
1705 4247 1772 4303 Et

172 4366 360 4435 lingua
383 4369 468 4414 tua
485 4357 720 4426 amplexa
739 4362 811 4406 est
830 4348 1168 4404 dolositatem.

251 4428 344 4509 E27.
378 4451 529 4525 [ven
559 4442 680 4517 θα]
710 4439 904 4497 Sedens
927 4438 1166 4491 adversus
1192 4433 1400 4502 fratrem
1430 4438 1572 4482 tuum
1598 4428 1770 4481 detra-

173 4546 357 4600 hebas.
380 4519 457 4596 lit
483 4539 654 4609 ipsum
680 4532 859 4588 sedens
882 4529 949 4585 ad
977 4529 1078 4583 hoc
1103 4525 1337 4597 pertinet
1358 4519 1499 4592 quod
1527 4519 1773 4609 superius

171 4637 340 4701 dixit,
370 4607 602 4701 amplexa
629 4633 721 4681 est.
743 4622 844 4690 Qui
874 4620 1014 4673 enim
1039 4628 1187 4672 stans
1210 4622 1304 4668 aut
1328 4611 1593 4666 transiens
1620 4607 1768 4676 facit,

173 4745 286 4782 tmtl
314 4700 439 4780 cum
457 4700 733 4790 voluptate
749 4713 906 4769 facit:
925 4710 1014 4781 qui
1041 4723 1170 4762 vero
1196 4704 1261 4759 ad
1291 4704 1392 4758 hoc
1415 4700 1586 4764 sedet,
1605 4716 1773 4770 quan-

172 4837 290 4875 tum
317 4817 491 4871 otium
535 4808 724 4881 quierit
748 4814 808 4862 ut
832 4802 1020 4858 faciatl
1052 4797 1250 4855 Sedens
1291 4794 1533 4874 adversus
1560 4796 1771 4864 fratrem

169 4927 321 4967 tuum
346 4902 646 4962 detrahebas
675 4898 892 4968 :ipsam
914 4891 1294 4948 detractionem
1323 4886 1516 4941 malam
1542 4884 1770 4955 diligen-

167 5017 259 5061 ter
285 4998 523 5056 faciebas
539 5037 556 5061 ,
579 4988 817 5049 sedendo
843 4973 1108 5051 faciebas;
1141 4979 1357 5036 volebas
1383 4976 1453 5032 ibi
1479 4975 1770 5046 occupari,

167 5085 576 5164 amplexabaris
600 5083 798 5138 malum
825 5087 970 5134 tuum
991 5116 1007 5142 ,
1033 5069 1364 5130 osculabaris
1391 5065 1571 5122 dolum
1600 5076 1768 5120 tuum.

167 5157 648 5241 Sedens‘adversus
676 5173 886 5243 fratrem
915 5177 1056 5220 tuum
1084 5158 1382 5237 detrahebas
1413 5172 1433 5212 :
1461 5165 1509 5210 et
1532 5157 1773 5210 adversus

168 5283 345 5352 {ilium
365 5273 545 5330 matris
564 5285 667 5324 tua
683 5266 904 5340 ponebas
918 5261 1238 5318 scandalum.
1256 5253 1492 5352 Quis-est
1511 5249 1778 5352 ﬁlius‘ma-

168 5337 308 5427 iris!
337 5380 520 5423 nonne
542 5337 742 5418 frater?
760 5357 870 5412 lloc
895 5368 1023 5424 ergo
1047 5359 1290 5421 repetere
1315 5343 1503 5409 voluit,
1521 5337 1664 5412 quod
1679 5354 1770 5394 suo

165 5463 364 5536 peritis
387 5457 624 5518 dixerat,
654 5433 863 5524 fratrem
895 5456 1056 5501 tuum.
1093 5444 1176 5497 An
1209 5439 1437 5536 aliquam
1467 5431 1771 5536 dis-tinctio-

165 5523 303 5614 λείη
333 5547 492 5608 nobis
518 5523 914 5614 intelligendam
953 5529 1277 5592 insinuavit?
1315 5528 1512 5588 Planc,
1538 5523 1730 5579 fratres
1753 5562 1769 5588 ,

163 5660 310 5722 puto
332 5659 457 5700 esse
478 5634 931 5710 distinguendum.
952 5629 1138 5685 Frater
1162 5625 1417 5722 adversus
1447 5619 1663 5722 fratrem
1679 5614 1774 5714 de-

165 5704 344 5796 lraltit
363 5776 381 5802 ,
410 5729 560 5789 verbi
599 5704 805 5800 gratia.
831 5731 892 5779 ut
927 5730 1054 5796 puta
1079 5715 1228 5789 quasi
1257 5714 1440 5768 firmus
1465 5717 1521 5764 et
1551 5704 1773 5774 alicujus

151 5830 286 5902 iam
327 5798 585 5882 momenti
609 5798 817 5874 vdoctor
842 5824 894 5869 et
923 5816 1145 5876 doctus,
1188 5803 1420 5862 detrahit
1446 5798 1592 5855 fratri
1632 5809 1731 5850 suo
1752 5833 1770 5861 ,

243 5970 262 6004 ι
298 5966 375 6016 sic
396 5969 504 6013 uss.
531 5967 585 6008 Al
611 5954 746 6012 add.
768 5963 860 6002 non
877 5946 1000 6000 dicis
1022 5941 1259 5997 corruisse
1273 5939 1427 5990 illum.

3356 495 3462 549 582

1877 599 2009 652 ft'ntt‘.
2031 599 2165 652 bene
2185 600 2394 655 docenti
2421 610 2472 654 et
2504 602 2637 656 bene
2661 605 2987 660 ambulanti:
3012 619 3094 660 est
3121 613 3296 660 autem
3323 608 3464 660 alius

1876 687 2143 754 infirmus;
2166 693 2424 746 adversus
2447 692 2594 746 illum
2621 695 2769 763 ponit
2790 695 3096 750 scandalum
3129 698 3253 752 huic
3277 696 3462 761 detra-

1876 778 2069 834 hendo.
2088 782 2297 836 Etenim
2323 799 2444 838 cum
2458 783 2755 840 detrahitur
2779 785 2932 841 bonis
2959 787 3029 843 ab
3053 788 3136 843 his
3159 792 3250 857 qui
3269 789 3459 844 viden-

1876 879 1961 924 tur
1984 871 2208 943 alicujus
2235 877 2490 930 tnomenti
2514 891 2636 933 esse
2658 887 2714 933 et
2737 877 2881 933 doeti
2906 894 3048 940 esse.
3077 880 3128 934 in
3150 880 3459 936 scandalum

1872 963 2069 1018 cadunt
2096 965 2291 1019 infirmi
2334 965 2426 1037 qui
2450 967 2625 1023 adhuc
2667 968 2910 1023 nesciunt
2931 969 3188 1038 judicare.
3215 969 3342 1024 Ideo
3369 971 3456 1024 in-

1874 1051 2059 1107 firmus
2088 1055 2175 1110 ille
2198 1057 2338 1125 filius
2362 1059 2538 1111 matris
2562 1057 2736 1114 dictus
2759 1069 2860 1125 est,
2885 1059 3120 1114 nondum
3148 1059 3336 1129 patris,
3360 1059 3460 1113 ad-

1872 1141 1979 1198 huc
2005 1145 2140 1200 lacte
2159 1145 2400 1217 indigens
2418 1157 2476 1203 et
2501 1149 2752 1225 uberibus
2774 1151 3076 1205 adhaerens.
3098 1151 3347 1206 Portntur
3364 1151 3460 1205 διάη

1873 1231 1978 1288 huc
2003 1237 2129 1291 sinu
2148 1239 2332 1292 matris
2360 1239 2614 1296 Ecclesia:
2634 1282 2650 1306 ,
2685 1255 2792 1295 non
2819 1241 2962 1299 valet
2988 1243 3246 1298 accedere
3273 1242 3341 1298 ad
3367 1257 3458 1297 so-

1873 1323 2037 1380 lidum
2065 1326 2244 1381 cibum
2271 1343 2474 1384 mensae
2516 1331 2681 1399 patris
2704 1331 2784 1385 sui
2805 1372 2822 1395 ,
2847 1332 2942 1387 sed
2969 1333 3036 1387 dc
3067 1334 3230 1389 ubere
3273 1335 3462 1390 matris

1871 1417 2068 1470 victum
2095 1418 2276 1482 trahit,
2304 1419 2519 1490 ignarus
2543 1419 2839 1489 jttdit'andi,
2859 1424 3111 1491 quoniam
3136 1425 3310 1480 adhuc
3335 1426 3457 1480 ani-

1872 1508 2027 1562 malis
2063 1518 2223 1579 atquc
2257 1511 2488 1566 carnalis
2517 1523 2618 1565 est.
2649 1513 2945 1580 Spiritualis
2964 1518 3094 1568 enim
3121 1518 3291 1569 onmia
3316 1518 3456 1589 diju-
3505 1539 3510 1542 ί

1873 1599 2046 1665 dicat;
2074 1599 2311 1656 animalis
2338 1613 2506 1657 autem
2535 1605 2685 1658 homo
2723 1622 2823 1659 non
2869 1609 3079 1674 percipit
3105 1626 3163 1662 ea
3191 1625 3304 1678 quia
3338 1619 3458 1665 sunt

1828 1705 1832 1709 '
1875 1690 2101 1762 Spiritus
2122 1691 2240 1760 Dei,
2258 1695 2494 1762 quoniam
2515 1695 2729 1750 stultitia
2752 1708 2825 1752 est
2846 1699 2922 1754 illi
2932 1743 2934 1747 μ
2949 1698 2988 1770 (l
3017 1699 3134 1755 Cor.
3154 1717 3212 1766 tt,
3233 1701 3320 1768 l5,
3343 1703 3456 1775 Η).

1874 1782 2090 1837 Talibus
2119 1784 2244 1840 dicit
2275 1786 2562 1855 Apostolus
2593 1804 2607 1840 :
2639 1788 2765 1865 Non
2805 1793 2946 1861 potui
2984 1793 3125 1862 loqui
3151 1794 3289 1848 vobis
3312 1796 3460 1864 quasi

1871 1873 2252 1943 spiritualibus,
2297 1880 2385 1930 scd
2413 1878 2560 1945 quasi
2599 1880 2888 1934 carnalibus
2915 1896 2934 1936 :
2967 1891 3206 1952 tanquam
3235 1885 3460 1952 paruulis

1872 1964 1927 2016 in
1947 1961 2148 2019 Christo
2177 1965 2256 2019 lac
2284 1967 2421 2020 rubis
2447 1976 2621 2038 potum
2645 1969 2782 2034 dedi,
2802 1986 2902 2024 non
2928 1987 3127 2034 cacant;
3147 1989 3308 2040 neque
3325 1975 3460 2028 enim

1874 2055 2134 2126 poteratis,
2162 2053 2252 2110 sed
2277 2072 2367 2111 nec
2391 2058 2559 2112 adhuc
2582 2060 2783 2130 quidem
2811 2063 3014 2129 potestis
3044 2061 3154 2134 (Id.
3183 2079 3262 2128 tn,
3297 2067 3349 2132 l,
3377 2064 3461 2136 Ξ).

1873 2146 2042 2201 Mater
2068 2146 2217 2203 vobis
2246 2149 2317 2202 fui
2351 2166 2365 2201 :
2397 2150 2666 2218 quomodo
2692 2153 2885 2207 dicitur
2922 2153 3029 2208 alio
3068 2155 3222 2221 loco,
3271 2153 3464 2212 Factus

1873 2254 1988 2291 sum
2011 2240 2250 2306 parvulus
2274 2239 2325 2292 in
2357 2240 2522 2294 medio
2546 2251 2763 2295 vestrum
2781 2283 2798 2309 ,
2824 2252 3064 2312 tanquam
3088 2247 3264 2301 nutrix
3289 2247 3464 2316 fovens
3562 2296 3565 2297 ,

1875 2331 2008 2400 filios
2036 2348 2153 2385 suos
2181 2333 2222 2403 (l
2251 2330 2433 2387 Thess.
2480 2347 2520 2388 tt
2539 2373 2554 2395 .
2584 2329 2659 2403 7).
2692 2332 2806 2388 Non
2838 2323 3013 2389 nutrix
3057 2337 3297 2392 nutriens
3323 2338 3464 2394 illius

1873 2423 2079 2477 alienus
2097 2466 2112 2488 ,
2140 2425 2234 2477 sed
2263 2423 2439 2477 nutrix
2470 2423 2655 2479 fovens
2680 2424 2817 2480 ﬁlios
2841 2442 2988 2482 suos.
3015 2428 3152 2482 Sunt
3175 2428 3318 2482 enim
3343 2445 3461 2484 ma-

1876 2521 1987 2566 tres
2012 2528 2132 2582 qua:
2156 2529 2276 2568 cum
2309 2514 2608 2582 pepererint
2626 2555 2644 2581 ,
2691 2515 2818 2569 dant
2841 2516 3136 2572 nutricibus
3167 2535 3181 2570 :
3214 2519 3320 2573 illa:
3343 2494 3464 2590 quin

1876 2615 2232 2687 pepererunt,
2266 2622 2370 2659 non
2418 2605 2600 2662 fovent
2636 2601 2776 2663 filius
2805 2623 2967 2676 suos,
2998 2609 3121 2679 quia
3151 2613 3467 2669 nutriendos

1873 2696 2166 2763 dederunt;
2195 2697 2294 2752 ilhc
2314 2707 2492 2752 autem
2510 2715 2630 2769 qua:
2660 2700 2978 2766 iment,non
3008 2717 3136 2757 suos
3153 2705 3352 2764 lnvettt,
3371 2705 3465 2760 sed

1874 2791 2105 2844 alienos:
2121 2790 2220 2845 iste
2234 2805 2361 2845 vero
2377 2791 2491 2860 ipse
2511 2802 2809 2862 pepererat,
2831 2793 3192 2863 ipse-fovebat,
3211 2797 3340 2852 nulli
3362 2814 3467 2851 ηυς-

1875 2883 1993 2938 trici
2009 2899 2166 2954 quem
2187 2895 2465 2952 pepererat
2483 2886 2844 2942 cnmmittehat
2864 2902 2878 2952 ;
2899 2886 3110 2943 dixerat
3134 2891 3300 2957 enim,
3324 2894 3464 2958 Quos

1879 2977 2058 3030 iterum
2087 2977 2338 3045 parturio,
2365 2977 2525 3032 donec
2555 2977 2788 3034 Christus
2809 2979 3056 3048 formetur
3077 2981 3129 3035 in
3155 2981 3290 3038 vobis
3319 2983 3464 3055 (Gul.

1879 3084 1951 3131 tv.
1985 3068 2092 3138 l9).
2123 3067 2532 3140 Fovebatergo,
2555 3079 2611 3124 et
2635 3070 2880 3124 laetabat.
2931 3071 3096 3126 Erant
3133 3083 3310 3127 autem
3344 3078 3467 3143 qni-

1876 3158 2000 3212 dam
2027 3159 2177 3228 quasi
2206 3158 2350 3212 docti
2379 3167 2435 3214 et
2461 3157 2763 3228 spirituales
2784 3159 2874 3230 qui
2907 3160 3070 3214 Paulo
3096 3155 3466 3222 detraherent.

1877 3250 2125 3320 Episton
2144 3251 2360 3321 quidem,
2398 3251 2561 3316 aiunt,
2587 3267 2762 3322 graves
2781 3262 2829 3305 et
2853 3256 3007 3322 fortes
3028 3263 3165 3315 sunt,
3197 3257 3468 3324 prcsentia

1875 3352 2044 3395 autem
2061 3342 2288 3411 corporis
2305 3341 2530 3410 inﬁrma,
2547 3351 2592 3394 et
2606 3357 2768 3395 sermo
2789 3341 3172 3412 contemptibilis
3190 3343 3254 3417 (ΙΙ
3271 3342 3390 3400 Cor.
3411 3362 3466 3414 κ,

1863 3433 1987 3506 ~10):
2005 3433 2134 3488 dicit
2154 3433 2266 3502 ipse
2283 3432 2334 3485 in
2356 3431 2591 3503 Epistula
2610 3448 2701 3486 sua
2719 3432 2977 3503 quosdam
2998 3434 3324 3490 detracturos
3339 3452 3467 3492 suos

1876 3524 1976 3579 ista
2002 3524 2220 3578 dixisse.
2248 3522 2540 3590 Sedebant,
2569 3533 2622 3578 ct
2647 3523 2903 3578 adversus
2931 3522 3150 3579 fratrem
3183 3540 3337 3580 suum
3370 3527 3466 3581 dc-

1879 3615 2177 3678 trahebant,
2207 3623 2264 3670 et
2286 3613 2544 3668 adversus
2573 3613 2877 3668 lactandum
2906 3615 3052 3669 illum
3087 3616 3253 3670 lilium
3282 3618 3468 3672 matris

1877 3721 1988 3760 sua:
2013 3707 2280 3774 ponebant
2300 3704 2632 3760 scandalum.
2661 3705 2848 3760 Merito
2877 3705 3122 3762 fecerunt
3171 3708 3269 3778 ipsi
3309 3710 3468 3764 matri

1879 3807 1934 3850 ut
1961 3797 2148 3850 iterum
2180 3800 2482 3863 parturiret.
2511 3794 2575 3848 Et
2594 3795 2834 3873 adversus
2853 3797 3018 3864 filium
3048 3799 3224 3852 matris
3248 3809 3347 3852 tua!
3374 3819 3468 3872 po-

1877 3889 2030 3941 nebas
2053 3887 2376 3942 scandalum.

1945 3979 2038 4036 28.
2081 3978 2233 4053 [vers.
2254 3977 2372 4052 ‘21.]
2403 3978 2527 4034 Haec
2549 3979 2733 4050 fecisti,
2763 3990 2810 4035 et
2828 3980 2984 4034 tacui.
3014 3980 3139 4036 ldeo
3163 3966 3340 4038 veniet
3366 3983 3471 4038 Do-

1877 4070 2053 4129 minus
2081 4074 2221 4128 Dens
2249 4083 2452 4134 noster,
2485 4080 2538 4126 et
2564 4087 2671 4126 non
2696 4071 2893 4126 silebit.
2917 4072 3096 4136 Modo,
3126 4072 3252 4127 "th
3273 4073 3469 4144 fecisti,

1877 4181 1923 4224 et
1945 4167 2270 4247 tacui._Quid
2293 4175 2395 4229 est,
2418 4166 2556 4219 tacui
2575 4165 2659 4221 2A
2691 4162 2919 4220 vindicta
2967 4165 3286 4241 supersedi,
3313 4182 3468 4222 seve-

1877 4265 2087 4318 ritatem
2136 4264 2310 4316 meam
2341 4259 2566 4326 distuli,
2611 4258 2918 4328 patientiam
2970 4259 3060 4315 tibi
3115 4259 3422 4330 prolongavi
3451 4300 3468 4329 ,

1880 4351 2241 4423 pmnitentiam
2264 4358 2419 4422 tuam,
2434 4349 2524 4404 ditt
2545 4351 2870 4418 exSpectavi.
2892 4348 3016 4404 Haec
3036 4351 3291 4422 fecisti,_et
3307 4353 3467 4405 tacui.

1881 4445 1989 4514 Ego
2011 4453 2193 4498 autem
2222 4455 2344 4496 cum
2364 4439 2430 4495 ad
2457 4441 2560 4495 hoc
2587 4454 2952 4510 exspectarem
2985 4451 3040 4495 ut
3085 4450 3136 4496 te
3165 4444 3468 4511 penderet,

1877 4513 2168 4590 secundum
2217 4532 2532 4602 Apostolum
2559 4531 2854 4595 dicentem,
2890 4530 2968 4586 Tu
3005 4541 3171 4586 autem
3191 4513 3490 4588 secundum.

1877 4628 2118 4680 duritiam
2142 4626 2310 4679 cordis
2345 4624 2440 4690 tui,
2471 4632 2516 4678 et
2545 4639 2634 4678 cor
2653 4624 2999 4694 impcnitens,
3038 4624 3349 4686 thesaurizas
3381 4627 3472 4682 tibi

1875 4722 2007 4776 iram
2033 4721 2087 4774 in
2117 4719 2198 4772 die
2227 4719 2319 4772 ira:
2342 4727 2390 4772 et
2429 4714 2746 4771 reuelationis
2791 4717 2914 4785 iusti
2931 4716 3118 4789 judicii
3147 4715 3246 4771 Dei
3276 4718 3297 4789 (
3313 4716 3463 4772 Rom.

1877 4831 1949 4876 11,
1981 4814 2074 4887 5).
2109 4813 2411 4882 Suspicatus
2431 4827 2482 4864 es
2508 4811 2847 4879 iniquitatem,
2888 4809 3027 4879 quod
3046 4827 3131 4865 ero
3151 4810 3240 4865 tibi
3265 4811 3466 4868 similis.

1877 4906 2073 4962 Parum
2119 4913 2202 4958 est
2251 4903 2373 4972 quia
2404 4900 2538 4954 mala
2573 4900 2708 4954 facta
2741 4907 2828 4954 tua
2859 4905 3069 4970 placent
3096 4899 3226 4968 tibi,
3258 4903 3471 4972 placere

1879 5006 2031 5068 putas
2058 5004 2113 5049 et
2139 4994 2288 5049 mihi.
2315 4993 2480 5048 Deum
2508 4992 2630 5061 quia
2654 5007 2759 5045 non
2786 4992 2981 5062 pateris
3009 4991 3256 5056 ultorem,
3283 4993 3364 5048 vis
3393 5001 3470 5049 te-

1878 5100 2009 5147 nere
2026 5089 2356 5159 participem,
2369 5094 2424 5139 et
2440 5095 2688 5154 tanquam
2704 5092 3012 5152 corruptum
3023 5081 3256 5153 judicem
3273 5084 3469 5154 ιιι-ωδε

1877 5186 2081 5240 socium
2107 5182 2188 5236 vis
2209 5179 2430 5235 habere.
2451 5175 2764 5245 Suspicatus
2791 5191 2844 5229 es
2869 5175 3204 5241 iniquitatem,
3230 5173 3368 5244 quod
3387 5194 3468 5231 ero

1879 5277 1971 5332 tibi
1994 5274 2175 5329 similis
2204 5287 2224 5328 :
2242 5270 2369 5325 dum
2401 5285 2507 5324 tton
2550 5268 2632 5322 vis
2666 5275 2719 5321 tu
2746 5265 2876 5319 mihi
2902 5280 3023 5320 esse
3047 5264 3257 5320 similis.
3291 5263 3482 5323 Esto“

1879 5369 2030 5430 enim,
2053 5363 2245 5434 inquit,
2260 5359 2488 5432 perfecti,
2497 5358 2624 5412 sicut
2636 5367 2682 5411 et
2697 5355 2852 5410 Pater
2871 5364 3028 5410 vester
3040 5354 3125 5424 qui
3143 5354 3196 5407 in
3215 5352 3354 5409 cali;
3373 5364 3468 5414 est.

1877 5459 1962 5530 qui
1991 5458 2112 5529 facit
2137 5456 2292 5510 solem
2318 5469 2464 5506 suum
2491 5451 2616 5504 oriri
2639 5465 2794 5519 super
2817 5448 2972 5502 bonos
2999 5456 3044 5501 et
3070 5444 3232 5503 malos
3255 5446 3467 5520 (Matth.

1879 5564 1936 5614 ν,
1966 5547 2056 5612 48,
2088 5545 2158 5602 45
2182 5546 2222 5616 ).
2253 5542 2406 5598 Hunc
2432 5551 2486 5597 tu
2519 5539 2710 5596 imitari
2739 5537 2980 5604 noluisti,
3005 5536 3094 5608 qui
3122 5536 3290 5590 donat
3328 5537 3466 5593 bona

1879 5649 1933 5696 et
1961 5638 2149 5704 malis;
2189 5645 2248 5692 ut
2289 5634 2486 5690 sedens
2522 5630 2774 5687 detrahas
2797 5639 2852 5686 et
2878 5618 3055 5684 bonis.
3093 5627 3391 5697 Suspicatus
3419 5646 3472 5684 es

1878 5728 2189 5800 iniquitatem
2211 5768 2228 5795 ,
2252 5726 2387 5796 quod
2413 5741 2498 5778 ero
2523 5722 2611 5775 tibi
2652 5719 2854 5775 similis.
2893 5721 3116 5790 Argntum
3154 5727 3218 5770 te.
3249 5716 3474 5784 Quando

1879 5820 2021 5876 Deus
2037 5817 2332 5887 manifestus
2351 5815 2510 5870 variet
2529 5854 2544 5877 ,
2572 5811 2711 5867 Deus
2732 5821 2920 5876 noster,
2946 5820 2994 5863 et
3036 5824 3135 5862 non
3159 5807 3338 5869 silebit,
3371 5813 3472 5861 Ar-

1884 5931 2036 5989 quam
2064 5924 2128 5968 te.
2163 5912 2227 5968 Et
2265 5909 2391 5980 quid
2437 5908 2532 5964 tibi
2562 5905 2751 5962 faciam
2780 5901 3054 5976 arguendo
3101 5899 3190 5955 te?
3225 5899 3350 5970 quid
3380 5888 3476 5953 tibi
