3968 6324
499 363 600 422 583

504 480 730 537 faciam?
753 477 906 534 Modo
931 490 979 533 te
1009 493 1112 532 non
1137 477 1318 541 vides;
1345 476 1480 532 facio
1503 486 1557 531 ut
1580 477 1761 534 \ideas
1790 487 1858 532 te.
1886 471 2019 544 Quia
2050 475 2094 529 si

504 574 712 628 videres
733 580 804 632 te.
823 580 876 625 et
897 569 1212 642 displiceres
1232 569 1344 634 tibi,
1372 570 1612 640 placcrcs
1638 568 1768 624 mihi
1792 587 1805 622 :
1827 569 1946 637 quia
1970 582 2098 621 vero

500 681 606 718 nou
636 672 688 718 te
713 662 899 718 videns
928 659 1167 732 placuisti
1196 658 1308 723 tibi,
1327 659 1634 728 displicebis
1655 667 1709 712 et
1737 658 1864 713 mihi
1889 666 1943 712 et
1964 655 2095 723 tibi;

502 755 632 811 mibi
654 771 774 811 cum
789 753 1145 822 judicaberis;
1171 753 1284 816 tibi,
1299 769 1422 806 cum
1439 753 1672 808 ardebis.
1688 752 1824 822 Quid
1847 752 1986 808 enim
2007 749 2099 806 tibi

506 847 726 910 iaciam,
759 844 965 912 inquit?
992 841 1306 898 Constituam
1332 851 1379 895 te
1414 855 1532 895 ante
1558 845 1741 915 («ciem
1772 853 1929 895 luam.
1960 839 2098 910 Quid

506 938 647 990 enim
673 942 750 989 vis
780 939 943 989 latere
973 935 1237 1003 teipsum?
1263 933 1318 988 lu
1363 933 1524 989 dorso
1553 944 1643 986 tuo
1675 933 1766 988 tibi
1788 949 1845 987 es
1867 975 1881 994 ,
1914 947 2018 984 non
2049 940 2101 985 te

509 1028 695 1081 vides:
728 1026 862 1080 facio
885 1035 942 1079 ut
974 1037 1023 1079 te
1044 1025 1259 1086 videas;
1290 1025 1430 1094 quod
1461 1033 1579 1091 post
1609 1025 1826 1076 dorsum
1853 1023 2099 1094 posuisti,

507 1132 633 1176 ante
664 1120 846 1173 [aciein
879 1133 1108 1188 ponam;
1139 1116 1341 1170 videbis
1372 1117 1662 1170 lmditatcm
1695 1125 1838 1168 tuam
1860 1155 1876 1178 ,
1908 1128 2012 1166 non
2043 1120 2104 1167 ut

506 1214 763 1282 corrigas,
785 1211 879 1264 sed
903 1220 958 1264 ut
987 1209 1293 1263 erubescas.
1314 1207 1430 1262 Jam
1453 1207 1574 1276 quia
1595 1205 1722 1259 dicit
1742 1207 1861 1267 ista,
1885 1202 2100 1270 fratres,

505 1301 869 1372 desperandus
896 1310 980 1356 est
1005 1299 1093 1354 ille
1116 1301 1199 1354 cui
1229 1299 1463 1352 dicitur?
1493 1298 1680 1352 Nonne
1710 1297 1798 1350 illa
1821 1297 2009 1350 civitas
2036 1295 2103 1350 de

506 1411 606 1465 qua
628 1397 826 1449 dictum
853 1404 956 1458 est,
981 1392 1246 1454 Triduum,
1272 1403 1316 1444 et
1341 1390 1527 1444 Ninire
1548 1399 1810 1455 evertetur,
1836 1390 1970 1442 intra
2005 1386 2102 1440 tti-

509 1489 667 1541 dabnt
701 1487 892 1540 idonea
923 1485 1018 1539 fuit
1043 1484 1305 1549 converti,
1337 1498 1513 1546 orare,
1549 1483 1820 1553 plangere,
1855 1480 1923 1536 de
1945 1494 2102 1550 pmna

509 1580 805 1638 imminenti
834 1576 1254 1634 misericordiam
1274 1576 1568 1648 promereri
1591 1575 1874 1646 (Jonazm,
1904 1572 2055 1646 4-10)
2080 1572 2104 1628 2

511 1672 742 1729 Audiant
787 1686 916 1741 ergo
945 1671 1032 1741 qui
1064 1669 1197 1724 tales
1225 1679 1384 1731 sunt,
1417 1669 1542 1722 dum
1574 1668 1697 1723 licet
1733 1668 1918 1723 audire
1944 1675 1998 1723 ct
2027 1674 2106 1722 ta-

507 1773 740 1818 centem.
769 1761 960 1818 Veniet
979 1762 1142 1823 enim.
1167 1770 1220 1813 et
1242 1776 1346 1815 non
1367 1760 1559 1823 silebit,
1588 1772 1640 1813 et
1660 1769 1870 1828 arguet,
1892 1758 2105 1828 quando

510 1852 828 1909 eorrectioni
859 1852 1007 1906 locus
1038 1850 1216 1904 nullus
1242 1852 1364 1904 erit.
1395 1850 1632 1903 Statuunt
1671 1861 1738 1916 te,
1772 1850 1962 1920 inquit,
1990 1858 2108 1903 ante

511 1949 692 2020 {aciem
720 1957 880 2000 tuam.
901 1945 1058 2002 Modo
1078 1960 1206 2016 ergo
1233 1953 1286 1997 tu
1312 1944 1414 2009 fac,
1439 1944 1680 2013 quisquis
1711 1943 1830 1997 talis
1857 1957 1936 2009 es,
1963 1942 2105 2012 quod

513 2040 606 2095 tibi
637 2039 872 2092 minatur
900 2038 1075 2090 facere
1106 2037 1265 2090 Deus.
1293 2034 1444 2090 Tolle
1475 2043 1525 2088 te
1554 2050 1580 2085 a
1616 2044 1764 2104 tergo
1796 2044 1906 2100 tuo,
1940 2032 2026 2087 ubi
2055 2042 2106 2089 te

513 2131 700 2187 videre
731 2145 838 2184 non
869 2128 968 2194 vis,
998 2127 1339 2182 diSsimulans
1363 2125 1571 2180 a-lactis
1610 2126 1734 2191 tuis,
1765 2135 1819 2179 ct
1844 2124 2108 2181 eoustitue

512 2231 565 2277 te
593 2230 716 2278 ante
744 2228 815 2276 te.
844 2219 1092 2277 Ascendc
1116 2216 1346 2272 tribunal
1373 2217 1568 2272 mentis
1603 2225 1703 2269 tua-
1721 2258 1736 2283 ,
1759 2228 1876 2270 esto
1902 2217 1994 2270 tibi
2018 2215 2106 2285 ju-

511 2316 636 2378 dcx,
667 2322 910 2383 torqueat
938 2322 989 2366 te
1011 2312 1189 2376 timor,
1219 2320 1462 2378 erumpat
1489 2324 1518 2362 a
1550 2319 1600 2363 te
1626 2307 1916 2372 confessio,
1949 2319 2002 2364 et
2021 2308 2110 2362 dic

515 2407 625 2460 Deo
655 2413 747 2460 tuo
777 2422 790 2457 :
818 2403 1074 2470 Quoniam
1113 2402 1425 2472 iniquitatem
1454 2415 1617 2452 meum
1644 2415 1735 2469 ego
1762 2414 2029 2468 cognosco,
2060 2407 2108 2450 et

511 2498 748 2551 delictum
775 2511 942 2548 meum
971 2502 1088 2546 ante
1111 2508 1189 2545 me
1210 2500 1285 2545 est
1304 2492 1541 2560 semper(
1579 2487 1722 2555 I’sal.
1754 2505 1804 2552 ι,
1833 2489 1926 2558 5).
1955 2488 2108 2554 Quod

512 2599 630 2643 crat
681 2597 800 2657 post
826 2595 877 2640 te
902 2627 917 2650 ,
967 2584 1058 2638 [lat
1081 2592 1206 2638 ante
1237 2592 1289 2637 te
1321 2602 1335 2637 :
1366 2598 1435 2636 ne
1466 2591 1518 2634 tu
1552 2582 1666 2649 ipse
1698 2589 1882 2649 postea
1920 2596 1950 2632 a
1998 2580 2108 2634 Deo

508 2683 688 2752 judice
716 2679 812 2733 tias
840 2688 962 2730 ante
989 2686 1060 2739 te,
1092 2687 1146 2730 et
1174 2693 1279 2730 non
1307 2677 1501 2744 sitquo
1527 2673 1702 2743 fugias
1732 2689 1760 2725 a
1792 2683 1864 2726 te.

584 2772 674 2826 29.
717 2768 887 2841 [υετε.
912 2764 1031 2838 ‘22.]
1058 2765 1336 2836 lnlelligite
1386 2770 1564 2817 autem
1593 2764 1700 2816 ltwc
1727 2763 1812 2830 qui
1852 2761 2108 2814 οὐιἱείεεὶ-

514 2864 638 2918 mini
666 2862 848 2915 Deum.
880 2859 1069 2914 Videte
1106 2859 1226 2928 quia
1272 2857 1469 2911 clamat
1497 2897 1512 2921 ,
1543 2865 1594 2909 et
1626 2872 1728 2908 non
1761 2864 1918 2919 tacet,
1953 2869 2057 2908 non
2089 2855 2106 2885 ⁸

515 2955 702 3025 parcit.
737 2952 943 3008 Oblitus
972 2964 1090 3004 cras
1122 2949 1402 3002 Dominum
1428 2989 1442 3012 ,
1479 2965 1582 3001 non
1610 2946 1881 3017 cogitabas
1907 2945 1974 3001 de
2003 2947 2108 3001 vita

515 3057 603 3098 tua
656 3043 815 3098 mala.
846 3042 1081 3108 Intelligo
1128 3040 1251 3109 quia
1300 3039 1495 3093 oblitus
1549 3055 1607 3092 es
1668 3038 1967 3091 Domintnn.
1999 3036 2106 3091 Ne-

513 3138 716 3206 quando
738 3137 903 3204 rapiat
932 3135 1060 3188 sicut
1091 3132 1188 3198 leo,
1221 3142 1270 3187 et
1309 3148 1408 3185 non
1435 3132 1499 3185 sit
1525 3131 1610 3198 qui
1637 3140 1799 3183 eruat.
1830 3130 1968 3197 Quid
1992 3140 2104 3195 est,

513 3231 642 3283 sicut
665 3228 742 3282 leo
761 3227 786 3280 1’
806 3226 946 3281 Sicut
974 3224 1148 3290 fortis,
1172 3225 1310 3278 sicut
1332 3230 1542 3291 potens,
1570 3223 1705 3276 sicut
1727 3222 1814 3276 ille
1842 3220 1928 3275 eui
1951 3236 2109 3276 nemo

515 3322 766 3373 resistere
795 3326 988 3385 potest.
1021 3313 1100 3368 Ad
1146 3314 1248 3368 hoc
1289 3313 1504 3379 retulit,
1537 3324 1592 3366 ut
1629 3312 1833 3365 diceret
1886 3313 1980 3365 leo.
2007 3312 2108 3366 Po-

515 3416 660 3466 nitur
679 3412 820 3466 enim
850 3412 900 3462 in
929 3408 1085 3463 laude
1104 3449 1118 3470 ,
1151 3407 1364 3476 ponitur
1399 3414 1453 3460 et
1483 3406 1533 3458 in
1573 3404 1980 3472 vituperatione.
2023 3404 2110 3457 Di-

511 3517 630 3559 ctus
667 3514 748 3556 est
798 3503 881 3555 leo
923 3499 1166 3554 diabolus
1199 3515 1215 3552 :
1244 3497 1580 3551 Adversarius
1609 3507 1802 3562 vester,
1835 3497 1910 3550 ait
1937 3537 1951 3559 ,
1990 3505 2106 3548 tan-

510 3612 662 3662 quam
685 3594 761 3646 leo
781 3593 982 3662 rugiens
1007 3589 1238 3644 circumit
1257 3603 1484 3660 querens
1499 3605 1643 3657 quem
1669 3589 1867 3641 devoret
1891 3587 2105 3658 ([Pclr.

514 3702 571 3748 γ,
602 3687 681 3755 8).
703 3682 969 3751 Numquid
991 3683 1111 3750 quia
1141 3682 1229 3735 ille
1256 3682 1341 3736 leo
1369 3680 1542 3733 dictus
1574 3691 1655 3735 cst
1684 3690 1900 3749 propter
1921 3681 2111 3734 innua-

514 3797 635 3832 nem
660 3777 939 3838 saevitiam,
966 3775 1209 3828 Christus
1231 3790 1335 3827 non
1357 3772 1553 3826 dicitur
1577 3771 1660 3826 leo
1690 3781 1908 3841 promer
1926 3773 2110 3842 ingen-

513 3881 621 3925 tem
650 3867 1055 3925 fortitudinem?
1076 3866 1145 3920 Ει
1184 3865 1270 3919 ubi
1301 3875 1384 3920 est
1423 3864 1550 3918 illud
1582 3906 1597 3929 ,
1636 3863 1764 3917 Vicit
1791 3866 1868 3917 leo
1890 3864 1955 3917 de
1974 3865 2108 3917 tribu

510 3963 650 4017 Jnda
685 3961 881 4030 (Apoc.
921 3975 973 4021 ν,
997 3957 1110 4028 5)?
1138 3956 1382 4012 lntendat
1428 3956 1696 4025 paululum
1727 3955 1971 4010 Charitas
1997 3953 2106 4010 Ve-

511 4067 621 4110 stra
639 4054 814 4107 adhuc
833 4051 1098 4106 modicum
1119 4049 1261 4121 quod
1289 4057 1487 4103 restat:
1510 4048 1735 4102 obsecro
1758 4064 1850 4100 vos
1872 4057 1928 4100 ut
1947 4062 2108 4100 excu-

515 4147 656 4200 tiatis
681 4144 1073 4215 fatigationem;
1097 4142 1267 4197 aderit
1295 4141 1388 4196 ille
1407 4141 1495 4210 qui
1519 4140 1670 4193 vobis
1691 4155 1859 4209 usque
1874 4139 1940 4194 ad
1969 4139 2107 4193 hanc

514 4238 702 4293 horam
733 4239 872 4290 vires
897 4235 1065 4289 dedit.
1097 4235 1260 4289 Paulo
1290 4245 1416 4287 ante
1440 4234 1648 4288 diXerat
1671 4273 1687 4299 ,
1738 4242 1989 4302 tauquam
2022 4234 2106 4286 in-

511 4329 698 4393 dicens
746 4328 900 4380 nobis
926 4365 944 4392 ,
975 4334 1033 4379 ut
1059 4326 1282 4380 audissis
1310 4365 1326 4392 ,
1355 4324 1579 4393 vectigal
1631 4323 1898 4394 quoddam
1936 4321 2106 4379 laudis

512 4437 625 4477 sua:
650 4440 663 4474 :
688 4419 908 4474 lmmola
926 4417 1034 4473 Deo
1057 4419 1362 4488 sacriﬁcium
1383 4419 1570 4479 laudis,
1600 4429 1646 4470 et
1672 4418 1824 4472 redde
1849 4418 2106 4472 Altissimo

512 4529 684 4585 preces
713 4522 844 4566 tuas.
870 4511 1056 4565 Postea
1089 4521 1264 4564 autem
1291 4527 1305 4564 :
1332 4510 1594 4564 Peccatori
1609 4521 1777 4562 autem
1794 4510 1922 4562 dixit
1946 4508 2101 4575 Deus,

515 4603 708 4675 thuid
733 4613 786 4655 tu
811 4618 1017 4656 ennrras
1032 4601 1260 4669 justitias
1289 4617 1425 4653 meas
1450 4642 1464 4664 ,
1496 4609 1541 4652 ct
1570 4601 1785 4653 assumis
1813 4598 2106 4653 Testamen-

513 4709 619 4750 tum
651 4711 815 4762 meum
845 4709 934 4763 per
961 4711 1018 4746 os
1061 4693 1242 4746 tuum?
1283 4686 1556 4762 Tanquam
1611 4691 1814 4746 diceret
1844 4692 1892 4746 ei
1918 4733 1934 4758 ,
1965 4691 2102 4746 Nihil

513 4790 605 4844 :ihi
630 4789 845 4860 prodest
865 4785 1004 4856 quod
1029 4785 1211 4839 laudas
1234 4802 1251 4841 :
1273 4800 1372 4856 ego
1399 4785 1565 4839 indixi
1591 4784 1759 4838 laudis
1786 4786 2102 4839 sata-ilicium)

512 4881 621 4936 illis
646 4881 733 4952 qui
764 4879 898 4934 bene
920 4879 1136 4944 vivunt;
1159 4878 1239 4934 eis
1260 4879 1402 4933 enim
1432 4876 1647 4947 prodest
1672 4877 1814 4949 quod
1846 4877 2062 4931 laudant
2087 4896 2102 4932 :

514 4982 569 5026 tu
621 4983 800 5026 autem
849 4969 894 5022 si
939 4969 1120 5024 laudas
1150 5010 1166 5033 ,
1216 4968 1343 5023 nihil
1387 4968 1480 5022 tibi
1524 4968 1772 5037 prodeSt;
1804 4968 1986 5038 utquid
2019 4983 2105 5022 nte

516 5065 741 5119 laudas?
767 5062 880 5116 Non
907 5071 990 5116 est
1018 5061 1258 5130 speciosa
1289 5061 1405 5114 laus
1432 5060 1482 5112 in
1517 5076 1608 5113 ore
1637 5060 1930 5129 peccatoris
1953 5058 1975 5134 (
2006 5059 2107 5113 Ec—

512 5155 596 5209 cli.
627 5168 716 5215 xv,
744 5152 833 5222 9).
867 5151 1055 5206 Postea
1085 5149 1354 5205 concludit
1393 5151 1543 5220 quasi
1588 5151 1654 5204 ad
1706 5162 2023 5221 utrumque,
2049 5161 2105 5206 et

510 5257 741 5315 arguens
792 5243 960 5296 malos
989 5242 1078 5311 qui
1118 5240 1500 5293 obliviscuntur
1536 5241 1698 5293 Deum
1743 5241 1820 5294 ait
1849 5259 1864 5294 :
1891 5239 2102 5296 Intelli-

508 5340 606 5399 gite
637 5337 745 5390 haec
773 5335 856 5401 qui
883 5332 1228 5388 obliviscimini
1257 5330 1442 5394 Deum,
1480 5332 1749 5402 nequando
1778 5333 1946 5403 rapiat
1974 5332 2104 5387 sicut

508 5427 608 5487 leo.
636 5437 681 5480 et
706 5441 808 5479 non
835 5425 897 5477 sit
927 5425 1012 5493 qui
1042 5436 1203 5475 cruat.

579 5519 667 5573 50.
710 5520 877 5594 iners.
905 5513 1038 5589 9.5-]
1081 5514 1404 5584 Sacriﬁcium
1434 5513 1602 5569 laudis
1649 5513 1953 5588 gloriﬁcnbit
1998 5531 2097 5570 me.

513 5608 788 5675 Quomodo
808 5607 1118 5676 sacri/icium
1141 5606 1307 5662 laudis
1327 5606 1630 5679 glori/ienuit
1649 5623 1729 5661 me
1745 5608 1771 5659 .9
1791 5607 1947 5663 Certe
1968 5606 2099 5664 nihil

503 5699 727 5774 prodest
754 5698 907 5754 malis
934 5697 1252 5753 sacriﬁcium
1280 5697 1449 5754 laudis
1479 5738 1494 5764 ,
1522 5697 1645 5768 quia
1687 5708 1967 5754 assumunt
1989 5696 2098 5756 Tc-

571 5811 592 5847 ι
629 5815 815 5879 Aliquot
992 5822 1119 5865 cum.

1712 359 1775 416 S.
1816 357 2186 415 AUGUSTINI
2229 358 2533 416 EPISCOPI

3698 373 3802 432 586

2206 485 2528 530 stasnentum
2557 489 2703 532 tuum
2749 493 2845 548 per
2872 493 2934 534 os
2958 493 3111 558 suum
3142 521 3159 541 .
3187 490 3243 535 et
3267 479 3465 536 faciunt
3501 480 3806 538 damnanda

2203 583 2323 638 quae
2348 567 2635 636 displicent
2657 569 2826 625 oculis
2853 571 2976 626 tuis.
3005 571 3248 636 Prorsus,
3279 571 3469 644 inquit,
3496 585 3553 628 et
3572 573 3680 630 illis
3705 573 3807 631 hoc

2202 659 2365 724 dico,
2397 661 2723 730 Sacri/icium
2773 662 2942 717 laudis
2966 663 3272 736 glori/icabit
3299 680 3400 718 me.
3429 662 3550 721 Jam
3582 665 3808 733 putabas

2205 751 2297 806 tibi
2342 751 2553 808 laudem
2609 769 2715 808 non
2760 753 3018 825 prodesse
3049 773 3061 809 :
3097 754 3251 810 lauda
3283 798 3297 820 ,
3331 755 3571 826 proderit
3601 757 3719 812 tibi.
3748 757 3804 811 Si

2206 839 2348 895 enim
2387 841 2527 897 male
2554 843 2688 897 vivis
2709 853 2760 898 et
2789 844 2924 898 bona
2955 845 3088 900 dicis
3114 887 3131 913 ,
3165 847 3401 900 nondum
3445 846 3633 900 laudas
3663 863 3679 900 :
3711 847 3804 902 sed

2207 946 2392 990 rursus
2420 935 2462 987 si
2493 950 2614 990 cum
2653 935 2884 1006 ceperis
2914 938 3050 991 bene
3093 939 3274 992 vivere
3297 978 3313 1002 ,
3346 938 3549 992 meritis
3581 937 3688 992 tuis
3714 940 3806 992 tii~

2207 1025 2338 1081 buas
2385 1025 2526 1092 quod
2578 1028 2713 1080 bene
2738 1027 2873 1081 vivis
2894 1067 2910 1090 ,
2943 1027 3178 1082 nondum
3210 1027 3412 1082 laudas.
3440 1026 3574 1080 Nolo
3604 1036 3656 1081 te
3687 1043 3807 1082 esse

2208 1115 2470 1171 latronem
2499 1117 2842 1172 insultantem
2881 1119 3021 1172 cruci
3053 1118 3264 1174 Domini
3296 1118 3445 1190 (an.
3473 1135 3624 1185 nm,
3647 1120 3718 1174 59
3750 1121 3804 1186 ):

2207 1209 2300 1263 sed
2324 1223 2424 1264 nec
2449 1219 2500 1264 te
2527 1210 2673 1264 illum
2702 1211 2823 1264 volo
2849 1225 2970 1267 esse
2999 1212 3050 1264 in
3079 1212 3279 1281 templo
3297 1212 3585 1277 jactantem
3616 1212 3804 1265 merita

2208 1313 2305 1353 sua
2335 1341 2350 1362 ,
2383 1310 2435 1355 et
2463 1302 2820 1355 occultantem
2851 1301 3068 1356 vulnera
3099 1319 3191 1356 sua
3219 1300 3239 1372 (
3266 1301 3350 1354 ld.
3380 1317 3508 1356 xvnt
3529 1343 3546 1369 ,
3581 1303 3639 1356 il
3678 1303 3716 1372 )-
3749 1301 3804 1356 Si

2209 1389 2374 1445 lucris
2415 1391 2624 1460 iniquus
2654 1403 2706 1446 et
2738 1408 3090 1462 perseverans
3132 1393 3186 1447 in
3214 1392 3301 1446 illa
3333 1391 3609 1462 iniquitate
3634 1433 3648 1456 ,
3699 1407 3804 1444 nou

2209 1481 2326 1535 dion
2359 1483 2450 1537 tibi
2476 1524 2492 1548 ,
2523 1481 2639 1538 Non
2671 1485 2908 1554 proderit
2951 1483 3098 1548 laus;
3143 1483 3235 1538 sed
3260 1524 3276 1550 ,
3315 1483 3432 1538 Non
3464 1498 3549 1536 me
3579 1481 3764 1538 laudas
3786 1521 3806 1549 ,

2210 1575 2418 1630 laudem
2449 1575 2602 1630 istam
2629 1589 2750 1630 esse
2781 1589 2887 1628 non
2914 1575 3113 1644 deputo
3144 1591 3158 1626 :
3190 1588 3376 1629 rursus
3399 1575 3442 1628 si
3473 1573 3635 1627 fueris
3653 1573 3805 1642 quasi

2205 1665 2383 1735 justus
2413 1666 2556 1738 (nam
2586 1682 2744 1722 nemo
2769 1666 2944 1736 justus
2973 1666 3074 1720 nisi
3102 1666 3316 1720 humilis
3352 1674 3408 1720 et
3435 1666 3571 1735 pius)
3600 1708 3616 1731 ,
3645 1676 3702 1720 et
3739 1665 3808 1721 de

2205 1758 2406 1825 justitia
2441 1767 2526 1811 tua
2573 1755 2788 1813 inﬂatus
2819 1759 3141 1825 inccsseris,
3169 1770 3224 1814 et
3261 1756 3395 1812 alios
3440 1759 3490 1812 in
3537 1767 3625 1814 tua
3653 1772 3808 1812 coni-

2211 1848 2486 1917 paratione
2507 1850 2917 1919 Contempscris,
2941 1858 2995 1904 ct
3023 1849 3444 1919 superextuleris
3472 1861 3524 1904 te
3552 1858 3806 1919 tanquam

2210 1940 2443 2011 glorians
2467 1940 2534 1995 de
2573 1942 2776 1996 meritis
2799 1943 2923 2003 tuis,
2959 1955 3064 1994 neu
3093 1956 3178 1994 me
3218 1939 3422 1994 laudas.
3449 1938 3560 1996 Nec
3585 1940 3676 1994 ille
3721 1955 3808 1996 me

2211 2033 2392 2088 laudat.
2421 2035 2508 2105 qui
2540 2037 2678 2089 male
2705 2035 2865 2099 vivit;
2899 2050 2996 2088 nec
3024 2033 3112 2088 ille
3143 2050 3227 2089 me
3251 2032 3430 2088 laudat
3448 2033 3536 2104 qui
3565 2033 3716 2104 quasi
3739 2032 3808 2088 de

2211 2139 2309 2178 suo
2342 2125 2474 2179 ln-ne
2506 2125 2649 2180 vivit.
2675 2124 2779 2180 Sed
2811 2123 3067 2196 numquid
3097 2124 3184 2180 ille
3211 2124 3528 2190 Pharisatus,
3559 2124 3712 2194 quasi
3741 2123 3809 2180 de

2213 2228 2313 2270 suo
2341 2218 2460 2270 talis
2485 2226 2618 2282 erat,
2653 2233 2775 2271 cum
2802 2215 3025 2282 diceret,
3054 2213 3260 2270 Gratias
3289 2215 3377 2269 tibi
3409 2231 3529 2287 ago,
3556 2215 3676 2284 quia
3706 2231 3808 2268 nan

2212 2322 2324 2359 sum
2356 2308 2485 2360 sicut
2527 2308 2693 2362 elateri
2739 2306 3006 2362 homines?
3032 2304 3240 2363 Gratias
3285 2305 3395 2360 Deo
3432 2304 3623 2376 agebat
3649 2318 3717 2360 ex
3742 2319 3808 2358 eo

2213 2396 2356 2468 quod
2381 2399 2579 2452 bonum
2606 2399 2658 2452 in
2681 2413 2742 2454 se
2771 2397 3019 2453 habebat.
3051 2397 3308 2464 Quamvis
3333 2410 3459 2467 ergo
3481 2395 3682 2466 aliquid
3709 2394 3807 2449 bc-

2212 2506 2338 2544 num
2367 2491 2418 2545 in
2446 2501 2497 2546 te
2521 2490 2610 2559 sit,
2639 2491 2885 2563 quamvis
2932 2483 3041 2562 jam
3072 2489 3337 2562 intelligas
3367 2504 3471 2544 non
3498 2503 3561 2543 ex
3607 2499 3659 2544 te
3685 2501 3807 2543 esse

2211 2581 2354 2651 quod
2376 2581 2575 2636 bonum
2602 2593 2704 2649 est,
2732 2582 2828 2638 sed
2850 2595 2878 2636 a
2910 2581 3020 2638 Deo
3050 2591 3100 2636 te
3124 2581 3422 2652 accepisse;
3450 2590 3625 2634 tamen
3657 2579 3710 2634 iu
3741 2593 3806 2632 eo

2214 2673 2351 2743 ipso,
2375 2673 2418 2728 si
2448 2683 2499 2728 te
2523 2663 2777 2728 extuleris
2794 2688 2960 2742 super
2987 2674 3148 2728 alium
3187 2687 3294 2727 non
3328 2673 3632 2737 habentem,
3666 2672 3803 2726 invi-

2211 2764 2314 2819 dus
2341 2766 2559 2829 teneris,
2593 2765 2827 2820 nondum
2860 2765 3103 2820 laudator
3139 2780 3292 2819 mens
3319 2764 3445 2819 eris.
3476 2764 3656 2818 Primo
3679 2780 3806 2836 ergo

2213 2856 2484 2928 corrigere
2514 2875 2542 2910 a
2575 2858 2658 2910 via
2687 2857 2938 2927 pessima,
2965 2857 3138 2927 incipe
3161 2858 3341 2913 vivere
3369 2857 3502 2910 bene
3526 2873 3538 2908 :
3570 2856 3806 2926 intologe

2212 2950 2336 3016 quia
2360 2964 2464 3002 non
2477 2949 2765 3019 corrigeris
2780 2949 2880 3003 nisi
2902 2948 3044 3003 dono
3059 2948 3153 3005 Dei
3170 2965 3185 3012 ;
3204 2964 3232 3001 a
3255 2948 3476 3002 Domino
3494 2950 3638 3002 enim
3661 2964 3807 3016 gres-

2212 3057 2306 3096 sus
2320 3042 2552 3096 hominis
2573 3041 2872 3111 diriguntur
2893 3041 3062 3115 (Psal.
3088 3056 3268 3106 mm,
3294 3039 3409 3112 25).
3442 3040 3552 3096 Hoc
3575 3055 3694 3096 eum
3729 3043 3806 3094 in-

2214 3133 2500 3198 tellexeris,
2530 3134 2646 3187 fave
2666 3143 2718 3188 et
2739 3132 2879 3200 aliis,
2906 3141 2966 3190 ut
2989 3133 3098 3189 sint
3122 3132 3262 3206 quod
3289 3142 3342 3188 et
3364 3141 3419 3187 tu
3441 3147 3501 3189 es
3522 3151 3535 3186 :
3560 3133 3682 3204 quia
3703 3131 3806 3188 hoc

2213 3237 2336 3278 eras
2359 3235 2414 3277 et
2443 3235 2516 3282 tu.
2539 3223 2680 3293 quod
2704 3223 2779 3276 illi
2806 3232 2952 3278 sunt.
2978 3221 3119 3279 Fave
3142 3231 3399 3294 quantum
3423 3231 3595 3292 potes,
3620 3233 3674 3278 ct
3695 3224 3805 3279 noli

2213 3316 2532 3384 deSperare;
2565 3331 2670 3369 non
2716 3316 2858 3369 enim
2915 3329 3083 3386 usque
3135 3313 3202 3370 ad
3248 3324 3299 3372 te
3348 3314 3498 3369 dives
3530 3325 3612 3368 est
3643 3315 3802 3370 Deus.

2210 3407 2327 3462 Non
2351 3424 2477 3477 ergo
2506 3407 2702 3473 laudat,
2732 3410 2819 3479 qui
2840 3407 2978 3464 male
3001 3407 3225 3464 vivendo
3251 3406 3470 3462 offendit
3499 3407 3805 3473 Dominum;

2213 3514 2318 3552 non
2352 3498 2550 3564 laudat,
2583 3499 2672 3568 qui
2701 3513 2821 3553 cum
2845 3499 2953 3569 jam
2982 3499 3207 3568 emperit
3228 3500 3361 3553 bene
3382 3499 3581 3566 vivere,
3607 3499 3676 3554 de
3705 3516 3806 3553 suo

2213 3601 2363 3660 putat
2390 3607 2509 3646 esse
2535 3591 2677 3660 quod
2707 3591 2843 3648 bene
2870 3591 3018 3658 vivit,
3053 3608 3157 3647 non
3187 3601 3460 3660 acceptum
3488 3606 3516 3646 a
3536 3591 3681 3646 Deo:
3704 3606 3806 3648 nec

2213 3684 2303 3737 ille
2353 3683 2571 3746 laudat,
2600 3683 2689 3753 qui
2738 3697 2858 3738 cum
2885 3682 3018 3738 sciat
3064 3697 3122 3738 se
3169 3682 3310 3752 quod
3339 3683 3474 3738 bene
3492 3679 3620 3737 vivit
3651 3697 3806 3737 acce-

2213 3775 2355 3842 pisse
2401 3791 2432 3828 a
2478 3774 2624 3840 Deo,
2659 3783 2838 3829 tamen
2886 3789 3055 3846 usque
3092 3772 3158 3828 ad
3202 3788 3264 3829 se
3299 3775 3410 3827 vult
3437 3788 3558 3829 esse
3583 3773 3802 3830 divitem

2214 3866 2400 3918 Demn.
2430 3862 2523 3918 Ille
2551 3865 2727 3934 itaque
2755 3865 2844 3934 qui
2871 3864 3101 3931 dicebat,
3135 3863 3340 3919 Gratias
3363 3865 3452 3918 tibi
3475 3881 3573 3935 ago
3594 3905 3610 3930 ,
3640 3863 3801 3930 Deus,

2210 3955 2346 4025 quod
2370 3972 2472 4008 non
2499 3972 2611 4008 sum
2635 3956 2764 4009 sicut
2791 3956 2958 4010 crs-teri
2988 3956 3232 4021 homines,
3265 3953 3480 4028 injust-i,
3529 3964 3757 4028 raptores
3783 3997 3799 4022 ,

2210 4045 2429 4099 adulteri
2454 4087 2467 4110 ,
2499 4047 2630 4100 sicut
2679 4057 2727 4102 et
2777 4046 3091 4101 Publicanus
3117 4046 3246 4112 iste;
3270 4037 3448 4103 nonne
3472 4046 3544 4102 ibi
3574 4047 3803 4104 habebat

2213 4138 2355 4194 unde
2381 4138 2587 4194 diceret
2614 4156 2628 4196 :
2665 4140 2807 4194 Dona
2835 4150 2888 4195 et
2914 4139 3205 4196 Puhlicano
3231 4139 3356 4196 huic
3379 4141 3524 4212 quod
3545 4140 3675 4196 mihi
3700 4142 3802 4197 do-

2212 4232 2350 4286 nasti
2376 4273 2391 4298 ,
2423 4233 2614 4304 supple
2636 4242 2690 4288 ct
2714 4233 2841 4288 mibi
2869 4250 2988 4304 qua:
3015 4232 3250 4289 nondum
3291 4233 3484 4290 dedisti
3505 4236 3531 4288 ἲ
3557 4232 3667 4289 Sed
3691 4233 3799 4305 jam

2211 4324 2360 4394 missi
2413 4333 2682 4380 saturatas
2725 4324 2968 4380 ructabat
3009 4341 3160 4380 :non
3205 4325 3455 4392 dicebat,
3485 4325 3598 4397 Ego
3623 4336 3802 4381 autem

2212 4431 2413 4486 egenus
2440 4424 2495 4471 ct
2525 4431 2730 4487 pauper
2759 4419 2778 4489 (
2810 4415 2956 4471 Psal.
2985 4432 3134 4484 uis,
3158 4417 3193 4473 6
3207 4425 3264 4490 );
3290 4417 3431 4489 quod
3460 4417 3673 4473 dicebat
3703 4417 3802 4473 Pu-

2212 4509 2448 4563 lalicanus
2476 4508 2564 4564 ille
2585 4551 2600 4577 ,
2636 4507 2852 4564 Domine
2877 4551 2893 4572 ,
2924 4509 3174 4580 propitius
3215 4520 3321 4564 esto
3366 4508 3492 4564 milii
3526 4508 3798 4582 peccaturi.

2213 4598 2336 4654 Ideo
2362 4599 2642 4656 descendit
2674 4598 2997 4670 justilicatus
3040 4591 3395 4666 Publicauus,
3423 4601 3592 4671 magis
3640 4615 3802 4670 quam

2212 4690 2300 4746 ille
2325 4691 2630 4746 Pbarismus
2679 4690 2697 4763 (
2723 4690 2847 4745 Luc.
2871 4706 3020 4757 xvnl,
3055 4691 3222 4746 11-14
3242 4690 3286 4760 ).
3317 4690 3460 4762 Ergo
3487 4691 3669 4747 audite
3713 4693 3802 4763 qui

2210 4785 2346 4838 bene
2377 4782 2574 4847 vivitis,
2597 4781 2776 4836 audite
2804 4783 2892 4851 qui
2926 4783 3064 4837 male
3095 4782 3268 4836 vivitis
3295 4799 3310 4838 :
3340 4781 3664 4852 Sacriﬁcium
3691 4783 3806 4839 lau-

2209 4876 2289 4930 dis
2315 4875 2619 4947 gloriﬁcabit
2660 4891 2758 4928 me.
2802 4873 2973 4929 Nemo
2998 4872 3128 4928 mihi
3173 4874 3328 4930 oﬂ'ert
3358 4875 3459 4930 hoc
3485 4875 3802 4932 sacriﬁcium

2211 4971 2400 5034 laudis,
2432 4982 2486 5024 et
2512 4970 2684 5024 tnalus
2714 4978 2817 5025 est.
2847 4967 3102 5026 Nond’co
3122 5011 3136 5036 ,
3162 4967 3279 5024 Non
3316 4969 3417 5025 hoc
3460 4969 3586 5024 mihi
3613 4969 3804 5026 oﬂ‘erat

2209 5063 2416 5129 malus;
2461 5060 2553 5115 sed
2576 5103 2592 5125 ,
2615 5060 2786 5115 Nemo
2817 5060 2942 5115 mihi
2977 5061 3078 5116 hoc
3120 5059 3278 5115 offert
3309 5060 3500 5116 malus.
3529 5060 3629 5130 Qui
3655 5063 3802 5118 enim

2211 5153 2387 5209 laudat
2408 5193 2426 5220 ,
2459 5153 2630 5208 bonus
2674 5163 2758 5207 est
2781 5169 2794 5205 :
2821 5154 2942 5223 quia
2975 5151 3018 5206 si
3049 5152 3246 5218 laudat,
3275 5153 3435 5207 etiam
3463 5151 3602 5208 bene
3627 5155 3799 5221 vivit;

2208 5247 2329 5316 quia
2357 5245 2400 5299 si
2428 5244 2644 5313 laudat,
2677 5249 2782 5300 non
2809 5245 2980 5299 solum
3010 5246 3183 5317 lingua
3213 5245 3392 5300 laudat
3417 5287 3435 5313 ,
3465 5245 3560 5301 sed
3596 5255 3657 5301 et
3694 5248 3795 5303 viti

2207 5354 2328 5396 cum
2361 5340 2539 5409 lingua
2562 5339 2847 5393 consentit.

2278 5433 2367 5489 51.
2409 5430 2732 5500 Sacriﬁcium
2757 5431 2925 5486 laudis
2946 5429 3244 5502 glori/icabil
3273 5446 3354 5485 me
3377 5445 3398 5486 :
3421 5438 3470 5486 et
3491 5429 3559 5485 ibi
3592 5431 3675 5486 oio
3705 5442 3793 5496 est,

2205 5542 2305 5596 qua
2334 5524 2595 5579 ostendam
2636 5523 2713 5577 illi
2738 5524 2961 5578 salutare
2991 5522 3103 5578 Dei.
3153 5523 3209 5578 ln
3239 5522 3500 5580 sacriﬁcio
3527 5524 3700 5579 laudis
3718 5525 3797 5579 sia

2206 5627 2300 5682 est,
2330 5632 2432 5688 qua
2455 5616 2529 5671 illi
2567 5615 2828 5670 ostendam
2877 5615 3100 5670 salutare
3138 5613 3252 5668 Dei.
3288 5614 3440 5682 Quod
3470 5615 3797 5687 estsaqu

2213 5708 2353 5766 Dei?
2378 5707 2623 5763 Christus
2648 5705 2824 5763 Iesus.
2861 5705 2930 5760 Et
2971 5705 3236 5774 quomodo
3263 5707 3314 5760 in
3337 5705 3600 5763 sacriﬁcio
3625 5707 3794 5762 laudis

2207 5801 2363 5858 nobis
2405 5799 2704 5857 ostenditur
2729 5798 3002 5853 Christus!
3044 5800 3177 5867 Quis
3201 5797 3444 5855 Christus
3472 5815 3592 5856 cum
3626 5799 3790 5871 gratis
