  <div class='ocr_page' id='page_1' title='image "/cluster/home/n/w/nwhite01/storage/ocr_20150623/36/umn.319510024773307/302.png"; bbox 0 0 1984 3189; ppageno 0'>
   <div class='ocr_carea' id='block_1_1' title="bbox 82 166 134 196">
    <p class='ocr_par' dir='ltr' id='par_1_1' title="bbox 82 166 134 196">
     <span class='ocr_line' id='line_1_1' title="bbox 82 166 134 196; baseline 0 0"><span class='ocrx_word' id='word_1_1' title='bbox 82 166 134 196; x_wconf 69' lang='lat'><strong>585</strong></span> 
     </span>
    </p>
   </div>
   <div class='ocr_carea' id='block_1_2' title="bbox 83 216 877 254">
    <p class='ocr_par' dir='ltr' id='par_1_2' title="bbox 83 216 877 254">
     <span class='ocr_line' id='line_1_2' title="bbox 83 216 877 254; baseline -0.015 -2"><span class='ocrx_word' id='word_1_2' title='bbox 83 224 156 252; x_wconf 89' lang='lat' dir='ltr'><strong>venit</strong></span> <span class='ocrx_word' id='word_1_3' title='bbox 164 222 198 250; x_wconf 85' lang='lat' dir='ltr'><strong>ad</strong></span> <span class='ocrx_word' id='word_1_4' title='bbox 208 229 267 249; x_wconf 83' lang='lat' dir='ltr'><strong>nos.</strong></span> <span class='ocrx_word' id='word_1_5' title='bbox 278 220 342 248; x_wconf 65' lang='lat' dir='ltr'><strong>[late</strong></span> <span class='ocrx_word' id='word_1_6' title='bbox 351 219 416 247; x_wconf 90' lang='lat' dir='ltr'><strong>dicit</strong></span> <span class='ocrx_word' id='word_1_7' title='bbox 426 218 568 254; x_wconf 78' lang='lat' dir='ltr'><strong>Apostolus</strong></span> <span class='ocrx_word' id='word_1_8' title='bbox 579 226 585 244; x_wconf 88' lang='lat'><strong>:</strong></span> <span class='ocrx_word' id='word_1_9' title='bbox 598 216 659 244; x_wconf 72' lang='lat' dir='ltr'><strong>Visa</strong></span> <span class='ocrx_word' id='word_1_10' title='bbox 670 221 752 243; x_wconf 78' lang='lat' dir='ltr'><strong>autem</strong></span> <span class='ocrx_word' id='word_1_11' title='bbox 760 216 816 250; x_wconf 84' lang='lat' dir='ltr'><strong>jam</strong></span> <span class='ocrx_word' id='word_1_12' title='bbox 827 221 877 241; x_wconf 82' lang='lat' dir='ltr'><strong>non</strong></span> 
     </span>
    </p>
   </div>
   <div class='ocr_carea' id='block_1_3' title="bbox 83 260 878 306">
    <p class='ocr_par' dir='ltr' id='par_1_3' title="bbox 83 260 878 306">
     <span class='ocr_line' id='line_1_3' title="bbox 83 260 878 306; baseline -0.014 -9"><span class='ocrx_word' id='word_1_13' title='bbox 83 278 140 306; x_wconf 68' lang='lat' dir='ltr'><strong>ego.</strong></span> <span class='ocrx_word' id='word_1_14' title='bbox 151 269 211 297; x_wconf 70' lang='lat' dir='ltr'><strong>vivit</strong></span> <span class='ocrx_word' id='word_1_15' title='bbox 220 275 278 295; x_wconf 76' lang='lat' dir='ltr'><strong>vero</strong></span> <span class='ocrx_word' id='word_1_16' title='bbox 287 267 314 294; x_wconf 87' lang='lat' dir='ltr'><strong>in</strong></span> <span class='ocrx_word' id='word_1_17' title='bbox 326 274 366 293; x_wconf 85' lang='lat' dir='ltr'><strong>me</strong></span> <span class='ocrx_word' id='word_1_18' title='bbox 373 265 488 293; x_wconf 76' lang='lat' dir='ltr'><strong>Christus</strong></span> <span class='ocrx_word' id='word_1_19' title='bbox 498 272 507 292; x_wconf 88' lang='lat'><em>:</em></span> <span class='ocrx_word' id='word_1_20' title='bbox 519 263 586 299; x_wconf 81' lang='lat' dir='ltr'><strong>quod</strong></span> <span class='ocrx_word' id='word_1_21' title='bbox 596 268 680 289; x_wconf 82' lang='lat' dir='ltr'><strong>autem</strong></span> <span class='ocrx_word' id='word_1_22' title='bbox 689 263 716 289; x_wconf 85' lang='lat' dir='ltr'><strong>in</strong></span> <span class='ocrx_word' id='word_1_23' title='bbox 725 269 801 288; x_wconf 80' lang='lat' dir='ltr'><strong>conte</strong></span> <span class='ocrx_word' id='word_1_24' title='bbox 813 260 878 292; x_wconf 74' lang='lat' dir='ltr'><strong>viso,</strong></span> 
     </span>
    </p>
   </div>
   <div class='ocr_carea' id='block_1_4' title="bbox 84 306 880 349">
    <p class='ocr_par' dir='ltr' id='par_1_4' title="bbox 84 306 880 349">
     <span class='ocr_line' id='line_1_4' title="bbox 84 306 880 349; baseline -0.014 -7"><span class='ocrx_word' id='word_1_25' title='bbox 84 317 110 342; x_wconf 82' lang='lat' dir='ltr'><strong>in</strong></span> <span class='ocrx_word' id='word_1_26' title='bbox 120 315 172 349; x_wconf 78' lang='lat' dir='ltr'><strong>ﬁde</strong></span> <span class='ocrx_word' id='word_1_27' title='bbox 179 314 233 341; x_wconf 72' lang='lat' dir='ltr'><strong>uiuo</strong></span> <span class='ocrx_word' id='word_1_28' title='bbox 243 312 307 340; x_wconf 81' lang='lat' dir='ltr'><strong>Filii</strong></span> <span class='ocrx_word' id='word_1_29' title='bbox 314 311 373 344; x_wconf 79' lang='lat' dir='ltr'><strong>Dei,</strong></span> <span class='ocrx_word' id='word_1_30' title='bbox 380 311 423 347; x_wconf 87' lang='lat' dir='ltr'><strong>qui</strong></span> <span class='ocrx_word' id='word_1_31' title='bbox 430 318 470 339; x_wconf 85' lang='lat' dir='ltr'><strong>me</strong></span> <span class='ocrx_word' id='word_1_32' title='bbox 479 309 566 336; x_wconf 72' lang='lat' dir='ltr'><strong>dite-rit</strong></span> <span class='ocrx_word' id='word_1_33' title='bbox 574 308 708 336; x_wconf 77' lang='lat' dir='ltr'><strong>ettradidit</strong></span> <span class='ocrx_word' id='word_1_34' title='bbox 720 306 880 342; x_wconf 66' lang='lat' dir='ltr'><strong>semetipsum</strong></span> 
     </span>
    </p>
   </div>
   <div class='ocr_carea' id='block_1_5' title="bbox 85 352 881 397">
    <p class='ocr_par' dir='ltr' id='par_1_5' title="bbox 85 352 881 397">
     <span class='ocr_line' id='line_1_5' title="bbox 85 352 881 397; baseline -0.011 -9"><span class='ocrx_word' id='word_1_35' title='bbox 85 369 133 396; x_wconf 80' lang='lat' dir='ltr'><strong>pro</strong></span> <span class='ocrx_word' id='word_1_36' title='bbox 146 368 186 388; x_wconf 83' lang='lat' dir='ltr'><strong>me</strong></span> <span class='ocrx_word' id='word_1_37' title='bbox 200 358 272 397; x_wconf 80' lang='lat' dir='ltr'><strong>(Gal.</strong></span> <span class='ocrx_word' id='word_1_38' title='bbox 284 366 313 391; x_wconf 89' lang='grc' dir='ltr'>ιι,</span> <span class='ocrx_word' id='word_1_39' title='bbox 324 358 382 393; x_wconf 76' lang='grc'><strong>20).</strong></span> <span class='ocrx_word' id='word_1_40' title='bbox 397 359 550 393; x_wconf 82' lang='lat' dir='ltr'><strong>Agnoscant</strong></span> <span class='ocrx_word' id='word_1_41' title='bbox 562 363 626 389; x_wconf 80' lang='lat' dir='ltr'><strong>ergo</strong></span> <span class='ocrx_word' id='word_1_42' title='bbox 642 360 804 390; x_wconf 87' lang='lat' dir='ltr'><strong>peccatores,</strong></span> <span class='ocrx_word' id='word_1_43' title='bbox 818 352 881 387; x_wconf 93' lang='lat' dir='ltr'><strong>quia</strong></span> 
     </span>
    </p>
   </div>
   <div class='ocr_carea' id='block_1_6' title="bbox 86 398 881 440">
    <p class='ocr_par' dir='ltr' id='par_1_6' title="bbox 86 398 881 440">
     <span class='ocr_line' id='line_1_6' title="bbox 86 398 881 440; baseline -0.01 -7"><span class='ocrx_word' id='word_1_44' title='bbox 86 414 139 433; x_wconf 90' lang='lat' dir='ltr'><strong>nou</strong></span> <span class='ocrx_word' id='word_1_45' title='bbox 151 413 218 440; x_wconf 88' lang='lat' dir='ltr'><strong>opus</strong></span> <span class='ocrx_word' id='word_1_46' title='bbox 227 409 299 433; x_wconf 85' lang='lat' dir='ltr'><strong>esset</strong></span> <span class='ocrx_word' id='word_1_47' title='bbox 309 403 438 435; x_wconf 85' lang='lat' dir='ltr'><strong>medicus,</strong></span> <span class='ocrx_word' id='word_1_48' title='bbox 452 403 473 429; x_wconf 94' lang='lat' dir='ltr'><strong>si</strong></span> <span class='ocrx_word' id='word_1_49' title='bbox 486 402 543 429; x_wconf 87' lang='lat' dir='ltr'><strong>sani</strong></span> <span class='ocrx_word' id='word_1_50' title='bbox 556 405 646 428; x_wconf 87' lang='lat' dir='ltr'><strong>essent</strong></span> <span class='ocrx_word' id='word_1_51' title='bbox 656 400 762 434; x_wconf 84' lang='lat' dir='ltr'><strong>(Matth.</strong></span> <span class='ocrx_word' id='word_1_52' title='bbox 775 407 812 431; x_wconf 86' lang='lat' dir='ltr'><strong>ix,</strong></span> <span class='ocrx_word' id='word_1_53' title='bbox 825 398 881 431; x_wconf 78' lang='lat' dir='ltr'><strong>l2).</strong></span> 
     </span>
    </p>
   </div>
   <div class='ocr_carea' id='block_1_7' title="bbox 87 443 881 484">
    <p class='ocr_par' dir='ltr' id='par_1_7' title="bbox 87 443 881 484">
     <span class='ocr_line' id='line_1_7' title="bbox 87 443 881 484; baseline -0.011 -6"><span class='ocrx_word' id='word_1_54' title='bbox 87 451 193 479; x_wconf 81' lang='lat' dir='ltr'><strong>Etenim</strong></span> <span class='ocrx_word' id='word_1_55' title='bbox 206 449 329 477; x_wconf 91' lang='lat' dir='ltr'><strong>Christus</strong></span> <span class='ocrx_word' id='word_1_56' title='bbox 344 455 393 484; x_wconf 88' lang='lat' dir='ltr'><strong>pro</strong></span> <span class='ocrx_word' id='word_1_57' title='bbox 404 446 491 482; x_wconf 82' lang='lat' dir='ltr'><strong>impiis</strong></span> <span class='ocrx_word' id='word_1_58' title='bbox 502 450 621 474; x_wconf 86' lang='lat' dir='ltr'><strong>mortuus</strong></span> <span class='ocrx_word' id='word_1_59' title='bbox 634 450 674 472; x_wconf 83' lang='lat' dir='ltr'><strong>est</strong></span> <span class='ocrx_word' id='word_1_60' title='bbox 685 445 693 477; x_wconf 89' lang='lat'><strong>(</strong></span> <span class='ocrx_word' id='word_1_61' title='bbox 705 444 780 471; x_wconf 88' lang='lat' dir='ltr'><strong>Rom.</strong></span> <span class='ocrx_word' id='word_1_62' title='bbox 794 451 820 476; x_wconf 81' lang='grc' dir='ltr'><strong>ν,</strong></span> <span class='ocrx_word' id='word_1_63' title='bbox 835 443 881 478; x_wconf 87' lang='lat'><strong>6).</strong></span> 
     </span>
    </p>
   </div>
   <div class='ocr_carea' id='block_1_8' title="bbox 86 488 885 530">
    <p class='ocr_par' dir='ltr' id='par_1_8' title="bbox 86 488 885 530">
     <span class='ocr_line' id='line_1_8' title="bbox 86 488 885 530; baseline -0.011 -6"><span class='ocrx_word' id='word_1_64' title='bbox 86 496 155 524; x_wconf 92' lang='lat' dir='ltr'><strong>Cum</strong></span> <span class='ocrx_word' id='word_1_65' title='bbox 168 502 234 530; x_wconf 84' lang='lat' dir='ltr'><strong>ergo</strong></span> <span class='ocrx_word' id='word_1_66' title='bbox 254 497 403 529; x_wconf 85' lang='lat' dir='ltr'><strong>agnoscunt</strong></span> <span class='ocrx_word' id='word_1_67' title='bbox 416 493 565 527; x_wconf 84' lang='lat' dir='ltr'><strong>impietates</strong></span> <span class='ocrx_word' id='word_1_68' title='bbox 578 498 640 518; x_wconf 88' lang='lat' dir='ltr'><strong>suas</strong></span> <span class='ocrx_word' id='word_1_69' title='bbox 654 511 662 523; x_wconf 87' lang='lat'><strong>,</strong></span> <span class='ocrx_word' id='word_1_70' title='bbox 682 495 709 517; x_wconf 82' lang='lat' dir='ltr'><strong>et</strong></span> <span class='ocrx_word' id='word_1_71' title='bbox 725 490 810 524; x_wconf 87' lang='lat' dir='ltr'><strong>primo</strong></span> <span class='ocrx_word' id='word_1_72' title='bbox 825 488 885 515; x_wconf 83' lang='lat' dir='ltr'><strong>imi-</strong></span> 
     </span>
    </p>
   </div>
   <div class='ocr_carea' id='block_1_9' title="bbox 88 534 884 570">
    <p class='ocr_par' dir='ltr' id='par_1_9' title="bbox 88 534 884 570">
     <span class='ocr_line' id='line_1_9' title="bbox 88 534 884 570; baseline -0.01 -2"><span class='ocrx_word' id='word_1_73' title='bbox 88 545 182 568; x_wconf 93' lang='lat' dir='ltr'><strong>tantur</strong></span> <span class='ocrx_word' id='word_1_74' title='bbox 195 539 368 568; x_wconf 84' lang='lat' dir='ltr'><strong>Publicanum</strong></span> <span class='ocrx_word' id='word_1_75' title='bbox 381 538 456 565; x_wconf 92' lang='lat' dir='ltr'><strong>illum</strong></span> <span class='ocrx_word' id='word_1_76' title='bbox 469 537 614 568; x_wconf 85' lang='lat' dir='ltr'><strong>dicentem,</strong></span> <span class='ocrx_word' id='word_1_77' title='bbox 629 535 746 567; x_wconf 78' lang='lat' dir='ltr'><strong>Domine,</strong></span> <span class='ocrx_word' id='word_1_78' title='bbox 759 534 884 570; x_wconf 75' lang='lat' dir='ltr'><strong>propitius</strong></span> 
     </span>
    </p>
   </div>
   <div class='ocr_carea' id='block_1_10' title="bbox 89 581 886 621">
    <p class='ocr_par' dir='ltr' id='par_1_10' title="bbox 89 581 886 621">
     <span class='ocr_line' id='line_1_10' title="bbox 89 581 886 621; baseline -0.009 -8"><span class='ocrx_word' id='word_1_79' title='bbox 89 591 142 613; x_wconf 76' lang='lat' dir='ltr'><strong>esto</strong></span> <span class='ocrx_word' id='word_1_80' title='bbox 155 584 218 612; x_wconf 72' lang='lat' dir='ltr'><strong>mihi</strong></span> <span class='ocrx_word' id='word_1_81' title='bbox 231 583 358 621; x_wconf 74' lang='lat' dir='ltr'><strong>peccatori</strong></span> <span class='ocrx_word' id='word_1_82' title='bbox 367 591 377 611; x_wconf 89' lang='lat'><em>:</em></span> <span class='ocrx_word' id='word_1_83' title='bbox 386 582 530 610; x_wconf 89' lang='lat' dir='ltr'><strong>ostendunt</strong></span> <span class='ocrx_word' id='word_1_84' title='bbox 542 582 662 614; x_wconf 83' lang='lat' dir='ltr'><strong>vulnera,</strong></span> <span class='ocrx_word' id='word_1_85' title='bbox 676 581 818 615; x_wconf 82' lang='lat' dir='ltr'><strong>imploan</strong></span> <span class='ocrx_word' id='word_1_86' title='bbox 829 587 886 606; x_wconf 92' lang='lat' dir='ltr'><strong>me-</strong></span> 
     </span>
    </p>
   </div>
   <div class='ocr_carea' id='block_1_11' title="bbox 90 626 884 664">
    <p class='ocr_par' dir='ltr' id='par_1_11' title="bbox 90 626 884 664">
     <span class='ocr_line' id='line_1_11' title="bbox 90 626 884 664; baseline -0.01 -5"><span class='ocrx_word' id='word_1_87' title='bbox 90 631 180 659; x_wconf 88' lang='lat' dir='ltr'><strong>dicum</strong></span> <span class='ocrx_word' id='word_1_88' title='bbox 194 639 203 664; x_wconf 85' lang='lat'><strong>;</strong></span> <span class='ocrx_word' id='word_1_89' title='bbox 216 634 243 659; x_wconf 90' lang='lat' dir='ltr'><strong>et</strong></span> <span class='ocrx_word' id='word_1_90' title='bbox 255 629 316 663; x_wconf 87' lang='lat' dir='ltr'><strong>quia</strong></span> <span class='ocrx_word' id='word_1_91' title='bbox 332 636 385 656; x_wconf 92' lang='lat' dir='ltr'><strong>non</strong></span> <span class='ocrx_word' id='word_1_92' title='bbox 400 636 429 656; x_wconf 91' lang='lat' dir='ltr'><strong>se</strong></span> <span class='ocrx_word' id='word_1_93' title='bbox 443 628 561 659; x_wconf 80' lang='lat' dir='ltr'><strong>laudant,</strong></span> <span class='ocrx_word' id='word_1_94' title='bbox 576 627 623 655; x_wconf 85' lang='lat' dir='ltr'><strong>sed</strong></span> <span class='ocrx_word' id='word_1_95' title='bbox 637 626 834 661; x_wconf 86' lang='lat' dir='ltr'><strong>reprehendunt</strong></span> <span class='ocrx_word' id='word_1_96' title='bbox 844 632 884 657; x_wconf 86' lang='lat' dir='ltr'><strong>se,</strong></span> 
     </span>
    </p>
   </div>
   <div class='ocr_carea' id='block_1_12' title="bbox 92 671 887 712">
    <p class='ocr_par' dir='ltr' id='par_1_12' title="bbox 92 671 887 712">
     <span class='ocr_line' id='line_1_12' title="bbox 92 671 887 712; baseline -0.009 -8"><span class='ocrx_word' id='word_1_97' title='bbox 92 682 123 704; x_wconf 85' lang='lat' dir='ltr'><strong>ut</strong></span> <span class='ocrx_word' id='word_1_98' title='bbox 136 677 182 711; x_wconf 91' lang='lat' dir='ltr'><strong>qui</strong></span> <span class='ocrx_word' id='word_1_99' title='bbox 196 676 337 712; x_wconf 72' lang='lat' dir='ltr'><strong>gloriatur,</strong></span> <span class='ocrx_word' id='word_1_100' title='bbox 351 682 403 702; x_wconf 92' lang='lat' dir='ltr'><strong>non</strong></span> <span class='ocrx_word' id='word_1_101' title='bbox 419 675 445 701; x_wconf 90' lang='lat' dir='ltr'><strong>in</strong></span> <span class='ocrx_word' id='word_1_102' title='bbox 459 681 487 701; x_wconf 88' lang='lat' dir='ltr'><strong>se</strong></span> <span class='ocrx_word' id='word_1_103' title='bbox 502 695 508 705; x_wconf 87' lang='lat'><strong>,</strong></span> <span class='ocrx_word' id='word_1_104' title='bbox 525 673 572 700; x_wconf 79' lang='lat' dir='ltr'><strong>sed</strong></span> <span class='ocrx_word' id='word_1_105' title='bbox 594 673 621 700; x_wconf 88' lang='lat' dir='ltr'><strong>in</strong></span> <span class='ocrx_word' id='word_1_106' title='bbox 636 672 746 699; x_wconf 88' lang='lat' dir='ltr'><strong>Dotnino</strong></span> <span class='ocrx_word' id='word_1_107' title='bbox 758 671 887 706; x_wconf 82' lang='lat' dir='ltr'><strong>glorietur</strong></span> 
     </span>
    </p>
   </div>
   <div class='ocr_carea' id='block_1_13' title="bbox 91 717 885 758">
    <p class='ocr_par' dir='ltr' id='par_1_13' title="bbox 91 717 885 758">
     <span class='ocr_line' id='line_1_13' title="bbox 91 717 885 758; baseline -0.01 -7"><span class='ocrx_word' id='word_1_108' title='bbox 91 723 101 757; x_wconf 94' lang='lat'><strong>(</strong></span> <span class='ocrx_word' id='word_1_109' title='bbox 114 723 123 750; x_wconf 93' lang='lat' dir='ltr'>I</span> <span class='ocrx_word' id='word_1_110' title='bbox 137 722 198 751; x_wconf 87' lang='lat' dir='ltr'><strong>Cor.</strong></span> <span class='ocrx_word' id='word_1_111' title='bbox 210 729 228 753; x_wconf 83' lang='lat' dir='ltr'><strong>t.</strong></span> <span class='ocrx_word' id='word_1_112' title='bbox 243 722 275 750; x_wconf 72' lang='lat'><strong>3|</strong></span> <span class='ocrx_word' id='word_1_113' title='bbox 288 720 310 758; x_wconf 85' lang='lat'><strong>).</strong></span> <span class='ocrx_word' id='word_1_114' title='bbox 333 725 479 756; x_wconf 81' lang='lat' dir='ltr'><strong>agnoscunt</strong></span> <span class='ocrx_word' id='word_1_115' title='bbox 492 727 604 758; x_wconf 78' lang='lat' dir='ltr'><strong>causam</strong></span> <span class='ocrx_word' id='word_1_116' title='bbox 622 718 752 745; x_wconf 87' lang='lat' dir='ltr'><strong>adventus</strong></span> <span class='ocrx_word' id='word_1_117' title='bbox 765 717 863 745; x_wconf 89' lang='lat' dir='ltr'><strong>Christi</strong></span> <span class='ocrx_word' id='word_1_118' title='bbox 878 736 885 748; x_wconf 84' lang='lat'><strong>.</strong></span> 
     </span>
    </p>
   </div>
   <div class='ocr_carea' id='block_1_14' title="bbox 91 755 888 803">
    <p class='ocr_par' dir='ltr' id='par_1_14' title="bbox 91 755 888 803">
     <span class='ocr_line' id='line_1_14' title="bbox 91 755 888 803; baseline -0.008 -8"><span class='ocrx_word' id='word_1_119' title='bbox 91 755 156 803; x_wconf 82' lang='lat' dir='ltr'><strong>quia</strong></span> <span class='ocrx_word' id='word_1_120' title='bbox 179 767 240 794; x_wconf 88' lang='lat' dir='ltr'><strong>ideo</strong></span> <span class='ocrx_word' id='word_1_121' title='bbox 254 755 326 794; x_wconf 76' lang='lat' dir='ltr'><strong>venit</strong></span> <span class='ocrx_word' id='word_1_122' title='bbox 347 771 376 792; x_wconf 94' lang='lat' dir='ltr'><strong>ut</strong></span> <span class='ocrx_word' id='word_1_123' title='bbox 399 769 553 800; x_wconf 86' lang='lat' dir='ltr'><strong>peceatores</strong></span> <span class='ocrx_word' id='word_1_124' title='bbox 576 755 665 792; x_wconf 70' lang='lat' dir='ltr'><strong>stilvos</strong></span> <span class='ocrx_word' id='word_1_125' title='bbox 684 763 804 791; x_wconf 83' lang='lat' dir='ltr'><strong>faceret:</strong></span> <span class='ocrx_word' id='word_1_126' title='bbox 821 763 888 796; x_wconf 80' lang='lat' dir='ltr'><strong>Quia</strong></span> 
     </span>
    </p>
   </div>
   <div class='ocr_carea' id='block_1_15' title="bbox 92 809 890 846">
    <p class='ocr_par' dir='ltr' id='par_1_15' title="bbox 92 809 890 846">
     <span class='ocr_line' id='line_1_15' title="bbox 92 809 890 846; baseline -0.008 -5"><span class='ocrx_word' id='word_1_127' title='bbox 92 813 171 841; x_wconf 74' lang='lat' dir='ltr'><strong>Iesus</strong></span> <span class='ocrx_word' id='word_1_128' title='bbox 185 813 299 841; x_wconf 75' lang='lat' dir='ltr'><strong>Christus</strong></span> <span class='ocrx_word' id='word_1_129' title='bbox 313 812 377 840; x_wconf 77' lang='lat' dir='ltr'><strong>venit</strong></span> <span class='ocrx_word' id='word_1_130' title='bbox 389 832 396 845; x_wconf 89' lang='grc'><em>,</em></span> <span class='ocrx_word' id='word_1_131' title='bbox 408 812 509 846; x_wconf 88' lang='lat' dir='ltr'><strong>inquit,</strong></span> <span class='ocrx_word' id='word_1_132' title='bbox 524 811 550 838; x_wconf 81' lang='lat' dir='ltr'><strong>in</strong></span> <span class='ocrx_word' id='word_1_133' title='bbox 563 812 630 837; x_wconf 80' lang='lat' dir='ltr'><strong>Itum:</strong></span> <span class='ocrx_word' id='word_1_134' title='bbox 642 809 764 837; x_wconf 81' lang='lat' dir='ltr'><strong>mundum</strong></span> <span class='ocrx_word' id='word_1_135' title='bbox 775 814 890 843; x_wconf 78' lang='lat' dir='ltr'><strong>peccato-</strong></span> 
     </span>
    </p>
   </div>
   <div class='ocr_carea' id='block_1_16' title="bbox 94 853 887 892">
    <p class='ocr_par' dir='ltr' id='par_1_16' title="bbox 94 853 887 892">
     <span class='ocr_line' id='line_1_16' title="bbox 94 853 887 892; baseline -0.009 -5"><span class='ocrx_word' id='word_1_136' title='bbox 94 868 135 887; x_wconf 69' lang='grc' dir='ltr'><strong>νινε</strong></span> <span class='ocrx_word' id='word_1_137' title='bbox 148 858 231 886; x_wconf 72' lang='grc' dir='ltr'><strong>ωιιτες</strong></span> <span class='ocrx_word' id='word_1_138' title='bbox 246 859 339 892; x_wconf 78' lang='lat' dir='ltr'><strong>facere,</strong></span> <span class='ocrx_word' id='word_1_139' title='bbox 351 865 459 892; x_wconf 83' lang='lat' dir='ltr'><strong>quorum</strong></span> <span class='ocrx_word' id='word_1_140' title='bbox 474 857 571 892; x_wconf 76' lang='lat' dir='ltr'><strong>primus</strong></span> <span class='ocrx_word' id='word_1_141' title='bbox 590 863 635 891; x_wconf 74' lang='lat' dir='ltr'><strong>ego</strong></span> <span class='ocrx_word' id='word_1_142' title='bbox 648 863 706 882; x_wconf 74' lang='lat' dir='ltr'><strong>sum</strong></span> <span class='ocrx_word' id='word_1_143' title='bbox 729 855 739 889; x_wconf 92' lang='lat'><strong>(</strong></span> <span class='ocrx_word' id='word_1_144' title='bbox 753 853 763 881; x_wconf 95' lang='lat' dir='ltr'><strong>I</strong></span> <span class='ocrx_word' id='word_1_145' title='bbox 777 853 844 881; x_wconf 82' lang='lat' dir='ltr'><strong>Tim.</strong></span> <span class='ocrx_word' id='word_1_146' title='bbox 860 861 887 886; x_wconf 89' lang='grc' dir='ltr'>ι,</span> 
     </span>
    </p>
   </div>
   <div class='ocr_carea' id='block_1_17' title="bbox 95 898 888 940">
    <p class='ocr_par' dir='ltr' id='par_1_17' title="bbox 95 898 888 940">
     <span class='ocr_line' id='line_1_17' title="bbox 95 898 888 940; baseline -0.009 -8"><span class='ocrx_word' id='word_1_147' title='bbox 95 906 131 932; x_wconf 78' lang='grc'><strong>15</strong></span> <span class='ocrx_word' id='word_1_148' title='bbox 141 905 162 940; x_wconf 92' lang='grc'><strong>).</strong></span> <span class='ocrx_word' id='word_1_149' title='bbox 178 903 291 931; x_wconf 79' lang='lat' dir='ltr'><strong>Proinde</strong></span> <span class='ocrx_word' id='word_1_150' title='bbox 305 903 364 930; x_wconf 88' lang='lat' dir='ltr'><strong>illos</strong></span> <span class='ocrx_word' id='word_1_151' title='bbox 382 902 506 935; x_wconf 67' lang='lat' dir='ltr'><strong>Judazos,</strong></span> <span class='ocrx_word' id='word_1_152' title='bbox 522 901 556 928; x_wconf 90' lang='lat' dir='ltr'><strong>dc</strong></span> <span class='ocrx_word' id='word_1_153' title='bbox 569 908 649 936; x_wconf 87' lang='lat' dir='ltr'><strong>opere</strong></span> <span class='ocrx_word' id='word_1_154' title='bbox 664 907 713 928; x_wconf 89' lang='lat' dir='ltr'><strong>suo</strong></span> <span class='ocrx_word' id='word_1_155' title='bbox 725 898 870 934; x_wconf 80' lang='lat' dir='ltr'><strong>gloriantes</strong></span> <span class='ocrx_word' id='word_1_156' title='bbox 881 920 888 931; x_wconf 89' lang='lat'><strong>,</strong></span> 
     </span>
    </p>
   </div>
   <div class='ocr_carea' id='block_1_18' title="bbox 93 944 890 984">
    <p class='ocr_par' dir='ltr' id='par_1_18' title="bbox 93 944 890 984">
     <span class='ocr_line' id='line_1_18' title="bbox 93 944 890 984; baseline -0.008 -8"><span class='ocrx_word' id='word_1_157' title='bbox 93 950 135 977; x_wconf 88' lang='lat' dir='ltr'><strong>sic</strong></span> <span class='ocrx_word' id='word_1_158' title='bbox 148 949 235 984; x_wconf 81' lang='lat' dir='ltr'><strong>arguit</strong></span> <span class='ocrx_word' id='word_1_159' title='bbox 248 948 319 976; x_wconf 87' lang='lat' dir='ltr'><strong>idem</strong></span> <span class='ocrx_word' id='word_1_160' title='bbox 333 947 479 982; x_wconf 81' lang='lat' dir='ltr'><strong>Apostolus</strong></span> <span class='ocrx_word' id='word_1_161' title='bbox 490 968 499 979; x_wconf 93' lang='lat'><strong>,</strong></span> <span class='ocrx_word' id='word_1_162' title='bbox 517 951 545 973; x_wconf 93' lang='lat' dir='ltr'><strong>ut</strong></span> <span class='ocrx_word' id='word_1_163' title='bbox 565 953 612 973; x_wconf 81' lang='lat' dir='ltr'><strong>eos</strong></span> <span class='ocrx_word' id='word_1_164' title='bbox 624 945 724 972; x_wconf 79' lang='lat' dir='ltr'><strong>diceret</strong></span> <span class='ocrx_word' id='word_1_165' title='bbox 734 945 767 971; x_wconf 85' lang='lat' dir='ltr'><strong>ad</strong></span> <span class='ocrx_word' id='word_1_166' title='bbox 778 944 890 980; x_wconf 79' lang='lat' dir='ltr'><strong>gratiam</strong></span> 
     </span>
    </p>
   </div>
   <div class='ocr_carea' id='block_1_19' title="bbox 95 990 891 1030">
    <p class='ocr_par' dir='ltr' id='par_1_19' title="bbox 95 990 891 1030">
     <span class='ocr_line' id='line_1_19' title="bbox 95 990 891 1030; baseline -0.006 -8"><span class='ocrx_word' id='word_1_167' title='bbox 95 1004 151 1023; x_wconf 85' lang='grc' dir='ltr'>ιιοιι</span> <span class='ocrx_word' id='word_1_168' title='bbox 162 995 307 1030; x_wconf 78' lang='lat' dir='ltr'><strong>pertinere,</strong></span> <span class='ocrx_word' id='word_1_169' title='bbox 321 994 365 1028; x_wconf 90' lang='lat' dir='ltr'><strong>qui</strong></span> <span class='ocrx_word' id='word_1_170' title='bbox 380 993 483 1020; x_wconf 84' lang='lat' dir='ltr'><strong>meritis</strong></span> <span class='ocrx_word' id='word_1_171' title='bbox 498 998 524 1020; x_wconf 91' lang='lat' dir='ltr'><strong>et</strong></span> <span class='ocrx_word' id='word_1_172' title='bbox 536 992 663 1026; x_wconf 85' lang='lat' dir='ltr'><strong>operibus</strong></span> <span class='ocrx_word' id='word_1_173' title='bbox 673 991 728 1018; x_wconf 80' lang='lat' dir='ltr'><strong>Suis</strong></span> <span class='ocrx_word' id='word_1_174' title='bbox 740 990 891 1018; x_wconf 68' lang='lat' dir='ltr'><strong>mercedem</strong></span> 
     </span>
    </p>
   </div>
   <div class='ocr_carea' id='block_1_20' title="bbox 94 1033 892 1074">
    <p class='ocr_par' dir='ltr' id='par_1_20' title="bbox 94 1033 892 1074">
     <span class='ocr_line' id='line_1_20' title="bbox 94 1033 892 1074; baseline -0.008 -6"><span class='ocrx_word' id='word_1_175' title='bbox 94 1041 189 1069; x_wconf 83' lang='lat' dir='ltr'><strong>deberi</strong></span> <span class='ocrx_word' id='word_1_176' title='bbox 204 1039 401 1068; x_wconf 84' lang='lat' dir='ltr'><strong>arbitrabantur</strong></span> <span class='ocrx_word' id='word_1_177' title='bbox 413 1037 484 1074; x_wconf 81' lang='lat' dir='ltr'><strong>(Gal.</strong></span> <span class='ocrx_word' id='word_1_178' title='bbox 498 1038 578 1073; x_wconf 52' lang='lat' dir='ltr'><strong>v.4).</strong></span> <span class='ocrx_word' id='word_1_179' title='bbox 591 1033 644 1071; x_wconf 43' lang='lat' dir='ltr'><strong>&#39;Qui</strong></span> <span class='ocrx_word' id='word_1_180' title='bbox 657 1044 721 1070; x_wconf 74' lang='lat' dir='ltr'><strong>ergo</strong></span> <span class='ocrx_word' id='word_1_181' title='bbox 736 1036 768 1063; x_wconf 90' lang='lat' dir='ltr'><strong>ad</strong></span> <span class='ocrx_word' id='word_1_182' title='bbox 781 1035 892 1072; x_wconf 75' lang='lat' dir='ltr'><strong>gratiam</strong></span> 
     </span>
    </p>
   </div>
   <div class='ocr_carea' id='block_1_21' title="bbox 96 1080 891 1120">
    <p class='ocr_par' dir='ltr' id='par_1_21' title="bbox 96 1080 891 1120">
     <span class='ocr_line' id='line_1_21' title="bbox 96 1080 891 1120; baseline -0.009 -6"><span class='ocrx_word' id='word_1_183' title='bbox 96 1094 129 1114; x_wconf 89' lang='lat' dir='ltr'><strong>se</strong></span> <span class='ocrx_word' id='word_1_184' title='bbox 140 1085 342 1120; x_wconf 82' lang='lat' dir='ltr'><strong>scitpertiuere.</strong></span> <span class='ocrx_word' id='word_1_185' title='bbox 352 1084 421 1119; x_wconf 84' lang='lat' dir='ltr'><strong>quod</strong></span> <span class='ocrx_word' id='word_1_186' title='bbox 432 1088 474 1111; x_wconf 87' lang='lat' dir='ltr'><strong>est</strong></span> <span class='ocrx_word' id='word_1_187' title='bbox 482 1081 725 1117; x_wconf 88' lang='lat' dir='ltr'><strong>Christus,ctquod</strong></span> <span class='ocrx_word' id='word_1_188' title='bbox 736 1087 775 1108; x_wconf 89' lang='lat' dir='ltr'><strong>est</strong></span> <span class='ocrx_word' id='word_1_189' title='bbox 783 1080 891 1113; x_wconf 88' lang='lat' dir='ltr'><strong>Christi,</strong></span> 
     </span>
    </p>
   </div>
   <div class='ocr_carea' id='block_1_22' title="bbox 96 1125 893 1166">
    <p class='ocr_par' dir='ltr' id='par_1_22' title="bbox 96 1125 893 1166">
     <span class='ocr_line' id='line_1_22' title="bbox 96 1125 893 1166; baseline -0.01 -7"><span class='ocrx_word' id='word_1_190' title='bbox 96 1131 173 1159; x_wconf 87' lang='lat' dir='ltr'><strong>novit</strong></span> <span class='ocrx_word' id='word_1_191' title='bbox 185 1131 245 1166; x_wconf 83' lang='lat' dir='ltr'><strong>quia</strong></span> <span class='ocrx_word' id='word_1_192' title='bbox 260 1130 359 1165; x_wconf 75' lang='lat' dir='ltr'><strong>indiget</strong></span> <span class='ocrx_word' id='word_1_193' title='bbox 374 1129 467 1164; x_wconf 79' lang='lat' dir='ltr'><strong>gratia.</strong></span> <span class='ocrx_word' id='word_1_194' title='bbox 482 1128 508 1156; x_wconf 92' lang='lat' dir='ltr'><strong>Si</strong></span> <span class='ocrx_word' id='word_1_195' title='bbox 521 1127 605 1163; x_wconf 85' lang='lat' dir='ltr'><strong>gratia</strong></span> <span class='ocrx_word' id='word_1_196' title='bbox 621 1131 738 1158; x_wconf 76' lang='lat' dir='ltr'><strong>vocatur,</strong></span> <span class='ocrx_word' id='word_1_197' title='bbox 753 1126 835 1160; x_wconf 78' lang='lat' dir='ltr'><strong>gratis</strong></span> <span class='ocrx_word' id='word_1_198' title='bbox 846 1125 893 1152; x_wconf 85' lang='lat' dir='ltr'><strong>da-</strong></span> 
     </span>
    </p>
   </div>
   <div class='ocr_carea' id='block_1_23' title="bbox 97 1174 894 1211">
    <p class='ocr_par' dir='ltr' id='par_1_23' title="bbox 97 1174 894 1211">
     <span class='ocr_line' id='line_1_23' title="bbox 97 1174 894 1211; baseline -0.009 -7"><span class='ocrx_word' id='word_1_199' title='bbox 97 1181 160 1209; x_wconf 88' lang='lat' dir='ltr'><strong>tur;</strong></span> <span class='ocrx_word' id='word_1_200' title='bbox 174 1177 197 1203; x_wconf 90' lang='lat' dir='ltr'><strong>si</strong></span> <span class='ocrx_word' id='word_1_201' title='bbox 207 1175 290 1211; x_wconf 87' lang='lat' dir='ltr'><strong>gratis</strong></span> <span class='ocrx_word' id='word_1_202' title='bbox 302 1175 391 1207; x_wconf 82' lang='lat' dir='ltr'><strong>datur,</strong></span> <span class='ocrx_word' id='word_1_203' title='bbox 404 1174 475 1201; x_wconf 89' lang='lat' dir='ltr'><strong>nulla</strong></span> <span class='ocrx_word' id='word_1_204' title='bbox 492 1174 585 1200; x_wconf 89' lang='lat' dir='ltr'><strong>merita</strong></span> <span class='ocrx_word' id='word_1_205' title='bbox 600 1177 644 1199; x_wconf 89' lang='lat' dir='ltr'><strong>tua</strong></span> <span class='ocrx_word' id='word_1_206' title='bbox 659 1175 852 1207; x_wconf 61' lang='lat' dir='ltr'><strong>prs-cesserunt</strong></span> <span class='ocrx_word' id='word_1_207' title='bbox 866 1176 894 1198; x_wconf 90' lang='lat' dir='ltr'><strong>ut</strong></span> 
     </span>
    </p>
   </div>
   <div class='ocr_carea' id='block_1_24' title="bbox 95 1217 893 1254">
    <p class='ocr_par' dir='ltr' id='par_1_24' title="bbox 95 1217 893 1254">
     <span class='ocr_line' id='line_1_24' title="bbox 95 1217 893 1254; baseline -0.009 -5"><span class='ocrx_word' id='word_1_208' title='bbox 95 1222 186 1249; x_wconf 82' lang='lat' dir='ltr'><strong>detur.</strong></span> <span class='ocrx_word' id='word_1_209' title='bbox 202 1220 268 1248; x_wconf 83' lang='lat' dir='ltr'><strong>Nam</strong></span> <span class='ocrx_word' id='word_1_210' title='bbox 289 1219 312 1247; x_wconf 90' lang='lat' dir='ltr'><strong>si</strong></span> <span class='ocrx_word' id='word_1_211' title='bbox 327 1223 522 1254; x_wconf 57' lang='lat' dir='ltr'><strong>praecesserunt</strong></span> <span class='ocrx_word' id='word_1_212' title='bbox 535 1217 630 1245; x_wconf 84' lang='lat' dir='ltr'><strong>merita</strong></span> <span class='ocrx_word' id='word_1_213' title='bbox 642 1221 685 1244; x_wconf 89' lang='lat' dir='ltr'><strong>tua</strong></span> <span class='ocrx_word' id='word_1_214' title='bbox 699 1237 707 1249; x_wconf 88' lang='lat'><strong>,</strong></span> <span class='ocrx_word' id='word_1_215' title='bbox 724 1223 827 1243; x_wconf 90' lang='lat' dir='ltr'><strong>merces</strong></span> <span class='ocrx_word' id='word_1_216' title='bbox 840 1224 893 1243; x_wconf 92' lang='lat' dir='ltr'><strong>non</strong></span> 
     </span>
    </p>
   </div>
   <div class='ocr_carea' id='block_1_25' title="bbox 97 1261 894 1301">
    <p class='ocr_par' dir='ltr' id='par_1_25' title="bbox 97 1261 894 1301">
     <span class='ocr_line' id='line_1_25' title="bbox 97 1261 894 1301; baseline -0.009 -7"><span class='ocrx_word' id='word_1_217' title='bbox 97 1267 246 1301; x_wconf 79' lang='lat' dir='ltr'><strong>imputatur</strong></span> <span class='ocrx_word' id='word_1_218' title='bbox 256 1264 402 1293; x_wconf 86' lang='lat' dir='ltr'><strong>secundum</strong></span> <span class='ocrx_word' id='word_1_219' title='bbox 416 1264 528 1299; x_wconf 83' lang='lat' dir='ltr'><strong>gratiam</strong></span> <span class='ocrx_word' id='word_1_220' title='bbox 538 1283 546 1295; x_wconf 84' lang='lat'><strong>,</strong></span> <span class='ocrx_word' id='word_1_221' title='bbox 561 1263 607 1290; x_wconf 88' lang='lat' dir='ltr'><strong>sed</strong></span> <span class='ocrx_word' id='word_1_222' title='bbox 620 1262 764 1290; x_wconf 89' lang='lat' dir='ltr'><strong>secundutn</strong></span> <span class='ocrx_word' id='word_1_223' title='bbox 777 1261 894 1289; x_wconf 88' lang='lat' dir='ltr'><strong>debitum</strong></span> 
     </span>
    </p>
   </div>
   <div class='ocr_carea' id='block_1_26' title="bbox 98 1307 893 1348">
    <p class='ocr_par' dir='ltr' id='par_1_26' title="bbox 98 1307 893 1348">
     <span class='ocr_line' id='line_1_26' title="bbox 98 1307 893 1348; baseline -0.008 -9"><span class='ocrx_word' id='word_1_224' title='bbox 98 1312 198 1348; x_wconf 83' lang='lat' dir='ltr'><strong>(Rom.</strong></span> <span class='ocrx_word' id='word_1_225' title='bbox 213 1320 249 1344; x_wconf 77' lang='lat' dir='ltr'><strong>tv,</strong></span> <span class='ocrx_word' id='word_1_226' title='bbox 263 1312 280 1339; x_wconf 79' lang='grc'><strong>4</strong></span> <span class='ocrx_word' id='word_1_227' title='bbox 290 1310 312 1347; x_wconf 89' lang='grc'><strong>).</strong></span> <span class='ocrx_word' id='word_1_228' title='bbox 325 1310 353 1338; x_wconf 89' lang='lat' dir='ltr'><strong>Si</strong></span> <span class='ocrx_word' id='word_1_229' title='bbox 369 1318 433 1346; x_wconf 87' lang='lat' dir='ltr'><strong>ergo</strong></span> <span class='ocrx_word' id='word_1_230' title='bbox 453 1309 519 1337; x_wconf 86' lang='lat' dir='ltr'><strong>dicis</strong></span> <span class='ocrx_word' id='word_1_231' title='bbox 543 1308 713 1344; x_wconf 64' lang='lat' dir='ltr'><strong>praecessisse</strong></span> <span class='ocrx_word' id='word_1_232' title='bbox 726 1307 820 1335; x_wconf 88' lang='lat' dir='ltr'><strong>merita</strong></span> <span class='ocrx_word' id='word_1_233' title='bbox 833 1310 893 1340; x_wconf 87' lang='lat' dir='ltr'><strong>tua,</strong></span> 
     </span>
    </p>
   </div>
   <div class='ocr_carea' id='block_1_27' title="bbox 98 1353 896 1390">
    <p class='ocr_par' dir='ltr' id='par_1_27' title="bbox 98 1353 896 1390">
     <span class='ocr_line' id='line_1_27' title="bbox 98 1353 896 1390; baseline -0.008 -4"><span class='ocrx_word' id='word_1_234' title='bbox 98 1364 128 1386; x_wconf 88' lang='lat' dir='ltr'><strong>te</strong></span> <span class='ocrx_word' id='word_1_235' title='bbox 141 1358 182 1385; x_wconf 73' lang='lat' dir='ltr'><strong>vis</strong></span> <span class='ocrx_word' id='word_1_236' title='bbox 196 1357 314 1390; x_wconf 86' lang='lat' dir='ltr'><strong>laudari,</strong></span> <span class='ocrx_word' id='word_1_237' title='bbox 337 1364 389 1383; x_wconf 91' lang='lat' dir='ltr'><strong>non</strong></span> <span class='ocrx_word' id='word_1_238' title='bbox 415 1356 497 1384; x_wconf 89' lang='lat' dir='ltr'><strong>Deunt</strong></span> <span class='ocrx_word' id='word_1_239' title='bbox 514 1364 521 1382; x_wconf 83' lang='lat'><strong>:</strong></span> <span class='ocrx_word' id='word_1_240' title='bbox 536 1355 597 1382; x_wconf 87' lang='lat' dir='ltr'><strong>ideo</strong></span> <span class='ocrx_word' id='word_1_241' title='bbox 611 1362 663 1381; x_wconf 91' lang='lat' dir='ltr'><strong>non</strong></span> <span class='ocrx_word' id='word_1_242' title='bbox 684 1354 807 1389; x_wconf 79' lang='lat' dir='ltr'><strong>agnoscis</strong></span> <span class='ocrx_word' id='word_1_243' title='bbox 819 1353 896 1380; x_wconf 89' lang='lat' dir='ltr'><strong>Chri-</strong></span> 
     </span>
    </p>
   </div>
   <div class='ocr_carea' id='block_1_28' title="bbox 98 1399 896 1439">
    <p class='ocr_par' dir='ltr' id='par_1_28' title="bbox 98 1399 896 1439">
     <span class='ocr_line' id='line_1_28' title="bbox 98 1399 896 1439; baseline -0.008 -7"><span class='ocrx_word' id='word_1_244' title='bbox 98 1409 184 1436; x_wconf 78' lang='lat' dir='ltr'><strong>stum.</strong></span> <span class='ocrx_word' id='word_1_245' title='bbox 197 1406 243 1439; x_wconf 89' lang='lat' dir='ltr'><strong>qui</strong></span> <span class='ocrx_word' id='word_1_246' title='bbox 257 1404 329 1430; x_wconf 78' lang='lat' dir='ltr'><strong>vertit</strong></span> <span class='ocrx_word' id='word_1_247' title='bbox 342 1410 402 1430; x_wconf 90' lang='lat' dir='ltr'><strong>cum</strong></span> <span class='ocrx_word' id='word_1_248' title='bbox 417 1402 501 1438; x_wconf 90' lang='lat' dir='ltr'><strong>gratia</strong></span> <span class='ocrx_word' id='word_1_249' title='bbox 517 1402 574 1429; x_wconf 88' lang='lat' dir='ltr'><strong>Dei.</strong></span> <span class='ocrx_word' id='word_1_250' title='bbox 596 1401 728 1429; x_wconf 87' lang='lat' dir='ltr'><strong>Converte</strong></span> <span class='ocrx_word' id='word_1_251' title='bbox 743 1408 807 1435; x_wconf 81' lang='lat' dir='ltr'><strong>ergo</strong></span> <span class='ocrx_word' id='word_1_252' title='bbox 822 1405 847 1427; x_wconf 92' lang='lat' dir='ltr'><strong>te</strong></span> <span class='ocrx_word' id='word_1_253' title='bbox 861 1399 896 1426; x_wconf 87' lang='lat' dir='ltr'><strong>ad</strong></span> 
     </span>
    </p>
   </div>
   <div class='ocr_carea' id='block_1_29' title="bbox 98 1446 897 1483">
    <p class='ocr_par' dir='ltr' id='par_1_29' title="bbox 98 1446 897 1483">
     <span class='ocr_line' id='line_1_29' title="bbox 98 1446 897 1483; baseline -0.01 -4"><span class='ocrx_word' id='word_1_254' title='bbox 98 1452 198 1480; x_wconf 81' lang='lat' dir='ltr'><strong>merita</strong></span> <span class='ocrx_word' id='word_1_255' title='bbox 209 1455 264 1483; x_wconf 80' lang='lat' dir='ltr'><strong>tua,</strong></span> <span class='ocrx_word' id='word_1_256' title='bbox 274 1450 335 1476; x_wconf 82' lang='lat' dir='ltr'><strong>vide</strong></span> <span class='ocrx_word' id='word_1_257' title='bbox 348 1449 391 1476; x_wconf 81' lang='lat' dir='ltr'><strong>illa</strong></span> <span class='ocrx_word' id='word_1_258' title='bbox 404 1448 472 1476; x_wconf 81' lang='lat' dir='ltr'><strong>mala</strong></span> <span class='ocrx_word' id='word_1_259' title='bbox 484 1447 576 1480; x_wconf 82' lang='lat' dir='ltr'><strong>fuisse,</strong></span> <span class='ocrx_word' id='word_1_260' title='bbox 589 1451 617 1474; x_wconf 92' lang='lat' dir='ltr'><strong>ut</strong></span> <span class='ocrx_word' id='word_1_261' title='bbox 629 1454 683 1474; x_wconf 81' lang='lat' dir='ltr'><strong>noti</strong></span> <span class='ocrx_word' id='word_1_262' title='bbox 695 1446 740 1473; x_wconf 88' lang='lat' dir='ltr'><strong>tibi</strong></span> <span class='ocrx_word' id='word_1_263' title='bbox 754 1446 897 1473; x_wconf 82' lang='lat' dir='ltr'><strong>deberetur</strong></span> 
     </span>
    </p>
   </div>
   <div class='ocr_carea' id='block_1_30' title="bbox 99 1490 897 1531">
    <p class='ocr_par' dir='ltr' id='par_1_30' title="bbox 99 1490 897 1531">
     <span class='ocr_line' id='line_1_30' title="bbox 99 1490 897 1531; baseline -0.009 -7"><span class='ocrx_word' id='word_1_264' title='bbox 99 1497 153 1524; x_wconf 87' lang='lat' dir='ltr'><strong>nisi</strong></span> <span class='ocrx_word' id='word_1_265' title='bbox 167 1495 336 1531; x_wconf 84' lang='lat' dir='ltr'><strong>supplicium,</strong></span> <span class='ocrx_word' id='word_1_266' title='bbox 353 1502 406 1521; x_wconf 90' lang='lat' dir='ltr'><strong>non</strong></span> <span class='ocrx_word' id='word_1_267' title='bbox 422 1493 570 1529; x_wconf 71' lang='lat' dir='ltr'><strong>praemium.</strong></span> <span class='ocrx_word' id='word_1_268' title='bbox 586 1492 619 1519; x_wconf 87' lang='lat' dir='ltr'><strong>Et</strong></span> <span class='ocrx_word' id='word_1_269' title='bbox 639 1499 700 1519; x_wconf 89' lang='lat' dir='ltr'><strong>eum</strong></span> <span class='ocrx_word' id='word_1_270' title='bbox 715 1491 813 1518; x_wconf 86' lang='lat' dir='ltr'><strong>videris</strong></span> <span class='ocrx_word' id='word_1_271' title='bbox 833 1490 897 1525; x_wconf 90' lang='lat' dir='ltr'><strong>quid</strong></span> 
     </span>
    </p>
   </div>
   <div class='ocr_carea' id='block_1_31' title="bbox 98 1536 896 1577">
    <p class='ocr_par' dir='ltr' id='par_1_31' title="bbox 98 1536 896 1577">
     <span class='ocr_line' id='line_1_31' title="bbox 98 1536 896 1577; baseline -0.008 -9"><span class='ocrx_word' id='word_1_272' title='bbox 98 1541 151 1568; x_wconf 83' lang='lat' dir='ltr'><strong>tibi</strong></span> <span class='ocrx_word' id='word_1_273' title='bbox 162 1548 213 1576; x_wconf 81' lang='lat' dir='ltr'><strong>per</strong></span> <span class='ocrx_word' id='word_1_274' title='bbox 228 1540 350 1567; x_wconf 88' lang='lat' dir='ltr'><strong>meritum</strong></span> <span class='ocrx_word' id='word_1_275' title='bbox 365 1539 504 1569; x_wconf 82' lang='lat' dir='ltr'><strong>debeatur,</strong></span> <span class='ocrx_word' id='word_1_276' title='bbox 511 1537 637 1577; x_wconf 81' lang='lat' dir='ltr'><strong>agnoscis</strong></span> <span class='ocrx_word' id='word_1_277' title='bbox 647 1536 709 1571; x_wconf 88' lang='lat' dir='ltr'><strong>quid</strong></span> <span class='ocrx_word' id='word_1_278' title='bbox 726 1544 773 1571; x_wconf 91' lang='lat' dir='ltr'><strong>per</strong></span> <span class='ocrx_word' id='word_1_279' title='bbox 784 1536 896 1571; x_wconf 88' lang='lat' dir='ltr'><strong>gratiam</strong></span> 
     </span>
    </p>
   </div>
   <div class='ocr_carea' id='block_1_32' title="bbox 98 1580 898 1619">
    <p class='ocr_par' dir='ltr' id='par_1_32' title="bbox 98 1580 898 1619">
     <span class='ocr_line' id='line_1_32' title="bbox 98 1580 898 1619; baseline -0.008 -6"><span class='ocrx_word' id='word_1_280' title='bbox 98 1589 232 1619; x_wconf 80' lang='lat' dir='ltr'><strong>donetur;</strong></span> <span class='ocrx_word' id='word_1_281' title='bbox 248 1591 275 1613; x_wconf 88' lang='lat' dir='ltr'><strong>et</strong></span> <span class='ocrx_word' id='word_1_282' title='bbox 287 1584 418 1613; x_wconf 82' lang='lat' dir='ltr'><strong>sacriﬁcio</strong></span> <span class='ocrx_word' id='word_1_283' title='bbox 440 1584 526 1611; x_wconf 89' lang='lat' dir='ltr'><strong>laudis</strong></span> <span class='ocrx_word' id='word_1_284' title='bbox 543 1583 676 1618; x_wconf 79' lang='lat' dir='ltr'><strong>glorificas</strong></span> <span class='ocrx_word' id='word_1_285' title='bbox 697 1582 789 1609; x_wconf 89' lang='lat' dir='ltr'><strong>Deum.</strong></span> <span class='ocrx_word' id='word_1_286' title='bbox 805 1580 845 1608; x_wconf 86' lang='lat' dir='ltr'><strong>lbi</strong></span> <span class='ocrx_word' id='word_1_287' title='bbox 856 1584 898 1609; x_wconf 76' lang='lat' dir='ltr'><strong>est</strong></span> 
     </span>
    </p>
   </div>
   <div class='ocr_carea' id='block_1_33' title="bbox 98 1626 815 1665">
    <p class='ocr_par' dir='ltr' id='par_1_33' title="bbox 98 1626 815 1665">
     <span class='ocr_line' id='line_1_33' title="bbox 98 1626 815 1665; baseline -0.01 -5"><span class='ocrx_word' id='word_1_288' title='bbox 98 1633 175 1660; x_wconf 85' lang='lat' dir='ltr'><strong>enim</strong></span> <span class='ocrx_word' id='word_1_289' title='bbox 186 1632 240 1664; x_wconf 85' lang='lat' dir='ltr'><strong>via,</strong></span> <span class='ocrx_word' id='word_1_290' title='bbox 253 1632 280 1658; x_wconf 91' lang='lat' dir='ltr'><strong>in</strong></span> <span class='ocrx_word' id='word_1_291' title='bbox 291 1638 341 1665; x_wconf 84' lang='lat' dir='ltr'><strong>qua</strong></span> <span class='ocrx_word' id='word_1_292' title='bbox 356 1630 463 1657; x_wconf 88' lang='lat' dir='ltr'><strong>noveris</strong></span> <span class='ocrx_word' id='word_1_293' title='bbox 477 1628 613 1656; x_wconf 86' lang='lat' dir='ltr'><strong>Christum</strong></span> <span class='ocrx_word' id='word_1_294' title='bbox 628 1628 745 1654; x_wconf 83' lang='lat' dir='ltr'><strong>salutare</strong></span> <span class='ocrx_word' id='word_1_295' title='bbox 759 1626 815 1654; x_wconf 81' lang='lat' dir='ltr'><strong>Dei.</strong></span> 
     </span>
    </p>
   </div>
   <div class='ocr_carea' id='block_1_34' title="bbox 343 1731 676 1764">
    <p class='ocr_par' dir='ltr' id='par_1_34' title="bbox 343 1731 676 1764">
     <span class='ocr_line' id='line_1_34' title="bbox 343 1731 676 1764; baseline -0.009 0"><span class='ocrx_word' id='word_1_296' title='bbox 343 1733 384 1764; x_wconf 78' lang='lat' dir='ltr'><strong>IN</strong></span> <span class='ocrx_word' id='word_1_297' title='bbox 405 1731 596 1763; x_wconf 83' lang='lat' dir='ltr'><strong>PSALMUM</strong></span> <span class='ocrx_word' id='word_1_298' title='bbox 617 1731 642 1761; x_wconf 92' lang='lat' dir='ltr'>L</span> <span class='ocrx_word' id='word_1_299' title='bbox 659 1742 676 1746; x_wconf 46' lang='grc' dir='ltr'>θ</span> 
     </span>
    </p>
   </div>
   <div class='ocr_carea' id='block_1_35' title="bbox 401 1791 608 1820">
    <p class='ocr_par' dir='ltr' id='par_1_35' title="bbox 401 1791 608 1820">
     <span class='ocr_line' id='line_1_35' title="bbox 401 1791 608 1820; baseline -0.005 0"><span class='ocrx_word' id='word_1_300' title='bbox 401 1793 466 1820; x_wconf 84' lang='lat' dir='ltr'><strong>ENA</strong></span> <span class='ocrx_word' id='word_1_301' title='bbox 472 1791 608 1819; x_wconf 75' lang='grc' dir='ltr'>ιιιιΑΤιο.</span> 
     </span>
    </p>
   </div>
   <div class='ocr_carea' id='block_1_36' title="bbox 425 1847 580 1883">
    <p class='ocr_par' dir='ltr' id='par_1_36' title="bbox 425 1847 580 1883">
     <span class='ocr_line' id='line_1_36' title="bbox 425 1847 580 1883; baseline -0.019 -7"><span class='ocrx_word' id='word_1_302' title='bbox 425 1855 510 1876; x_wconf 72' lang='lat' dir='ltr'><strong>sentio</strong></span> <span class='ocrx_word' id='word_1_303' title='bbox 531 1847 580 1883; x_wconf 86' lang='grc' dir='ltr'><strong>(α).</strong></span> 
     </span>
    </p>
   </div>
   <div class='ocr_carea' id='block_1_37' title="bbox 141 1902 899 1940">
    <p class='ocr_par' dir='ltr' id='par_1_37' title="bbox 141 1902 899 1940">
     <span class='ocr_line' id='line_1_37' title="bbox 141 1902 899 1940; baseline -0.009 -4"><span class='ocrx_word' id='word_1_304' title='bbox 141 1909 169 1936; x_wconf 74' lang='grc'><strong>1.</strong></span> <span class='ocrx_word' id='word_1_305' title='bbox 189 1905 366 1935; x_wconf 80' lang='lat' dir='ltr'><strong>Multitudinis</strong></span> <span class='ocrx_word' id='word_1_306' title='bbox 386 1905 485 1940; x_wconf 87' lang='lat' dir='ltr'><strong>hujus,</strong></span> <span class='ocrx_word' id='word_1_307' title='bbox 510 1911 560 1931; x_wconf 89' lang='lat' dir='ltr'><strong>nec</strong></span> <span class='ocrx_word' id='word_1_308' title='bbox 582 1902 731 1939; x_wconf 76' lang='lat' dir='ltr'><strong>frequentia</strong></span> <span class='ocrx_word' id='word_1_309' title='bbox 753 1902 899 1930; x_wconf 83' lang='lat' dir='ltr'><strong>fraudanda</strong></span> 
     </span>
    </p>
   </div>
   <div class='ocr_carea' id='block_1_38' title="bbox 103 1951 901 1993">
    <p class='ocr_par' dir='ltr' id='par_1_38' title="bbox 103 1951 901 1993">
     <span class='ocr_line' id='line_1_38' title="bbox 103 1951 901 1993; baseline -0.005 -11"><span class='ocrx_word' id='word_1_310' title='bbox 103 1958 150 1982; x_wconf 84' lang='lat' dir='ltr'><strong>est</strong></span> <span class='ocrx_word' id='word_1_311' title='bbox 161 1974 168 1986; x_wconf 92' lang='lat'><strong>,</strong></span> <span class='ocrx_word' id='word_1_312' title='bbox 182 1961 234 1981; x_wconf 85' lang='lat' dir='ltr'><strong>nec</strong></span> <span class='ocrx_word' id='word_1_313' title='bbox 252 1953 392 1981; x_wconf 77' lang='lat' dir='ltr'><strong>inﬁrmitas</strong></span> <span class='ocrx_word' id='word_1_314' title='bbox 413 1951 560 1979; x_wconf 83' lang='lat' dir='ltr'><strong>oneranda.</strong></span> <span class='ocrx_word' id='word_1_315' title='bbox 582 1951 721 1993; x_wconf 80' lang='lat' dir='ltr'><strong>Silentium</strong></span> <span class='ocrx_word' id='word_1_316' title='bbox 741 1951 856 1985; x_wconf 82' lang='lat' dir='ltr'><strong>petimus</strong></span> <span class='ocrx_word' id='word_1_317' title='bbox 873 1954 901 1978; x_wconf 84' lang='lat' dir='ltr'><strong>et</strong></span> 
     </span>
    </p>
   </div>
   <div class='ocr_carea' id='block_1_39' title="bbox 105 1995 902 2034">
    <p class='ocr_par' dir='ltr' id='par_1_39' title="bbox 105 1995 902 2034">
     <span class='ocr_line' id='line_1_39' title="bbox 105 1995 902 2034; baseline -0.006 -7"><span class='ocrx_word' id='word_1_318' title='bbox 105 2000 224 2034; x_wconf 77' lang='lat' dir='ltr'><strong>quietem</strong></span> <span class='ocrx_word' id='word_1_319' title='bbox 236 2019 245 2032; x_wconf 95' lang='lat'><strong>,</strong></span> <span class='ocrx_word' id='word_1_320' title='bbox 261 2002 291 2025; x_wconf 90' lang='lat' dir='ltr'><strong>ut</strong></span> <span class='ocrx_word' id='word_1_321' title='bbox 299 2005 350 2025; x_wconf 77' lang='lat' dir='ltr'><strong>vox</strong></span> <span class='ocrx_word' id='word_1_322' title='bbox 363 2001 453 2024; x_wconf 87' lang='lat' dir='ltr'><strong>nostra</strong></span> <span class='ocrx_word' id='word_1_323' title='bbox 466 2000 526 2031; x_wconf 87' lang='lat' dir='ltr'><strong>post</strong></span> <span class='ocrx_word' id='word_1_324' title='bbox 540 1995 693 2023; x_wconf 86' lang='lat' dir='ltr'><strong>hesternum</strong></span> <span class='ocrx_word' id='word_1_325' title='bbox 709 1995 826 2023; x_wconf 84' lang='lat' dir='ltr'><strong>laborent</strong></span> <span class='ocrx_word' id='word_1_326' title='bbox 841 1995 902 2030; x_wconf 81' lang='lat' dir='ltr'><strong>pos-</strong></span> 
     </span>
    </p>
   </div>
   <div class='ocr_carea' id='block_1_40' title="bbox 106 2040 903 2079">
    <p class='ocr_par' dir='ltr' id='par_1_40' title="bbox 106 2040 903 2079">
     <span class='ocr_line' id='line_1_40' title="bbox 106 2040 903 2079; baseline -0.008 -7"><span class='ocrx_word' id='word_1_327' title='bbox 106 2046 143 2073; x_wconf 82' lang='lat' dir='ltr'><strong>sit</strong></span> <span class='ocrx_word' id='word_1_328' title='bbox 157 2044 298 2079; x_wconf 82' lang='lat' dir='ltr'><strong>aliquantis</strong></span> <span class='ocrx_word' id='word_1_329' title='bbox 312 2043 414 2070; x_wconf 89' lang='lat' dir='ltr'><strong>viribus</strong></span> <span class='ocrx_word' id='word_1_330' title='bbox 429 2042 583 2077; x_wconf 81' lang='lat' dir='ltr'><strong>perdurare.</strong></span> <span class='ocrx_word' id='word_1_331' title='bbox 596 2040 765 2068; x_wconf 89' lang='lat' dir='ltr'><strong>Credeudum</strong></span> <span class='ocrx_word' id='word_1_332' title='bbox 780 2045 821 2067; x_wconf 85' lang='lat' dir='ltr'><strong>est</strong></span> <span class='ocrx_word' id='word_1_333' title='bbox 832 2040 903 2067; x_wconf 88' lang='lat' dir='ltr'><strong>Cba-</strong></span> 
     </span>
    </p>
   </div>
   <div class='ocr_carea' id='block_1_41' title="bbox 108 2085 902 2119">
    <p class='ocr_par' dir='ltr' id='par_1_41' title="bbox 108 2085 902 2119">
     <span class='ocr_line' id='line_1_41' title="bbox 108 2085 902 2119; baseline -0.009 -1"><span class='ocrx_word' id='word_1_334' title='bbox 108 2091 215 2118; x_wconf 84' lang='lat' dir='ltr'><strong>ritatem</strong></span> <span class='ocrx_word' id='word_1_335' title='bbox 232 2088 351 2116; x_wconf 83' lang='lat' dir='ltr'><strong>Vestram</strong></span> <span class='ocrx_word' id='word_1_336' title='bbox 366 2095 419 2115; x_wconf 91' lang='lat' dir='ltr'><strong>non</strong></span> <span class='ocrx_word' id='word_1_337' title='bbox 432 2087 468 2115; x_wconf 92' lang='lat' dir='ltr'><strong>ob</strong></span> <span class='ocrx_word' id='word_1_338' title='bbox 481 2086 553 2113; x_wconf 87' lang='lat' dir='ltr'><strong>aliud</strong></span> <span class='ocrx_word' id='word_1_339' title='bbox 568 2085 697 2113; x_wconf 86' lang='lat' dir='ltr'><strong>hodierno</strong></span> <span class='ocrx_word' id='word_1_340' title='bbox 711 2085 755 2112; x_wconf 90' lang='lat' dir='ltr'><strong>die</strong></span> <span class='ocrx_word' id='word_1_341' title='bbox 768 2085 902 2119; x_wconf 82' lang='lat' dir='ltr'><strong>copiosius</strong></span> 
     </span>
    </p>
   </div>
   <div class='ocr_carea' id='block_1_42' title="bbox 107 2129 904 2166">
    <p class='ocr_par' dir='ltr' id='par_1_42' title="bbox 107 2129 904 2166">
     <span class='ocr_line' id='line_1_42' title="bbox 107 2129 904 2166; baseline -0.009 -3"><span class='ocrx_word' id='word_1_342' title='bbox 107 2135 269 2163; x_wconf 81' lang='lat' dir='ltr'><strong>convenisse</strong></span> <span class='ocrx_word' id='word_1_343' title='bbox 281 2153 288 2165; x_wconf 88' lang='grc'>,</span> <span class='ocrx_word' id='word_1_344' title='bbox 304 2133 355 2160; x_wconf 92' lang='lat' dir='ltr'><strong>nisi</strong></span> <span class='ocrx_word' id='word_1_345' title='bbox 368 2137 398 2160; x_wconf 90' lang='lat' dir='ltr'><strong>ut</strong></span> <span class='ocrx_word' id='word_1_346' title='bbox 411 2131 494 2159; x_wconf 87' lang='lat' dir='ltr'><strong>oretis</strong></span> <span class='ocrx_word' id='word_1_347' title='bbox 508 2138 555 2166; x_wconf 92' lang='lat' dir='ltr'><strong>pro</strong></span> <span class='ocrx_word' id='word_1_348' title='bbox 570 2131 609 2158; x_wconf 88' lang='lat' dir='ltr'><strong>eis</strong></span> <span class='ocrx_word' id='word_1_349' title='bbox 621 2137 687 2165; x_wconf 86' lang='lat' dir='ltr'><strong>quos</strong></span> <span class='ocrx_word' id='word_1_350' title='bbox 701 2130 826 2158; x_wconf 84' lang='lat' dir='ltr'><strong>absentes</strong></span> <span class='ocrx_word' id='word_1_351' title='bbox 841 2129 904 2157; x_wconf 80' lang='lat' dir='ltr'><strong>facit</strong></span> 
     </span>
    </p>
   </div>
   <div class='ocr_carea' id='block_1_43' title="bbox 108 2176 903 2215">
    <p class='ocr_par' dir='ltr' id='par_1_43' title="bbox 108 2176 903 2215">
     <span class='ocr_line' id='line_1_43' title="bbox 108 2176 903 2215; baseline -0.009 -7"><span class='ocrx_word' id='word_1_352' title='bbox 108 2182 214 2208; x_wconf 81' lang='lat' dir='ltr'><strong>alienus</strong></span> <span class='ocrx_word' id='word_1_353' title='bbox 222 2184 250 2207; x_wconf 83' lang='lat' dir='ltr'><strong>et</strong></span> <span class='ocrx_word' id='word_1_354' title='bbox 259 2176 400 2215; x_wconf 83' lang='lat' dir='ltr'><strong>perversos</strong></span> <span class='ocrx_word' id='word_1_355' title='bbox 409 2177 530 2205; x_wconf 81' lang='lat' dir='ltr'><strong>alfectus.</strong></span> <span class='ocrx_word' id='word_1_356' title='bbox 542 2176 635 2210; x_wconf 86' lang='lat' dir='ltr'><strong>Neque</strong></span> <span class='ocrx_word' id='word_1_357' title='bbox 644 2176 715 2203; x_wconf 89' lang='lat' dir='ltr'><strong>enim</strong></span> <span class='ocrx_word' id='word_1_358' title='bbox 726 2176 861 2210; x_wconf 77' lang='lat' dir='ltr'><strong>loquimur</strong></span> <span class='ocrx_word' id='word_1_359' title='bbox 870 2176 903 2203; x_wconf 87' lang='lat' dir='ltr'><strong>de</strong></span> 
     </span>
    </p>
   </div>
   <div class='ocr_carea' id='block_1_44' title="bbox 109 2221 905 2262">
    <p class='ocr_par' dir='ltr' id='par_1_44' title="bbox 109 2221 905 2262">
     <span class='ocr_line' id='line_1_44' title="bbox 109 2221 905 2262; baseline -0.005 -8"><span class='ocrx_word' id='word_1_360' title='bbox 109 2226 225 2262; x_wconf 81' lang='lat' dir='ltr'><strong>Pagauis</strong></span> <span class='ocrx_word' id='word_1_361' title='bbox 237 2246 246 2258; x_wconf 84' lang='grc'><em>,</em></span> <span class='ocrx_word' id='word_1_362' title='bbox 258 2232 344 2261; x_wconf 85' lang='lat' dir='ltr'><strong>neque</strong></span> <span class='ocrx_word' id='word_1_363' title='bbox 356 2225 390 2252; x_wconf 90' lang='lat' dir='ltr'><strong>de</strong></span> <span class='ocrx_word' id='word_1_364' title='bbox 399 2223 499 2251; x_wconf 63' lang='lat' dir='ltr'><strong>Judaeis</strong></span> <span class='ocrx_word' id='word_1_365' title='bbox 510 2243 518 2256; x_wconf 91' lang='lat'><strong>,</strong></span> <span class='ocrx_word' id='word_1_366' title='bbox 529 2222 575 2250; x_wconf 84' lang='lat' dir='ltr'><strong>sed</strong></span> <span class='ocrx_word' id='word_1_367' title='bbox 586 2222 622 2250; x_wconf 87' lang='lat' dir='ltr'><strong>de</strong></span> <span class='ocrx_word' id='word_1_368' title='bbox 629 2221 804 2255; x_wconf 85' lang='lat' dir='ltr'><strong>Christianis;</strong></span> <span class='ocrx_word' id='word_1_369' title='bbox 818 2229 905 2257; x_wconf 87' lang='lat' dir='ltr'><strong>neque</strong></span> 
     </span>
    </p>
   </div>
   <div class='ocr_carea' id='block_1_45' title="bbox 108 2266 904 2303">
    <p class='ocr_par' dir='ltr' id='par_1_45' title="bbox 108 2266 904 2303">
     <span class='ocr_line' id='line_1_45' title="bbox 108 2266 904 2303; baseline -0.008 -4"><span class='ocrx_word' id='word_1_370' title='bbox 108 2272 145 2299; x_wconf 87' lang='lat' dir='ltr'><strong>de</strong></span> <span class='ocrx_word' id='word_1_371' title='bbox 160 2271 201 2299; x_wconf 92' lang='lat' dir='ltr'><strong>his</strong></span> <span class='ocrx_word' id='word_1_372' title='bbox 215 2270 303 2298; x_wconf 80' lang='lat' dir='ltr'><strong>adhuc</strong></span> <span class='ocrx_word' id='word_1_373' title='bbox 315 2269 516 2297; x_wconf 86' lang='lat' dir='ltr'><strong>catechuntenis</strong></span> <span class='ocrx_word' id='word_1_374' title='bbox 527 2289 534 2303; x_wconf 94' lang='lat'><strong>,</strong></span> <span class='ocrx_word' id='word_1_375' title='bbox 550 2267 596 2295; x_wconf 90' lang='lat' dir='ltr'><strong>sed</strong></span> <span class='ocrx_word' id='word_1_376' title='bbox 611 2267 644 2294; x_wconf 88' lang='lat' dir='ltr'><strong>de</strong></span> <span class='ocrx_word' id='word_1_377' title='bbox 658 2266 749 2294; x_wconf 87' lang='lat' dir='ltr'><strong>multis</strong></span> <span class='ocrx_word' id='word_1_378' title='bbox 762 2266 841 2294; x_wconf 89' lang='lat' dir='ltr'><strong>etiam</strong></span> <span class='ocrx_word' id='word_1_379' title='bbox 855 2267 904 2294; x_wconf 64' lang='lat' dir='ltr'><strong>ba-</strong></span> 
     </span>
    </p>
   </div>
   <div class='ocr_carea' id='block_1_46' title="bbox 109 2312 919 2353">
    <p class='ocr_par' dir='ltr' id='par_1_46' title="bbox 109 2312 919 2353">
     <span class='ocr_line' id='line_1_46' title="bbox 109 2312 919 2353; baseline -0.015 -2"><span class='ocrx_word' id='word_1_380' title='bbox 109 2316 220 2352; x_wconf 65' lang='grc' dir='ltr'><strong>Ριῖῑθιίδ</strong></span> <span class='ocrx_word' id='word_1_381' title='bbox 230 2335 239 2348; x_wconf 68' lang='grc' dir='ltr'><strong>ν</strong></span> <span class='ocrx_word' id='word_1_382' title='bbox 258 2312 739 2353; x_wconf 60' lang='grc' dir='ltr'><strong>ε-ειωωΔίιωωΗιὶι-Δὶβωιίθ</strong></span> <span class='ocrx_word' id='word_1_383' title='bbox 750 2332 759 2342; x_wconf 91' lang='grc'><em>.</em></span> <span class='ocrx_word' id='word_1_384' title='bbox 773 2317 800 2341; x_wconf 81' lang='lat' dir='ltr'><strong>et</strong></span> <span class='ocrx_word' id='word_1_385' title='bbox 812 2319 919 2343; x_wconf 57' lang='lat' dir='ltr'><strong>eortun,</strong></span> 
     </span>
    </p>
   </div>
   <div class='ocr_carea' id='block_1_47' title="bbox 110 2355 907 2392">
    <p class='ocr_par' dir='ltr' id='par_1_47' title="bbox 110 2355 907 2392">
     <span class='ocr_line' id='line_1_47' title="bbox 110 2355 907 2392; baseline -0.008 -3"><span class='ocrx_word' id='word_1_386' title='bbox 110 2367 201 2389; x_wconf 82' lang='lat' dir='ltr'><strong>tamen</strong></span> <span class='ocrx_word' id='word_1_387' title='bbox 215 2360 290 2389; x_wconf 90' lang='lat' dir='ltr'><strong>cordi</strong></span> <span class='ocrx_word' id='word_1_388' title='bbox 299 2360 442 2387; x_wconf 85' lang='lat' dir='ltr'><strong>dissimiles</strong></span> <span class='ocrx_word' id='word_1_389' title='bbox 452 2360 527 2387; x_wconf 83' lang='lat' dir='ltr'><strong>estis.</strong></span> <span class='ocrx_word' id='word_1_390' title='bbox 538 2358 622 2392; x_wconf 84' lang='lat' dir='ltr'><strong>Quam</strong></span> <span class='ocrx_word' id='word_1_391' title='bbox 636 2357 734 2388; x_wconf 83' lang='lat' dir='ltr'><strong>multos</strong></span> <span class='ocrx_word' id='word_1_392' title='bbox 743 2357 813 2385; x_wconf 89' lang='lat' dir='ltr'><strong>enim</strong></span> <span class='ocrx_word' id='word_1_393' title='bbox 826 2355 907 2384; x_wconf 84' lang='lat' dir='ltr'><strong>hodie</strong></span> 
     </span>
    </p>
   </div>
   <div class='ocr_carea' id='block_1_48' title="bbox 111 2401 906 2440">
    <p class='ocr_par' dir='ltr' id='par_1_48' title="bbox 111 2401 906 2440">
     <span class='ocr_line' id='line_1_48' title="bbox 111 2401 906 2440; baseline -0.008 -5"><span class='ocrx_word' id='word_1_394' title='bbox 111 2408 210 2435; x_wconf 84' lang='lat' dir='ltr'><strong>fratres</strong></span> <span class='ocrx_word' id='word_1_395' title='bbox 222 2411 328 2433; x_wconf 83' lang='lat' dir='ltr'><strong>uestros</strong></span> <span class='ocrx_word' id='word_1_396' title='bbox 338 2406 485 2440; x_wconf 86' lang='lat' dir='ltr'><strong>cogitamus</strong></span> <span class='ocrx_word' id='word_1_397' title='bbox 496 2408 523 2431; x_wconf 88' lang='lat' dir='ltr'><strong>et</strong></span> <span class='ocrx_word' id='word_1_398' title='bbox 532 2403 680 2438; x_wconf 84' lang='lat' dir='ltr'><strong>plangimus</strong></span> <span class='ocrx_word' id='word_1_399' title='bbox 691 2403 729 2430; x_wconf 88' lang='lat' dir='ltr'><strong>ire</strong></span> <span class='ocrx_word' id='word_1_400' title='bbox 739 2403 766 2430; x_wconf 94' lang='lat' dir='ltr'><strong>in</strong></span> <span class='ocrx_word' id='word_1_401' title='bbox 776 2401 906 2430; x_wconf 85' lang='lat' dir='ltr'><strong>vanitates</strong></span> 
     </span>
    </p>
   </div>
   <div class='ocr_carea' id='block_1_49' title="bbox 111 2448 905 2485">
    <p class='ocr_par' dir='ltr' id='par_1_49' title="bbox 111 2448 905 2485">
     <span class='ocr_line' id='line_1_49' title="bbox 111 2448 905 2485; baseline -0.005 -5"><span class='ocrx_word' id='word_1_402' title='bbox 111 2458 139 2480; x_wconf 89' lang='lat' dir='ltr'><strong>et</strong></span> <span class='ocrx_word' id='word_1_403' title='bbox 152 2452 270 2479; x_wconf 85' lang='lat' dir='ltr'><strong>insanias</strong></span> <span class='ocrx_word' id='word_1_404' title='bbox 278 2452 419 2479; x_wconf 84' lang='lat' dir='ltr'><strong>mendaces</strong></span> <span class='ocrx_word' id='word_1_405' title='bbox 431 2472 439 2483; x_wconf 85' lang='lat'><strong>,</strong></span> <span class='ocrx_word' id='word_1_406' title='bbox 453 2450 586 2485; x_wconf 77' lang='lat' dir='ltr'><strong>negligere</strong></span> <span class='ocrx_word' id='word_1_407' title='bbox 598 2456 651 2484; x_wconf 92' lang='lat' dir='ltr'><strong>quo</strong></span> <span class='ocrx_word' id='word_1_408' title='bbox 664 2449 749 2476; x_wconf 90' lang='lat' dir='ltr'><strong>vocati</strong></span> <span class='ocrx_word' id='word_1_409' title='bbox 761 2454 823 2476; x_wconf 88' lang='lat' dir='ltr'><strong>sunt</strong></span> <span class='ocrx_word' id='word_1_410' title='bbox 835 2449 842 2476; x_wconf 87' lang='lat'><strong>!</strong></span> <span class='ocrx_word' id='word_1_411' title='bbox 855 2448 905 2483; x_wconf 84' lang='lat' dir='ltr'><strong>Qui</strong></span> 
     </span>
    </p>
   </div>
   <div class='ocr_carea' id='block_1_50' title="bbox 110 2496 906 2532">
    <p class='ocr_par' dir='ltr' id='par_1_50' title="bbox 110 2496 906 2532">
     <span class='ocr_line' id='line_1_50' title="bbox 110 2496 906 2532; baseline -0.004 -7"><span class='ocrx_word' id='word_1_412' title='bbox 110 2499 135 2525; x_wconf 87' lang='lat' dir='ltr'><strong>si</strong></span> <span class='ocrx_word' id='word_1_413' title='bbox 149 2498 219 2526; x_wconf 82' lang='lat' dir='ltr'><strong>forte</strong></span> <span class='ocrx_word' id='word_1_414' title='bbox 231 2498 258 2524; x_wconf 90' lang='lat' dir='ltr'><strong>in</strong></span> <span class='ocrx_word' id='word_1_415' title='bbox 270 2497 329 2532; x_wconf 87' lang='lat' dir='ltr'><strong>ipso</strong></span> <span class='ocrx_word' id='word_1_416' title='bbox 345 2497 417 2524; x_wconf 87' lang='lat' dir='ltr'><strong>circo</strong></span> <span class='ocrx_word' id='word_1_417' title='bbox 439 2496 527 2531; x_wconf 87' lang='lat' dir='ltr'><strong>aliqua</strong></span> <span class='ocrx_word' id='word_1_418' title='bbox 550 2503 581 2522; x_wconf 80' lang='lat' dir='ltr'><strong>ex</strong></span> <span class='ocrx_word' id='word_1_419' title='bbox 605 2502 684 2525; x_wconf 79' lang='lat' dir='ltr'><strong>causa</strong></span> <span class='ocrx_word' id='word_1_420' title='bbox 706 2500 885 2529; x_wconf 81' lang='lat' dir='ltr'><strong>expavescant</strong></span> <span class='ocrx_word' id='word_1_421' title='bbox 898 2515 906 2527; x_wconf 88' lang='lat'><strong>,</strong></span> 
     </span>
    </p>
   </div>
   <div class='ocr_carea' id='block_1_51' title="bbox 110 2540 907 2578">
    <p class='ocr_par' dir='ltr' id='par_1_51' title="bbox 110 2540 907 2578">
     <span class='ocr_line' id='line_1_51' title="bbox 110 2540 907 2578; baseline -0.004 -7"><span class='ocrx_word' id='word_1_422' title='bbox 110 2543 243 2571; x_wconf 89' lang='lat' dir='ltr'><strong>continuo</strong></span> <span class='ocrx_word' id='word_1_423' title='bbox 256 2550 285 2570; x_wconf 87' lang='lat' dir='ltr'><strong>se</strong></span> <span class='ocrx_word' id='word_1_424' title='bbox 299 2547 405 2578; x_wconf 86' lang='lat' dir='ltr'><strong>signant</strong></span> <span class='ocrx_word' id='word_1_425' title='bbox 416 2563 424 2573; x_wconf 82' lang='lat'><strong>.</strong></span> <span class='ocrx_word' id='word_1_426' title='bbox 439 2547 467 2569; x_wconf 90' lang='lat' dir='ltr'><strong>et</strong></span> <span class='ocrx_word' id='word_1_427' title='bbox 479 2545 551 2568; x_wconf 86' lang='lat' dir='ltr'><strong>stant</strong></span> <span class='ocrx_word' id='word_1_428' title='bbox 569 2541 622 2568; x_wconf 89' lang='lat' dir='ltr'><strong>illic</strong></span> <span class='ocrx_word' id='word_1_429' title='bbox 643 2546 779 2575; x_wconf 83' lang='lat' dir='ltr'><strong>portantes</strong></span> <span class='ocrx_word' id='word_1_430' title='bbox 794 2542 820 2568; x_wconf 89' lang='lat' dir='ltr'><strong>in</strong></span> <span class='ocrx_word' id='word_1_431' title='bbox 834 2540 907 2568; x_wconf 79' lang='lat' dir='ltr'><strong>fron-</strong></span> 
     </span>
    </p>
   </div>
   <div class='ocr_carea' id='block_1_52' title="bbox 112 2586 907 2620">
    <p class='ocr_par' dir='ltr' id='par_1_52' title="bbox 112 2586 907 2620">
     <span class='ocr_line' id='line_1_52' title="bbox 112 2586 907 2620; baseline -0.001 -5"><span class='ocrx_word' id='word_1_432' title='bbox 112 2594 140 2616; x_wconf 87' lang='lat' dir='ltr'><strong>te</strong></span> <span class='ocrx_word' id='word_1_433' title='bbox 152 2608 161 2620; x_wconf 90' lang='lat'><strong>,</strong></span> <span class='ocrx_word' id='word_1_434' title='bbox 178 2588 247 2615; x_wconf 86' lang='lat' dir='ltr'><strong>unde</strong></span> <span class='ocrx_word' id='word_1_435' title='bbox 260 2588 436 2615; x_wconf 81' lang='lat' dir='ltr'><strong>abscederent</strong></span> <span class='ocrx_word' id='word_1_436' title='bbox 449 2589 471 2614; x_wconf 91' lang='lat' dir='ltr'><strong>si</strong></span> <span class='ocrx_word' id='word_1_437' title='bbox 487 2587 538 2614; x_wconf 89' lang='lat' dir='ltr'><strong>hoc</strong></span> <span class='ocrx_word' id='word_1_438' title='bbox 551 2587 578 2613; x_wconf 95' lang='lat' dir='ltr'><strong>in</strong></span> <span class='ocrx_word' id='word_1_439' title='bbox 592 2586 673 2613; x_wconf 87' lang='lat' dir='ltr'><strong>corde</strong></span> <span class='ocrx_word' id='word_1_440' title='bbox 688 2591 834 2620; x_wconf 84' lang='lat' dir='ltr'><strong>portarent.</strong></span> <span class='ocrx_word' id='word_1_441' title='bbox 855 2587 907 2614; x_wconf 83' lang='lat' dir='ltr'><strong>De-</strong></span> 
     </span>
    </p>
   </div>
   <div class='ocr_carea' id='block_1_53' title="bbox 113 2631 906 2667">
    <p class='ocr_par' dir='ltr' id='par_1_53' title="bbox 113 2631 906 2667">
     <span class='ocr_line' id='line_1_53' title="bbox 113 2631 906 2667; baseline -0.001 -7"><span class='ocrx_word' id='word_1_442' title='bbox 113 2632 247 2667; x_wconf 80' lang='lat' dir='ltr'><strong>precanda</strong></span> <span class='ocrx_word' id='word_1_443' title='bbox 260 2636 303 2660; x_wconf 88' lang='lat' dir='ltr'><strong>est</strong></span> <span class='ocrx_word' id='word_1_444' title='bbox 316 2632 496 2660; x_wconf 84' lang='lat' dir='ltr'><strong>misericordia</strong></span> <span class='ocrx_word' id='word_1_445' title='bbox 513 2632 558 2659; x_wconf 87' lang='lat' dir='ltr'><strong>Dei</strong></span> <span class='ocrx_word' id='word_1_446' title='bbox 571 2651 578 2664; x_wconf 89' lang='lat'><strong>,</strong></span> <span class='ocrx_word' id='word_1_447' title='bbox 594 2636 623 2658; x_wconf 90' lang='lat' dir='ltr'><strong>ut</strong></span> <span class='ocrx_word' id='word_1_448' title='bbox 641 2631 723 2658; x_wconf 88' lang='lat' dir='ltr'><strong>douct</strong></span> <span class='ocrx_word' id='word_1_449' title='bbox 742 2631 906 2659; x_wconf 88' lang='lat' dir='ltr'><strong>intellectunt</strong></span> 
     </span>
    </p>
   </div>
   <div class='ocr_carea' id='block_1_54' title="bbox 111 2674 909 2712">
    <p class='ocr_par' dir='ltr' id='par_1_54' title="bbox 111 2674 909 2712">
     <span class='ocr_line' id='line_1_54' title="bbox 111 2674 909 2712; baseline 0 -8"><span class='ocrx_word' id='word_1_450' title='bbox 111 2678 147 2704; x_wconf 90' lang='lat' dir='ltr'><strong>ad</strong></span> <span class='ocrx_word' id='word_1_451' title='bbox 164 2678 214 2704; x_wconf 86' lang='lat' dir='ltr'><strong>ista</strong></span> <span class='ocrx_word' id='word_1_452' title='bbox 227 2677 377 2704; x_wconf 84' lang='lat' dir='ltr'><strong>damnanda</strong></span> <span class='ocrx_word' id='word_1_453' title='bbox 388 2697 396 2709; x_wconf 90' lang='lat'><strong>,</strong></span> <span class='ocrx_word' id='word_1_454' title='bbox 411 2682 438 2704; x_wconf 93' lang='lat' dir='ltr'><strong>et</strong></span> <span class='ocrx_word' id='word_1_455' title='bbox 450 2676 572 2704; x_wconf 81' lang='lat' dir='ltr'><strong>aifectutn</strong></span> <span class='ocrx_word' id='word_1_456' title='bbox 586 2676 618 2702; x_wconf 88' lang='lat' dir='ltr'><strong>ad</strong></span> <span class='ocrx_word' id='word_1_457' title='bbox 633 2674 756 2711; x_wconf 74' lang='lat' dir='ltr'><strong>fugienda</strong></span> <span class='ocrx_word' id='word_1_458' title='bbox 768 2697 781 2712; x_wconf 40' lang='grc'><strong>,1</strong></span> <span class='ocrx_word' id='word_1_459' title='bbox 789 2682 816 2703; x_wconf 89' lang='lat' dir='ltr'><strong>et</strong></span> <span class='ocrx_word' id='word_1_460' title='bbox 829 2677 909 2704; x_wconf 85' lang='lat' dir='ltr'><strong>mise-</strong></span> 
     </span>
    </p>
   </div>
   <div class='ocr_carea' id='block_1_55' title="bbox 111 2721 960 2759">
    <p class='ocr_par' dir='ltr' id='par_1_55' title="bbox 111 2721 960 2759">
     <span class='ocr_line' id='line_1_55' title="bbox 111 2721 960 2759; baseline 0 -9"><span class='ocrx_word' id='word_1_461' title='bbox 111 2722 258 2751; x_wconf 86' lang='lat' dir='ltr'><strong>ricordiam</strong></span> <span class='ocrx_word' id='word_1_462' title='bbox 271 2722 305 2749; x_wconf 86' lang='lat' dir='ltr'><strong>ad</strong></span> <span class='ocrx_word' id='word_1_463' title='bbox 318 2721 489 2757; x_wconf 80' lang='lat' dir='ltr'><strong>ignoscenda.</strong></span> <span class='ocrx_word' id='word_1_464' title='bbox 509 2721 913 2759; x_wconf 32' lang='lat' dir='ltr'><strong>Opportutteergg‘derptgni-d</strong></span> <span class='ocrx_word' id='word_1_465' title='bbox 938 2722 960 2739; x_wconf 72' lang='grc' dir='ltr'><em>ν</em></span> 
     </span>
    </p>
   </div>
   <div class='ocr_carea' id='block_1_56' title="bbox 112 2766 907 2807">
    <p class='ocr_par' dir='ltr' id='par_1_56' title="bbox 112 2766 907 2807">
     <span class='ocr_line' id='line_1_56' title="bbox 112 2766 907 2807; baseline -0.005 -8"><span class='ocrx_word' id='word_1_466' title='bbox 112 2767 629 2805; x_wconf 58' lang='lat' dir='ltr'><strong>mummium—sagulum</strong></span> <span class='ocrx_word' id='word_1_467' title='bbox 643 2766 793 2807; x_wconf 65' lang='lat' dir='ltr'><strong>quuamur</strong></span> <span class='ocrx_word' id='word_1_468' title='bbox 807 2773 834 2794; x_wconf 88' lang='lat' dir='ltr'><strong>et</strong></span> <span class='ocrx_word' id='word_1_469' title='bbox 846 2775 907 2795; x_wconf 88' lang='lat' dir='ltr'><strong>cum</strong></span> 
     </span>
    </p>
   </div>
   <div class='ocr_carea' id='block_1_57' title="bbox 110 2813 907 2842">
    <p class='ocr_par' dir='ltr' id='par_1_57' title="bbox 110 2813 907 2842">
     <span class='ocr_line' id='line_1_57' title="bbox 110 2813 907 2842; baseline 0.001 -1"><span class='ocrx_word' id='word_1_470' title='bbox 110 2814 270 2842; x_wconf 82' lang='lat' dir='ltr'><strong>absentibus</strong></span> <span class='ocrx_word' id='word_1_471' title='bbox 284 2822 292 2841; x_wconf 92' lang='lat'>:</span> <span class='ocrx_word' id='word_1_472' title='bbox 306 2814 358 2841; x_wconf 86' lang='lat' dir='ltr'><strong>erit</strong></span> <span class='ocrx_word' id='word_1_473' title='bbox 372 2813 404 2840; x_wconf 84' lang='lat' dir='ltr'><strong>ad</strong></span> <span class='ocrx_word' id='word_1_474' title='bbox 424 2814 471 2841; x_wconf 77' lang='lat' dir='ltr'><strong>eos</strong></span> <span class='ocrx_word' id='word_1_475' title='bbox 490 2821 540 2840; x_wconf 77' lang='lat' dir='ltr'><strong>vox</strong></span> <span class='ocrx_word' id='word_1_476' title='bbox 560 2817 650 2840; x_wconf 86' lang='lat' dir='ltr'><strong>nostra</strong></span> <span class='ocrx_word' id='word_1_477' title='bbox 664 2813 793 2840; x_wconf 86' lang='lat' dir='ltr'><strong>memoria</strong></span> <span class='ocrx_word' id='word_1_478' title='bbox 809 2819 907 2842; x_wconf 81' lang='lat' dir='ltr'><strong>vestra.</strong></span> 
     </span>
    </p>
   </div>
   <div class='ocr_carea' id='block_1_58' title="bbox 146 2877 821 2912">
    <p class='ocr_par' dir='ltr' id='par_1_58' title="bbox 146 2877 821 2912">
     <span class='ocr_line' id='line_1_58' title="bbox 146 2877 821 2912; baseline 0 -7"><span class='ocrx_word' id='word_1_479' title='bbox 146 2879 186 2912; x_wconf 77' lang='lat' dir='ltr'><strong>(tt)</strong></span> <span class='ocrx_word' id='word_1_480' title='bbox 199 2879 359 2912; x_wconf 78' lang='lat' dir='ltr'><strong>Adpopulum</strong></span> <span class='ocrx_word' id='word_1_481' title='bbox 369 2880 591 2911; x_wconf 74' lang='lat' dir='ltr'><strong>carthaginensem.</strong></span> <span class='ocrx_word' id='word_1_482' title='bbox 602 2878 652 2905; x_wconf 74' lang='lat' dir='ltr'><strong>vid.</strong></span> <span class='ocrx_word' id='word_1_483' title='bbox 665 2877 736 2910; x_wconf 85' lang='lat' dir='ltr'><strong>infra,</strong></span> <span class='ocrx_word' id='word_1_484' title='bbox 746 2885 771 2904; x_wconf 90' lang='grc' dir='ltr'>ιι.</span> <span class='ocrx_word' id='word_1_485' title='bbox 786 2880 821 2905; x_wconf 81' lang='lat' dir='ltr'><strong>lt.</strong></span> 
     </span>
    </p>
   </div>
   <div class='ocr_carea' id='block_1_59' title="bbox 247 2923 556 2960">
    <p class='ocr_par' dir='ltr' id='par_1_59' title="bbox 247 2923 556 2960">
     <span class='ocr_line' id='line_1_59' title="bbox 247 2923 556 2960; baseline -0.006 -2"><span class='ocrx_word' id='word_1_486' title='bbox 247 2927 385 2960; x_wconf 72' lang='grc' dir='ltr'><strong>ΡΔτιιοι..</strong></span> <span class='ocrx_word' id='word_1_487' title='bbox 406 2923 556 2956; x_wconf 72' lang='lat' dir='ltr'><strong>XXXVI.</strong></span> 
     </span>
    </p>
   </div>
   <div class='ocr_carea' id='block_1_60' title="bbox 673 152 1158 187">
    <p class='ocr_par' dir='ltr' id='par_1_60' title="bbox 673 152 1158 187">
     <span class='ocr_line' id='line_1_60' title="bbox 673 152 1158 187; baseline -0.008 0"><span class='ocrx_word' id='word_1_488' title='bbox 673 152 872 187; x_wconf 72' lang='grc' dir='ltr'>ιῖΝιιιιιιΛτιι)</span> <span class='ocrx_word' id='word_1_489' title='bbox 894 155 924 184; x_wconf 81' lang='lat' dir='ltr'><strong>IN</strong></span> <span class='ocrx_word' id='word_1_490' title='bbox 945 155 1107 184; x_wconf 74' lang='lat' dir='ltr'><strong>PSALuUtt</strong></span> <span class='ocrx_word' id='word_1_491' title='bbox 1129 158 1158 184; x_wconf 88' lang='lat' dir='ltr'><strong>L.</strong></span> 
     </span>
    </p>
   </div>
   <div class='ocr_carea' id='block_1_61' title="bbox 1668 158 1722 187">
    <p class='ocr_par' dir='ltr' id='par_1_61' title="bbox 1668 158 1722 187">
     <span class='ocr_line' id='line_1_61' title="bbox 1668 158 1722 187; baseline -0.019 0"><span class='ocrx_word' id='word_1_492' title='bbox 1668 158 1722 187; x_wconf 76' lang='lat'><strong>588</strong></span> 
     </span>
    </p>
   </div>
   <div class='ocr_carea' id='block_1_62' title="bbox 931 212 1722 250">
    <p class='ocr_par' dir='ltr' id='par_1_62' title="bbox 931 212 1722 250">
     <span class='ocr_line' id='line_1_62' title="bbox 931 212 1722 250; baseline 0.001 -10"><span class='ocrx_word' id='word_1_493' title='bbox 931 212 970 240; x_wconf 81' lang='lat' dir='ltr'><strong>Ne</strong></span> <span class='ocrx_word' id='word_1_494' title='bbox 982 214 1087 241; x_wconf 84' lang='lat' dir='ltr'><strong>saucios</strong></span> <span class='ocrx_word' id='word_1_495' title='bbox 1101 219 1127 241; x_wconf 92' lang='lat' dir='ltr'><strong>et</strong></span> <span class='ocrx_word' id='word_1_496' title='bbox 1141 213 1279 249; x_wconf 74' lang='lat' dir='ltr'><strong>languidos</strong></span> <span class='ocrx_word' id='word_1_497' title='bbox 1293 214 1431 250; x_wconf 81' lang='lat' dir='ltr'><strong>negligatis</strong></span> <span class='ocrx_word' id='word_1_498' title='bbox 1443 236 1451 248; x_wconf 91' lang='lat'><strong>,</strong></span> <span class='ocrx_word' id='word_1_499' title='bbox 1465 215 1511 243; x_wconf 86' lang='lat' dir='ltr'><strong>sed</strong></span> <span class='ocrx_word' id='word_1_500' title='bbox 1524 221 1552 242; x_wconf 92' lang='lat' dir='ltr'><strong>ut</strong></span> <span class='ocrx_word' id='word_1_501' title='bbox 1566 215 1666 243; x_wconf 69' lang='lat' dir='ltr'><strong>faciiius</strong></span> <span class='ocrx_word' id='word_1_502' title='bbox 1679 225 1722 243; x_wconf 87' lang='lat' dir='ltr'><strong>sa-</strong></span> 
     </span>
    </p>
   </div>
   <div class='ocr_carea' id='block_1_63' title="bbox 932 260 1720 298">
    <p class='ocr_par' dir='ltr' id='par_1_63' title="bbox 932 260 1720 298">
     <span class='ocr_line' id='line_1_63' title="bbox 932 260 1720 298; baseline 0.005 -12"><span class='ocrx_word' id='word_1_503' title='bbox 932 260 1001 287; x_wconf 90' lang='lat' dir='ltr'><strong>netis</strong></span> <span class='ocrx_word' id='word_1_504' title='bbox 1011 280 1020 292; x_wconf 89' lang='lat'><strong>,</strong></span> <span class='ocrx_word' id='word_1_505' title='bbox 1036 260 1094 287; x_wconf 82' lang='lat' dir='ltr'><strong>sani</strong></span> <span class='ocrx_word' id='word_1_506' title='bbox 1110 268 1266 294; x_wconf 84' lang='lat' dir='ltr'><strong>permanere</strong></span> <span class='ocrx_word' id='word_1_507' title='bbox 1277 260 1390 288; x_wconf 86' lang='lat' dir='ltr'><strong>debetis.</strong></span> <span class='ocrx_word' id='word_1_508' title='bbox 1410 261 1539 297; x_wconf 87' lang='lat' dir='ltr'><strong>Corrigitc</strong></span> <span class='ocrx_word' id='word_1_509' title='bbox 1553 264 1689 298; x_wconf 73' lang='lat' dir='ltr'><strong>arguendo</strong></span> <span class='ocrx_word' id='word_1_510' title='bbox 1713 285 1720 293; x_wconf 86' lang='lat'><strong>.</strong></span> 
     </span>
    </p>
   </div>
   <div class='ocr_carea' id='block_1_64' title="bbox 932 305 1723 342">
    <p class='ocr_par' dir='ltr' id='par_1_64' title="bbox 932 305 1723 342">
     <span class='ocr_line' id='line_1_64' title="bbox 932 305 1723 342; baseline 0.008 -11"><span class='ocrx_word' id='word_1_511' title='bbox 932 305 1105 332; x_wconf 80' lang='lat' dir='ltr'><strong>consulamini</strong></span> <span class='ocrx_word' id='word_1_512' title='bbox 1129 305 1309 339; x_wconf 83' lang='lat' dir='ltr'><strong>alloquendo,</strong></span> <span class='ocrx_word' id='word_1_513' title='bbox 1333 307 1484 341; x_wconf 82' lang='lat' dir='ltr'><strong>exemplum</strong></span> <span class='ocrx_word' id='word_1_514' title='bbox 1510 308 1627 342; x_wconf 73' lang='lat' dir='ltr'><strong>prmbete</strong></span> <span class='ocrx_word' id='word_1_515' title='bbox 1654 309 1723 337; x_wconf 86' lang='lat' dir='ltr'><strong>bene</strong></span> 
     </span>
    </p>
   </div>
   <div class='ocr_carea' id='block_1_65' title="bbox 933 351 1721 386">
    <p class='ocr_par' dir='ltr' id='par_1_65' title="bbox 933 351 1721 386">
     <span class='ocr_line' id='line_1_65' title="bbox 933 351 1721 386; baseline 0.005 -9"><span class='ocrx_word' id='word_1_516' title='bbox 933 351 1046 378; x_wconf 86' lang='lat' dir='ltr'><strong>vivendo</strong></span> <span class='ocrx_word' id='word_1_517' title='bbox 1058 371 1066 383; x_wconf 86' lang='lat'><strong>,</strong></span> <span class='ocrx_word' id='word_1_518' title='bbox 1081 351 1168 378; x_wconf 89' lang='lat' dir='ltr'><strong>aderit</strong></span> <span class='ocrx_word' id='word_1_519' title='bbox 1186 351 1225 378; x_wconf 85' lang='lat' dir='ltr'><strong>eis</strong></span> <span class='ocrx_word' id='word_1_520' title='bbox 1244 351 1290 386; x_wconf 88' lang='lat' dir='ltr'><strong>qui</strong></span> <span class='ocrx_word' id='word_1_521' title='bbox 1310 351 1394 379; x_wconf 79' lang='lat' dir='ltr'><strong>adfuit</strong></span> <span class='ocrx_word' id='word_1_522' title='bbox 1414 356 1441 379; x_wconf 89' lang='lat' dir='ltr'><strong>et</strong></span> <span class='ocrx_word' id='word_1_523' title='bbox 1459 353 1545 381; x_wconf 84' lang='lat' dir='ltr'><strong>vobis.</strong></span> <span class='ocrx_word' id='word_1_524' title='bbox 1560 353 1617 381; x_wconf 86' lang='lat' dir='ltr'><strong>Non</strong></span> <span class='ocrx_word' id='word_1_525' title='bbox 1629 355 1701 381; x_wconf 88' lang='lat' dir='ltr'><strong>enim</strong></span> <span class='ocrx_word' id='word_1_526' title='bbox 1714 375 1721 385; x_wconf 88' lang='lat'><strong>.</strong></span> 
     </span>
    </p>
   </div>
   <div class='ocr_carea' id='block_1_66' title="bbox 932 396 1726 433">
    <p class='ocr_par' dir='ltr' id='par_1_66' title="bbox 932 396 1726 433">
     <span class='ocr_line' id='line_1_66' title="bbox 932 396 1726 433; baseline 0.005 -11"><span class='ocrx_word' id='word_1_527' title='bbox 932 396 1008 423; x_wconf 84' lang='lat' dir='ltr'><strong>vobis</strong></span> <span class='ocrx_word' id='word_1_528' title='bbox 1020 396 1076 431; x_wconf 90' lang='lat' dir='ltr'><strong>jam</strong></span> <span class='ocrx_word' id='word_1_529' title='bbox 1090 396 1140 423; x_wconf 88' lang='lat' dir='ltr'><strong>ista</strong></span> <span class='ocrx_word' id='word_1_530' title='bbox 1152 396 1265 430; x_wconf 80' lang='lat' dir='ltr'><strong>pericula</strong></span> <span class='ocrx_word' id='word_1_531' title='bbox 1276 398 1471 433; x_wconf 64' lang='lat' dir='ltr'><strong>praetergressis</strong></span> <span class='ocrx_word' id='word_1_532' title='bbox 1483 419 1490 430; x_wconf 87' lang='grc'>,</span> <span class='ocrx_word' id='word_1_533' title='bbox 1506 398 1564 425; x_wconf 88' lang='lat' dir='ltr'><strong>fons</strong></span> <span class='ocrx_word' id='word_1_534' title='bbox 1575 400 1726 433; x_wconf 81' lang='lat' dir='ltr'><strong>misericor-</strong></span> 
     </span>
    </p>
   </div>
   <div class='ocr_carea' id='block_1_67' title="bbox 933 441 1725 480">
    <p class='ocr_par' dir='ltr' id='par_1_67' title="bbox 933 441 1725 480">
     <span class='ocr_line' id='line_1_67' title="bbox 933 441 1725 480; baseline 0.004 -12"><span class='ocrx_word' id='word_1_535' title='bbox 933 441 985 468; x_wconf 62' lang='lat' dir='ltr'><strong>diae</strong></span> <span class='ocrx_word' id='word_1_536' title='bbox 1004 442 1050 469; x_wconf 89' lang='lat' dir='ltr'><strong>Dei</strong></span> <span class='ocrx_word' id='word_1_537' title='bbox 1071 441 1197 476; x_wconf 62' lang='lat' dir='ltr'><strong>praecisus</strong></span> <span class='ocrx_word' id='word_1_538' title='bbox 1219 446 1270 469; x_wconf 87' lang='lat' dir='ltr'><strong>est.</strong></span> <span class='ocrx_word' id='word_1_539' title='bbox 1296 441 1353 476; x_wconf 83' lang='lat' dir='ltr'><strong>Qua</strong></span> <span class='ocrx_word' id='word_1_540' title='bbox 1376 443 1506 476; x_wconf 85' lang='lat' dir='ltr'><strong>venistis,</strong></span> <span class='ocrx_word' id='word_1_541' title='bbox 1532 445 1658 477; x_wconf 78' lang='lat' dir='ltr'><strong>venient;</strong></span> <span class='ocrx_word' id='word_1_542' title='bbox 1673 453 1725 480; x_wconf 88' lang='lat' dir='ltr'><strong>qua</strong></span> 
     </span>
    </p>
   </div>
   <div class='ocr_carea' id='block_1_68' title="bbox 936 487 1729 524">
    <p class='ocr_par' dir='ltr' id='par_1_68' title="bbox 936 487 1729 524">
     <span class='ocr_line' id='line_1_68' title="bbox 936 487 1729 524; baseline 0.004 -10"><span class='ocrx_word' id='word_1_543' title='bbox 936 487 1068 515; x_wconf 87' lang='lat' dir='ltr'><strong>trausistis</strong></span> <span class='ocrx_word' id='word_1_544' title='bbox 1079 508 1087 520; x_wconf 85' lang='lat'><strong>,</strong></span> <span class='ocrx_word' id='word_1_545' title='bbox 1112 488 1271 515; x_wconf 88' lang='lat' dir='ltr'><strong>transibunt.</strong></span> <span class='ocrx_word' id='word_1_546' title='bbox 1291 488 1431 516; x_wconf 74' lang='lat' dir='ltr'><strong>Molestum</strong></span> <span class='ocrx_word' id='word_1_547' title='bbox 1452 493 1494 516; x_wconf 85' lang='lat' dir='ltr'><strong>est</strong></span> <span class='ocrx_word' id='word_1_548' title='bbox 1507 489 1614 524; x_wconf 84' lang='lat' dir='ltr'><strong>quidem</strong></span> <span class='ocrx_word' id='word_1_549' title='bbox 1626 511 1634 523; x_wconf 86' lang='lat'><strong>,</strong></span> <span class='ocrx_word' id='word_1_550' title='bbox 1648 495 1675 517; x_wconf 92' lang='lat' dir='ltr'><strong>et</strong></span> <span class='ocrx_word' id='word_1_551' title='bbox 1688 491 1729 517; x_wconf 66' lang='lat' dir='ltr'><strong>ui-</strong></span> 
     </span>
    </p>
   </div>
   <div class='ocr_carea' id='block_1_69' title="bbox 935 534 1729 571">
    <p class='ocr_par' dir='ltr' id='par_1_69' title="bbox 935 534 1729 571">
     <span class='ocr_line' id='line_1_69' title="bbox 935 534 1729 571; baseline 0.003 -9"><span class='ocrx_word' id='word_1_552' title='bbox 935 535 1018 563; x_wconf 90' lang='lat' dir='ltr'><strong>mium</strong></span> <span class='ocrx_word' id='word_1_553' title='bbox 1032 534 1210 570; x_wconf 88' lang='lat' dir='ltr'><strong>periculosunt</strong></span> <span class='ocrx_word' id='word_1_554' title='bbox 1223 554 1232 566; x_wconf 84' lang='lat'><strong>,</strong></span> <span class='ocrx_word' id='word_1_555' title='bbox 1246 534 1300 562; x_wconf 90' lang='lat' dir='ltr'><strong>imo</strong></span> <span class='ocrx_word' id='word_1_556' title='bbox 1314 534 1493 569; x_wconf 88' lang='lat' dir='ltr'><strong>perniciosum</strong></span> <span class='ocrx_word' id='word_1_557' title='bbox 1505 555 1514 569; x_wconf 94' lang='lat'><strong>,</strong></span> <span class='ocrx_word' id='word_1_558' title='bbox 1539 541 1567 563; x_wconf 88' lang='lat' dir='ltr'><strong>et</strong></span> <span class='ocrx_word' id='word_1_559' title='bbox 1586 543 1635 571; x_wconf 85' lang='lat' dir='ltr'><strong>pro</strong></span> <span class='ocrx_word' id='word_1_560' title='bbox 1651 541 1729 564; x_wconf 86' lang='lat' dir='ltr'><strong>certo</strong></span> 
     </span>
    </p>
   </div>
   <div class='ocr_carea' id='block_1_70' title="bbox 935 579 1730 615">
    <p class='ocr_par' dir='ltr' id='par_1_70' title="bbox 935 579 1730 615">
     <span class='ocr_line' id='line_1_70' title="bbox 935 579 1730 615; baseline 0.001 -7"><span class='ocrx_word' id='word_1_561' title='bbox 935 580 1070 608; x_wconf 77' lang='lat' dir='ltr'><strong>exitiabile</strong></span> <span class='ocrx_word' id='word_1_562' title='bbox 1081 600 1090 612; x_wconf 87' lang='lat'><strong>,</strong></span> <span class='ocrx_word' id='word_1_563' title='bbox 1105 579 1175 614; x_wconf 88' lang='lat' dir='ltr'><strong>quod</strong></span> <span class='ocrx_word' id='word_1_564' title='bbox 1188 580 1304 607; x_wconf 85' lang='lat' dir='ltr'><strong>scientes</strong></span> <span class='ocrx_word' id='word_1_565' title='bbox 1317 586 1437 615; x_wconf 89' lang='lat' dir='ltr'><strong>peccant.</strong></span> <span class='ocrx_word' id='word_1_566' title='bbox 1451 580 1538 608; x_wconf 81' lang='lat' dir='ltr'><strong>Aliter</strong></span> <span class='ocrx_word' id='word_1_567' title='bbox 1549 582 1621 609; x_wconf 87' lang='lat' dir='ltr'><strong>enim</strong></span> <span class='ocrx_word' id='word_1_568' title='bbox 1633 582 1667 609; x_wconf 88' lang='lat' dir='ltr'><strong>ad</strong></span> <span class='ocrx_word' id='word_1_569' title='bbox 1680 582 1730 609; x_wconf 78' lang='lat' dir='ltr'><strong>ltus</strong></span> 
     </span>
    </p>
   </div>
   <div class='ocr_carea' id='block_1_71' title="bbox 936 625 1731 659">
    <p class='ocr_par' dir='ltr' id='par_1_71' title="bbox 936 625 1731 659">
     <span class='ocr_line' id='line_1_71' title="bbox 936 625 1731 659; baseline 0.005 -7"><span class='ocrx_word' id='word_1_570' title='bbox 936 625 1065 653; x_wconf 82' lang='lat' dir='ltr'><strong>vanitates</strong></span> <span class='ocrx_word' id='word_1_571' title='bbox 1079 625 1164 652; x_wconf 89' lang='lat' dir='ltr'><strong>currit</strong></span> <span class='ocrx_word' id='word_1_572' title='bbox 1176 625 1221 659; x_wconf 89' lang='lat' dir='ltr'><strong>qui</strong></span> <span class='ocrx_word' id='word_1_573' title='bbox 1237 632 1329 652; x_wconf 88' lang='lat' dir='ltr'><strong>vocem</strong></span> <span class='ocrx_word' id='word_1_574' title='bbox 1344 625 1443 653; x_wconf 89' lang='lat' dir='ltr'><strong>Christi</strong></span> <span class='ocrx_word' id='word_1_575' title='bbox 1464 628 1610 653; x_wconf 81' lang='lat' dir='ltr'><strong>contemnit</strong></span> <span class='ocrx_word' id='word_1_576' title='bbox 1623 647 1630 658; x_wconf 85' lang='grc'><em>,</em></span> <span class='ocrx_word' id='word_1_577' title='bbox 1650 628 1731 655; x_wconf 75' lang='lat' dir='ltr'><strong>aliter</strong></span> 
     </span>
    </p>
   </div>
   <div class='ocr_carea' id='block_1_72' title="bbox 937 671 1731 709">
    <p class='ocr_par' dir='ltr' id='par_1_72' title="bbox 937 671 1731 709">
     <span class='ocr_line' id='line_1_72' title="bbox 937 671 1731 709; baseline 0.005 -10"><span class='ocrx_word' id='word_1_578' title='bbox 937 671 982 699; x_wconf 92' lang='lat' dir='ltr'><strong>ille</strong></span> <span class='ocrx_word' id='word_1_579' title='bbox 994 671 1039 706; x_wconf 92' lang='lat' dir='ltr'><strong>qui</strong></span> <span class='ocrx_word' id='word_1_580' title='bbox 1053 671 1128 698; x_wconf 89' lang='lat' dir='ltr'><strong>novit</strong></span> <span class='ocrx_word' id='word_1_581' title='bbox 1138 671 1201 705; x_wconf 88' lang='lat' dir='ltr'><strong>quid</strong></span> <span class='ocrx_word' id='word_1_582' title='bbox 1215 671 1305 706; x_wconf 84' lang='lat' dir='ltr'><strong>fugiat.</strong></span> <span class='ocrx_word' id='word_1_583' title='bbox 1317 672 1368 698; x_wconf 81' lang='lat' dir='ltr'><strong>Sed</strong></span> <span class='ocrx_word' id='word_1_584' title='bbox 1380 680 1429 699; x_wconf 86' lang='lat' dir='ltr'><strong>nec</strong></span> <span class='ocrx_word' id='word_1_585' title='bbox 1441 673 1475 699; x_wconf 76' lang='lat' dir='ltr'><strong>de</strong></span> <span class='ocrx_word' id='word_1_586' title='bbox 1486 673 1582 701; x_wconf 85' lang='lat' dir='ltr'><strong>talibus</strong></span> <span class='ocrx_word' id='word_1_587' title='bbox 1591 673 1731 709; x_wconf 83' lang='lat' dir='ltr'><strong>desperari</strong></span> 
     </span>
    </p>
   </div>
   <div class='ocr_carea' id='block_1_73' title="bbox 937 716 1429 751">
    <p class='ocr_par' dir='ltr' id='par_1_73' title="bbox 937 716 1429 751">
     <span class='ocr_line' id='line_1_73' title="bbox 937 716 1429 751; baseline -0.002 -7"><span class='ocrx_word' id='word_1_588' title='bbox 937 716 1036 744; x_wconf 76' lang='lat' dir='ltr'><strong>debere</strong></span> <span class='ocrx_word' id='word_1_589' title='bbox 1047 737 1055 748; x_wconf 83' lang='lat'><strong>.</strong></span> <span class='ocrx_word' id='word_1_590' title='bbox 1072 717 1122 744; x_wconf 85' lang='lat' dir='ltr'><strong>iste</strong></span> <span class='ocrx_word' id='word_1_591' title='bbox 1134 716 1252 751; x_wconf 82' lang='lat' dir='ltr'><strong>psalmus</strong></span> <span class='ocrx_word' id='word_1_592' title='bbox 1265 716 1391 743; x_wconf 82' lang='lat' dir='ltr'><strong>ostendit.</strong></span> <span class='ocrx_word' id='word_1_593' title='bbox 1425 730 1429 733; x_wconf 96' lang='lat'><strong><em>-</em></strong></span> 
     </span>
    </p>
   </div>
   <div class='ocr_carea' id='block_1_74' title="bbox 972 762 1730 800">
    <p class='ocr_par' dir='ltr' id='par_1_74' title="bbox 972 762 1730 800">
     <span class='ocr_line' id='line_1_74' title="bbox 972 762 1730 800; baseline 0.005 -11"><span class='ocrx_word' id='word_1_594' title='bbox 972 763 1001 790; x_wconf 72' lang='lat'><strong>2.</strong></span> <span class='ocrx_word' id='word_1_595' title='bbox 1022 762 1107 800; x_wconf 69' lang='grc' dir='ltr'><strong>[ιτρη.</strong></span> <span class='ocrx_word' id='word_1_596' title='bbox 1131 763 1167 796; x_wconf 81' lang='lat' dir='ltr'><strong>l,</strong></span> <span class='ocrx_word' id='word_1_597' title='bbox 1190 762 1241 799; x_wconf 72' lang='lat'><strong>2.]</strong></span> <span class='ocrx_word' id='word_1_598' title='bbox 1261 762 1417 790; x_wconf 87' lang='lat' dir='ltr'><strong>lnscribitur</strong></span> <span class='ocrx_word' id='word_1_599' title='bbox 1439 764 1511 791; x_wconf 84' lang='lat' dir='ltr'><strong>enim</strong></span> <span class='ocrx_word' id='word_1_600' title='bbox 1535 764 1627 792; x_wconf 88' lang='lat' dir='ltr'><strong>titulus</strong></span> <span class='ocrx_word' id='word_1_601' title='bbox 1650 766 1730 800; x_wconf 82' lang='lat' dir='ltr'><strong>ejus,</strong></span> 
     </span>
    </p>
   </div>
   <div class='ocr_carea' id='block_1_75' title="bbox 939 807 1732 847">
    <p class='ocr_par' dir='ltr' id='par_1_75' title="bbox 939 807 1732 847">
     <span class='ocr_line' id='line_1_75' title="bbox 939 807 1732 847; baseline 0.005 -12"><span class='ocrx_word' id='word_1_602' title='bbox 939 807 1059 835; x_wconf 65' lang='lat' dir='ltr'><strong>Patimur</strong></span> <span class='ocrx_word' id='word_1_603' title='bbox 1070 808 1122 843; x_wconf 79' lang='lat' dir='ltr'><strong>ipsi</strong></span> <span class='ocrx_word' id='word_1_604' title='bbox 1135 807 1218 834; x_wconf 77' lang='lat' dir='ltr'><strong>Dauid</strong></span> <span class='ocrx_word' id='word_1_605' title='bbox 1227 829 1236 841; x_wconf 89' lang='lat'><strong>,</strong></span> <span class='ocrx_word' id='word_1_606' title='bbox 1251 815 1309 835; x_wconf 76' lang='lat' dir='ltr'><strong>cum</strong></span> <span class='ocrx_word' id='word_1_607' title='bbox 1330 808 1395 835; x_wconf 74' lang='lat' dir='ltr'><strong>venit</strong></span> <span class='ocrx_word' id='word_1_608' title='bbox 1414 809 1450 835; x_wconf 77' lang='lat' dir='ltr'><strong>ad</strong></span> <span class='ocrx_word' id='word_1_609' title='bbox 1469 817 1528 836; x_wconf 82' lang='lat' dir='ltr'><strong>eum</strong></span> <span class='ocrx_word' id='word_1_610' title='bbox 1549 810 1655 838; x_wconf 78' lang='lat' dir='ltr'><strong>Nat/tan</strong></span> <span class='ocrx_word' id='word_1_611' title='bbox 1670 820 1732 847; x_wconf 82' lang='lat' dir='ltr'><strong>pro—</strong></span> 
     </span>
    </p>
   </div>
   <div class='ocr_carea' id='block_1_76' title="bbox 940 853 1735 889">
    <p class='ocr_par' dir='ltr' id='par_1_76' title="bbox 940 853 1735 889">
     <span class='ocr_line' id='line_1_76' title="bbox 940 853 1735 889; baseline 0.006 -10"><span class='ocrx_word' id='word_1_612' title='bbox 940 853 1016 889; x_wconf 80' lang='lat' dir='ltr'><strong>pheta</strong></span> <span class='ocrx_word' id='word_1_613' title='bbox 1026 870 1034 886; x_wconf 73' lang='lat'><strong>,</strong></span> <span class='ocrx_word' id='word_1_614' title='bbox 1046 853 1150 888; x_wconf 78' lang='lat' dir='ltr'><strong>quando</strong></span> <span class='ocrx_word' id='word_1_615' title='bbox 1163 853 1264 880; x_wconf 75' lang='lat' dir='ltr'><strong>intravit</strong></span> <span class='ocrx_word' id='word_1_616' title='bbox 1275 853 1310 880; x_wconf 81' lang='lat' dir='ltr'><strong>ad</strong></span> <span class='ocrx_word' id='word_1_617' title='bbox 1321 853 1452 881; x_wconf 75' lang='lat' dir='ltr'><strong>Bersabee.</strong></span> <span class='ocrx_word' id='word_1_618' title='bbox 1467 854 1598 883; x_wconf 84' lang='lat' dir='ltr'><strong>Bersabee</strong></span> <span class='ocrx_word' id='word_1_619' title='bbox 1606 862 1666 886; x_wconf 86' lang='lat' dir='ltr'><strong>erat</strong></span> <span class='ocrx_word' id='word_1_620' title='bbox 1676 865 1735 884; x_wconf 90' lang='lat' dir='ltr'><strong>Inu-</strong></span> 
     </span>
    </p>
   </div>
   <div class='ocr_carea' id='block_1_77' title="bbox 941 898 1735 934">
    <p class='ocr_par' dir='ltr' id='par_1_77' title="bbox 941 898 1735 934">
     <span class='ocr_line' id='line_1_77' title="bbox 941 898 1735 934; baseline 0.005 -9"><span class='ocrx_word' id='word_1_621' title='bbox 941 899 991 926; x_wconf 89' lang='lat' dir='ltr'><strong>lier</strong></span> <span class='ocrx_word' id='word_1_622' title='bbox 1004 906 1071 925; x_wconf 76' lang='lat' dir='ltr'><strong>uxor</strong></span> <span class='ocrx_word' id='word_1_623' title='bbox 1082 898 1179 925; x_wconf 87' lang='lat' dir='ltr'><strong>aliena.</strong></span> <span class='ocrx_word' id='word_1_624' title='bbox 1194 898 1261 926; x_wconf 88' lang='lat' dir='ltr'><strong>Cum</strong></span> <span class='ocrx_word' id='word_1_625' title='bbox 1274 898 1368 926; x_wconf 87' lang='lat' dir='ltr'><strong>dolore</strong></span> <span class='ocrx_word' id='word_1_626' title='bbox 1380 899 1487 934; x_wconf 88' lang='lat' dir='ltr'><strong>quidem</strong></span> <span class='ocrx_word' id='word_1_627' title='bbox 1501 900 1614 928; x_wconf 89' lang='lat' dir='ltr'><strong>dicimus</strong></span> <span class='ocrx_word' id='word_1_628' title='bbox 1633 906 1660 929; x_wconf 90' lang='lat' dir='ltr'><strong>et</strong></span> <span class='ocrx_word' id='word_1_629' title='bbox 1680 906 1735 929; x_wconf 90' lang='lat' dir='ltr'><strong>tre-</strong></span> 
     </span>
    </p>
   </div>
   <div class='ocr_carea' id='block_1_78' title="bbox 942 943 1736 980">
    <p class='ocr_par' dir='ltr' id='par_1_78' title="bbox 942 943 1736 980">
     <span class='ocr_line' id='line_1_78' title="bbox 942 943 1736 980; baseline 0.006 -11"><span class='ocrx_word' id='word_1_630' title='bbox 942 951 1016 971; x_wconf 88' lang='lat' dir='ltr'><strong>more</strong></span> <span class='ocrx_word' id='word_1_631' title='bbox 1028 964 1036 976; x_wconf 91' lang='lat'><strong>,</strong></span> <span class='ocrx_word' id='word_1_632' title='bbox 1051 943 1099 971; x_wconf 87' lang='lat' dir='ltr'><strong>sed</strong></span> <span class='ocrx_word' id='word_1_633' title='bbox 1114 948 1203 970; x_wconf 83' lang='lat' dir='ltr'><strong>tanien</strong></span> <span class='ocrx_word' id='word_1_634' title='bbox 1218 943 1288 971; x_wconf 88' lang='lat' dir='ltr'><strong>Deus</strong></span> <span class='ocrx_word' id='word_1_635' title='bbox 1299 943 1384 971; x_wconf 74' lang='lat' dir='ltr'><strong>noluit</strong></span> <span class='ocrx_word' id='word_1_636' title='bbox 1400 945 1480 972; x_wconf 85' lang='lat' dir='ltr'><strong>taceri</strong></span> <span class='ocrx_word' id='word_1_637' title='bbox 1490 946 1560 980; x_wconf 90' lang='lat' dir='ltr'><strong>quod</strong></span> <span class='ocrx_word' id='word_1_638' title='bbox 1574 946 1657 974; x_wconf 90' lang='lat' dir='ltr'><strong>voluit</strong></span> <span class='ocrx_word' id='word_1_639' title='bbox 1669 947 1736 974; x_wconf 83' lang='lat' dir='ltr'><strong>seri-</strong></span> 
     </span>
    </p>
   </div>
   <div class='ocr_carea' id='block_1_79' title="bbox 943 990 1734 1027">
    <p class='ocr_par' dir='ltr' id='par_1_79' title="bbox 943 990 1734 1027">
     <span class='ocr_line' id='line_1_79' title="bbox 943 990 1734 1027; baseline 0.006 -11"><span class='ocrx_word' id='word_1_640' title='bbox 943 990 979 1016; x_wconf 89' lang='lat' dir='ltr'><strong>bi.</strong></span> <span class='ocrx_word' id='word_1_641' title='bbox 996 990 1084 1016; x_wconf 80' lang='lat' dir='ltr'><strong>Dicam</strong></span> <span class='ocrx_word' id='word_1_642' title='bbox 1108 997 1172 1024; x_wconf 79' lang='lat' dir='ltr'><strong>crgo</strong></span> <span class='ocrx_word' id='word_1_643' title='bbox 1197 998 1248 1016; x_wconf 91' lang='lat' dir='ltr'><strong>non</strong></span> <span class='ocrx_word' id='word_1_644' title='bbox 1272 990 1342 1024; x_wconf 89' lang='lat' dir='ltr'><strong>quod</strong></span> <span class='ocrx_word' id='word_1_645' title='bbox 1368 991 1446 1022; x_wconf 82' lang='lat' dir='ltr'><strong>volo,</strong></span> <span class='ocrx_word' id='word_1_646' title='bbox 1469 992 1517 1018; x_wconf 83' lang='lat' dir='ltr'><strong>sed</strong></span> <span class='ocrx_word' id='word_1_647' title='bbox 1538 992 1611 1027; x_wconf 88' lang='lat' dir='ltr'><strong>quod</strong></span> <span class='ocrx_word' id='word_1_648' title='bbox 1633 1000 1734 1027; x_wconf 77' lang='lat' dir='ltr'><strong>cogor;</strong></span> 
     </span>
    </p>
   </div>
   <div class='ocr_carea' id='block_1_80' title="bbox 943 1035 1737 1070">
    <p class='ocr_par' dir='ltr' id='par_1_80' title="bbox 943 1035 1737 1070">
     <span class='ocr_line' id='line_1_80' title="bbox 943 1035 1737 1070; baseline 0.008 -9"><span class='ocrx_word' id='word_1_649' title='bbox 943 1036 1029 1062; x_wconf 65' lang='lat' dir='ltr'><strong>dit-am</strong></span> <span class='ocrx_word' id='word_1_650' title='bbox 1045 1043 1096 1062; x_wconf 85' lang='lat' dir='ltr'><strong>neu</strong></span> <span class='ocrx_word' id='word_1_651' title='bbox 1113 1035 1258 1062; x_wconf 58' lang='lat' dir='ltr'><strong>exhortans</strong></span> <span class='ocrx_word' id='word_1_652' title='bbox 1276 1035 1307 1062; x_wconf 90' lang='lat' dir='ltr'><strong>ad</strong></span> <span class='ocrx_word' id='word_1_653' title='bbox 1326 1036 1498 1063; x_wconf 78' lang='lat' dir='ltr'><strong>imitationem</strong></span> <span class='ocrx_word' id='word_1_654' title='bbox 1511 1058 1518 1070; x_wconf 94' lang='lat'><strong>,</strong></span> <span class='ocrx_word' id='word_1_655' title='bbox 1539 1038 1586 1065; x_wconf 86' lang='lat' dir='ltr'><strong>sed</strong></span> <span class='ocrx_word' id='word_1_656' title='bbox 1603 1038 1737 1067; x_wconf 84' lang='lat' dir='ltr'><strong>instruens</strong></span> 
     </span>
    </p>
   </div>
   <div class='ocr_carea' id='block_1_81' title="bbox 943 1080 1736 1117">
    <p class='ocr_par' dir='ltr' id='par_1_81' title="bbox 943 1080 1736 1117">
     <span class='ocr_line' id='line_1_81' title="bbox 943 1080 1736 1117; baseline 0.008 -11"><span class='ocrx_word' id='word_1_657' title='bbox 943 1081 976 1107; x_wconf 84' lang='lat' dir='ltr'><strong>ad</strong></span> <span class='ocrx_word' id='word_1_658' title='bbox 992 1081 1123 1107; x_wconf 86' lang='lat' dir='ltr'><strong>timorem.</strong></span> <span class='ocrx_word' id='word_1_659' title='bbox 1143 1080 1227 1114; x_wconf 87' lang='lat' dir='ltr'><strong>llujus</strong></span> <span class='ocrx_word' id='word_1_660' title='bbox 1241 1080 1359 1107; x_wconf 86' lang='lat' dir='ltr'><strong>mulieris</strong></span> <span class='ocrx_word' id='word_1_661' title='bbox 1373 1083 1462 1108; x_wconf 70' lang='lat' dir='ltr'><strong>uxoris</strong></span> <span class='ocrx_word' id='word_1_662' title='bbox 1479 1083 1573 1110; x_wconf 77' lang='lat' dir='ltr'><strong>alienat</strong></span> <span class='ocrx_word' id='word_1_663' title='bbox 1589 1084 1736 1117; x_wconf 87' lang='lat' dir='ltr'><strong>pulchritu-</strong></span> 
     </span>
    </p>
   </div>
   <div class='ocr_carea' id='block_1_82' title="bbox 944 1128 1737 1164">
    <p class='ocr_par' dir='ltr' id='par_1_82' title="bbox 944 1128 1737 1164">
     <span class='ocr_line' id='line_1_82' title="bbox 944 1128 1737 1164; baseline 0.005 -10"><span class='ocrx_word' id='word_1_664' title='bbox 944 1128 1005 1154; x_wconf 83' lang='lat' dir='ltr'><strong>diuc</strong></span> <span class='ocrx_word' id='word_1_665' title='bbox 1020 1132 1112 1161; x_wconf 80' lang='lat' dir='ltr'><strong>captus</strong></span> <span class='ocrx_word' id='word_1_666' title='bbox 1127 1135 1172 1153; x_wconf 77' lang='lat' dir='ltr'><strong>rex</strong></span> <span class='ocrx_word' id='word_1_667' title='bbox 1188 1135 1214 1154; x_wconf 83' lang='lat' dir='ltr'><strong>et</strong></span> <span class='ocrx_word' id='word_1_668' title='bbox 1227 1128 1356 1161; x_wconf 87' lang='lat' dir='ltr'><strong>propheta</strong></span> <span class='ocrx_word' id='word_1_669' title='bbox 1372 1128 1452 1155; x_wconf 85' lang='lat' dir='ltr'><strong>David</strong></span> <span class='ocrx_word' id='word_1_670' title='bbox 1466 1149 1472 1160; x_wconf 88' lang='lat'><strong>,</strong></span> <span class='ocrx_word' id='word_1_671' title='bbox 1497 1137 1529 1156; x_wconf 80' lang='lat' dir='ltr'><strong>ex</strong></span> <span class='ocrx_word' id='word_1_672' title='bbox 1543 1129 1620 1164; x_wconf 86' lang='lat' dir='ltr'><strong>cujus</strong></span> <span class='ocrx_word' id='word_1_673' title='bbox 1634 1130 1737 1158; x_wconf 85' lang='lat' dir='ltr'><strong>semine</strong></span> 
     </span>
    </p>
   </div>
   <div class='ocr_carea' id='block_1_83' title="bbox 944 1173 1734 1210">
    <p class='ocr_par' dir='ltr' id='par_1_83' title="bbox 944 1173 1734 1210">
     <span class='ocr_line' id='line_1_83' title="bbox 944 1173 1734 1210; baseline 0.004 -9"><span class='ocrx_word' id='word_1_674' title='bbox 944 1174 1091 1201; x_wconf 77' lang='lat' dir='ltr'><strong>secundum</strong></span> <span class='ocrx_word' id='word_1_675' title='bbox 1107 1180 1214 1200; x_wconf 66' lang='lat' dir='ltr'><strong>carnem</strong></span> <span class='ocrx_word' id='word_1_676' title='bbox 1230 1173 1355 1200; x_wconf 90' lang='lat' dir='ltr'><strong>Dominus</strong></span> <span class='ocrx_word' id='word_1_677' title='bbox 1376 1180 1504 1201; x_wconf 89' lang='lat' dir='ltr'><strong>venturus</strong></span> <span class='ocrx_word' id='word_1_678' title='bbox 1522 1179 1580 1203; x_wconf 82' lang='lat' dir='ltr'><strong>erat</strong></span> <span class='ocrx_word' id='word_1_679' title='bbox 1592 1176 1602 1210; x_wconf 93' lang='lat'><strong>(</strong></span> <span class='ocrx_word' id='word_1_680' title='bbox 1615 1175 1692 1204; x_wconf 82' lang='lat' dir='ltr'><strong>Rom.</strong></span> <span class='ocrx_word' id='word_1_681' title='bbox 1704 1185 1715 1207; x_wconf 86' lang='grc' dir='ltr'><strong>ι</strong></span> <span class='ocrx_word' id='word_1_682' title='bbox 1725 1196 1734 1209; x_wconf 86' lang='grc'><em>,</em></span> 
     </span>
    </p>
   </div>
   <div class='ocr_carea' id='block_1_84' title="bbox 905 1219 1734 1257">
    <p class='ocr_par' dir='ltr' id='par_1_84' title="bbox 905 1219 1734 1257">
     <span class='ocr_line' id='line_1_84' title="bbox 905 1219 1734 1257; baseline 0.004 -10"><span class='ocrx_word' id='word_1_683' title='bbox 905 1248 906 1251; x_wconf 35' lang='grc' dir='ltr'><strong>η</strong></span> <span class='ocrx_word' id='word_1_684' title='bbox 944 1221 962 1247; x_wconf 79' lang='lat'><strong>3</strong></span> <span class='ocrx_word' id='word_1_685' title='bbox 976 1221 997 1254; x_wconf 83' lang='lat'><strong>).</strong></span> <span class='ocrx_word' id='word_1_686' title='bbox 1013 1220 1172 1247; x_wconf 86' lang='lat' dir='ltr'><strong>adulteravit</strong></span> <span class='ocrx_word' id='word_1_687' title='bbox 1186 1227 1255 1246; x_wconf 83' lang='lat' dir='ltr'><strong>eam.</strong></span> <span class='ocrx_word' id='word_1_688' title='bbox 1270 1219 1326 1246; x_wconf 86' lang='lat' dir='ltr'><strong>lloc</strong></span> <span class='ocrx_word' id='word_1_689' title='bbox 1341 1220 1367 1246; x_wconf 88' lang='lat' dir='ltr'><strong>in</strong></span> <span class='ocrx_word' id='word_1_690' title='bbox 1383 1220 1434 1246; x_wconf 91' lang='lat' dir='ltr'><strong>isto</strong></span> <span class='ocrx_word' id='word_1_691' title='bbox 1447 1221 1548 1254; x_wconf 87' lang='lat' dir='ltr'><strong>psalmo</strong></span> <span class='ocrx_word' id='word_1_692' title='bbox 1561 1229 1613 1249; x_wconf 91' lang='lat' dir='ltr'><strong>non</strong></span> <span class='ocrx_word' id='word_1_693' title='bbox 1627 1222 1734 1257; x_wconf 85' lang='lat' dir='ltr'><strong>legitur,</strong></span> 
     </span>
    </p>
   </div>
   <div class='ocr_carea' id='block_1_85' title="bbox 945 1265 1764 1302">
    <p class='ocr_par' dir='ltr' id='par_1_85' title="bbox 945 1265 1764 1302">
     <span class='ocr_line' id='line_1_85' title="bbox 945 1265 1764 1302; baseline 0.005 -10"><span class='ocrx_word' id='word_1_694' title='bbox 945 1266 991 1293; x_wconf 82' lang='lat' dir='ltr'><strong>sed</strong></span> <span class='ocrx_word' id='word_1_695' title='bbox 1008 1265 1032 1292; x_wconf 89' lang='lat' dir='ltr'><strong>iu</strong></span> <span class='ocrx_word' id='word_1_696' title='bbox 1049 1265 1125 1292; x_wconf 89' lang='lat' dir='ltr'><strong>titulo</strong></span> <span class='ocrx_word' id='word_1_697' title='bbox 1140 1266 1198 1299; x_wconf 88' lang='lat' dir='ltr'><strong>ejus</strong></span> <span class='ocrx_word' id='word_1_698' title='bbox 1212 1269 1340 1299; x_wconf 88' lang='lat' dir='ltr'><strong>apparet;</strong></span> <span class='ocrx_word' id='word_1_699' title='bbox 1356 1266 1381 1292; x_wconf 90' lang='lat' dir='ltr'><strong>in</strong></span> <span class='ocrx_word' id='word_1_700' title='bbox 1398 1266 1465 1292; x_wconf 82' lang='lat' dir='ltr'><strong>libro</strong></span> <span class='ocrx_word' id='word_1_701' title='bbox 1480 1271 1568 1294; x_wconf 79' lang='lat' dir='ltr'><strong>autern</strong></span> <span class='ocrx_word' id='word_1_702' title='bbox 1584 1267 1735 1302; x_wconf 79' lang='lat' dir='ltr'><strong>Regnorum</strong></span> <span class='ocrx_word' id='word_1_703' title='bbox 1747 1278 1764 1284; x_wconf 47' lang='grc' dir='ltr'>θ</span> 
     </span>
    </p>
   </div>
   <div class='ocr_carea' id='block_1_86' title="bbox 947 1310 1741 1346">
    <p class='ocr_par' dir='ltr' id='par_1_86' title="bbox 947 1310 1741 1346">
     <span class='ocr_line' id='line_1_86' title="bbox 947 1310 1741 1346; baseline 0.005 -8"><span class='ocrx_word' id='word_1_704' title='bbox 947 1311 1051 1346; x_wconf 86' lang='lat' dir='ltr'><strong>plenius</strong></span> <span class='ocrx_word' id='word_1_705' title='bbox 1066 1311 1170 1345; x_wconf 77' lang='lat' dir='ltr'><strong>legitur.</strong></span> <span class='ocrx_word' id='word_1_706' title='bbox 1185 1310 1300 1344; x_wconf 85' lang='lat' dir='ltr'><strong>Utraque</strong></span> <span class='ocrx_word' id='word_1_707' title='bbox 1312 1311 1447 1344; x_wconf 88' lang='lat' dir='ltr'><strong>Scriptura</strong></span> <span class='ocrx_word' id='word_1_708' title='bbox 1461 1312 1588 1340; x_wconf 82' lang='lat' dir='ltr'><strong>canonica</strong></span> <span class='ocrx_word' id='word_1_709' title='bbox 1600 1319 1639 1340; x_wconf 83' lang='lat' dir='ltr'><strong>est</strong></span> <span class='ocrx_word' id='word_1_710' title='bbox 1652 1334 1660 1346; x_wconf 81' lang='lat'><strong>,</strong></span> <span class='ocrx_word' id='word_1_711' title='bbox 1674 1314 1741 1342; x_wconf 88' lang='lat' dir='ltr'><strong>utri-</strong></span> 
     </span>
    </p>
   </div>
   <div class='ocr_carea' id='block_1_87' title="bbox 938 1356 1737 1393">
    <p class='ocr_par' dir='ltr' id='par_1_87' title="bbox 938 1356 1737 1393">
     <span class='ocr_line' id='line_1_87' title="bbox 938 1356 1737 1393; baseline 0.005 -9"><span class='ocrx_word' id='word_1_712' title='bbox 938 1365 1000 1392; x_wconf 80' lang='lat' dir='ltr'><strong>que</strong></span> <span class='ocrx_word' id='word_1_713' title='bbox 1009 1357 1067 1386; x_wconf 86' lang='lat' dir='ltr'><strong>sine</strong></span> <span class='ocrx_word' id='word_1_714' title='bbox 1077 1357 1131 1384; x_wconf 88' lang='lat' dir='ltr'><strong>ulla</strong></span> <span class='ocrx_word' id='word_1_715' title='bbox 1140 1356 1304 1387; x_wconf 77' lang='lat' dir='ltr'><strong>dubitatione</strong></span> <span class='ocrx_word' id='word_1_716' title='bbox 1314 1364 1330 1384; x_wconf 85' lang='lat' dir='ltr'><strong>a</strong></span> <span class='ocrx_word' id='word_1_717' title='bbox 1339 1356 1499 1385; x_wconf 84' lang='lat' dir='ltr'><strong>Christianis</strong></span> <span class='ocrx_word' id='word_1_718' title='bbox 1510 1358 1577 1386; x_wconf 82' lang='lat' dir='ltr'><strong>ﬁdes</strong></span> <span class='ocrx_word' id='word_1_719' title='bbox 1587 1360 1737 1393; x_wconf 80' lang='lat' dir='ltr'><strong>adhibenda</strong></span> 
     </span>
    </p>
   </div>
   <div class='ocr_carea' id='block_1_88' title="bbox 946 1401 1739 1440">
    <p class='ocr_par' dir='ltr' id='par_1_88' title="bbox 946 1401 1739 1440">
     <span class='ocr_line' id='line_1_88' title="bbox 946 1401 1739 1440; baseline 0.004 -10"><span class='ocrx_word' id='word_1_720' title='bbox 946 1406 998 1430; x_wconf 87' lang='lat' dir='ltr'><strong>est.</strong></span> <span class='ocrx_word' id='word_1_721' title='bbox 1011 1401 1187 1430; x_wconf 85' lang='lat' dir='ltr'><strong>Commissum</strong></span> <span class='ocrx_word' id='word_1_722' title='bbox 1202 1406 1282 1437; x_wconf 86' lang='lat' dir='ltr'><strong>atque</strong></span> <span class='ocrx_word' id='word_1_723' title='bbox 1296 1402 1475 1437; x_wconf 80' lang='lat' dir='ltr'><strong>conscriptum</strong></span> <span class='ocrx_word' id='word_1_724' title='bbox 1489 1408 1540 1431; x_wconf 80' lang='lat' dir='ltr'><strong>est.</strong></span> <span class='ocrx_word' id='word_1_725' title='bbox 1563 1404 1646 1440; x_wconf 84' lang='lat' dir='ltr'><strong>Hujus</strong></span> <span class='ocrx_word' id='word_1_726' title='bbox 1659 1408 1739 1434; x_wconf 85' lang='lat' dir='ltr'><strong>etiam</strong></span> 
     </span>
    </p>
   </div>
   <div class='ocr_carea' id='block_1_89' title="bbox 942 1446 1856 1480">
    <p class='ocr_par' dir='ltr' id='par_1_89' title="bbox 942 1446 1856 1480">
     <span class='ocr_line' id='line_1_89' title="bbox 942 1446 1856 1480; baseline -0.003 -1"><span class='ocrx_word' id='word_1_727' title='bbox 942 1446 1073 1480; x_wconf 67' lang='lat' dir='ltr'><strong>maritum</strong></span> <span class='ocrx_word' id='word_1_728' title='bbox 1089 1447 1126 1476; x_wconf 91' lang='lat' dir='ltr'><strong>.in</strong></span> <span class='ocrx_word' id='word_1_729' title='bbox 1147 1447 1219 1475; x_wconf 80' lang='lat' dir='ltr'><strong>beilo</strong></span> <span class='ocrx_word' id='word_1_730' title='bbox 1245 1447 1419 1479; x_wconf 81' lang='lat' dir='ltr'><strong>occidendum</strong></span> <span class='ocrx_word' id='word_1_731' title='bbox 1440 1449 1544 1477; x_wconf 88' lang='lat' dir='ltr'><strong>.curavit</strong></span> <span class='ocrx_word' id='word_1_732' title='bbox 1566 1459 1573 1477; x_wconf 89' lang='lat'><strong>:</strong></span> <span class='ocrx_word' id='word_1_733' title='bbox 1598 1450 1740 1479; x_wconf 84' lang='lat' dir='ltr'><strong>ltomieidio</strong></span> <span class='ocrx_word' id='word_1_734' title='bbox 1760 1456 1780 1468; x_wconf 61' lang='grc' dir='ltr'><strong>ε’</strong></span> <span class='ocrx_word' id='word_1_735' title='bbox 1804 1448 1827 1476; x_wconf 70' lang='lat' dir='ltr'>A</span> <span class='ocrx_word' id='word_1_736' title='bbox 1852 1456 1856 1469; x_wconf 61' lang='grc' dir='ltr'>έ</span> 
     </span>
    </p>
   </div>
   <div class='ocr_carea' id='block_1_90' title="bbox 940 1493 1740 1529">
    <p class='ocr_par' dir='ltr' id='par_1_90' title="bbox 940 1493 1740 1529">
     <span class='ocr_line' id='line_1_90' title="bbox 940 1493 1740 1529; baseline 0.008 -9"><span class='ocrx_word' id='word_1_737' title='bbox 940 1494 1021 1529; x_wconf 65' lang='lat' dir='ltr'><strong>auxit</strong></span> <span class='ocrx_word' id='word_1_738' title='bbox 1034 1493 1195 1528; x_wconf 78' lang='lat' dir='ltr'><strong>adulterium</strong></span> <span class='ocrx_word' id='word_1_739' title='bbox 1211 1502 1218 1520; x_wconf 89' lang='lat'><strong>:</strong></span> <span class='ocrx_word' id='word_1_740' title='bbox 1233 1499 1261 1521; x_wconf 88' lang='lat' dir='ltr'><strong>et</strong></span> <span class='ocrx_word' id='word_1_741' title='bbox 1272 1499 1332 1528; x_wconf 85' lang='lat' dir='ltr'><strong>post</strong></span> <span class='ocrx_word' id='word_1_742' title='bbox 1347 1494 1399 1521; x_wconf 87' lang='lat' dir='ltr'><strong>hoc</strong></span> <span class='ocrx_word' id='word_1_743' title='bbox 1420 1494 1517 1522; x_wconf 77' lang='lat' dir='ltr'><strong>factum</strong></span> <span class='ocrx_word' id='word_1_744' title='bbox 1541 1496 1638 1524; x_wconf 80' lang='lat' dir='ltr'><strong>missus</strong></span> <span class='ocrx_word' id='word_1_745' title='bbox 1651 1503 1693 1525; x_wconf 89' lang='lat' dir='ltr'><strong>est</strong></span> <span class='ocrx_word' id='word_1_746' title='bbox 1706 1498 1740 1526; x_wconf 81' lang='lat' dir='ltr'><strong>ad</strong></span> 
     </span>
    </p>
   </div>
   <div class='ocr_carea' id='block_1_91' title="bbox 936 1539 1741 1578">
    <p class='ocr_par' dir='ltr' id='par_1_91' title="bbox 936 1539 1741 1578">
     <span class='ocr_line' id='line_1_91' title="bbox 936 1539 1741 1578; baseline 0.004 -9"><span class='ocrx_word' id='word_1_747' title='bbox 936 1548 1013 1577; x_wconf 16' lang='lat' dir='ltr'><strong>gemui</strong></span> <span class='ocrx_word' id='word_1_748' title='bbox 1024 1540 1128 1574; x_wconf 74' lang='lat' dir='ltr'><strong>Natban</strong></span> <span class='ocrx_word' id='word_1_749' title='bbox 1143 1539 1273 1575; x_wconf 83' lang='lat' dir='ltr'><strong>propheta</strong></span> <span class='ocrx_word' id='word_1_750' title='bbox 1283 1561 1293 1574; x_wconf 91' lang='lat'><strong>,</strong></span> <span class='ocrx_word' id='word_1_751' title='bbox 1316 1540 1414 1568; x_wconf 83' lang='lat' dir='ltr'><strong>missus</strong></span> <span class='ocrx_word' id='word_1_752' title='bbox 1434 1548 1451 1568; x_wconf 91' lang='lat' dir='ltr'><strong>a</strong></span> <span class='ocrx_word' id='word_1_753' title='bbox 1477 1541 1588 1569; x_wconf 86' lang='lat' dir='ltr'><strong>Domino</strong></span> <span class='ocrx_word' id='word_1_754' title='bbox 1599 1562 1607 1575; x_wconf 84' lang='lat'><strong>,</strong></span> <span class='ocrx_word' id='word_1_755' title='bbox 1620 1543 1664 1578; x_wconf 90' lang='lat' dir='ltr'><strong>qui</strong></span> <span class='ocrx_word' id='word_1_756' title='bbox 1679 1551 1741 1572; x_wconf 87' lang='lat' dir='ltr'><strong>eum</strong></span> 
     </span>
    </p>
   </div>
   <div class='ocr_carea' id='block_1_92' title="bbox 948 1585 1740 1626">
    <p class='ocr_par' dir='ltr' id='par_1_92' title="bbox 948 1585 1740 1626">
     <span class='ocr_line' id='line_1_92' title="bbox 948 1585 1740 1626; baseline 0.006 -13"><span class='ocrx_word' id='word_1_757' title='bbox 948 1591 1072 1621; x_wconf 77' lang='lat' dir='ltr'><strong>argueret</strong></span> <span class='ocrx_word' id='word_1_758' title='bbox 1081 1585 1116 1613; x_wconf 86' lang='lat' dir='ltr'><strong>de</strong></span> <span class='ocrx_word' id='word_1_759' title='bbox 1126 1590 1200 1613; x_wconf 91' lang='lat' dir='ltr'><strong>tanto</strong></span> <span class='ocrx_word' id='word_1_760' title='bbox 1209 1586 1353 1613; x_wconf 81' lang='lat' dir='ltr'><strong>commisso</strong></span> <span class='ocrx_word' id='word_1_761' title='bbox 1365 1586 1401 1621; x_wconf 90' lang='lat' dir='ltr'><strong>(ll</strong></span> <span class='ocrx_word' id='word_1_762' title='bbox 1416 1586 1479 1622; x_wconf 79' lang='lat' dir='ltr'><strong>Reg.</strong></span> <span class='ocrx_word' id='word_1_763' title='bbox 1494 1596 1520 1614; x_wconf 80' lang='lat' dir='ltr'><strong>xt</strong></span> <span class='ocrx_word' id='word_1_764' title='bbox 1530 1609 1538 1621; x_wconf 92' lang='lat'><strong>,</strong></span> <span class='ocrx_word' id='word_1_765' title='bbox 1549 1594 1571 1615; x_wconf 78' lang='lat' dir='ltr'><strong>et</strong></span> <span class='ocrx_word' id='word_1_766' title='bbox 1582 1596 1619 1616; x_wconf 77' lang='lat' dir='ltr'><strong>xu</strong></span> <span class='ocrx_word' id='word_1_767' title='bbox 1632 1609 1641 1623; x_wconf 93' lang='lat'><strong>,</strong></span> <span class='ocrx_word' id='word_1_768' title='bbox 1650 1590 1710 1617; x_wconf 74' lang='lat' dir='ltr'><strong>i-M</strong></span> <span class='ocrx_word' id='word_1_769' title='bbox 1718 1592 1740 1626; x_wconf 81' lang='grc'><strong>).</strong></span> 
     </span>
    </p>
   </div>
   <div class='ocr_carea' id='block_1_93' title="bbox 985 1631 1741 1669">
    <p class='ocr_par' dir='ltr' id='par_1_93' title="bbox 985 1631 1741 1669">
     <span class='ocr_line' id='line_1_93' title="bbox 985 1631 1741 1669; baseline 0.007 -10"><span class='ocrx_word' id='word_1_770' title='bbox 985 1632 1012 1660; x_wconf 77' lang='grc'><strong>5.</strong></span> <span class='ocrx_word' id='word_1_771' title='bbox 1032 1631 1099 1665; x_wconf 86' lang='lat' dir='ltr'><strong>Quid</strong></span> <span class='ocrx_word' id='word_1_772' title='bbox 1114 1636 1226 1658; x_wconf 81' lang='lat' dir='ltr'><strong>caveant</strong></span> <span class='ocrx_word' id='word_1_773' title='bbox 1240 1631 1361 1659; x_wconf 87' lang='lat' dir='ltr'><strong>homines</strong></span> <span class='ocrx_word' id='word_1_774' title='bbox 1373 1652 1380 1663; x_wconf 87' lang='lat'><strong>,</strong></span> <span class='ocrx_word' id='word_1_775' title='bbox 1395 1631 1531 1664; x_wconf 76' lang='lat' dir='ltr'><strong>diximus;</strong></span> <span class='ocrx_word' id='word_1_776' title='bbox 1551 1634 1615 1669; x_wconf 85' lang='lat' dir='ltr'><strong>quid</strong></span> <span class='ocrx_word' id='word_1_777' title='bbox 1637 1642 1700 1662; x_wconf 84' lang='lat' dir='ltr'><strong>vero</strong></span> <span class='ocrx_word' id='word_1_778' title='bbox 1717 1636 1741 1664; x_wconf 85' lang='lat' dir='ltr'><strong>si</strong></span> 
     </span>
    </p>
   </div>
   <div class='ocr_carea' id='block_1_94' title="bbox 939 1677 1742 1713">
    <p class='ocr_par' dir='ltr' id='par_1_94' title="bbox 939 1677 1742 1713">
     <span class='ocr_line' id='line_1_94' title="bbox 939 1677 1742 1713; baseline 0.004 -8"><span class='ocrx_word' id='word_1_779' title='bbox 939 1678 1018 1713; x_wconf 25' lang='lat' dir='ltr'><strong>(lapsi</strong></span> <span class='ocrx_word' id='word_1_780' title='bbox 1032 1677 1130 1706; x_wconf 87' lang='lat' dir='ltr'><strong>fuerint</strong></span> <span class='ocrx_word' id='word_1_781' title='bbox 1144 1677 1282 1705; x_wconf 90' lang='lat' dir='ltr'><strong>imitentur</strong></span> <span class='ocrx_word' id='word_1_782' title='bbox 1291 1697 1301 1710; x_wconf 94' lang='lat'><strong>,</strong></span> <span class='ocrx_word' id='word_1_783' title='bbox 1316 1677 1464 1705; x_wconf 84' lang='lat' dir='ltr'><strong>audiamus.</strong></span> <span class='ocrx_word' id='word_1_784' title='bbox 1478 1678 1552 1706; x_wconf 79' lang='lat' dir='ltr'><strong>Multi</strong></span> <span class='ocrx_word' id='word_1_785' title='bbox 1562 1680 1634 1707; x_wconf 88' lang='lat' dir='ltr'><strong>enim</strong></span> <span class='ocrx_word' id='word_1_786' title='bbox 1645 1680 1742 1708; x_wconf 78' lang='lat' dir='ltr'><strong>cadere</strong></span> 
     </span>
    </p>
   </div>
   <div class='ocr_carea' id='block_1_95' title="bbox 944 1722 1741 1759">
    <p class='ocr_par' dir='ltr' id='par_1_95' title="bbox 944 1722 1741 1759">
     <span class='ocr_line' id='line_1_95' title="bbox 944 1722 1741 1759; baseline 0.004 -9"><span class='ocrx_word' id='word_1_787' title='bbox 944 1724 1043 1759; x_wconf 67' lang='lat' dir='ltr'><strong>yqlunt</strong></span> <span class='ocrx_word' id='word_1_788' title='bbox 1067 1731 1127 1756; x_wconf 84' lang='lat' dir='ltr'><strong>cum</strong></span> <span class='ocrx_word' id='word_1_789' title='bbox 1153 1723 1254 1755; x_wconf 84' lang='lat' dir='ltr'><strong>David.</strong></span> <span class='ocrx_word' id='word_1_790' title='bbox 1275 1727 1304 1750; x_wconf 89' lang='lat' dir='ltr'><strong>et</strong></span> <span class='ocrx_word' id='word_1_791' title='bbox 1322 1722 1416 1751; x_wconf 91' lang='lat' dir='ltr'><strong>nolunt</strong></span> <span class='ocrx_word' id='word_1_792' title='bbox 1434 1731 1544 1759; x_wconf 83' lang='lat' dir='ltr'><strong>surgere</strong></span> <span class='ocrx_word' id='word_1_793' title='bbox 1565 1732 1625 1752; x_wconf 90' lang='lat' dir='ltr'><strong>cum</strong></span> <span class='ocrx_word' id='word_1_794' title='bbox 1647 1725 1741 1753; x_wconf 75' lang='lat' dir='ltr'><strong>David.</strong></span> 
     </span>
    </p>
   </div>
   <div class='ocr_carea' id='block_1_96' title="bbox 949 1767 1742 1804">
    <p class='ocr_par' dir='ltr' id='par_1_96' title="bbox 949 1767 1742 1804">
     <span class='ocr_line' id='line_1_96' title="bbox 949 1767 1742 1804; baseline 0.004 -7"><span class='ocrx_word' id='word_1_795' title='bbox 949 1768 1007 1797; x_wconf 82' lang='lat' dir='ltr'><strong>Non</strong></span> <span class='ocrx_word' id='word_1_796' title='bbox 1019 1775 1084 1803; x_wconf 85' lang='lat' dir='ltr'><strong>ergo</strong></span> <span class='ocrx_word' id='word_1_797' title='bbox 1096 1768 1208 1796; x_wconf 85' lang='lat' dir='ltr'><strong>cadendi</strong></span> <span class='ocrx_word' id='word_1_798' title='bbox 1221 1767 1373 1803; x_wconf 80' lang='lat' dir='ltr'><strong>exemplum</strong></span> <span class='ocrx_word' id='word_1_799' title='bbox 1391 1769 1556 1804; x_wconf 86' lang='lat' dir='ltr'><strong>propositum</strong></span> <span class='ocrx_word' id='word_1_800' title='bbox 1577 1776 1617 1798; x_wconf 88' lang='lat' dir='ltr'><strong>est</strong></span> <span class='ocrx_word' id='word_1_801' title='bbox 1627 1790 1637 1804; x_wconf 83' lang='lat'><strong>.</strong></span> <span class='ocrx_word' id='word_1_802' title='bbox 1657 1772 1704 1799; x_wconf 86' lang='lat' dir='ltr'><strong>sed</strong></span> <span class='ocrx_word' id='word_1_803' title='bbox 1718 1773 1742 1800; x_wconf 90' lang='lat' dir='ltr'><strong>si</strong></span> 
     </span>
    </p>
   </div>
   <div class='ocr_carea' id='block_1_97' title="bbox 949 1812 1745 1850">
    <p class='ocr_par' dir='ltr' id='par_1_97' title="bbox 949 1812 1745 1850">
     <span class='ocr_line' id='line_1_97' title="bbox 949 1812 1745 1850; baseline 0.004 -8"><span class='ocrx_word' id='word_1_804' title='bbox 949 1813 1098 1847; x_wconf 87' lang='lat' dir='ltr'><strong>cecideris,</strong></span> <span class='ocrx_word' id='word_1_805' title='bbox 1118 1812 1286 1850; x_wconf 86' lang='lat' dir='ltr'><strong>resurgendi.</strong></span> <span class='ocrx_word' id='word_1_806' title='bbox 1307 1814 1443 1847; x_wconf 71' lang='lat' dir='ltr'><strong>Attende,</strong></span> <span class='ocrx_word' id='word_1_807' title='bbox 1467 1821 1501 1842; x_wconf 87' lang='lat' dir='ltr'><strong>ne</strong></span> <span class='ocrx_word' id='word_1_808' title='bbox 1520 1814 1611 1843; x_wconf 86' lang='lat' dir='ltr'><strong>cadas.</strong></span> <span class='ocrx_word' id='word_1_809' title='bbox 1633 1815 1691 1843; x_wconf 83' lang='lat' dir='ltr'><strong>Non</strong></span> <span class='ocrx_word' id='word_1_810' title='bbox 1709 1818 1745 1845; x_wconf 91' lang='lat' dir='ltr'><strong>sit</strong></span> 
     </span>
    </p>
   </div>
   <div class='ocr_carea' id='block_1_98' title="bbox 950 1849 1745 1894">
    <p class='ocr_par' dir='ltr' id='par_1_98' title="bbox 950 1849 1745 1894">
     <span class='ocr_line' id='line_1_98' title="bbox 950 1849 1745 1894; baseline 0.005 -7"><span class='ocrx_word' id='word_1_811' title='bbox 950 1859 1091 1887; x_wconf 86' lang='lat' dir='ltr'><strong>delectatio</strong></span> <span class='ocrx_word' id='word_1_812' title='bbox 1110 1849 1244 1886; x_wconf 86' lang='lat' dir='ltr'><strong>minorum</strong></span> <span class='ocrx_word' id='word_1_813' title='bbox 1264 1858 1354 1894; x_wconf 82' lang='lat' dir='ltr'><strong>lapsus</strong></span> <span class='ocrx_word' id='word_1_814' title='bbox 1370 1859 1500 1894; x_wconf 82' lang='lat' dir='ltr'><strong>majorum</strong></span> <span class='ocrx_word' id='word_1_815' title='bbox 1512 1880 1521 1893; x_wconf 92' lang='lat'><strong>,</strong></span> <span class='ocrx_word' id='word_1_816' title='bbox 1543 1861 1590 1888; x_wconf 84' lang='lat' dir='ltr'><strong>sed</strong></span> <span class='ocrx_word' id='word_1_817' title='bbox 1608 1861 1644 1888; x_wconf 88' lang='lat' dir='ltr'><strong>sit</strong></span> <span class='ocrx_word' id='word_1_818' title='bbox 1656 1849 1745 1891; x_wconf 64' lang='lat' dir='ltr'><strong>casus</strong></span> 
     </span>
    </p>
   </div>
   <div class='ocr_carea' id='block_1_99' title="bbox 950 1904 1744 1942">
    <p class='ocr_par' dir='ltr' id='par_1_99' title="bbox 950 1904 1744 1942">
     <span class='ocr_line' id='line_1_99' title="bbox 950 1904 1744 1942; baseline 0.005 -10"><span class='ocrx_word' id='word_1_819' title='bbox 950 1904 1083 1940; x_wconf 87' lang='lat' dir='ltr'><strong>majorum</strong></span> <span class='ocrx_word' id='word_1_820' title='bbox 1097 1908 1198 1932; x_wconf 87' lang='lat' dir='ltr'><strong>tremor</strong></span> <span class='ocrx_word' id='word_1_821' title='bbox 1210 1904 1355 1932; x_wconf 90' lang='lat' dir='ltr'><strong>minorum.</strong></span> <span class='ocrx_word' id='word_1_822' title='bbox 1375 1904 1416 1931; x_wconf 87' lang='lat' dir='ltr'><strong>Ad</strong></span> <span class='ocrx_word' id='word_1_823' title='bbox 1437 1904 1488 1933; x_wconf 87' lang='lat' dir='ltr'><strong>hoc</strong></span> <span class='ocrx_word' id='word_1_824' title='bbox 1503 1907 1669 1941; x_wconf 86' lang='lat' dir='ltr'><strong>propositum</strong></span> <span class='ocrx_word' id='word_1_825' title='bbox 1681 1913 1744 1942; x_wconf 87' lang='lat' dir='ltr'><strong>est,</strong></span> 
     </span>
    </p>
   </div>
   <div class='ocr_carea' id='block_1_100' title="bbox 950 1949 1745 1986">
    <p class='ocr_par' dir='ltr' id='par_1_100' title="bbox 950 1949 1745 1986">
     <span class='ocr_line' id='line_1_100' title="bbox 950 1949 1745 1986; baseline 0.004 -8"><span class='ocrx_word' id='word_1_826' title='bbox 950 1951 985 1979; x_wconf 84' lang='lat' dir='ltr'><strong>ad</strong></span> <span class='ocrx_word' id='word_1_827' title='bbox 999 1950 1049 1978; x_wconf 83' lang='lat' dir='ltr'><strong>hoc</strong></span> <span class='ocrx_word' id='word_1_828' title='bbox 1063 1951 1191 1986; x_wconf 88' lang='lat' dir='ltr'><strong>scripturn</strong></span> <span class='ocrx_word' id='word_1_829' title='bbox 1204 1955 1246 1978; x_wconf 89' lang='lat' dir='ltr'><strong>est</strong></span> <span class='ocrx_word' id='word_1_830' title='bbox 1256 1970 1264 1983; x_wconf 94' lang='lat'><strong>,</strong></span> <span class='ocrx_word' id='word_1_831' title='bbox 1280 1949 1314 1977; x_wconf 88' lang='lat' dir='ltr'><strong>ad</strong></span> <span class='ocrx_word' id='word_1_832' title='bbox 1328 1950 1379 1978; x_wconf 88' lang='lat' dir='ltr'><strong>hoc</strong></span> <span class='ocrx_word' id='word_1_833' title='bbox 1394 1951 1420 1977; x_wconf 91' lang='lat' dir='ltr'><strong>in</strong></span> <span class='ocrx_word' id='word_1_834' title='bbox 1435 1950 1546 1978; x_wconf 83' lang='lat' dir='ltr'><strong>ecclesia</strong></span> <span class='ocrx_word' id='word_1_835' title='bbox 1561 1959 1634 1986; x_wconf 67' lang='lat' dir='ltr'><strong>saepe</strong></span> <span class='ocrx_word' id='word_1_836' title='bbox 1647 1953 1745 1981; x_wconf 90' lang='lat' dir='ltr'><strong>lectum</strong></span> 
     </span>
    </p>
   </div>
   <div class='ocr_carea' id='block_1_101' title="bbox 951 1996 1745 2031">
    <p class='ocr_par' dir='ltr' id='par_1_101' title="bbox 951 1996 1745 2031">
     <span class='ocr_line' id='line_1_101' title="bbox 951 1996 1745 2031; baseline 0.004 -7"><span class='ocrx_word' id='word_1_837' title='bbox 951 2001 1033 2031; x_wconf 84' lang='lat' dir='ltr'><strong>atque</strong></span> <span class='ocrx_word' id='word_1_838' title='bbox 1044 2001 1181 2024; x_wconf 85' lang='lat' dir='ltr'><strong>cantatum</strong></span> <span class='ocrx_word' id='word_1_839' title='bbox 1197 2005 1206 2024; x_wconf 85' lang='lat'><strong>;</strong></span> <span class='ocrx_word' id='word_1_840' title='bbox 1220 1996 1330 2023; x_wconf 82' lang='lat' dir='ltr'><strong>audiant</strong></span> <span class='ocrx_word' id='word_1_841' title='bbox 1339 1996 1384 2031; x_wconf 86' lang='lat' dir='ltr'><strong>qui</strong></span> <span class='ocrx_word' id='word_1_842' title='bbox 1399 2004 1452 2023; x_wconf 89' lang='lat' dir='ltr'><strong>non</strong></span> <span class='ocrx_word' id='word_1_843' title='bbox 1464 1997 1617 2025; x_wconf 83' lang='lat' dir='ltr'><strong>ceciderunt</strong></span> <span class='ocrx_word' id='word_1_844' title='bbox 1628 2018 1636 2031; x_wconf 93' lang='lat'><strong>,</strong></span> <span class='ocrx_word' id='word_1_845' title='bbox 1653 2008 1686 2026; x_wconf 90' lang='lat' dir='ltr'><strong>ne</strong></span> <span class='ocrx_word' id='word_1_846' title='bbox 1697 2007 1745 2027; x_wconf 83' lang='lat' dir='ltr'><strong>ca-</strong></span> 
     </span>
    </p>
   </div>
   <div class='ocr_carea' id='block_1_102' title="bbox 952 2041 1746 2078">
    <p class='ocr_par' dir='ltr' id='par_1_102' title="bbox 952 2041 1746 2078">
     <span class='ocr_line' id='line_1_102' title="bbox 952 2041 1746 2078; baseline 0.004 -9"><span class='ocrx_word' id='word_1_847' title='bbox 952 2042 1018 2069; x_wconf 91' lang='lat' dir='ltr'><strong>dant</strong></span> <span class='ocrx_word' id='word_1_848' title='bbox 1031 2062 1039 2073; x_wconf 84' lang='lat'><strong>,</strong></span> <span class='ocrx_word' id='word_1_849' title='bbox 1053 2041 1165 2068; x_wconf 83' lang='lat' dir='ltr'><strong>audiant</strong></span> <span class='ocrx_word' id='word_1_850' title='bbox 1178 2041 1223 2076; x_wconf 88' lang='lat' dir='ltr'><strong>qui</strong></span> <span class='ocrx_word' id='word_1_851' title='bbox 1238 2041 1412 2075; x_wconf 87' lang='lat' dir='ltr'><strong>ceciderunt,</strong></span> <span class='ocrx_word' id='word_1_852' title='bbox 1429 2045 1456 2068; x_wconf 93' lang='lat' dir='ltr'><strong>ut</strong></span> <span class='ocrx_word' id='word_1_853' title='bbox 1470 2047 1588 2078; x_wconf 82' lang='lat' dir='ltr'><strong>surgant.</strong></span> <span class='ocrx_word' id='word_1_854' title='bbox 1604 2043 1681 2071; x_wconf 86' lang='lat' dir='ltr'><strong>Tanti</strong></span> <span class='ocrx_word' id='word_1_855' title='bbox 1697 2045 1746 2074; x_wconf 79' lang='lat' dir='ltr'><strong>viri</strong></span> 
     </span>
    </p>
   </div>
   <div class='ocr_carea' id='block_1_103' title="bbox 953 2087 1746 2123">
    <p class='ocr_par' dir='ltr' id='par_1_103' title="bbox 953 2087 1746 2123">
     <span class='ocr_line' id='line_1_103' title="bbox 953 2087 1746 2123; baseline 0.004 -8"><span class='ocrx_word' id='word_1_856' title='bbox 953 2092 1091 2123; x_wconf 86' lang='lat' dir='ltr'><strong>peccatum</strong></span> <span class='ocrx_word' id='word_1_857' title='bbox 1112 2094 1164 2114; x_wconf 88' lang='lat' dir='ltr'><strong>tton</strong></span> <span class='ocrx_word' id='word_1_858' title='bbox 1185 2091 1306 2120; x_wconf 63' lang='lat' dir='ltr'><strong>tuetur,</strong></span> <span class='ocrx_word' id='word_1_859' title='bbox 1324 2087 1484 2122; x_wconf 73' lang='lat' dir='ltr'><strong>prtcdieatur</strong></span> <span class='ocrx_word' id='word_1_860' title='bbox 1504 2088 1531 2115; x_wconf 93' lang='lat' dir='ltr'><strong>in</strong></span> <span class='ocrx_word' id='word_1_861' title='bbox 1551 2089 1672 2117; x_wconf 86' lang='lat' dir='ltr'><strong>ecclesia.</strong></span> <span class='ocrx_word' id='word_1_862' title='bbox 1688 2092 1746 2118; x_wconf 80' lang='lat' dir='ltr'><strong>Au-</strong></span> 
     </span>
    </p>
   </div>
   <div class='ocr_carea' id='block_1_104' title="bbox 954 2133 1747 2170">
    <p class='ocr_par' dir='ltr' id='par_1_104' title="bbox 954 2133 1747 2170">
     <span class='ocr_line' id='line_1_104' title="bbox 954 2133 1747 2170; baseline 0.004 -9"><span class='ocrx_word' id='word_1_863' title='bbox 954 2134 1030 2161; x_wconf 88' lang='lat' dir='ltr'><strong>diunt</strong></span> <span class='ocrx_word' id='word_1_864' title='bbox 1042 2133 1114 2161; x_wconf 86' lang='lat' dir='ltr'><strong>male</strong></span> <span class='ocrx_word' id='word_1_865' title='bbox 1136 2133 1275 2160; x_wconf 86' lang='lat' dir='ltr'><strong>audientes</strong></span> <span class='ocrx_word' id='word_1_866' title='bbox 1288 2133 1309 2165; x_wconf 85' lang='grc'><strong>¹,</strong></span> <span class='ocrx_word' id='word_1_867' title='bbox 1332 2138 1358 2161; x_wconf 87' lang='lat' dir='ltr'><strong>et</strong></span> <span class='ocrx_word' id='word_1_868' title='bbox 1381 2139 1504 2168; x_wconf 65' lang='lat' dir='ltr'><strong>quaerunt</strong></span> <span class='ocrx_word' id='word_1_869' title='bbox 1525 2135 1575 2162; x_wconf 89' lang='lat' dir='ltr'><strong>sibi</strong></span> <span class='ocrx_word' id='word_1_870' title='bbox 1600 2136 1747 2170; x_wconf 86' lang='lat' dir='ltr'><strong>patrocinia</strong></span> 
     </span>
    </p>
   </div>
   <div class='ocr_carea' id='block_1_105' title="bbox 956 2177 1748 2213">
    <p class='ocr_par' dir='ltr' id='par_1_105' title="bbox 956 2177 1748 2213">
     <span class='ocr_line' id='line_1_105' title="bbox 956 2177 1748 2213; baseline 0.005 -8"><span class='ocrx_word' id='word_1_871' title='bbox 956 2177 1083 2213; x_wconf 82' lang='lat' dir='ltr'><strong>peccandi</strong></span> <span class='ocrx_word' id='word_1_872' title='bbox 1095 2186 1102 2209; x_wconf 69' lang='grc' dir='ltr'>ς</span> <span class='ocrx_word' id='word_1_873' title='bbox 1113 2177 1255 2205; x_wconf 86' lang='lat' dir='ltr'><strong>attendunt</strong></span> <span class='ocrx_word' id='word_1_874' title='bbox 1264 2177 1336 2205; x_wconf 90' lang='lat' dir='ltr'><strong>unde</strong></span> <span class='ocrx_word' id='word_1_875' title='bbox 1346 2177 1489 2205; x_wconf 83' lang='lat' dir='ltr'><strong>defendant</strong></span> <span class='ocrx_word' id='word_1_876' title='bbox 1498 2179 1568 2213; x_wconf 89' lang='lat' dir='ltr'><strong>quod</strong></span> <span class='ocrx_word' id='word_1_877' title='bbox 1579 2181 1748 2209; x_wconf 87' lang='lat' dir='ltr'><strong>committere</strong></span> 
     </span>
    </p>
   </div>
   <div class='ocr_carea' id='block_1_106' title="bbox 956 2223 1749 2258">
    <p class='ocr_par' dir='ltr' id='par_1_106' title="bbox 956 2223 1749 2258">
     <span class='ocr_line' id='line_1_106' title="bbox 956 2223 1749 2258; baseline 0.004 -8"><span class='ocrx_word' id='word_1_878' title='bbox 956 2227 1115 2258; x_wconf 82' lang='lat' dir='ltr'><strong>paraverunt</strong></span> <span class='ocrx_word' id='word_1_879' title='bbox 1129 2245 1135 2254; x_wconf 86' lang='lat'><strong>,</strong></span> <span class='ocrx_word' id='word_1_880' title='bbox 1148 2231 1201 2250; x_wconf 86' lang='lat' dir='ltr'><strong>non</strong></span> <span class='ocrx_word' id='word_1_881' title='bbox 1222 2223 1291 2249; x_wconf 87' lang='lat' dir='ltr'><strong>unde</strong></span> <span class='ocrx_word' id='word_1_882' title='bbox 1309 2228 1421 2250; x_wconf 79' lang='lat' dir='ltr'><strong>caveant</strong></span> <span class='ocrx_word' id='word_1_883' title='bbox 1437 2223 1507 2258; x_wconf 86' lang='lat' dir='ltr'><strong>quod</strong></span> <span class='ocrx_word' id='word_1_884' title='bbox 1529 2232 1582 2251; x_wconf 89' lang='lat' dir='ltr'><strong>non</strong></span> <span class='ocrx_word' id='word_1_885' title='bbox 1602 2225 1749 2253; x_wconf 89' lang='lat' dir='ltr'><strong>commise-</strong></span> 
     </span>
    </p>
   </div>
   <div class='ocr_carea' id='block_1_107' title="bbox 956 2267 1750 2305">
    <p class='ocr_par' dir='ltr' id='par_1_107' title="bbox 956 2267 1750 2305">
     <span class='ocr_line' id='line_1_107' title="bbox 956 2267 1750 2305; baseline 0.005 -10"><span class='ocrx_word' id='word_1_886' title='bbox 956 2273 1018 2296; x_wconf 85' lang='lat' dir='ltr'><strong>runt</strong></span> <span class='ocrx_word' id='word_1_887' title='bbox 1028 2289 1036 2301; x_wconf 88' lang='lat'><strong>,</strong></span> <span class='ocrx_word' id='word_1_888' title='bbox 1050 2273 1078 2295; x_wconf 91' lang='lat' dir='ltr'><strong>et</strong></span> <span class='ocrx_word' id='word_1_889' title='bbox 1088 2267 1181 2296; x_wconf 86' lang='lat' dir='ltr'><strong>dicunt</strong></span> <span class='ocrx_word' id='word_1_890' title='bbox 1192 2268 1244 2298; x_wconf 85' lang='lat' dir='ltr'><strong>sibi</strong></span> <span class='ocrx_word' id='word_1_891' title='bbox 1256 2276 1264 2295; x_wconf 90' lang='lat'><strong>:</strong></span> <span class='ocrx_word' id='word_1_892' title='bbox 1276 2268 1304 2295; x_wconf 89' lang='lat' dir='ltr'><strong>Si</strong></span> <span class='ocrx_word' id='word_1_893' title='bbox 1319 2268 1399 2296; x_wconf 86' lang='lat' dir='ltr'><strong>David</strong></span> <span class='ocrx_word' id='word_1_894' title='bbox 1411 2289 1420 2302; x_wconf 85' lang='lat'><strong>,</strong></span> <span class='ocrx_word' id='word_1_895' title='bbox 1434 2276 1482 2296; x_wconf 89' lang='lat' dir='ltr'><strong>cur</strong></span> <span class='ocrx_word' id='word_1_896' title='bbox 1494 2277 1547 2296; x_wconf 86' lang='lat' dir='ltr'><strong>non</strong></span> <span class='ocrx_word' id='word_1_897' title='bbox 1560 2275 1587 2297; x_wconf 91' lang='lat' dir='ltr'><strong>et</strong></span> <span class='ocrx_word' id='word_1_898' title='bbox 1600 2271 1673 2305; x_wconf 70' lang='lat' dir='ltr'><strong>ego?</strong></span> <span class='ocrx_word' id='word_1_899' title='bbox 1685 2271 1750 2300; x_wconf 87' lang='lat' dir='ltr'><strong>Inde</strong></span> 
     </span>
    </p>
   </div>
   <div class='ocr_carea' id='block_1_108' title="bbox 956 2314 1749 2351">
    <p class='ocr_par' dir='ltr' id='par_1_108' title="bbox 956 2314 1749 2351">
     <span class='ocr_line' id='line_1_108' title="bbox 956 2314 1749 2351; baseline 0.004 -10"><span class='ocrx_word' id='word_1_900' title='bbox 956 2316 1044 2342; x_wconf 86' lang='lat' dir='ltr'><strong>anima</strong></span> <span class='ocrx_word' id='word_1_901' title='bbox 1059 2314 1174 2349; x_wconf 88' lang='lat' dir='ltr'><strong>iniquior</strong></span> <span class='ocrx_word' id='word_1_902' title='bbox 1184 2334 1193 2347; x_wconf 89' lang='lat'><strong>,</strong></span> <span class='ocrx_word' id='word_1_903' title='bbox 1208 2321 1268 2349; x_wconf 70' lang='lat' dir='ltr'><strong>quat</strong></span> <span class='ocrx_word' id='word_1_904' title='bbox 1281 2321 1342 2341; x_wconf 91' lang='lat' dir='ltr'><strong>cum</strong></span> <span class='ocrx_word' id='word_1_905' title='bbox 1358 2318 1498 2349; x_wconf 85' lang='lat' dir='ltr'><strong>propterea</strong></span> <span class='ocrx_word' id='word_1_906' title='bbox 1513 2314 1608 2343; x_wconf 84' lang='lat' dir='ltr'><strong>fecerit</strong></span> <span class='ocrx_word' id='word_1_907' title='bbox 1621 2316 1681 2351; x_wconf 84' lang='lat' dir='ltr'><strong>quia</strong></span> <span class='ocrx_word' id='word_1_908' title='bbox 1697 2317 1749 2344; x_wconf 91' lang='lat' dir='ltr'><strong>Da-</strong></span> 
     </span>
    </p>
   </div>
   <div class='ocr_carea' id='block_1_109' title="bbox 957 2359 1751 2394">
    <p class='ocr_par' dir='ltr' id='par_1_109' title="bbox 957 2359 1751 2394">
     <span class='ocr_line' id='line_1_109' title="bbox 957 2359 1751 2394; baseline 0.005 -7"><span class='ocrx_word' id='word_1_909' title='bbox 957 2359 1001 2387; x_wconf 90' lang='lat' dir='ltr'><strong>vid</strong></span> <span class='ocrx_word' id='word_1_910' title='bbox 1015 2359 1097 2391; x_wconf 87' lang='lat' dir='ltr'><strong>fecit,</strong></span> <span class='ocrx_word' id='word_1_911' title='bbox 1117 2359 1177 2386; x_wconf 79' lang='lat' dir='ltr'><strong>ide’o</strong></span> <span class='ocrx_word' id='word_1_912' title='bbox 1198 2359 1272 2394; x_wconf 86' lang='lat' dir='ltr'><strong>pejus</strong></span> <span class='ocrx_word' id='word_1_913' title='bbox 1291 2367 1370 2394; x_wconf 82' lang='lat' dir='ltr'><strong>quant</strong></span> <span class='ocrx_word' id='word_1_914' title='bbox 1394 2359 1475 2387; x_wconf 74' lang='lat' dir='ltr'><strong>Dat-id</strong></span> <span class='ocrx_word' id='word_1_915' title='bbox 1496 2360 1569 2388; x_wconf 82' lang='lat' dir='ltr'><strong>fecit.</strong></span> <span class='ocrx_word' id='word_1_916' title='bbox 1593 2362 1684 2390; x_wconf 85' lang='lat' dir='ltr'><strong>Dicam</strong></span> <span class='ocrx_word' id='word_1_917' title='bbox 1698 2362 1751 2391; x_wconf 82' lang='lat' dir='ltr'><strong>hoc</strong></span> 
     </span>
    </p>
   </div>
   <div class='ocr_carea' id='block_1_110' title="bbox 958 2405 1749 2441">
    <p class='ocr_par' dir='ltr' id='par_1_110' title="bbox 958 2405 1749 2441">
     <span class='ocr_line' id='line_1_110' title="bbox 958 2405 1749 2441; baseline 0.005 -8"><span class='ocrx_word' id='word_1_918' title='bbox 958 2407 1044 2441; x_wconf 88' lang='lat' dir='ltr'><strong>ipsunt</strong></span> <span class='ocrx_word' id='word_1_919' title='bbox 1057 2426 1064 2438; x_wconf 84' lang='lat'><strong>,</strong></span> <span class='ocrx_word' id='word_1_920' title='bbox 1079 2405 1102 2432; x_wconf 91' lang='lat' dir='ltr'><strong>si</strong></span> <span class='ocrx_word' id='word_1_921' title='bbox 1116 2410 1209 2440; x_wconf 86' lang='lat' dir='ltr'><strong>potero</strong></span> <span class='ocrx_word' id='word_1_922' title='bbox 1222 2426 1229 2437; x_wconf 90' lang='lat'><strong>,</strong></span> <span class='ocrx_word' id='word_1_923' title='bbox 1244 2405 1357 2440; x_wconf 86' lang='lat' dir='ltr'><strong>planius.</strong></span> <span class='ocrx_word' id='word_1_924' title='bbox 1374 2405 1458 2433; x_wconf 90' lang='lat' dir='ltr'><strong>David</strong></span> <span class='ocrx_word' id='word_1_925' title='bbox 1474 2407 1575 2439; x_wconf 85' lang='lat' dir='ltr'><strong>nullum</strong></span> <span class='ocrx_word' id='word_1_926' title='bbox 1590 2408 1641 2435; x_wconf 88' lang='lat' dir='ltr'><strong>sibi</strong></span> <span class='ocrx_word' id='word_1_927' title='bbox 1661 2408 1696 2436; x_wconf 90' lang='lat' dir='ltr'><strong>ita</strong></span> <span class='ocrx_word' id='word_1_928' title='bbox 1714 2409 1749 2437; x_wconf 82' lang='lat' dir='ltr'><strong>ad</strong></span> 
     </span>
    </p>
   </div>
   <div class='ocr_carea' id='block_1_111' title="bbox 957 2451 1752 2491">
    <p class='ocr_par' dir='ltr' id='par_1_111' title="bbox 957 2451 1752 2491">
     <span class='ocr_line' id='line_1_111' title="bbox 957 2451 1752 2491; baseline 0.004 -12"><span class='ocrx_word' id='word_1_929' title='bbox 957 2452 1108 2490; x_wconf 79' lang='lat' dir='ltr'><strong>exemplum</strong></span> <span class='ocrx_word' id='word_1_930' title='bbox 1121 2455 1298 2491; x_wconf 78' lang='lat' dir='ltr'><strong>proposuerat</strong></span> <span class='ocrx_word' id='word_1_931' title='bbox 1311 2471 1318 2482; x_wconf 87' lang='grc'>,</span> <span class='ocrx_word' id='word_1_932' title='bbox 1332 2455 1362 2478; x_wconf 83' lang='grc' dir='ltr'><strong>ιιι</strong></span> <span class='ocrx_word' id='word_1_933' title='bbox 1375 2457 1402 2478; x_wconf 88' lang='grc' dir='ltr'><strong>ιιι</strong></span> <span class='ocrx_word' id='word_1_934' title='bbox 1418 2460 1424 2476; x_wconf 85' lang='lat'><strong>:</strong></span> <span class='ocrx_word' id='word_1_935' title='bbox 1440 2451 1573 2479; x_wconf 74' lang='lat' dir='ltr'><strong>ceciderat</strong></span> <span class='ocrx_word' id='word_1_936' title='bbox 1587 2453 1663 2487; x_wconf 91' lang='lat' dir='ltr'><strong>lapsu</strong></span> <span class='ocrx_word' id='word_1_937' title='bbox 1677 2455 1752 2489; x_wconf 80' lang='lat' dir='ltr'><strong>cupi-</strong></span> 
     </span>
    </p>
   </div>
   <div class='ocr_carea' id='block_1_112' title="bbox 958 2497 1750 2534">
    <p class='ocr_par' dir='ltr' id='par_1_112' title="bbox 958 2497 1750 2534">
     <span class='ocr_line' id='line_1_112' title="bbox 958 2497 1750 2534; baseline 0.003 -9"><span class='ocrx_word' id='word_1_938' title='bbox 958 2498 1048 2525; x_wconf 86' lang='lat' dir='ltr'><strong>ditatis</strong></span> <span class='ocrx_word' id='word_1_939' title='bbox 1061 2518 1070 2531; x_wconf 85' lang='lat'><strong>,</strong></span> <span class='ocrx_word' id='word_1_940' title='bbox 1085 2505 1137 2524; x_wconf 90' lang='lat' dir='ltr'><strong>nou</strong></span> <span class='ocrx_word' id='word_1_941' title='bbox 1152 2497 1299 2531; x_wconf 86' lang='lat' dir='ltr'><strong>patrocinio</strong></span> <span class='ocrx_word' id='word_1_942' title='bbox 1313 2497 1461 2524; x_wconf 80' lang='lat' dir='ltr'><strong>sanctitatis</strong></span> <span class='ocrx_word' id='word_1_943' title='bbox 1475 2505 1483 2524; x_wconf 87' lang='lat'><strong>:</strong></span> <span class='ocrx_word' id='word_1_944' title='bbox 1506 2503 1532 2524; x_wconf 92' lang='lat' dir='ltr'><strong>lu</strong></span> <span class='ocrx_word' id='word_1_945' title='bbox 1557 2498 1602 2525; x_wconf 85' lang='lat' dir='ltr'><strong>tibi</strong></span> <span class='ocrx_word' id='word_1_946' title='bbox 1625 2503 1750 2534; x_wconf 86' lang='lat' dir='ltr'><strong>tanquam</strong></span> 
     </span>
    </p>
   </div>
   <div class='ocr_carea' id='block_1_113' title="bbox 959 2543 1752 2578">
    <p class='ocr_par' dir='ltr' id='par_1_113' title="bbox 959 2543 1752 2578">
     <span class='ocr_line' id='line_1_113' title="bbox 959 2543 1752 2578; baseline 0 -7"><span class='ocrx_word' id='word_1_947' title='bbox 959 2548 1079 2571; x_wconf 82' lang='lat' dir='ltr'><strong>sanctum</strong></span> <span class='ocrx_word' id='word_1_948' title='bbox 1094 2543 1221 2578; x_wconf 87' lang='lat' dir='ltr'><strong>proponis</strong></span> <span class='ocrx_word' id='word_1_949' title='bbox 1236 2546 1264 2569; x_wconf 91' lang='lat' dir='ltr'><strong>ut</strong></span> <span class='ocrx_word' id='word_1_950' title='bbox 1279 2550 1390 2577; x_wconf 84' lang='lat' dir='ltr'><strong>pecces;</strong></span> <span class='ocrx_word' id='word_1_951' title='bbox 1415 2551 1467 2570; x_wconf 94' lang='lat' dir='ltr'><strong>non</strong></span> <span class='ocrx_word' id='word_1_952' title='bbox 1490 2543 1603 2570; x_wconf 86' lang='lat' dir='ltr'><strong>imitaris</strong></span> <span class='ocrx_word' id='word_1_953' title='bbox 1617 2544 1676 2578; x_wconf 88' lang='lat' dir='ltr'><strong>ejus</strong></span> <span class='ocrx_word' id='word_1_954' title='bbox 1690 2553 1752 2571; x_wconf 82' lang='lat' dir='ltr'><strong>san-</strong></span> 
     </span>
    </p>
   </div>
   <div class='ocr_carea' id='block_1_114' title="bbox 959 2587 1751 2624">
    <p class='ocr_par' dir='ltr' id='par_1_114' title="bbox 959 2587 1751 2624">
     <span class='ocr_line' id='line_1_114' title="bbox 959 2587 1751 2624; baseline 0.001 -9"><span class='ocrx_word' id='word_1_955' title='bbox 959 2588 1077 2616; x_wconf 89' lang='lat' dir='ltr'><strong>ctitatctn</strong></span> <span class='ocrx_word' id='word_1_956' title='bbox 1091 2609 1098 2621; x_wconf 92' lang='lat'><strong>,</strong></span> <span class='ocrx_word' id='word_1_957' title='bbox 1114 2587 1160 2614; x_wconf 88' lang='lat' dir='ltr'><strong>sed</strong></span> <span class='ocrx_word' id='word_1_958' title='bbox 1177 2588 1289 2614; x_wconf 83' lang='lat' dir='ltr'><strong>imitaris</strong></span> <span class='ocrx_word' id='word_1_959' title='bbox 1304 2587 1417 2614; x_wconf 80' lang='lat' dir='ltr'><strong>mittant.</strong></span> <span class='ocrx_word' id='word_1_960' title='bbox 1436 2587 1492 2614; x_wconf 85' lang='lat' dir='ltr'><strong>Hoc</strong></span> <span class='ocrx_word' id='word_1_961' title='bbox 1508 2596 1582 2615; x_wconf 82' lang='lat' dir='ltr'><strong>antas</strong></span> <span class='ocrx_word' id='word_1_962' title='bbox 1604 2589 1630 2615; x_wconf 93' lang='lat' dir='ltr'><strong>in</strong></span> <span class='ocrx_word' id='word_1_963' title='bbox 1648 2589 1729 2616; x_wconf 77' lang='lat' dir='ltr'><strong>David</strong></span> <span class='ocrx_word' id='word_1_964' title='bbox 1742 2610 1751 2624; x_wconf 82' lang='lat'><strong>,</strong></span> 
     </span>
    </p>
   </div>
   <div class='ocr_carea' id='block_1_115' title="bbox 959 2632 1752 2668">
    <p class='ocr_par' dir='ltr' id='par_1_115' title="bbox 959 2632 1752 2668">
     <span class='ocr_line' id='line_1_115' title="bbox 959 2632 1752 2668; baseline 0 -7"><span class='ocrx_word' id='word_1_965' title='bbox 959 2634 1030 2668; x_wconf 86' lang='lat' dir='ltr'><strong>quod</strong></span> <span class='ocrx_word' id='word_1_966' title='bbox 1047 2634 1073 2660; x_wconf 92' lang='lat' dir='ltr'><strong>in</strong></span> <span class='ocrx_word' id='word_1_967' title='bbox 1087 2640 1116 2660; x_wconf 88' lang='lat' dir='ltr'><strong>se</strong></span> <span class='ocrx_word' id='word_1_968' title='bbox 1131 2633 1188 2659; x_wconf 90' lang='lat' dir='ltr'><strong>odit</strong></span> <span class='ocrx_word' id='word_1_969' title='bbox 1200 2632 1280 2660; x_wconf 86' lang='lat' dir='ltr'><strong>David</strong></span> <span class='ocrx_word' id='word_1_970' title='bbox 1291 2633 1301 2648; x_wconf 86' lang='lat'><strong><em>‘</em></strong></span> <span class='ocrx_word' id='word_1_971' title='bbox 1314 2641 1321 2658; x_wconf 91' lang='lat'><strong>:</strong></span> <span class='ocrx_word' id='word_1_972' title='bbox 1335 2640 1470 2667; x_wconf 71' lang='lat' dir='ltr'><strong>praeparas</strong></span> <span class='ocrx_word' id='word_1_973' title='bbox 1483 2638 1508 2659; x_wconf 89' lang='lat' dir='ltr'><strong>te</strong></span> <span class='ocrx_word' id='word_1_974' title='bbox 1520 2633 1553 2659; x_wconf 88' lang='lat' dir='ltr'><strong>ad</strong></span> <span class='ocrx_word' id='word_1_975' title='bbox 1567 2634 1730 2667; x_wconf 53' lang='lat' dir='ltr'><strong>peccandum</strong></span> <span class='ocrx_word' id='word_1_976' title='bbox 1742 2655 1752 2668; x_wconf 87' lang='lat'><strong>,</strong></span> 
     </span>
    </p>
   </div>
   <div class='ocr_carea' id='block_1_116' title="bbox 960 2677 1752 2714">
    <p class='ocr_par' dir='ltr' id='par_1_116' title="bbox 960 2677 1752 2714">
     <span class='ocr_line' id='line_1_116' title="bbox 960 2677 1752 2714; baseline 0 -8"><span class='ocrx_word' id='word_1_977' title='bbox 960 2679 1080 2714; x_wconf 83' lang='lat' dir='ltr'><strong>dispmtis</strong></span> <span class='ocrx_word' id='word_1_978' title='bbox 1106 2685 1237 2713; x_wconf 85' lang='lat' dir='ltr'><strong>peccare:</strong></span> <span class='ocrx_word' id='word_1_979' title='bbox 1260 2677 1358 2705; x_wconf 82' lang='lat' dir='ltr'><strong>librum</strong></span> <span class='ocrx_word' id='word_1_980' title='bbox 1384 2677 1431 2705; x_wconf 90' lang='lat' dir='ltr'><strong>Dei</strong></span> <span class='ocrx_word' id='word_1_981' title='bbox 1455 2681 1484 2704; x_wconf 92' lang='lat' dir='ltr'><strong>ut</strong></span> <span class='ocrx_word' id='word_1_982' title='bbox 1505 2685 1599 2712; x_wconf 87' lang='lat' dir='ltr'><strong>pecces</strong></span> <span class='ocrx_word' id='word_1_983' title='bbox 1623 2679 1752 2714; x_wconf 85' lang='lat' dir='ltr'><strong>inspicis;</strong></span> 
     </span>
    </p>
   </div>
   <div class='ocr_carea' id='block_1_117' title="bbox 993 2755 1751 2791">
    <p class='ocr_par' dir='ltr' id='par_1_117' title="bbox 993 2755 1751 2791">
     <span class='ocr_line' id='line_1_117' title="bbox 993 2755 1751 2791; baseline 0.001 -11"><span class='ocrx_word' id='word_1_984' title='bbox 993 2757 1011 2791; x_wconf 41' lang='grc' dir='ltr'><strong>ί.</strong></span> <span class='ocrx_word' id='word_1_985' title='bbox 1021 2755 1161 2791; x_wconf 28' lang='grc' dir='ltr'>Εάιιηιπιιιιε</span> <span class='ocrx_word' id='word_1_986' title='bbox 1303 2759 1330 2781; x_wconf 81' lang='lat' dir='ltr'><strong>At</strong></span> <span class='ocrx_word' id='word_1_987' title='bbox 1346 2758 1399 2791; x_wconf 66' lang='lat' dir='ltr'><strong>uss.</strong></span> <span class='ocrx_word' id='word_1_988' title='bbox 1418 2761 1509 2791; x_wconf 73' lang='lat' dir='ltr'><strong>magno</strong></span> <span class='ocrx_word' id='word_1_989' title='bbox 1522 2761 1643 2791; x_wconf 79' lang='lat' dir='ltr'><strong>consensu</strong></span> <span class='ocrx_word' id='word_1_990' title='bbox 1661 2756 1751 2791; x_wconf 69' lang='lat' dir='ltr'><strong>ferunt,</strong></span> 
     </span>
    </p>
   </div>
   <div class='ocr_carea' id='block_1_118' title="bbox 960 2786 1753 2818">
    <p class='ocr_par' dir='ltr' id='par_1_118' title="bbox 960 2786 1753 2818">
     <span class='ocr_line' id='line_1_118' title="bbox 960 2786 1753 2818; baseline -0.001 -5"><span class='ocrx_word' id='word_1_991' title='bbox 960 2787 1025 2813; x_wconf 78' lang='lat' dir='ltr'><strong>male</strong></span> <span class='ocrx_word' id='word_1_992' title='bbox 1035 2788 1167 2818; x_wconf 76' lang='lat' dir='ltr'><strong>audierues&#39;.</strong></span> <span class='ocrx_word' id='word_1_993' title='bbox 1180 2787 1307 2818; x_wconf 79' lang='lat' dir='ltr'><strong>tntellige,</strong></span> <span class='ocrx_word' id='word_1_994' title='bbox 1322 2786 1362 2811; x_wconf 89' lang='lat' dir='ltr'><strong>vel</strong></span> <span class='ocrx_word' id='word_1_995' title='bbox 1382 2786 1424 2818; x_wconf 88' lang='lat' dir='ltr'><strong>qui</strong></span> <span class='ocrx_word' id='word_1_996' title='bbox 1441 2786 1524 2818; x_wconf 83' lang='lat' dir='ltr'><strong>verbis</strong></span> <span class='ocrx_word' id='word_1_997' title='bbox 1538 2787 1695 2818; x_wconf 73' lang='lat' dir='ltr'><strong>castigantur,</strong></span> <span class='ocrx_word' id='word_1_998' title='bbox 1715 2789 1753 2816; x_wconf 70' lang='lat' dir='ltr'><strong>vel</strong></span> 
     </span>
    </p>
   </div>
   <div class='ocr_carea' id='block_1_119' title="bbox 944 2816 1553 2850">
    <p class='ocr_par' dir='ltr' id='par_1_119' title="bbox 944 2816 1553 2850">
     <span class='ocr_line' id='line_1_119' title="bbox 944 2816 1553 2850; baseline -0.007 -5"><span class='ocrx_word' id='word_1_999' title='bbox 944 2842 947 2845; x_wconf 93' lang='lat'><strong>.</strong></span> <span class='ocrx_word' id='word_1_1000' title='bbox 961 2820 1003 2850; x_wconf 88' lang='lat' dir='ltr'><strong>qui</strong></span> <span class='ocrx_word' id='word_1_1001' title='bbox 1014 2818 1043 2850; x_wconf 14' lang='lat' dir='ltr'><strong>id?</strong></span> <span class='ocrx_word' id='word_1_1002' title='bbox 1051 2816 1158 2849; x_wconf 78' lang='lat' dir='ltr'><strong>exempli</strong></span> <span class='ocrx_word' id='word_1_1003' title='bbox 1170 2824 1218 2842; x_wconf 90' lang='lat' dir='ltr'><strong>nou</strong></span> <span class='ocrx_word' id='word_1_1004' title='bbox 1228 2816 1358 2850; x_wconf 62' lang='lat' dir='ltr'><strong>salubriter</strong></span> <span class='ocrx_word' id='word_1_1005' title='bbox 1369 2816 1457 2850; x_wconf 61' lang='lat' dir='ltr'><strong>audire</strong></span> <span class='ocrx_word' id='word_1_1006' title='bbox 1463 2816 1553 2850; x_wconf 74' lang='lat' dir='ltr'><strong>solent.</strong></span> 
     </span>
    </p>
   </div>
   <div class='ocr_carea' id='block_1_120' title="bbox 963 2847 1753 2906">
    <p class='ocr_par' dir='ltr' id='par_1_120' title="bbox 963 2847 1753 2906">
     <span class='ocr_line' id='line_1_120' title="bbox 963 2847 1753 2906; baseline 0.003 -33"><span class='ocrx_word' id='word_1_1007' title='bbox 963 2847 1132 2906; x_wconf 38' lang='lat' dir='ltr'><strong>ﬁerique</strong></span> <span class='ocrx_word' id='word_1_1008' title='bbox 1143 2851 1207 2873; x_wconf 51' lang='lat' dir='ltr'><strong>tisse</strong></span> <span class='ocrx_word' id='word_1_1009' title='bbox 1218 2852 1267 2873; x_wconf 83' lang='lat' dir='ltr'><strong>Hoc</strong></span> <span class='ocrx_word' id='word_1_1010' title='bbox 1277 2854 1332 2873; x_wconf 84' lang='lat' dir='ltr'><strong>ama</strong></span> <span class='ocrx_word' id='word_1_1011' title='bbox 1342 2848 1368 2873; x_wconf 81' lang='lat' dir='ltr'><strong>in</strong></span> <span class='ocrx_word' id='word_1_1012' title='bbox 1379 2847 1470 2877; x_wconf 67' lang='lat' dir='ltr'><strong>valid,</strong></span> <span class='ocrx_word' id='word_1_1013' title='bbox 1481 2847 1545 2878; x_wconf 78' lang='lat' dir='ltr'><strong>quod</strong></span> <span class='ocrx_word' id='word_1_1014' title='bbox 1559 2854 1607 2873; x_wconf 78' lang='lat' dir='ltr'><strong>non</strong></span> <span class='ocrx_word' id='word_1_1015' title='bbox 1623 2847 1648 2873; x_wconf 81' lang='lat' dir='ltr'><strong>in</strong></span> <span class='ocrx_word' id='word_1_1016' title='bbox 1667 2856 1692 2875; x_wconf 73' lang='lat' dir='ltr'><strong>sc</strong></span> <span class='ocrx_word' id='word_1_1017' title='bbox 1704 2848 1753 2875; x_wconf 74' lang='lat' dir='ltr'><strong>edi!</strong></span> 
     </span>
    </p>
   </div>
   <div class='ocr_carea' id='block_1_121' title="bbox 1442 2918 1657 2959">
    <p class='ocr_par' dir='ltr' id='par_1_121' title="bbox 1442 2918 1657 2959">
     <span class='ocr_line' id='line_1_121' title="bbox 1442 2918 1657 2959; baseline 0 -10"><span class='ocrx_word' id='word_1_1018' title='bbox 1442 2918 1657 2959; x_wconf 70' lang='lat' dir='ltr'><strong>(Mx-mur.)</strong></span> 
     </span>
    </p>
   </div>
  </div>
