3968 6324
479 287 590 342 587

477 397 781 469 Scripturas
809 395 900 451 Dei
929 394 996 450 ad
1021 395 1126 450 hoc
1150 392 1306 450 audis
1333 434 1347 460 ,
1373 402 1434 449 ut
1460 393 1624 451 iacias
1648 395 1789 465 mind
1818 397 2065 467 displicet

477 493 588 549 Deo
615 511 629 546 :
663 492 767 546 hoc
789 503 896 546 non
921 487 1048 546 fecit
1070 487 1235 544 David
1259 505 1274 552 ;
1298 495 1580 557 correptus
1607 498 1684 543 cst
1715 506 1809 558 per
1831 490 2067 559 prophe-

475 581 579 636 ta'm
604 624 620 646 ,
654 596 760 635 nou
790 579 972 650 lapsus
996 587 1080 634 est
1108 579 1160 631 in
1189 577 1468 647 propheta.
1501 578 1604 631 Alii
1631 594 1762 633 vero
1787 579 2065 635 audientes

472 673 797 734 salubriter.
846 671 900 725 iu
945 683 1076 723 casu
1122 667 1275 722 fortis
1302 670 1318 699 ⁸
1368 667 1660 722 metiuntur
1702 669 2064 723 inﬁrmitatem
2101 675 2108 711 ί

471 778 621 818 suam
650 781 664 827 ;
692 773 747 817 et
771 763 913 832 quod
945 763 1163 814 damnat
1195 762 1334 815 Deus
1372 761 1611 816 devitarc
1651 762 1926 830 cupientes
1950 804 1964 828 ,
1997 761 2066 814 ab

427 825 438 902 Ὗ
474 825 694 924 aspectu
727 871 918 908 securo
945 854 1212 907 abstinent
1241 851 1424 909 oculos
1451 871 1465 906 :
1498 871 1603 932 non
1627 870 1720 908 eos
1749 854 1984 922 deﬁgunt
2010 854 2062 908 in

474 946 874 1017 pulchritudine
900 946 1077 998 curuis
1106 945 1296 998 aliena:
1321 987 1335 1009 ,
1369 958 1467 999 uec
1508 946 1714 1014 seipsos
1760 943 1960 997 faciunt
1997 943 2064 998 de

430 1057 438 1074 ·-
476 1053 726 1106 perversa
752 1036 1088 1103 simplicitate
1118 1051 1333 1089 securos
1357 1077 1372 1099 ,
1401 1051 1505 1088 non
1532 1035 1742 1097 dicunt;
1778 1035 1929 1089 Bono
1948 1035 2064 1088 aui-

480 1144 572 1183 nio
593 1127 792 1183 attendi
816 1169 832 1190 .
857 1127 1081 1196 beiﬁgue
1103 1126 1305 1180 attendi
1332 1167 1347 1192 ,
1374 1126 1441 1180 de
1461 1127 1722 1181 charitatc
1742 1125 1832 1181 diu
1854 1127 2056 1193 aspexi.

478 1220 787 1290 l‘roponun't
812 1218 956 1273 enim
985 1218 1084 1272 sibi
1114 1232 1296 1271 casum
1328 1203 1489 1270 David
1515 1258 1530 1279 ,
1561 1227 1615 1282 et
1653 1217 1720 1271 ad
1761 1217 1866 1272 hoc
1910 1216 2059 1270 illum

472 1326 722 1382 magnum
751 1309 933 1364 vident
957 1309 1216 1363 cecidisse
1240 1349 1254 1371 ,
1287 1319 1344 1362 ut
1376 1307 1522 1377 parvi
1550 1309 1720 1362 nolint
1747 1308 1931 1362 videre
1956 1323 2059 1362 un-

466 1404 536 1458 de
564 1403 769 1474 possint
791 1401 1002 1454 cadere.
1033 1400 1353 1469 Reprimunt
1381 1397 1523 1453 enim
1555 1400 1741 1452 oculos
1767 1414 1796 1452 a
1826 1398 2061 1466 petulan-

469 1495 538 1549 tia
568 1536 584 1560 ,
617 1509 723 1548 non
749 1507 810 1547 se
836 1491 991 1546 facile
1019 1490 1315 1559 adiungunt
1342 1530 1357 1553 ,
1390 1504 1496 1543 nou
1527 1490 1754 1544 miscent
1785 1505 1844 1544 se
1871 1487 2061 1542 mulieo

467 1587 614 1641 ribus
653 1585 881 1645 alienis,
932 1599 1037 1636 non
1088 1582 1267 1636 levant
1310 1584 1495 1637 oculos
1543 1579 1725 1635 fzicilcs
1775 1580 1843 1634 ad
1885 1580 2058 1635 aliena

465 1677 767 1740 mteniana,
812 1673 878 1729 ad
916 1674 1088 1728 aliena
1158 1672 1375 1727 solaria.
1420 1671 1496 1724 De
1540 1669 1696 1741 longe
1743 1669 1887 1725 enim
1931 1669 2060 1723 vidit

467 1765 635 1823 David
664 1767 808 1821 illam
832 1804 851 1830 ,
883 1764 934 1818 in
959 1779 1063 1834 qua
1090 1772 1276 1832 captus
1299 1772 1403 1816 est.
1450 1761 1639 1815 Mulier
1667 1763 1823 1830 longe
1849 1801 1866 1826 ,
1896 1759 2059 1816 libido
2111 1779 2116 1794 ί

466 1873 654 1930 prope.
686 1857 827 1912 Alibi
850 1866 966 1910 erat
994 1854 1135 1926 quod
1166 1855 1368 1909 videret
1391 1893 1407 1918 ,
1441 1854 1494 1908 iu
1528 1854 1618 1909 illo
1643 1853 1787 1908 unde
1816 1854 2055 1910 caderet.

463 1948 800 2009 Attendeuda
822 1958 902 2002 est
923 1962 1050 2016 ergo
1078 1946 1194 2000 haec
1219 1945 1502 2000 inﬁrmitas
1523 1947 1702 2000 carnis
1723 1985 1739 2010 ,
1766 1945 2056 2000 recordan-

461 2041 538 2100 da
566 2046 690 2096 sunt
714 2041 874 2096 verba
904 2038 1146 2108 Apostoli
1171 2079 1189 2102 ,
1221 2035 1341 2092 Non
1372 2053 1489 2108 ergo
1517 2048 1688 2109 regnet
1719 2047 1976 2108 peccatum
2005 2040 2058 2092 in

463 2146 624 2191 vestro
645 2133 848 2189 mortali
869 2146 1080 2202 corpore
1106 2131 1125 2201 (
1152 2130 1304 2186 Rom.
1328 2145 1378 2184 vi
1403 2170 1419 2196 ,
1449 2130 1517 2186 12
1542 2129 1581 2202 ).
1607 2129 1724 2184 Νοη
1749 2129 1881 2184 dixit
1906 2170 1920 2194 ,
1949 2145 2056 2185 non

415 2199 432 2204 ν
459 2230 574 2293 sit;
604 2225 701 2282 sed
725 2265 743 2294 ,
775 2241 882 2281 non
903 2199 1122 2300 regnet.
1147 2221 1288 2277 Inest
1315 2233 1594 2292 peccatum
1621 2265 1636 2284 ,
1672 2237 1793 2277 cum
1821 2221 2057 2277 delecta-

321 2347 330 2374 ι
392 2301 402 2394 ξ
459 2319 573 2384 ris;
599 2326 788 2390 regnat
808 2354 826 2380 ,
856 2316 903 2370 si
927 2315 1291 2371 consenseris.
1311 2313 1552 2384 Carnaiis
1574 2313 1894 2380 delectatio,
1919 2328 2057 2383 pra:-

397 2395 402 2406 ’
437 2411 643 2466 'sertim
673 2423 846 2480 usque
869 2407 936 2462 ad
977 2406 1160 2461 illicita
1205 2413 1261 2460 et
1309 2404 1482 2459 aliena
1529 2403 1874 2473 progrediens
1899 2444 1915 2471 ,
1947 2402 2056 2460 fre-

458 2501 631 2557 nanda
660 2508 744 2558 est
765 2538 780 2564 ,
824 2513 932 2554 non
973 2495 1269 2553 relaxanda
1295 2513 1310 2560 ;
1353 2496 1580 2565 imperio
1608 2494 1873 2550 domanda
1896 2536 1914 2561 ,
1943 2511 2052 2552 non

457 2595 510 2648 in
539 2593 767 2664 imperio
786 2589 1121 2645 collocanda.
1147 2586 1377 2643 Attende
1396 2601 1621 2642 securus
1645 2627 1659 2650 ,
1680 2587 1726 2642 si
1757 2602 1860 2640 non
1887 2585 2054 2643 habes

456 2684 599 2741 unde
650 2682 936 2738 movearis.
993 2680 1102 2736 Sed
1160 2679 1458 2748 respondes
1508 2697 1522 2731 :
1582 2678 1816 2736 Fortiter
1868 2689 2048 2736 teneo.

455 2775 719 2848 Numquid
746 2783 804 2830 tu
832 2773 1024 2830 fortior
1047 2787 1206 2843 quam
1238 2769 1410 2826 David
1434 2771 1459 2824 ?

523 2869 580 2926 4.
620 2867 887 2924 Admouet
906 2864 1070 2921 etiam
1096 2863 1188 2916 tali
1207 2861 1457 2932 exemplo
1481 2902 1496 2927 ,
1520 2877 1624 2915 non
1649 2877 1708 2917 se
1727 2878 2048 2934 quemquam

450 2960 653 3017 debere
674 2955 946 3012 extollere
989 2955 1042 3009 in
1091 2953 1360 3023 prosperis
1399 2951 1581 3006 rebus.
1606 2949 1758 3007 Multi
1786 2954 1931 3008 enim
1962 2969 2051 3008 ros

451 3052 703 3108 adversus
731 3049 920 3102 timent
944 3085 962 3111 ,
993 3060 1082 3101 res
1112 3057 1400 3114 prosperas
1444 3058 1548 3097 non
1591 3043 1800 3099 timent.
1833 3045 2050 3101 Pericu-

389 3183 394 3196 .
450 3140 614 3197 lusior
636 3147 718 3194 est
743 3153 831 3193 res
857 3151 1115 3208 prospera
1142 3135 1351 3199 animo,
1377 3151 1534 3205 quam
1559 3136 1782 3192 adversa
1806 3141 2043 3208 corpori.

451 3232 605 3288 Prius
630 3229 930 3299 corrumpit
956 3241 1210 3298 prospera
1239 3267 1256 3293 ,
1287 3234 1348 3282 ut
1384 3227 1617 3281 inveniat
1657 3228 1800 3298 quod
1838 3227 2048 3299 frangat

446 3321 693 3380 adversa.
723 3319 944 3377 Fratres
968 3318 1072 3375 mei
1097 3361 1112 3383 ,
1139 3317 1398 3374 adversus
1425 3317 1728 3373 felicitatem
1755 3321 1935 3374 acrius
1961 3322 2042 3374 vi-

445 3417 720 3488 gilandum
743 3426 851 3471 est.
892 3414 1183 3484 Propterea
1228 3411 1408 3466 videte
1451 3406 1900 3480 quemadmodum
1925 3415 2043 3468 elo-

443 3513 627 3590 quium
660 3512 751 3571 Dei
780 3511 833 3569 in
861 3522 1046 3568 nosm
1085 3505 1338 3565 felicitate
1385 3505 1535 3558 tollat
1581 3504 1735 3559 nobis
1776 3506 2042 3560 securita-

444 3623 549 3667 tem
581 3629 596 3667 :
628 3608 825 3665 Sereite
849 3646 864 3674 ,
894 3605 1064 3673 inquit
1087 3644 1102 3665 ,
1138 3601 1357 3655 Domino
1395 3598 1447 3653 in
1481 3598 1660 3653 timore
1682 3641 1696 3665 ,
1725 3606 1773 3654 et
1794 3597 2044 3655 exsaltate

441 3705 487 3758 ei
510 3718 625 3757 cum
657 3710 873 3754 tremore
911 3694 1103 3765 (Psal.
1134 3708 1213 3758 ιι,
1259 3691 1320 3745 Η
1358 3692 1398 3761 ).
1445 3692 1502 3745 in
1548 3691 1900 3747 exsultatione
1924 3733 1939 3757 ,
1981 3703 2037 3748 ut

441 3796 639 3867 gratias
666 3804 920 3863 agamus;
950 3789 1003 3843 in
1032 3798 1264 3841 tremore
1289 3827 1305 3848 ,
1338 3801 1405 3839 ne
1446 3784 1720 3840 cadamus.
1763 3785 1877 3841 lloc
1915 3803 2038 3854 pee-

441 3897 618 3943 catum
662 3897 772 3937 non
807 3881 933 3936 fecit
970 3876 1130 3933 David
1154 3917 1170 3940 ,
1215 3892 1337 3932 cum
1379 3886 1779 3946 persecutorem
1819 3877 2034 3933 S-it'ilcrn

443 3985 733 4053 pateretur.
763 3970 988 4043 Quando
1032 3967 1197 4024 David
1237 3975 1457 4022 sanctus
1490 3967 1711 4023 Saﬁietn
1761 3968 2049 4024 inimicum.

443 4071 741 4141 patiebatur
767 4107 782 4129 ,
810 4061 1025 4133 quando
1053 4059 1196 4115 illius
1221 4057 1687 4139 persecutionibus
1712 4060 2031 4129 agitabatur,

409 4189 411 4192 ·
441 4159 654 4234 quando
684 4172 779 4228 per
803 4154 1013 4209 diversa
1043 4148 1277 4230 fugiebat
1305 4163 1374 4202 ne
1395 4148 1448 4201 in
1474 4163 1662 4234 manus
1687 4149 2030 4217 ejusincide-

441 4229 613 4322 rei“
649 4249 774 4318 Reg.
825 4258 972 4308 xxiv,
1015 4229 1178 4305 δίει
1221 4254 1348 4294 xx“
1375 4281 1389 4304 ,
1426 4239 1464 4295 9
1493 4229 1684 4338 ),-°uon
1728 4243 2033 4338 concupivit

441 4344 667 4398 alienam
693 4379 709 4405 ,
737 4354 841 4393 nou
869 4335 1164 4390 adulterata
1187 4347 1353 4387 uxore
1381 4331 1575 4386 occidit
1602 4331 1796 4400 virum;
1820 4333 1950 4387 Erat
1976 4337 2031 4388 in

442 4436 749 4493 inﬁrmitate
778 4428 1133 4485 tribulationis
1158 4442 1268 4480 sua:
1300 4433 1450 4480 tanto
1474 4425 1529 4480 in
1561 4426 1726 4481 Deum
1755 4427 2028 4494 intentior,

442 4538 639 4597 quanto
665 4521 912 4577 miserior
935 4517 1236 4584 videbatur.
1258 4514 1401 4572 Utile
1424 4515 1674 4586 quiddam
1702 4527 1785 4572 est
1810 4518 2032 4573 tribula-

443 4621 518 4673 tio
542 4640 556 4681 ;
589 4617 720 4672 utile
747 4613 936 4669 medici
964 4614 1349 4667 ferramentum
1375 4651 1390 4675 ,
1418 4625 1576 4680 quam
1613 4611 1807 4666 diaboli
1853 4622 2029 4668 tenta-

441 4720 674 4765 mentniu
702 4709 743 4759 '.
771 4705 959 4760 Factus
978 4712 1061 4758 est
1085 4709 1306 4757 securus
1324 4701 1548 4756 devictis
1570 4702 1813 4757 hostibus
1832 4745 1847 4771 ,
1877 4720 2029 4773 pres-

438 4818 563 4859 sura
593 4799 763 4855 caruit
788 4837 804 4864 ,
838 4806 1015 4849 tumor
1042 4793 1296 4848 excrevit.
1328 4790 1483 4846 Valet
1524 4808 1653 4862 ergo
1691 4795 1791 4848 hoc
1838 4812 2026 4851 exem-

440 4894 582 4964 plum
614 4890 679 4945 ad
713 4888 762 4943 id
791 4927 809 4953 ,
837 4895 895 4940 ut
922 4887 1204 4941 timeamus
1231 4883 1554 4938 felicitatem.
1586 4882 1984 4940 Tribulationem
2008 4931 2023 4953 ,

440 4983 608 5053 inquit
635 5021 649 5044 ,
678 4988 724 5033 et
753 4978 978 5030 dolorem
1014 4973 1212 5038 iuveni,
1252 4983 1299 5026 et
1340 4989 1520 5026 nomen
1560 4973 1765 5028 Domini
1803 4976 2026 5032 invocavi

437 5076 455 5143 (
492 5073 636 5127 f’sal.
663 5085 809 5133 cxtv,
836 5068 891 5132 3,
921 5068 956 5121 4
977 5066 1017 5135 ).

507 5167 563 5221 5.
602 5161 709 5220 Sed
739 5163 932 5215 factum
961 5166 1046 5211 est
1075 5175 1088 5209 :
1122 5156 1352 5210 dixerim
1381 5155 1497 5209 hzec
1525 5158 1602 5210 eis
1630 5160 1716 5227 qui
1749 5176 1851 5213 non
1880 5177 2026 5215 com-

438 5256 697 5312 miserunt
773 5260 830 5305 ut
855 5248 1394 5320 vigilant..custodire
1433 5249 1788 5318 integritatem
1828 5269 1977 5306 suam
2005 5294 2022 5317 ,

436 5358 489 5402 ct
517 5362 637 5402 cum
666 5342 949 5398 attendunt
974 5354 1222 5409 magnum
1248 5341 1508 5395 cecidisse
1529 5382 1543 5402 ,
1594 5343 1737 5411 parvi
1780 5345 2021 5399 timeant.

438 5437 493 5494 Si
518 5451 645 5491 vero
671 5431 859 5504 aliquis
880 5430 993 5500 jam
1025 5429 1206 5498 lapsus
1235 5429 1349 5483 hate
1390 5430 1576 5499 audit,
1627 5442 1680 5486 ct
1727 5435 1923 5504 aliquid
1970 5438 2023 5491 in

502 5588 520 5618 τ
549 5589 622 5638 sic
646 5583 1135 5654 pratstantioresstss.
1153 5587 1216 5636 ,Αι
1237 5579 1370 5654 Fdd.,
1394 5579 1444 5630 in
1467 5595 1582 5654 9515‘"
1600 5583 1760 5654 (gnat

501 5653 522 5684 ς
551 5651 622 5700 sic
646 5644 750 5694 itas.
787 5651 841 5692 Αι
872 5651 966 5701 En,
1001 5649 1229 5697 tanquam
1264 5651 1431 5692 contra
1453 5644 1632 5694 dictboli
1662 5654 2018 5702 tantamtotam.

431 5722 565 5774 Lota,
577 5719 804 5774 tanquam
823 5704 999 5755 diaboli
1021 5710 1377 5754 (cntrmtentmit.

1722 287 1780 342 S.
1823 290 1862 342 A
1875 286 2188 344 UG‘USTINI
2229 289 2535 349 EPISCOPI

3666 311 3780 369 588

2173 406 2496 459 conscientia
2515 407 2638 461 mali
2651 419 2846 468 tenens
2869 429 2884 478 ;
2908 413 3070 471 verba
3095 419 3284 488 psalmi
3309 420 3466 495 hujus
3483 426 3766 485 advertat:

2171 495 2409 548 attendat
2457 498 2670 567 quidem
2715 504 3453 580 vulnerismagnitudincm,
3502 518 3596 572 scd
3651 537 3763 577 non

2169 582 2420 653 desperet
2449 589 2636 645 medici
2665 593 3018 666 maiestatem.
3049 600 3330 657 Peccatum
3359 621 3479 661 cmn
3509 609 3763 680 despera-

2133 674 2314 731 "tione
2329 701 2368 751 -,__
2383 691 2525 750 certa
2555 699 2719 737 mors.
2751 685 2918 743 Nemo
2940 705 3070 762 ergo
3094 692 3275 761 dicat,
3314 697 3370 752 Si
3408 700 3520 768 jam
3557 704 3757 774 aliquid

2170 769 2292 821 uiaii
2323 770 2421 824 feci
2448 813 2460 834 ,
2486 773 2595 841 jam
2621 775 2955 834 damnandus
2982 796 3098 836 sum
3131 802 3146 839 :
3189 785 3331 842 Deus
3376 791 3527 844 malis
3570 796 3763 848 talibus

2171 877 2273 915 non
2301 865 2564 933 ignoscit,
2599 885 2695 924 cur
2725 888 2830 926 non
2860 873 3000 929 addo
3028 890 3241 947 peccata
3273 887 3541 951 peccatis?
3593 887 3761 944 Fruar

2166 951 2271 1006 hoc
2297 958 2493 1010 s:rculo
2529 960 2579 1013 in
2623 962 2934 1033 voluptate,
2982 967 3034 1023 in
3076 969 3288 1026 lascivia
3312 1015 3330 1040 ,
3378 977 3430 1030 in
3470 981 3758 1048 cupiditate

2170 1044 2367 1100 nefaria
2401 1048 2547 1117 :jam
2574 1052 2779 1119 perdita
2807 1071 2904 1125 spe
2944 1062 3298 1129 reparationis
3320 1105 3336 1128 ,
3378 1067 3461 1121 vel
3507 1044 3610 1124 hoc
3658 1071 3757 1126 ha-

2168 1136 2319 1191 beam
2342 1141 2481 1208 qnod
2505 1143 2657 1197 video
2679 1187 2694 1210 ,
2723 1147 2767 1200 si
2797 1163 2903 1202 non
2938 1165 3149 1217 possum
3178 1152 3377 1212 habere
3405 1160 3544 1228 quod
3570 1163 3752 1218 credo.

2165 1225 2271 1282 iste
2300 1245 2427 1300 ergo
2459 1234 2693 1300 psalmus
2721 1278 2736 1301 ,
2766 1237 2902 1292 sicut
2925 1251 3111 1298 cautos
3141 1243 3268 1300 facit
3290 1262 3384 1302 eos
3409 1251 3498 1319 qui
3528 1267 3633 1306 non
3662 1269 3754 1308 ce-

2164 1318 2408 1374 ciderunt
2434 1363 2450 1385 ,
2497 1324 2577 1378 sic
2617 1327 2932 1396 desperatos
2971 1347 3090 1389 esse
3123 1351 3229 1389 non
3267 1338 3379 1392 vult
3415 1318 3503 1411 qui
3546 1344 3755 1399 cecide-

2166 1418 2290 1463 runt
2317 1413 2356 1465 ι.
2383 1412 2634 1484 Quisquis
2661 1421 2891 1486 peccasti
2915 1463 2932 1489 ,
2959 1431 3014 1478 et
3047 1424 3259 1482 dubitas
3295 1445 3454 1500 agere
3489 1435 3754 1502 peniten-

2166 1499 2291 1553 tiam
2346 1517 2444 1572 pro
2499 1514 2721 1574 peccato
2771 1519 2862 1565 tuo
2905 1512 3238 1584 desperando
3288 1499 3512 1578 salutem
3563 1534 3747 1593 tuam,

2162 1592 2285 1648 audi
2318 1595 2480 1651 David
2508 1609 2829 1666 gementem.
2870 1606 2954 1661 Ad
3002 1618 3054 1664 te
3097 1609 3303 1667 Nathau
3342 1615 3601 1687 propheta
3644 1592 3749 1675 non

2164 1693 2246 1737 est
2276 1687 2472 1741 missus
2496 1729 2511 1752 ,
2543 1689 2657 1759 ipse
2684 1691 2848 1749 David
2890 1695 2959 1751 ad
3002 1707 3054 1754 te
3100 1687 3296 1758 missus
3329 1713 3429 1759 est.
3461 1708 3599 1763 Audi
3626 1726 3750 1766 eum

2161 1776 2480 1833 clamantem
2511 1822 2526 1848 ,
2575 1791 2630 1836 et
2673 1787 2830 1840 simul
2882 1788 3094 1856 clama;
3140 1793 3262 1848 audi
3312 1808 3654 1867 gementem,
3697 1814 3752 1858 et

2163 1871 2539 1938 congemisce;
2571 1874 2692 1929 audi
2721 1876 2933 1934 llemem
2958 1922 2974 1949 ,
3015 1892 3070 1938 et
3108 1883 3370 1956 laerymas
3401 1889 3600 1962 junge;
3627 1896 3751 1950 audi

2161 1972 2465 2018 correctum
2491 2006 2508 2030 ,
2538 1974 2593 2020 et
2619 1968 3009 2028 condeiectare.
3037 1974 3092 2030 Si
3123 1976 3217 2032 tibi
3245 1993 3349 2033 non
3384 1984 3556 2052 potuit
3583 1984 3751 2042 inter-

2161 2052 2300 2107 cludi
2325 2067 2599 2125 peccatum
2625 2103 2641 2127 ,
2672 2077 2797 2134 spes
2815 2068 2985 2122 veniat
2999 2083 3109 2124 non
3127 2069 3528 2131 intercludatur.
3558 2075 3751 2134 Missus

2159 2154 2243 2198 est
2267 2145 2332 2199 ad
2366 2147 2521 2203 istum
2550 2151 2723 2208 virum
2762 2153 2976 2212 Nathan
3015 2160 3272 2230 propheta
3303 2182 3318 2218 :
3359 2167 3577 2224 attende
3609 2173 3752 2239 regis

2161 2233 2515 2294 humilitatem
2543 2244 2586 2297 '.
2614 2242 2728 2299 Non
2757 2250 2964 2319 respuit
3003 2253 3167 2310 verba
3206 2258 3561 2326 praecipientis
3583 2303 3601 2326 ,
3644 2233 3748 2320 non

2159 2325 2332 2395 dixit,
2361 2331 2541 2386 Audes
2567 2335 2695 2391 mihi
2725 2337 2869 2408 loqui
2897 2343 3055 2413 regi?
3099 2344 3212 2400 Rex
3243 2325 3486 2405 sublimis
3517 2355 3750 2424 prophe-

2160 2428 2265 2474 tam
2294 2423 2529 2495 audivit;
2561 2427 2715 2498 plebs
2737 2431 2856 2500 ejus
2892 2433 3110 2491 humilis
3133 2436 3405 2495 Christum
3436 2423 3639 2500 audiat.

2149 2567 2154 2572 .
2229 2515 2281 2570 6.
2324 2514 2493 2589 [vers.
2521 2518 2622 2592 5.]
2663 2522 2802 2579 Audi
2851 2539 2980 2596 ergo
3023 2527 3280 2597 haec,.et
3317 2532 3402 2588 die
3442 2549 3566 2591 cum
3612 2537 3746 2594 ilio:

2143 2581 2400 2682 :Mt'serere
2424 2611 2522 2674 iuri
2541 2654 2556 2676 ,
2585 2609 2754 2679 Deus,
2780 2618 3058 2673 secundant
3084 2637 3322 2693 magnam
3337 2625 3747 2702 __n_tisericordiam

2143 2683 2147 2702 .
2356 2699 2375 2702 _
2432 2701 2439 2702 ,

2131 2683 2314 2777 uitam.
2342 2699 2442 2768 Qui
2471 2717 2715 2773 magnam
2757 2707 3177 2767 misericordiam
3220 2689 3581 2786 deprecatur,
3628 2715 3760 2776 uia-ﬁ

2155 2773 2314 2857 gnam
2346 2792 2614 2849 miseriam
2653 2799 2956 2854 conﬁtetur.
2994 2802 3247 2869 Quterant
3275 2823 3492 2878 parvam
3532 2811 3744 2870 miscri-

2154 2879 2388 2934 cordiam
2417 2892 2559 2938 tuam
2581 2927 2596 2948 ,
2625 2885 2715 2956 qui
2743 2892 3033 2948 nesciendo
3056 2910 3443 2965 peccaverunt:
3470 2902 3742 2973 Miserere.

2154 2967 2358 3037 inquit,
2391 2975 2486 3052 mei
2507 3016 2525 3039 ,
2559 2982 2835 3036 secundum
2869 2967 3741 3056 Mmm’ns

2150 3061 2381 3118 Subveni
2399 3049 2554 3136 gravi
2583 3071 2788 3126 vulneri
2824 3049 3118 3131 sec—diidum
3145 3059 3392 3151 mdgnam
3419 3086 3740 3148 medicinam

2151 3163 2316 3207 tuam.
2366 3154 2540 3218 Grave
2581 3170 2664 3215 est
2701 3163 2844 3233 quod
2884 3165 3098 3236 habeo,
3139 3171 3237 3227 sed
3279 3173 3348 3229 ad
3390 3175 3739 3248 Omnipoten-

2150 3253 2256 3300 tem
2284 3247 2554 3320 confugio.
2591 3252 2665 3308 De
2710 3270 2834 3311 meo
2883 3265 2991 3315 tam
3038 3261 3224 3319 lcthali
3275 3268 3496 3325 vulnere
3543 3270 3737 3343 despe-

3351 3320 3361 3322 '
3389 3320 3451 3324 "‘
3469 3320 3492 3325 '
3550 3320 3706 3343 "'I"

2141 3320 2363 3403 itarem,
2412 3341 2517 3397 nisi
2564 3353 2769 3402 tantum
2818 3349 3084 3408 medicum
3139 3358 3450 3428 reperirem.
3498 3361 3736 3419 Miserere

2146 3431 2245 3483 mei
2265 3472 2281 3497 ,
2315 3429 2454 3486 Deus
2477 3477 2491 3499 ,
2519 3437 2800 3503 secundum
2843 3457 3080 3513 magna!"
3117 3449 3516 3518 misericordiam
3551 3466 3689 3528 (uagi
3717 3474 3734 3512 :

2144 3530 2195 3575 et
2255 3525 2530 3580 secundum
2571 3526 2980 3602 .multitudinem
3037 3539 3423 3606 miserationum
3487 3557 3686 3604 tuarum
3715 3590 3731 3615 ,

2143 3615 2254 3673 dele
2299 3618 2614 3692 iniquitatem
2659 3639 2842 3678 meam;
2893 3628 3044 3696 Quod
3094 3633 3211 3700 ait,
3263 3635 3375 3688 dele
3423 3638 3732 3708 init/nitatem

2142 3727 2303 3765 meum
2327 3755 2342 3778 ,
2376 3715 2476 3769 hoc
2501 3726 2582 3771 est
2606 3758 2622 3782 ,
2663 3721 2894 3774 miserere
2934 3721 3033 3778 nisi
3055 3765 3070 3788 ,
3121 3721 3274 3781 Deus.
3321 3726 3386 3782 Et
3425 3729 3565 3802 «ιιιυά
3616 3734 3729 3802 ait,

2139 3805 2415 3859 secundum
2478 3811 2850 3878 ngrattitudinem
2904 3816 3284 3874 miserationum
3329 3833 3575 3892 tuarum,
3628 3826 3732 3885 huc

2141 3905 2221 3948 est
2244 3937 2259 3961 ,
2328 3899 2601 3954 secundum
2652 3920 2886 3975 magnam
2937 3909 3332 3966 misericordiam
3385 3914 3546 3974 luam.
3592 3921 3729 3991 Quia

2141 4002 2329 4054 magna
2369 3998 2448 4043 est
2486 3993 2845 4049 misericordia
2873 4038 2888 4061 ,
2929 4000 3110 4054 multa:
3144 4014 3267 4057 sunt
3305 4007 3726 4079 misericordia;

2138 4087 2192 4130 et
2234 4080 2299 4131 de
2348 4095 2536 4150 magna
2583 4084 2948 4141 misericordia
2994 4098 3115 4155 tua,
3171 4097 3351 4151 multa:
3395 4108 3521 4154 sunt
3568 4104 3730 4159 mise-

2138 4169 2371 4223 rationes
2428 4180 2550 4228 tum.
2600 4177 2847 4230 Atlendis
2893 4190 3292 4253 contemptores
3344 4197 3400 4242 ut
3451 4191 3725 4262 corrigas,

2136 4262 2368 4317 attendis
2412 4267 2710 4321 nescientes
2759 4279 2841 4329 ut,
2875 4271 3070 4328 doceas
3097 4316 3111 4338 ,
3177 4281 3408 4334 attentlis
3465 4287 3727 4341 confitcn-

2139 4364 2218 4406 tes
2264 4365 2319 4408 ut
2358 4355 2620 4424 ignoscas.
2667 4359 2817 4416 Fecit
2859 4363 2962 4417 huc
2999 4369 3288 4423 nesciens?
3325 4373 3548 4439 Quidam
3588 4378 3728 4434 fece-

2135 4457 2219 4500 rat
2246 4448 2420 4516 aliqua
2441 4490 2456 4514 ,
2484 4460 2539 4504 ιιι
2564 4452 2726 4506 multa
2754 4456 2888 4508 mala
2922 4456 3158 4521 fecerat;
3184 4461 3583 4522 Miscricordiam
3603 4511 3618 4532 ,
3647 4472 3726 4526 in-

2133 4539 2248 4608 quit
2271 4581 2286 4606 ,
2313 4554 2607 4599 consecutus
2637 4561 2749 4598 sum
2772 4587 2787 4612 ,
2829 4550 2948 4617 quia
2972 4551 3212 4621 ignorans
3237 4558 3335 4626 [cci
3362 4557 3413 4612 in
3447 4559 3724 4618 increduli-

2134 4641 2235 4687 tate
2255 4633 2273 4704 (
2297 4633 2315 4686 ι
2346 4633 2476 4687 Tim.
2508 4652 2561 4698 ι,
2609 4637 2675 4692 15
2700 4636 2739 4707 ).
2787 4639 2890 4694 Istc
2930 4641 3097 4698 David
3138 4661 3242 4699 non
3271 4641 3465 4717 posset
3499 4652 3680 4710 dicere
3701 4698 3719 4722 ,

2132 4721 2386 4793 Ignorans
2417 4726 2532 4795 feci.
2569 4726 2682 4781 Non
2709 4729 2850 4782 enim
2882 4732 3157 4800 ignorabat
3194 4747 3449 4805 quantum
3482 4745 3608 4799 mali
3630 4762 3722 4800 es-

2132 4824 2213 4868 set
2241 4818 2592 4870 contrectatio
2615 4820 2857 4890 conjugis
2880 4823 3068 4876 aliena:
3091 4865 3106 4888 ,
3139 4836 3195 4880 et
3228 4843 3487 4898 quantum
3522 4837 3721 4894 malum

2131 4916 2270 4960 esset
2297 4906 2597 4961 interfectio
2622 4911 2797 4964 mariti
2828 4914 3150 4983 nescientis,
3179 4929 3234 4972 et
3263 4937 3363 4975 nec
3383 4925 3572 4980 saltem
3616 4929 3720 4982 ira.

2130 4996 2350 5050 secutis.
2398 4997 2812 5069 Consequuntur
2859 5019 2988 5072 ergo
3039 5007 3456 5068 misericordiam
3511 5015 3718 5074 Domini

2129 5087 2219 5155 qui
2244 5088 2548 5158 ignorantes
2579 5091 2819 5146 fecerunt
2842 5108 2855 5157 ;
2886 5103 2942 5148 et
2967 5097 3058 5165 qui
3088 5099 3322 5156 scientes
3344 5142 3360 5168 ,
3383 5119 3720 5176 consequun-

2129 5187 2218 5232 tur
2245 5195 2348 5233 non
2399 5181 2748 5250 qualemiibct
2798 5183 3261 5258 misericordiam,
3311 5192 3409 5247 sed
3472 5212 3719 5268 magnam

2130 5271 2569 5326 misericordiam.
2835 5327 2846 5360 ἱ

2201 5362 2253 5416 7.
2284 5362 2434 5434 [vers.
2467 5362 2545 5438 4.]
2591 5363 2761 5436 Magis
2785 5370 3044 5440 magisque
3083 5372 3199 5444 lgna
3253 5393 3333 5429 me
3365 5380 3430 5432 ab
3466 5380 3719 5452 injustitia

2127 5469 2255 5506 mea.
2283 5452 2418 5520 Quid
2445 5466 2548 5519 est,
2578 5455 2749 5528 Magis
2777 5461 3177 5532 magisquejgva
3198 5465 3226 5518 2
3279 5467 3497 5525 Multum
3538 5474 3716 5545 inqui-

2192 5590 2208 5658 ξ
2244 5596 2422 5658 Decem
2437 5596 2567 5650 Mss,
2589 5590 2660 5643 ita
2681 5591 2824 5658 erigit
2841 5607 2921 5644 eos
2941 5595 3026 5658 qui
3044 5593 3343 5650 ceciderim.

2191 5652 2209 5680 ²
2243 5653 2466 5762 Plerique
2501 5658 2626 5702 Mssa
2649 5652 2846 5704 Attende
2875 5652 3014 5720 η’άηί
3045 5659 3333 5711 superbiam.
3358 5668 3490 5715 Duo:
3511 5669 3714 5722 Attende

2205 5725 2348 5762 super
2379 5728 2466 5762 ius.

2127 5722 2187 5761 ire
2205 5722 2466 5774 superatas.
