3968 6422
224 461 325 519 539
950 422 964 448 ι

220 587 427 633 ιιιιιιιιιι.
475 570 638 642 ὶῐεεῑε
690 568 965 639 magisque
1009 566 1126 619 lava
1173 571 1388 632 peccata
1433 558 1676 622 scicntis,
1718 558 1806 626 qui

221 666 432 724 abluisti
482 672 700 736 peccata
730 658 1043 732 ignorantis.
1069 657 1179 712 Nec
1211 655 1290 710 sic
1316 651 1720 721 desperandum
1748 649 1816 702 de

224 755 589 814 misericordia
635 764 741 808 tua.
804 751 869 825 Et
902 768 932 802 a
980 749 1163 803 delicto
1201 762 1309 799 meo
1349 744 1540 796 ntunda
1578 759 1674 818 me.
1704 741 1821 807 Quo

226 849 453 905 merito?
471 845 705 902 Medicus
725 853 829 906 est,
859 843 995 896 oll'er
1011 837 1313 894 mercedem
1346 853 1358 888 :
1393 835 1532 888 Deus
1550 842 1654 897 est,
1684 832 1818 884 oti'er

225 942 564 998 sacriﬁcium.
614 937 751 1006 Quid
799 934 953 988 dabis
1005 942 1062 986 ut
1111 927 1423 984 munderis?
1491 924 1626 979 Vide
1676 923 1820 977 enim

227 1037 384 1102 quem
409 1033 659 1098 itioees;
699 1029 901 1098 justum
936 1026 1153 1078 invocas
1183 1039 1198 1074 :
1227 1019 1336 1074 odit
1370 1024 1611 1087 peccata,
1643 1014 1688 1068 si
1728 1013 1822 1082 ju-

221 1139 338 1180 stus
363 1133 479 1188 est;
507 1121 744 1178 vindieat
770 1119 824 1173 in
857 1127 1094 1187 peccata,
1135 1113 1182 1168 si
1203 1112 1382 1182 justus
1412 1117 1534 1172 est;
1575 1121 1682 1158 non
1725 1119 1823 1174 p0-

226 1217 358 1273 teris
391 1215 606 1270 auferre
631 1229 665 1267 a
699 1212 926 1266 Domino
969 1209 1080 1264 Deo
1113 1206 1375 1275 justitiam
1412 1202 1550 1270 ejus.
1595 1198 1825 1266 implora

229 1305 678 1370 misericordiam,
721 1302 814 1358 sed
858 1297 1079 1355 attende
1118 1295 1378 1364 justitiam
1411 1308 1425 1344 :
1458 1287 1824 1344 misericordia

226 1407 311 1454 est
333 1406 392 1453 ut
414 1398 654 1467 ignoscat
690 1391 951 1464 peceanti.
989 1388 1196 1458 justitia
1217 1393 1302 1438 est
1327 1391 1385 1436 nt
1413 1381 1596 1451 puniat
1633 1392 1824 1448 pecca-

228 1502 363 1546 tum.
413 1488 551 1557 Quid
577 1486 749 1558 ergo?
794 1483 1003 1550 Qu:eris
1050 1476 1495 1538 misericordiam,
1543 1481 1823 1542 peccatum

229 1581 548 1650 impunitum
592 1574 924 1632 remanebit?
954 1569 1309 1641 Responderit
1348 1564 1532 1625 David,
1604 1577 1828 1629 respon-

229 1671 409 1726 derint
433 1671 591 1740 lapsi,
651 1663 1028 1735 responderint
1071 1675 1193 1716 cum
1223 1656 1444 1716 'David,
1497 1663 1555 1707 ut
1599 1653 1822 1705 miseri-

227 1761 467 1816 cordiam
519 1767 827 1814 mereantur
879 1756 1021 1810 sicut
1079 1749 1264 1810 David.
1316 1757 1372 1802 et
1443 1745 1656 1808 dicant,
1709 1741 1827 1798 Non

229 1854 480 1918 Domine,
527 1868 632 1906 non
659 1850 763 1906 erit
789 1846 1110 1917 impunitum
1148 1849 1423 1912 peccatum
1456 1851 1675 1891 meum:
1708 1834 1829 1887 novi

224 1948 486 2017 justitiam
511 1948 629 2014 ejus
647 1984 661 2008 ,
692 1941 847 2012 cujus
866 1952 1050 2009 quaero
1075 1930 1500 1990 misericordiam
1528 1946 1541 1983 :
1575 1943 1684 1980 non
1731 1927 1832 1980 itu-

229 2039 475 2109 punitum
506 2036 630 2101 erit,
673 2032 768 2088 sed
796 2032 916 2092 ideo
950 2028 1077 2082 nolo
1125 2034 1184 2097 ut
1218 2034 1274 2078 tu
1314 2036 1400 2077 me
1449 2020 1658 2089 punias,
1707 2019 1830 2086 quia

228 2144 332 2200 ego
365 2137 640 2200 peceatum
671 2137 851 2180 meum
883 2121 1084 2192 punio;
1133 2116 1255 2171 ideo
1301 2124 1428 2185 peto
1466 2121 1524 2166 ut
1561 2111 1829 2180 ignoscas,

228 2222 352 2292 quia
380 2234 483 2287 ego
505 2230 760 2288 agimsqo.

303 2313 359 2367 8.
388 2309 559 2385 [ναι.
582 2307 663 2381 5.]
684 2291 964 2375 {Quoniam
985 2302 1300 2374 iniquitatem
1342 2313 1506 2351 meam
1540 2312 1631 2365 ego
1672 2309 1834 2366 agno-

229 2412 338 2470 sco‘,
370 2384 420 2457 et
448 2402 688 2456 delictum
715 2413 882 2453 meum
904 2411 1079 2450 coram
1115 2408 1197 2445 me
1233 2398 1306 2444 est
1337 2403 1558 2456 semper.
1594 2384 1714 2440 Non
1740 2399 1834 2454 po-

234 2493 319 2548 sui
353 2502 473 2562 post
495 2492 716 2546 dorsum
746 2502 926 2543 meum
955 2483 1096 2554 quod
1136 2481 1261 2547 feci,
1309 2493 1418 2533 non
1455 2478 1670 2538 intueor
1697 2473 1834 2527 alios

231 2585 436 2639 oblitus
451 2581 578 2647 mei,
608 2595 714 2634 non
741 2577 935 2632 allecto
954 2575 1202 2645 stipulam
1224 2570 1423 2640 ejicere
1449 2567 1518 2634 de
1543 2566 1700 2621 oculo
1722 2563 1834 2618 fra-

235 2675 334 2727 tris
360 2672 485 2738 mei,
513 2687 633 2726 cum
664 2670 734 2723 sit
755 2668 935 2722 trabes
971 2666 1022 2718 in
1049 2663 1206 2717 oculo
1236 2676 1356 2714 meo
1379 2657 1591 2731 (Matth.
1614 2672 1708 2722 vn,
1733 2655 1788 2727 5)
1817 2672 1832 2708 :

234 2773 514 2833 peccatum
547 2776 726 2815 meum
752 2768 874 2812 ante
892 2773 978 2810 me
1001 2765 1101 2817 est,
1125 2769 1231 2808 non
1256 2760 1375 2819 post
1402 2765 1505 2824 me.
1542 2747 1665 2801 Fuit
1690 2747 1832 2800 enim

236 2864 360 2923 post
401 2870 486 2908 me
514 2851 729 2923 quando
756 2849 824 2903 ad
856 2863 944 2902 me
973 2846 1166 2900 missus
1197 2853 1280 2896 est
1329 2839 1624 2909 Propheta,
1667 2848 1723 2890 et
1768 2836 1836 2889 de

231 2962 338 3003 ove
372 2945 622 3016 pauperis
647 2940 1050 2998 similitudinem
1079 2934 1210 2989 mihi
1249 2930 1543 3002 proposuit.
1578 2928 1669 3008 Ait
1693 2926 1838 2981 enim

188 3073 208 3090 ι
229 3005 445 3105 mn
470 3005 730 3108 propheta
759 3032 824 3087 ad
855 3029 1020 3085 David
1052 3046 1065 3081 :
1099 3026 1228 3082 Erat
1250 3023 1387 3078 dives
1408 3005 1619 3091 quidam
1648 3018 1838 3072 habens

233 3131 488 3205 plurimas
505 3143 619 3182 oues
638 3144 660 3192 ,'
687 3141 883 3198 pauper
902 3132 1070 3176 autent
1095 3119 1288 3172 vicinus
1307 3117 1423 3200 ejus
1443 3115 1657 3168 habebat
1682 3127 1840 3166 unum

231 3194 510 3288 'osiculant,
540 3194 698 3291 quam
715 3219 769 3272 in
795 3194 914 3271 sinu
950 3231 1044 3269 suo
1079 3223 1127 3266 et
1166 3212 1231 3264 de
1253 3227 1348 3265 suo
1383 3194 1494 3274 cibo
1538 3206 1791 3262 nutriebat
1815 3219 1840 3264 :

234 3317 372 3372 venit
399 3317 582 3383 hospes
619 3311 762 3365 diuiti
785 3325 804 3372 ,°
839 3308 969 3363 nihil
997 3307 1250 3376 degrege
1284 3319 1378 3357 suo
1406 3301 1636 3383 abstulit,
1666 3301 1840 3383 ovicu-

234 3408 342 3461 ιω
364 3404 514 3460 vicini
533 3400 771 3474 pauperis
803 3397 1110 3467 concupivit,
1135 3398 1304 3464 ipsum
1333 3409 1426 3446 suo
1465 3378 1656 3462 hospiti
1697 3381 1837 3444 occi-

235 3500 316 3554 dit
342 3513 363 3553 :
391 3496 514 3566 quid
529 3496 712 3567 dignus
735 3492 844 3547 est?
863 3492 930 3546 At
950 3489 1042 3544 ille
1065 3485 1267 3558 profert
1293 3483 1461 3556 iratus
1481 3483 1802 3536 sententiam
1823 3499 1836 3534 :

235 3593 400 3661 plane
439 3598 572 3642 tunc
607 3601 700 3640 rex
731 3583 979 3638 nesciens
1009 3581 1094 3633 ubi
1117 3586 1303 3647 captus
1329 3577 1539 3637 esset‘,
1561 3582 1735 3628 morte
1755 3573 1839 3626 di—

235 3700 406 3755 gnum
435 3681 657 3736 divitem
687 3677 848 3742 dixit,
890 3683 946 3729 et
971 3672 1130 3727 ovem
1159 3668 1486 3725 reddendam
1521 3667 1574 3719 in
1602 3665 1842 3735 quadrn-

237 3780 394 3847 plum
417 3775 482 3847 (ll
511 3772 643 3843 Iteg.
673 3786 770 3834 xu,
791 3767 940 3836 2-6).
968 3763 1323 3820 Severissime
1344 3769 1501 3826 atque
1521 3757 1838 3826 justissima.

237 3871 347 3926 Sed
382 3875 657 3938 peccatum
678 3863 795 3932 ejus
825 3859 1060 3913 nondum
1091 3865 1208 3911 erat
1231 3869 1413 3908 coram
1443 3868 1530 3915 eo,
1568 3861 1688 3920 post
1710 3850 1840 3903 dor-

237 3978 363 4016 sum
403 3968 521 4013 erat
561 3955 706 4027 quod
757 3953 1177 4008 fecerat:suam
1220 3945 1554 4014 iniquitatem
1603 3941 1839 3995 nondum

238 4050 590 4120 agnoscebat,
621 4055 680 4102 et
709 4044 831 4100 ideo
853 4044 1042 4096 alieme
1069 4053 1177 4092 non
1207 4035 1538 4106 ignoscebat.
1568 4033 1673 4086 Sed
1705 4033 1838 4087 Pro-

243 4143 406 4214 pheta
436 4138 502 4193 ad
539 4139 644 4191 hoc
679 4135 896 4193 missus,
925 4129 1146 4183 abstulit
1174 4145 1202 4180 a
1231 4126 1394 4180 dorso
1440 4133 1742 4193 peccaturo,
1790 4131 1846 4176 et

240 4244 372 4293 ante
402 4232 587 4288 oculos
609 4229 811 4304 posuit,
857 4233 916 4278 ut
936 4223 1146 4277 videret
1179 4220 1324 4273 illam
1363 4217 1684 4271 sententiam
1739 4223 1843 4269 tam

143 4310 166 4348 ’-
230 4305 658 4402 ἀπηρξξῴ
680 4335 802 4397 esse
823 4318 1110 4396 prolatam.
1145 4311 1225 4368 Ad
1253 4310 1544 4366 secandum
1568 4318 1622 4363 et
1649 4321 1846 4362 sanan-

205 4445 210 4460 τ
238 4397 955 4498 ῦέι-ᾠ ῃᾞᾳῇτᾲὶευμιβ,
1003 4406 1390 4474 ferramentum
1421 4400 1547 4455 fecit
1571 4400 1639 4453 de
1667 4401 1844 4468 lingua

212 4549 214 4552 -
241 4492 674 4582 ejt—isflljeeifecit
693 4505 954 4561 Dominus
969 4498 1195 4564 ludatis,
1219 4494 1432 4565 quando
1452 4492 1519 4547 ad
1546 4508 1666 4547 eum
1691 4492 1844 4546 adul-

211 4585 214 4592 ’
247 4617 421 4664 Iuram
460 4602 740 4658 mulierem
780 4596 1146 4655 adduxerunt,
1193 4593 1557 4659 proponentes
1599 4584 1848 4655 laqueum

248 4691 586 4756 tentationis,
614 4697 670 4744 et
697 4689 750 4742 in
773 4687 824 4742 id
845 4684 987 4756 quod
1015 4687 1407 4752 proposuerant
1433 4674 1756 4730 incidentes.
1784 4673 1850 4727 In

244 4786 524 4854 ad'dtgjo,
557 4780 824 4852 inquiunt,
858 4774 968 4832 hac
994 4774 1176 4828 mulier
1200 4771 1514 4840 deprehensa
1551 4778 1624 4821 est
1651 4782 1671 4820 :
1697 4765 1850 4837 Moy-

200 4879 224 4903 "
246 4893 328 4934 ses
358 4873 654 4947 hujusmodi
675 4869 894 4942 lapidari
925 4867 1112 4934 iussit;
1145 4874 1200 4917 tu
1247 4864 1309 4915 de
1335 4861 1428 4914 illa
1470 4858 1597 4932 quid
1637 4857 1854 4912 censes?

246 4983 505 5040 tanquam
533 4962 737 5032 bicipiti
765 4959 1057 5027 muscipula
1101 4963 1368 5009 tentantes
1397 4966 1590 5020 capere
1617 4949 1849 5018 Sapien-

248 5067 381 5121 tiam
407 5061 526 5124 Dei,
567 5069 628 5114 ut
654 5058 698 5111 si
720 5055 933 5125 juberet
965 5049 1160 5111 occidi,
1193 5046 1442 5118 perderet
1479 5042 1850 5098 mansuetudi-

246 5161 335 5218 nis
368 5157 563 5211 famam
590 5167 605 5216 ;
638 5151 879 5206 siautem
895 5143 1112 5215 juberet
1132 5139 1351 5203 dimitti,
1378 5138 1700 5217 incurreret,
1726 5143 1852 5188 tan-

243 5265 414 5322 quam
471 5242 831 5316 reprehensor
873 5237 1026 5307 legis,
1083 5230 1474 5287 calumniam'.
1533 5225 1670 5293 Quid
1723 5241 1853 5293 ergo

246 5316 714 5408 respondit‘tNon
741 5331 837 5395 ait,
862 5325 1102 5384 Occidite
1123 5341 1136 5388 ;
1159 5339 1266 5376 non
1295 5322 1388 5385 ait,
1423 5319 1681 5373 Dimittite
1711 5335 1724 5372 :
1756 5316 1851 5372 Sed

244 5434 342 5494 ait,
385 5428 489 5497 Qui
509 5443 563 5480 se
585 5412 678 5480 scit
705 5423 815 5476 sine
849 5426 1050 5490 peccato
1078 5431 1207 5480 esse,
1237 5414 1430 5484 primus
1457 5411 1509 5462 in
1531 5409 1676 5463 illam
1718 5408 1857 5476 lapi-

171 5563 178 5572 ..
247 5523 365 5577 dem
383 5520 566 5592 jiciat.
592 5515 745 5572 Justa
781 5512 895 5571 lex,
940 5525 1060 5580 quae
1091 5507 1248 5577 jubet
1297 5504 1595 5558 adulteram
1638 5497 1851 5554 occidi:

248 5613 345 5668 sed
372 5610 488 5666 lucc
510 5609 596 5662 lex
622 5605 762 5672 just’a
808 5601 1089 5654 ministros
1127 5597 1319 5649 habeat
1364 5596 1696 5647 innocentes.
1754 5594 1854 5644 At-

202 5759 208 5766 ,
248 5702 473 5762 tenditis
498 5713 658 5769 quam
697 5692 983 5755 adducitis,
1034 5687 1296 5744 attendite
1343 5695 1398 5738 et
1433 5685 1524 5754 qui
1555 5684 1706 5737 estis.
1761 5681 1854 5733 Illi

297 4312 490 4320 Ἦ

316 5817 335 5849 ι
373 5813 542 5861 Plures
560 5820 688 5863 v.59...
702 5803 916 5870 captiuus
934 5807 1073 5870 esset.
1104 5800 1300 5870 Quidam
1319 5834 1333 5858 ,
1359 5796 1573 5870 captiuus
1595 5800 1850 5870 teneretur.

314 5880 337 5910 ’
613 5859 725 5919 laid.
744 5859 866 5916 vero
885 5904 898 5925 ,
938 5859 1211 5927 man-ere:
1243 5859 1585 5923 blasp-‘tr‘mi'mt
1626 5864 1856 5907 tanauam

254 5924 571 6006 "prritva
595 5933 712 5998 legis
736 5924 1119 5980 admouendus.

1402 442 1799 503 ENARRATIO
1840 443 1904 498 IN
1944 441 2268 503 PS'ALMUM
2309 441 2370 498 L.

3414 446 3519 503 590

1930 558 2024 610 hoc
2053 559 2246 621 audito,
2286 575 2414 612 unus
2456 569 2565 628 post
2598 560 2817 614 alterunt
2863 563 3216 619 discurrerunt.
3265 564 3529 620 Iieuwnsit

1929 650 2160 701 adultera
2188 661 2235 702 et
2267 648 2539 716 Dominus,
2570 652 2829 707 remansit
2859 655 3133 709 vulnerata
3161 666 3215 711 et
3253 659 3518 723 medicus,

1931 743 2188 792 remansit
2216 755 2402 808 magna
2434 741 2646 794 miseria
2681 751 2736 795 et
2766 759 2955 811 magna
2987 746 3374 801 misericordia.
3420 753 3534 805 An-

1931 829 2187 883 dncentes
2207 830 2559 897 ernbuerunt,
2586 847 2683 886 nec
2702 834 2910 887 veniam
2941 839 3276 903 petiverunt;
3301 840 3528 896 adducta

1932 921 2154 974 confusa
2198 934 2312 982 est.
2368 932 2424 976 et
2471 935 2678 977 sanata.
2734 924 2820 977 Ait
2860 927 2939 978 illi
2990 927 3524 987 Dominusdlulier.

1933 1028 2079 1064 nemo
2126 1022 2172 1066 te
2206 1013 2606 1068 condemnavit?
2646 1015 2711 1067 Et
2746 1016 2840 1070 illa
2884 1033 2902 1069 :
2941 1017 3129 1083 Nemo,
3177 1019 3411 1075 Domine.
3466 1024 3534 1076 Et

1933 1101 2022 1154 ille
2049 1117 2066 1155 :
2098 1100 2210 1156 Nec
2239 1121 2330 1173 ego
2361 1115 2407 1158 te
2434 1105 2820 1170 condemnabo;
2851 1109 2998 1173 vade,
3029 1111 3267 1180 deinceps
3283 1116 3399 1182 jam
3427 1118 3534 1168 noli

1936 1210 2144 1261 peccare
2187 1192 2368 1265 (JOan.
2413 1211 2526 1260 vnt,
2575 1199 2762 1268 4-H).
2801 1197 3074 1269 Numquid
3118 1203 3364 1265 Christus
3410 1205 3538 1260 fecit

1934 1296 2120 1339 contra
2150 1287 2321 1356 legem
2344 1304 2495 1342 suam
2519 1290 2541 1342 ?
2564 1288 2750 1360 Neque
2775 1293 2918 1344 enim
2950 1293 3107 1347 l’ater
3136 1294 3252 1362 ejus
3279 1295 3397 1350 sine
3441 1297 3534 1350 Fi—

1936 1377 2008 1434 lio
2038 1378 2258 1433 dederat
2280 1380 2472 1450 legem;
2519 1380 2572 1436 Si
2604 1385 2799 1436 uelum
2834 1393 2890 1438 et
2924 1392 3064 1438 terra
3093 1395 3146 1438 et
3189 1388 3368 1441 omnia
3411 1403 3535 1459 quae

1937 1470 1990 1523 in
2011 1471 2092 1524 eis
2117 1481 2241 1524 sunt
2270 1487 2365 1540 per
2392 1473 2566 1541 ipsum
2599 1471 2736 1526 facta
2773 1485 2918 1540 sunt,
2951 1475 3034 1529 lex
3064 1478 3183 1533 sine
3227 1478 3407 1533 Verbo
3438 1481 3534 1536 Dei

1935 1564 2206 1632 quomodo
2250 1565 2552 1634 conscripta
2588 1569 2703 1619 est?
2750 1567 2866 1621 Non
2899 1585 3028 1639 ergo
3055 1571 3197 1625 Dens
3225 1583 3412 1628 contra
3457 1575 3537 1629 le-

1934 1671 2056 1725 gem
2087 1672 2259 1723 suam,
2288 1657 2408 1728 quia
2442 1675 2542 1712 nec
2571 1660 2862 1730 imperator
2895 1674 3081 1716 contra
3124 1664 3268 1736 leges
3306 1681 3432 1722 suas
3459 1669 3538 1723 la-

1936 1749 2031 1813 cn,
2060 1746 2273 1816 quando
2300 1747 2562 1804 confessis
2604 1749 2695 1805 dat
2729 1751 3134 1821 indulgentiam.
3179 1755 3390 1829 Moyses
3433 1760 3536 1813 mi-

1938 1839 2106 1891 nister
2147 1837 2323 1908 Legis,
2378 1837 2626 1895 Christus
2677 1845 3041 1911 promulgatur
3093 1845 3253 1916 Legis
3283 1865 3295 1900 :
3327 1848 3540 1920 Moyses
3589 1877 3593 1896 ι

1941 1928 2139 1998 lapidat
2169 1939 2227 1982 ut
2249 1930 2437 1998 jndex,
2466 1930 2713 1986 Christus
2753 1933 2996 2003 indulget
3032 1946 3091 1990 ut
3119 1953 3234 1992 res.
3281 1938 3541 1997 Misenus

1939 2029 2023 2073 est
2052 2036 2180 2090 ergo
2210 2020 2324 2091 ejus
2349 2021 2489 2076 Deus
2518 2023 2811 2078 secundum
2842 2044 3088 2096 magnam
3116 2031 3540 2088 misericordiam
3590 2015 3594 2020 ’

1939 2127 2116 2179 suam,
2149 2112 2286 2168 sicut
2316 2114 2404 2168 hic
2430 2127 2604 2186 rogat,
2637 2117 2776 2172 sicut
2801 2118 2887 2174 hic
2916 2122 3065 2188 petit,
3111 2107 3249 2178 sicut
3277 2125 3544 2184 exclamat

1939 2212 1996 2257 et
2021 2202 2170 2259 dolet
2199 2221 2212 2255 :
2245 2205 2388 2275 quod
2416 2206 2492 2260 illi
2521 2207 2819 2262 adulteram
2845 2210 3136 2268 oll‘erentes
3159 2214 3336 2271 limere
3356 2218 3540 2273 nolue-

1941 2308 2110 2361 runt;
2149 2296 2373 2350 vulnera
2404 2313 2499 2356 sua
2541 2299 2858 2356 ostendente
2902 2304 3108 2358 medico
3151 2319 3541 2374 cognoverunt,

1942 2387 2263 2447 medicinam
2290 2403 2319 2442 a
2353 2389 2562 2444 medico
2588 2406 2693 2446 non
2722 2395 3070 2461 quresierunt.
3126 2398 3198 2451 Ita
3234 2409 3359 2456 sunt
3389 2404 3542 2457 multi

1942 2495 2080 2546 quos
2111 2495 2338 2550 peccare
2370 2498 2478 2536 non
2525 2483 2710 2552 pudet,
2756 2501 2915 2555 agere
2961 2492 3328 2558 paenitentiam
3357 2495 3540 2563 pudet.

1943 2570 1989 2626 0
2016 2572 2345 2628 incredibilis
2377 2574 2619 2630 insania!
2665 2575 2739 2631 De
2767 2579 2990 2632 vulnere
3018 2580 3134 2647 ipso
3163 2598 3270 2637 non
3317 2586 3544 2640 erubes-

1945 2662 2043 2728 cis,
2071 2663 2138 2716 tle
2183 2664 2408 2734 ligatnra
2451 2666 2689 2721 vulneris
2734 2669 3055 2725 erubescis?
3102 2673 3291 2728 Nonne
3341 2678 3542 2731 nudum

1945 2753 2138 2809 [tullius
2162 2765 2218 2810 et
2247 2756 2481 2825 putidius
2528 2758 2657 2813 est?
2692 2757 2931 2831 Coniuge
2967 2777 3097 2833 ergo
3141 2763 3206 2820 ad
3238 2767 3504 2823 medicum
3525 2808 3542 2831 ,

1945 2864 2041 2918 age
2071 2849 2459 2917 paenitentiam,
2486 2849 2574 2905 dic
2600 2849 2966 2924 :Iniquitatem
2985 2872 3148 2910 meam
3179 2874 3269 2928 ego
3298 2876 3544 2932 agnosco,

1945 2946 1993 2991 el
2021 2948 2282 3007 peccatum
2310 2955 2480 2994 meum
2506 2950 2625 2994 ante
2650 2959 2730 2995 me
2756 2954 2830 2996 est
2858 2959 3075 3016 semper.

2017 3029 2071 3084 9.
2105 3027 2255 3102 [vers.
2278 3028 2357 3103 6.]
2391 3029 2504 3084 Tibi
2527 3033 2624 3084 soli
2668 3035 2889 3103 peccavi,
2935 3049 2978 3089 et
3045 3039 3329 3110 malignum
3369 3060 3542 3098 coram

1945 3130 1994 3173 te
2019 3119 2136 3189 feci.
2177 3120 2314 3187 Quid
2344 3129 2427 3176 est
2471 3120 2614 3176 hoc?
2658 3123 2851 3178 Coram
2893 3124 3199 3181 hominibus
3246 3132 3389 3186 enim
3437 3151 3544 3190 non

1947 3221 2064 3266 erat
2105 3212 2400 3266 adulterata
2467 3229 2602 3267 uxor
2648 3214 2820 3288 aliena
2847 3258 2860 3280 ,
2921 3225 2975 3269 et
3017 3220 3239 3273 maritus
3288 3224 3546 3282 occisura?

1948 3303 2136 3358 Nonne
2158 3320 2346 3357 omnes
2365 3316 2626 3359 noverant
2653 3308 2794 3375 quod
2823 3309 2983 3362 David
3017 3311 3255 3365 fecerat?
3274 3316 3412 3382 Quid
3439 3330 3544 3386 est.

1939 3396 2064 3463 Tibi
2091 3398 2187 3450 soli
2213 3397 2432 3468 peremti,
2473 3409 2519 3450 et
2544 3399 2824 3469 malignum
2853 3419 3024 3454 coram
3053 3416 3099 3457 te
3138 3408 3280 3477 feci?
3323 3410 3456 3476 Quia
3491 3421 3547 3467 tu

1948 3490 2095 3542 solus
2126 3489 2239 3543 sine
2267 3499 2504 3557 peccato.
2532 3489 2633 3543 Ille
2658 3491 2842 3558 justus
2893 3495 3128 3562 punitor,
3177 3499 3267 3567 qui
3298 3516 3404 3555 non
3447 3505 3547 3556 tm-

1950 3578 2041 3632 bet
2074 3578 2216 3649 quod
2256 3580 2305 3632 in
2356 3580 2444 3634 illo
2490 3583 2778 3648 puniatur:
2806 3583 2894 3635 ille
2935 3584 3115 3654 justus
3163 3591 3546 3660 reprehensor,

1919 3671 2038 3771 ἰιιιὶ
2066 3686 2172 3724 non
2198 3671 2356 3724 habet
2383 3672 2523 3740 quod
2563 3672 2614 3724 in
2657 3673 2746 3724 illo
2774 3675 3223 3742 reprehendatur.
3274 3679 3385 3734 Tibi
3425 3681 3546 3750 solt,

1924 3847 1926 3850 Ι
1952 3761 2143 3866 inquit,
2183 3763 2406 3832 peccaui,
2434 3773 2482 3814 et
2509 3762 2789 3833 ntalignum
2827 3782 3000 3820 coram
3029 3777 3077 3821 te
3113 3770 3212 3838 {cci
3236 3785 3257 3826 :
3280 3781 3337 3826 ut
3354 3757 3552 3842 justi/i-

1926 3857 2078 3908 ‘ceris
2105 3857 2157 3908 in
2179 3858 2493 3909 sermonibus
2515 3857 2635 3923 tuis,
2674 3865 2720 3911 et
2761 3859 2934 3913 vincas
2979 3877 3095 3914 cum
3129 3864 3410 3933 judicaris.
3447 3867 3550 3924 Cui

1951 3945 2114 4031 dicat,
2150 3946 2360 4008 fratres,
2383 3947 2465 4001 cui
2513 3947 2656 4001 dicat
2695 3948 2914 4009 difﬁcile
2962 3960 3046 4004 est
3082 3953 3389 4011 advertere.
3439 3957 3550 4013 Deo

1953 4037 2134 4107 utique
2172 4037 2424 4106 loquitur,
2470 4049 2525 4091 et
2568 4039 2909 4094 manifestum
2962 4051 3044 4096 est
3084 4046 3357 4112 quomodo
3412 4047 3554 4104 Deus

1954 4128 2113 4181 Pater
2143 4143 2246 4180 non
2274 4138 2357 4181 est
2381 4127 2672 4197 judicatus.
2705 4130 2842 4195 Quid
2874 4143 2978 4196 cst,
3029 4132 3144 4186 Tibi
3186 4136 3284 4189 soli
3325 4141 3550 4206 peccavi,

1954 4231 2000 4275 et
2033 4221 2310 4290 malignum
2332 4237 2504 4273 coram
2522 4217 2569 4274 te
2591 4224 2687 4290 feci
2712 4239 2732 4275 :
2758 4234 2812 4276 ut
2824 4224 3123 4294 justiﬁceris
3146 4227 3200 4279 in
3241 4232 3556 4286 sermonibus

1954 4314 2074 4376 luis,
2107 4326 2152 4365 et
2180 4314 2348 4366 vincas
2368 4329 2482 4366 cum
2509 4314 2808 4383 judicaris?
2855 4315 3013 4371 Videt
3043 4321 3276 4374 l'ntnrum
3316 4323 3555 4391 judieem

1952 4405 2318 4473 judicandum,
2362 4405 2710 4473 judicandum
2755 4424 2782 4461 a
2815 4412 3188 4475 peccatoribus
3212 4415 3449 4481 justum,
3500 4427 3556 4471 ct

1958 4498 2010 4551 in
2039 4515 2103 4550 eo
2135 4499 2435 4551 vincentem
2459 4537 2473 4558 ,
2522 4497 2644 4565 quia
2676 4498 2817 4566 quod
2853 4502 2903 4552 in
2952 4500 3044 4553 illo
3069 4501 3401 4566 judicaretur
3449 4525 3555 4564 non

1946 4600 2094 4643 erat.
2121 4589 2281 4644 Solus
2311 4589 2450 4644 enim
2486 4589 2535 4643 in
2579 4589 2885 4645 hominibus
2929 4607 3115 4647 verum
3163 4594 3346 4652 dicere
3389 4601 3557 4667 potuit

1961 4681 2120 4733 homo
2154 4681 2292 4734 Deus
2323 4680 2338 4710 ¹
2373 4678 2469 4735 :Si
2523 4679 2802 4738 invenistis
2840 4683 2892 4737 in
2937 4698 3026 4740 me
3072 4690 3556 4755 peccatum,dieite

1960 4774 2142 4842 (Joan.
2169 4791 2282 4834 vui,
2313 4775 2430 4844 46).
2470 4775 2577 4829 Sed
2622 4773 2760 4830 forte
2803 4786 2921 4830 erat
2948 4777 3092 4845 quod
3135 4776 3382 4836 homines
3420 4782 3559 4837 late.-

1960 4867 2070 4926 bat,
2104 4877 2156 4918 et
2182 4881 2287 4920 non
2327 4866 2668 4920 inveniebant
2715 4866 2788 4921 illi
2820 4865 2963 4936 quod
3017 4878 3135 4923 erat
3176 4871 3418 4940 quidem,
3463 4875 3559 4930 sed

1962 4958 2302 5014 manifestum
2331 4973 2436 5011 non
2467 4958 2616 5012 erat?
2646 4957 2768 5013 Alio
2796 4959 2914 5014 loco
2944 4961 3036 5022 ait,
3087 4960 3222 5016 Ecce
3249 4965 3381 5018 venit
3418 4968 3559 5034 prin-

1961 5070 2078 5121 ceps
2105 5051 2305 5114 ntundi,
2341 5060 2530 5104 acutus
2570 5051 2843 5116 inspector
2890 5054 3129 5107 omnium
3173 5044 3556 5124 peccatorum:

1960 5159 2092 5221 ecce,
2116 5143 2310 5210 inquit,
2341 5139 2473 5194 venit
2495 5142 2730 5212 princeps
2763 5144 2935 5194 "mutii
2976 5144 3149 5212 hujus,
3199 5158 3374 5200 morte
3419 5150 3563 5203 ειιῃι.

1961 5252 2090 5307 gens
2116 5244 2428 5303 peccatores
2449 5248 2511 5302 pr
2524 5233 2767 5300 .cpositns
2797 5235 2986 5286 niortis
3010 5252 3024 5299 ;
3058 5236 3254 5290 invidia
3273 5238 3418 5292 enim
3442 5239 3557 5292 dia-

1963 5328 2069 5382 boli
2101 5341 2246 5380 mors
2281 5324 2497 5378 intravit
2539 5327 2589 5376 in
2621 5322 2807 5377 orbnn
2852 5334 3114 5380 terrarum
3163 5325 3321 5399 (δαν.
3352 5345 3410 5394 u,
3439 5329 3554 5394 ‘24).

1966 5420 2122 5480 Ecce,
2157 5418 2320 5488 inquit
2344 5459 2361 5482 ,
2413 5415 2541 5470 ms:
2573 5416 2806 5487 princeps
2835 5417 3014 5469 mundi
3054 5417 3209 5490 hujus
3256 5419 3415 5492 (dixit
3446 5422 3560 5476 lure

1965 5513 2236 5582 prosimus
2263 5509 2542 5579 passioni),
2579 5518 2627 5560 et
2656 5509 2709 5560 in
2736 5525 2812 5561 me
2843 5507 2974 5561 nihil
3002 5509 3240 5577 inveniet,
3268 5509 3402 5566 nihil
3429 5526 3560 5583 pec.

2027 5669 2041 5699 ³
2074 5673 2173 5734 Am.
2201 5671 2254 5713 et
2274 5669 2346 5734 Er.
2367 5677 2379 5711 :
2404 5661 2565 5734 ridete
2601 5661 2816 5732 [illarum
2829 5659 3073 5734 judicem,
3088 5661 3424 5734 iudicatarum;
3446 5677 3564 5734 pec-

1963 5726 2207 5797 catoribus
2218 5723 2568 5797 Justumnetjn
2593 5723 2649 5797 eo
2669 5723 2952 5797 vincentem,
2977 5723 3100 5782 quia
3131 5725 3259 5788 quod
3282 5725 3332 5776 in
3355 5723 3456 5775 illo
3477 5726 3566 5786 ju-

1967 5784 2226 5858 dicaretur
2245 5786 2542 5858 twuhttbuii.
2566 5793 2612 5858 et
2633 5785 2714 5849 qui
2735 5798 2844 5835 eum
2867 5784 3068 5858 irriserat
3095 5784 3254 5858 Ijater.
3289 5794 3403 5837 Erat
3435 5784 3564 5838 enim

1962 5851 2091 5964 ῗιιὲξιε
2113 5862 2271 5961 Ἔγειρε.
2301 5855 2352 5900 Et
2374 5848 2483 5898 ideo
2505 5846 2660 5899 solum
2694 5857 2859 5898 verum
2897 5846 2949 5898 in
2988 5847 3259 5899 hominibus
3283 5849 3442 5902 dicere
3474 5862 3561 5912 po-

1985 5926 2084 5973 un,
