3968 6364
1696 358 1755 414 s.
1796 350 2163 413 annosum
2204 351 2511 409 EPISCOl’l
3297 420 3311 465 ί
3647 355 3748 411 593

454 361 551 418 591

452 478 577 542 mli,
616 477 744 533 nihil
770 486 950 534 morte
982 474 1225 548 dignum,
1268 473 1402 530 nihil
1428 472 1772 528 damnatione
1795 470 2039 540 dignum.
2152 471 2261 539 tate
2282 467 2656 549 concipiuntur
2700 468 2983 537 homines,
3008 478 3064 525 et
3086 468 3145 541 in
3174 434 3688 546 mutem
3716 486 3743 524 a

453 569 515 626 Et
546 579 794 639 tanquam
817 567 869 624 ei
904 567 1193 633 diceretur,
1248 565 1355 622 Cur
1395 578 1526 635 ergo
1555 563 1833 619 morieris?
1854 560 2045 631 Sequi-
2134 559 2411 631 'matribus
2431 560 2669 626 aluntur,
2694 562 2817 632 quia
2838 563 3743 647 peceatumgtmissgwiugi-

450 672 556 727 tur,
594 669 649 714 et
694 659 824 713 dicit
857 676 870 712 :
904 656 1009 714 Sed
1048 668 1103 712 nt
1146 658 1309 713 sciant
1360 671 1533 710 omnes
1574 653 1693 722 quia
1734 653 2044 707 uoluntatem
2138 649 2286 726 bus;
2311 651 2407 707 sed
2439 653 2559 723 quia
2592 654 2719 708 illud
2746 654 2887 723 quod
2911 656 3001 720 ﬁt,
3048 655 3232 727 utique
3259 656 3317 709 fit
3339 648 3745 727 dempta-

452 751 625 807 Patris
652 753 751 805 mei
780 750 938 821 facio.
978 750 1193 822 surgite,
1240 765 1414 813 cantus
1440 748 1557 801 hinc
1581 744 1759 819 (Joan.
1790 760 1900 810 Xtv,
1948 744 2040 811 50,
2150 744 2277 799 nali.
2307 744 2469 811 Plena
2492 730 2633 799 enim
2659 748 2837 801 carnis
2858 762 3003 813 mors
3022 756 3215 815 est,,e_t
3239 747 3607 821 utique}th
3628 748 3741 821 ipsa

446 842 563 915 5f).
596 843 798 909 Patior,
824 842 1015 912 inquit,
1045 842 1292 910 indignus
1310 856 1406 909 pro
1431 839 1625 909 dignis,
1653 847 1713 891 ut
1731 853 1827 891 eos
1852 836 2043 907 dignos
2148 835 2463 889 mortalitas.
2516 834 2663 891 Unde
2696 837 2977 915 Apostolus
3021 853 3141 894 non
3170 838 3744 906 moriturum-_c9mm

450 912 642 991 faciant
670 936 774 988 vita
799 950 938 998 mea,
971 948 1069 1005 pro
1096 933 1289 1003 quibus
1330 932 1547 1002 indigne
1589 930 1765 1002 patior
1810 914 2073 985 monenti“
2098 918 2132 995 Γ
2147 926 2301 999 dixit,
2325 927 2419 981 sed
2447 939 2712 982 mortuum
2742 947 2755 982 :
2785 912 2979 999 (Jer
2998 930 3483 1000 quidentmortuum
3512 939 3616 996 est,
3650 930 3738 982 in-

450 1025 689 1079 illortnn.
748 1024 1087 1093 lluicitaqne
1119 1023 1320 1077 nullum
1350 1021 1567 1076 habenti
1596 1031 1873 1090 peccatum
1912 1019 2043 1075 dicit
2092 1066 2095 1093 ε
2146 1017 2280 1085 quit,
2313 1026 2519 1088 propter
2543 1028 2800 1085 peceatum
2821 1032 2843 1086 ,'
2868 1020 3079 1090 spiritus
3096 1030 3262 1083 autem
3297 1021 3398 1074 vita
3428 1030 3502 1074 est
3530 1032 3740 1092 propter

449 1116 501 1169 in
548 1100 831 1185 prmsentia
874 1112 1132 1184 propheta
1175 1112 1339 1167 David
1371 1130 1386 1167 :
1421 1110 1533 1165 Tibi
1574 1111 1672 1165 soli
1704 1110 1906 1180 peccavi
1924 1152 1940 1175 ,
1992 1120 2039 1163 et
2089 1100 2111 1180 ᾗ
2136 1108 2391 1175 justitiam
2432 1104 2604 1176 (Rom.
2639 1125 2754 1173 vin,
2778 1111 2892 1177 t0).
2919 1110 3199 1179 Quomodo
3226 1126 3357 1182 ergo
3380 1113 3497 1168 sine
3526 1112 3741 1167 vinculo

444 1206 730 1274 malignum
770 1221 945 1259 coram
989 1213 1036 1258 te
1075 1202 1217 1275 feci:
1240 1213 1295 1256 ut
1304 1203 1609 1275 justiﬁceris
1637 1202 1690 1255 in
1729 1200 2039 1255 sermonibus
2146 1198 2347 1271 peccati
2399 1198 2655 1263 nascitur,
2704 1200 2845 1270 quod
2887 1202 3187 1272 concipitur
3210 1203 3227 1234 ¹
3251 1211 3309 1257 et
3344 1204 3643 1258 seminatur
3665 1201 3735 1258 de

1584 1276 1617 1349 ᾖε
1662 1296 1804 1349 enim
1849 1308 2039 1348 onmcs
2130 1302 2370 1357 Cul‘pul‘e
2399 1301 2612 1344 mortuo
2641 1301 2859 1360 propter
2887 1302 3158 1361 peccatum
3178 1293 3203 1347 τ
3222 1291 3368 1363 qus

2145 1378 2193 1430 in
2217 1379 2444 1449 conjuge
2471 1396 2574 1434 non
2607 1380 2765 1437 habet
2793 1384 3002 1454 culpam
3027 1425 3045 1451 ,
3076 1383 3171 1440 sed
3196 1384 3360 1455 origo
3395 1385 3597 1456 peccati
3618 1395 3733 1439 tra-

2144 1468 2221 1522 hit
2245 1485 2426 1525 secum
2456 1472 2689 1528 debitam
2722 1490 2956 1546 pinnam.
2984 1476 3099 1532 Non
3129 1477 3274 1533 enim
3304 1478 3527 1539 maritus
3550 1518 3566 1541 ,
3605 1477 3728 1548 quia

2126 1561 2364 1629 ,marilus
2404 1573 2508 1631 est,
2540 1567 2788 1622 mortalis
2822 1584 2926 1622 non
2957 1578 3037 1623 est
3050 1580 3205 1638 Laut
3220 1568 3568 1647 ﬂiumt_tisi
3600 1584 3728 1639 pec-

2139 1663 2260 1708 cato
2288 1656 2531 1711 mortalis
2577 1667 2682 1714 est.
2725 1656 2855 1714 Erat
2884 1660 3027 1714 enim
3058 1670 3113 1716 et
3160 1661 3416 1716 Dominus
3463 1662 3724 1724 mortalis,

2136 1743 2233 1799 sed
2277 1760 2384 1800 non
2411 1745 2479 1801 de
2522 1758 2784 1815 peccato:
2815 1745 3049 1820 sdscepit
3091 1765 3300 1819 pinnam
3346 1762 3582 1807 nostram
3608 1791 3623 1815 ,
3672 1760 3728 1805 ct

2136 1835 2259 1891 ideo
2303 1836 2466 1891 solvit
2505 1840 2717 1909 culpam
2756 1853 3016 1897 nostram.
3052 1842 3243 1901 Merito
3273 1858 3403 1912 ergo
3430 1843 3502 1913 in
3556 1841 3725 1896 Adam

2112 1943 2326 1997 omnes
2356 1930 2678 1998 moriuntur,
2712 1933 2769 1989 in
2814 1931 3031 1993 Christo
3060 1934 3727 1997 auh'uomnesxixiﬁca-

2131 2017 2335 2081 buntur
2366 2019 2412 2090 (Ι
2440 2020 2560 2076 Cor.
2590 2036 2689 2087 xv,
2715 2022 2971 2093 22)..Per
2999 2042 3159 2077 unum
3178 2025 3433 2079 nominent
3455 2023 3621 2090 enim,
3649 2024 3727 2081 ait

2129 2109 2448 2181 Apostolus,
2481 2125 2738 2184 peccatum
2763 2116 2817 2169 in
2842 2115 2974 2170 hunc
3004 2117 3253 2173 mundum
3277 2117 3483 2172 intravit
3501 2156 3519 2183 ,
3548 2127 3599 2170 et
3628 2132 3719 2187 per

2129 2214 2392 2271 peccatum
2418 2223 2574 2274 mors,
2602 2218 2651 2262 et
2691 2208 2762 2263 ita
2790 2208 2843 2263 in
2871 2225 3043 2263 omnes
3072 2209 3645 2283 Itominp_pgtrayjit,
3668 2208 3721 2263 in

3352 2276 3405 2281 π
3414 2274 3479 2279 ἢν.
3492 2272 3587 2279 _.____..

2130 2309 2229 2364 quo
2252 2311 2429 2350 omnes
2449 2310 2780 2365 peccauerunt
2810 2297 2985 2368 (Rom.
3013 2314 3069 2364 v,
3100 2300 3212 2369 l2).
3240 2300 3465 2355 Definita
3488 2309 3574 2355 est
3596 2315 3721 2354 sen-

445 1301 565 1364 tuis,
613 1308 659 1353 et
688 1300 861 1354 vincas
898 1315 1016 1353 cum
1065 1297 1339 1368 iudicaris.
1383 1296 1617 1367 Superas
1662 1296 1804 1349 enim
1849 1308 2039 1348 omnes

443 1390 710 1452 homines.
742 1389 1181 1460 omnesjudices,
1223 1382 1279 1443 et
1305 1388 1395 1459 qui
1421 1403 1482 1443 se
1516 1386 1907 1456 putatjustum,
1938 1401 2035 1439 co-

439 1497 555 1538 ram
581 1492 634 1537 te
675 1480 906 1553 injustus
945 1492 1029 1536 est
1060 1499 1074 1534 :
1106 1491 1163 1536 tu
1190 1481 1339 1536 solus
1375 1480 1522 1547 juste
1560 1479 1793 1549 judicas,
1842 1477 2036 1548 injuste

418 1576 740 1645 judicatus,
789 1576 878 1646 qui
926 1581 1259 1643 potestatem,
1302 1571 1470 1629 habes
1519 1570 1754 1643 ponendi
1799 1572 2033 1624 animant

438 1678 605 1733 tuam,
638 1678 692 1722 ct
720 1675 1040 1741 potestatem
1070 1665 1237 1723 habes
1258 1666 1451 1721 iterum
1477 1665 1723 1721 sumendi
1745 1680 1878 1719 eam
1918 1663 2030 1733 (Id.

439 1775 492 1823 ς,
520 1758 632 1827 l8).
664 1757 845 1813 Vincis
883 1773 1015 1828 ergo
1056 1772 1179 1812 cum
1216 1755 1493 1826 iudicaris.
1539 1754 1742 1812 Omnes
1786 1754 2033 1809 homines

436 1865 680 1918 superas,
708 1850 831 1917 quia
864 1849 983 1920 plus
1021 1863 1081 1903 es
1107 1862 1265 1919 quam
1303 1848 1569 1913 homines,
1615 1856 1671 1901 et
1698 1860 1797 1916 per
1822 1853 1875 1901 te
1904 1843 2031 1900 facti

434 1953 562 1996 sunt
589 1942 862 1997 homines.
1081 1949 1089 1956 ’

509 2030 595 2086 10.
629 2029 650 2103 [
675 2015 915 2103 νενε.’7.]
953 2028 1071 2083 Tibi
1096 2029 1192 2083 soli
1220 2028 1442 2101 peccavi,
1474 2037 1524 2084 et
1554 2027 1834 2101 malignum
1859 2037 2031 2082 coram

378 2133 482 2202 “te
519 2123 618 2193 feci
652 2137 674 2176 :
722 2133 775 2176 ut
808 2121 1109 2193 justi/iceris
1145 2120 1552 2199 insermonibus
1582 2120 1720 2186 tuis,
1768 2132 1817 2176 ct
1856 2121 2030 2177 vincas
2075 2168 2082 2177 .

430 2230 545 2267 cum
578 2212 856 2283 jmlicaris.
910 2211 1042 2266 Ecce
1091 2212 1223 2265 enim
1274 2212 1329 2265 in
1371 2211 1718 2283 iniquitatibus
1754 2220 2028 2282 conceptus

427 2322 564 2360 sum.
597 2306 874 2377 Tanquam
900 2306 1193 2372 diceretur,
1228 2303 1529 2365 Vincuntur
1554 2303 1635 2360 illi
1654 2304 1745 2375 qui
1784 2302 2028 2365 fecerunt

380 2392 570 2465 ‘_qnod
622 2404 677 2452 et
724 2406 780 2452 tu
820 2396 997 2452 David
1027 2412 1045 2449 :
1073 2411 1183 2451 non
1225 2395 1373 2451 enim
1419 2396 1522 2451 hoc
1554 2410 1777 2465 parvum
1824 2386 2024 2451 malum

384 2542 385 2545 η
422 2500 779 2559 parvumque
808 2496 1110 2556 peccatum,
1152 2483 1480 2542 adulterium
1522 2498 1579 2540 et
1622 2484 1971 2540 homicidium
2005 2502 2019 2538 :

386 2592 391 2649 χ
426 2576 554 2646 quid
585 2577 659 2632 illi
690 2578 781 2648 qui
808 2594 874 2632 ex
902 2593 1010 2648 quo
1037 2578 1147 2633 nati
1174 2585 1300 2633 sunt
1325 2575 1395 2631 de
1415 2584 1610 2633 ventre
1649 2577 1839 2633 matris
1885 2592 2019 2647 suze,

388 2682 391 2715 λ
426 2668 557 2722 nihil
585 2668 688 2722 tale
716 2666 957 2723 fecerunt
980 2668 1006 2722 τ
1044 2668 1210 2724 etiam
1238 2668 1369 2737 ipsis
1417 2668 1649 2739 imputas
1688 2668 1863 2739 aliqua
1897 2682 2022 2737 pec-

342 2760 345 2783 ⁴
424 2769 565 2827 cata,
585 2771 643 2814 ut
668 2760 759 2815 ille
787 2775 975 2815 omnes
992 2761 1170 2814 Vincat
1191 2775 1316 2814 cum
1332 2804 1335 2805 ν
1349 2761 1575 2831 θωνα-ἧι
1590 2755 1820 2830 indicari
1843 2761 1868 2815 Ἰ
1889 2761 2021 2816 Sus-

406 2853 567 2927 cepit
608 2868 896 2924 personam
938 2853 1155 2925 generis
1210 2851 1433 2908 humani
1458 2852 1666 2918 David,
1695 2864 1751 2909 et
1791 2853 2021 2908 attendit

421 2945 664 2999 omnium
713 2943 943 3009 vincula,
992 2944 1345 3015 propaginem
1394 2945 1584 2999 mortis
1622 2944 2015 3009 consideravit,

422 3036 682 3105 originem
744 3034 1035 3104 iniquitatis
1078 3033 1328 3100 advertit,
1367 3043 1425 3089 et
1467 3034 1578 3089 ait:
1608 3033 1745 3091 Ecce
1791 3037 1927 3092 enim
1963 3036 2019 3091 in

280 3158 287 3168 -
354 3115 373 3153 θ
419 3126 769 3197 iniquitatibus
790 3136 1064 3195 conceptus
1087 3142 1223 3179 sum.
1264 3124 1532 3196 Numquid
1565 3125 1733 3182 David
1761 3125 1831 3182 de
1857 3127 2015 3182 adul-

358 3260 359 3269 η
422 3220 557 3276 terio
606 3227 763 3273 natus
796 3228 951 3283 erat,
1006 3217 1264 3274 delesse
1313 3218 1429 3273 viro
1487 3218 1635 3289 justo
1682 3228 1740 3273 et
1788 3220 2018 3292 conjuge

419 3312 675 3389 ipsius(l
706 3314 837 3386 Reg.
888 3330 1015 3377 xvr,
1068 3310 1219 3387 18)?
1282 3312 1421 3389 Quid
1450 3322 1535 3367 est
1578 3313 1723 3383 quod
1775 3329 1836 3370 se
1886 3316 2018 3370 dicit

420 3406 472 3459 in
513 3403 793 3476 iniquitate
832 3417 1185 3475 conceptum,
1240 3403 1342 3457 nisi
1378 3402 1502 3472 quia
1530 3403 1762 3459 trahitur
1812 3403 2013 3475 iniqui-

418 3507 500 3550 tas
541 3511 607 3551 es
656 3494 869 3550 Adam?
894 3493 1108 3550 Etiam‘
1140 3495 1314 3565 ipsqu
1364 3493 1635 3549 vinculum
1688 3494 2013 3552 mortiscum

417 3589 530 3659 ipsa
560 3588 838 3657 iniquitate
889 3594 1202 3642 concretum
1242 3593 1345 3640 est.
1390 3584 1561 3641 Nemo
1616 3587 1857 3641 nascitur
1904 3586 2008 3641 nisi

408 3684 639 3753 trahens
666 3695 920 3751 pinnam,
953 3680 1172 3733 trahens
1201 3677 1451 3736 meritum
1482 3692 1673 3749 ptume.
1714 3679 1850 3733 Dicit
1881 3680 2011 3735 etin

414 3774 521 3828 alio
552 3774 670 3828 loco
714 3771 969 3842 propheta
1002 3787 1016 3825 :
1048 3768 1217 3824 Nemo
1254 3772 1475 3825 mundus
1516 3769 1569 3825 in
1604 3781 1876 3841 conspectu
1900 3781 2008 3837 tuo,

415 3882 506 3921 nec
531 3865 703 3937 infans
743 3864 890 3933 cujus
920 3869 991 3917 est
1019 3862 1171 3931 unius
1194 3860 1295 3916 diei
1336 3861 1439 3915 vita
1465 3877 1619 3931 super
1647 3872 1833 3917 terram
1876 3862 2010 3934 (Job

414 3972 527 4020 SN,
556 3956 614 4021 ὁ,
642 3972 743 4010 sec.
767 3952 937 4022 LXX)
957 3953 982 4006 ‘l
1005 3951 1263 4007 Novimus
1280 3952 1423 4006 enim
1445 3963 1500 4006 et
1520 3950 1794 4020 Baptismo
1813 3950 2009 4009 ChriSti

412 4046 546 4101 solvi
574 4055 813 4116 peccata,
853 4053 908 4099 et
932 4022 1265 4113 Baptismum
1285 4038 1487 4095 Christi
1519 4028 1700 4095 valere
1725 4041 1792 4096 ad
1820 4045 2013 4097 remis-

411 4138 620 4193 sionem
649 4144 1009 4207 peccatorum.
1034 4133 1090 4189 Si
1108 4131 1338 4188 infantes
1352 4118 1499 4187 oraui
1522 4131 1683 4186 modo
1700 4133 2012 4189 innocentes

338 4242 341 4245 λ
411 4239 569 4294 sinit,
590 4243 689 4284 cur
716 4235 916 4281 matres
932 4224 999 4280 ad
1027 4221 1324 4280 Ecclesiae:
1344 4237 1469 4279 cum
1496 4222 1870 4293 languentibus
1898 4240 2014 4280 cur-

412 4321 582 4376 runt?
605 4318 743 4386 Quid
769 4319 862 4373 illo
887 4317 1161 4391 Baptismo
1181 4356 1197 4381 ,
1227 4315 1353 4387 quid
1383 4315 1470 4369 illa
1497 4316 1814 4384 remissione
1842 4317 2014 4372 dimit-

412 4412 590 4483 titur?
615 4410 961 4469 lnnoccntem
986 4410 1156 4479 magis
1178 4408 1333 4462 video
1350 4406 1563 4462 ﬂentem
1587 4423 1746 4477 qnam
1772 4409 2010 4463 irascen-

412 4514 542 4562 tem.
588 4504 896 4575 Quid'eluit
942 4500 1282 4573 Baptismus?
1313 4500 1439 4571 quid
1483 4501 1643 4556 solvit
1672 4502 1759 4557 illa
1803 4501 2012 4571 gratia?

426 4600 655 4658 Solvitur
694 4614 930 4672 propago
949 4596 1176 4669 peccati.
1206 4594 1340 4663 Quia
1358 4596 1401 4649 si
1422 4595 1565 4666 loqui
1596 4595 1690 4651 tibi
1721 4594 2011 4666 possetille

414 4694 612 4759 infans,
640 4691 863 4756 diceret;
889 4690 1013 4746 etsi
1052 4688 1163 4760 jam
1214 4687 1540 4743 intellectum
1587 4686 1828 4753 haberet,
1848 4703 2008 4758 quem

413 4784 644 4841 habebat
674 4782 838 4837 David
860 4821 877 4846 ,
904 4779 1259 4850 responderet
1308 4780 1402 4833 tibi
1437 4796 1450 4829 :
1487 4776 1626 4845 Quid
1668 4794 1748 4831 me
1792 4778 2009 4831 attendis

412 4875 661 4939 infantem
684 4874 711 4929 .’
734 4871 850 4928 Non
877 4870 1091 4942 quidem
1122 4870 1272 4925 vides
1297 4867 1531 4952 facinora
1563 4884 1682 4922 mea
1716 4885 1731 4921 :
1773 4868 1867 4923 sed
1908 4884 2009 4937 ego

414 4970 466 5031 in
495 4968 775 5038 iniquitate
803 4975 1094 5033 conceptus
1122 4978 1263 5029 sum,
1297 4960 1365 5017 Et
1383 4961 1438 5017 in
1464 4963 1680 5034 peccatis
1710 4972 1869 5015 mater
1899 4980 2009 5015 mea

416 5078 496 5115 me
519 5061 572 5114 in
604 5069 745 5113 utero
775 5058 921 5111 aluit.
956 5056 1158 5112 Praeter
1184 5054 1286 5109 hoc
1324 5051 1591 5108 vinculum
1618 5054 2007 5123 concupiscen-

415 5154 501 5205 tia:
525 5150 758 5205 carnalis
785 5132 815 5182 ί
834 5156 991 5202 natus
1016 5156 1099 5201 est
1127 5145 1372 5200 Christus
1391 5144 1508 5200 sine
1528 5148 1785 5209 masculo,
1817 5164 1881 5201 ex
1904 5148 2011 5201 vir-

414 5243 538 5308 gine
582 5240 922 5308 concipiente
950 5238 1019 5292 de
1045 5237 1247 5315 Spiritu
1276 5246 1484 5289 sancto.
1528 5235 1644 5291 Non
1691 5248 1863 5305 potest
1908 5232 2008 5295 iste

414 5334 518 5387 dici
548 5335 600 5386 in
640 5331 919 5400 iniquitate
942 5338 1265 5396 conceptus;
1296 5344 1401 5380 nun
1429 5338 1604 5397 potest
1642 5328 1767 5394 diei,
1800 5328 1853 5382 In
1882 5346 2009 5398 pec-

413 5424 549 5479 catis
576 5431 750 5477 mater
768 5420 885 5489 ejus
910 5420 963 5473 in
1004 5430 1156 5474 utero
1180 5435 1301 5475 eam
1324 5420 1492 5487 aluit,
1523 5420 1607 5475 cui
1651 5420 1850 5475 dictum
1890 5431 2006 5477 est:

418 5515 647 5585 Spiritus
680 5524 885 5568 sanctus
925 5511 1240 5583 superveniet
1283 5512 1335 5565 in
1383 5522 1449 5576 te,
1488 5523 1539 5566 et
1579 5514 1736 5567 uirtus
1763 5513 2009 5567 Altissimi

415 5607 728 5671 obumbrabit
759 5607 849 5663 tibi
873 5606 1029 5679 (Luc.
1056 5622 1096 5674 ι,
1118 5606 1232 5678 55).
1261 5604 1379 5662 Non
1418 5622 1549 5677 ergo
1576 5606 1697 5663 ideo
1722 5608 1772 5661 in
1814 5608 2008 5679 iniqui-

479 5742 494 5766 '
539 5738 722 5801 Aliquot
742 5747 870 5795 Mss,
895 5756 961 5793 ex
991 5744 1151 5800 Idam.
1175 5758 1207 5791 η
1227 5754 1322 5791 uno
1341 5742 1499 5805 ipsum
1518 5740 1777 5805 vinculzon,
1804 5753 1901 5796 etc.

484 5805 506 5835 ι
542 5806 728 5856 omnes
746 5815 902 5867 prope
929 5807 1064 5867 Mss,
1084 5812 1322 5867 mortalis.

2094 2444 2095 2447 η
2130 2387 2295 2444 tentia
2320 2405 2335 2443 :
2366 2390 2423 2444 lu
2462 2390 2655 2457 Adam,
2683 2391 2896 2459 inquit,
2942 2408 3134 2447 omnes
3160 2405 3537 2463 peccaverunt.
3564 2393 3721 2447 Solus

2128 2496 2249 2537 esse
2278 2482 2537 2551 innocens
2582 2483 2757 2553 infans
2803 2492 3015 2556 potuit,
3069 2488 3159 2557 qui
3190 2486 3259 2541 de
3308 2503 3473 2557 opere
3498 2490 3521 2521 ⁸
3547 2488 3719 2543 Adam

2080 2580 2237 2637 gnou
2265 2585 2421 2631 natus
2447 2584 2549 2632 est.
2568 2570 2594 2640 '1

2200 2668 2286 2723 ll.
2317 2666 2468 2741 [νει-ε.
2515 2668 2594 2743 8.]
2623 2669 2754 2725 Ecce
2796 2672 2928 2725 enim
2954 2672 3207 2727 veritatem
3231 2674 3455 2729 dilexisti
3476 2691 3499 2729 :
3518 2676 3717 2732 incerta

2125 2768 2172 2813 et
2192 2762 2389 2814 occulta
2408 2761 2668 2833 sapientia
2693 2773 2794 2817 tua:
2820 2764 3159 2835 manifestasti
3180 2767 3325 2821 milii.
3350 2766 3617 2823 Veritatem
3637 2770 3719 2825 di-

2125 2851 2293 2906 lexisti
2322 2868 2344 2907 :
2367 2852 2418 2907 id
2439 2861 2557 2922 est,
2589 2853 2845 2927 impunita
2875 2866 3089 2927 peccata
3124 2856 3286 2914 etiam
3306 2873 3493 2915 eorum
3523 2861 3718 2932 quibus

2124 2942 2377 3013 ignoscis,
2432 2960 2538 2999 non
2583 2945 2865 3018 reliquisti.
2900 2944 3175 3005 Veritatem
3203 2950 3427 3007 dilexisti
3458 2966 3480 3005 :
3505 2952 3587 3007 sic
3613 2953 3716 3009 mi-

2123 3034 2471 3090 sericordiam
2520 3037 2865 3107 pra=rogasti,
2913 3048 2975 3093 ut
3017 3053 3265 3096 servares
3303 3050 3360 3097 et
3407 3042 3745 3099 veritatem.‘

2107 3123 2361 3194 ignoscis
2385 3128 2685 3191 confitenti,
2728 3126 2996 3199 ignoscis,
3046 3130 3141 3185 sed
3166 3131 3400 3201 seipsum
3431 3133 3711 3201 punienti:

2121 3213 2194 3270 ita
2236 3227 2486 3273 servatur
2522 3217 2887 3274 misericordia
2926 3228 2983 3275 et
3026 3222 3257 3287 veritas;
3305 3222 3707 3290 misericordia,

2119 3308 2244 3378 quia
2276 3310 2438 3364 homo
2466 3310 2747 3375 liberatur:
2770 3311 2995 3377 veritas,
3016 3314 3141 3383 quia
3170 3324 3446 3383 peccatum
3472 3318 3709 3386 punitur.

2122 3399 2258 3455 Ecce
2285 3404 2420 3455 enim
2447 3403 2707 3457 veritatem
2752 3403 2977 3460 dilacisti
3006 3420 3026 3460 :
3054 3405 3247 3460 incerta
3284 3416 3333 3460 et
3372 3411 3573 3464 «culta
3620 3426 3706 3463 sa-

2121 3490 2326 3560 pientiae
2372 3502 2473 3547 tua:
2508 3493 2847 3563 manifestasti
2887 3495 3032 3549 mihi.
3058 3496 3191 3562 Quae
3218 3498 3453 3552 occulta?
3478 3514 3601 3570 qua:
3624 3501 3709 3554 in-

2117 3584 2297 3639 certa?
2322 3582 2453 3650 Quia
2484 3584 2624 3645 Deus
2651 3586 2878 3656 ignoscit
2904 3595 2961 3641 et
2985 3586 3200 3645 talibus.
3224 3588 3367 3644 Nihil
3390 3596 3495 3644 tam
3523 3592 3708 3647 00ml-

2118 3683 2254 3741 tum,
2278 3674 2411 3729 nihil
2440 3687 2544 3729 tam
2574 3676 2856 3731 incertum.
2899 3677 2980 3732 Ad
3026 3677 3128 3733 hoc
3160 3679 3425 3735 incertum
3461 3679 3709 3738 Ninivita:

2117 3765 2488 3836 paenitentiam
2534 3774 2780 3836 egerunt.
2812 3767 3073 3823 Dixerunt
3109 3770 3252 3824 enim
3273 3811 3288 3831 ,
3318 3772 3565 3841 quamvis
3590 3782 3710 3842 post

2119 3858 2291 3914 minas
2320 3858 2630 3929 prophetas,
2661 3861 2904 3931 quamvis
2929 3872 3049 3932 post
3077 3862 3219 3917 illam
3242 3878 3462 3930 vocem,
3492 3864 3706 3934 Triduo,

2116 3960 2165 4003 et
2194 3949 2383 4005 Ninive
2430 3950 2742 4006 subvertetur
2768 3966 2790 4008 .'
2817 3951 3082 4008 dixerunt.
3106 3955 3249 4024 apud
3292 3971 3385 4023 se,
3423 3959 3706 4026 petendam

2116 4059 2238 4099 esse
2262 4044 2684 4101 misericordiam
2718 4046 3015 4115 :dixerunt
3040 4050 3113 4102 ita
3147 4048 3285 4120 apud
3314 4064 3377 4106 se
3403 4049 3708 4120 disceptan-

2118 4146 2226 4204 tes,
2261 4138 2388 4206 Quis
2429 4139 2594 4203 novit,
2640 4140 2687 4194 si
2725 4138 2874 4194 Deus
2908 4140 3082 4210 ﬂectat
3109 4141 3164 4195 in
3192 4142 3369 4196 melius
3406 4146 3705 4199 sententiam

2116 4248 2283 4296 suam,
2313 4242 2362 4287 et
2404 4233 2669 4287 miseretur
2686 4234 2714 4287 .9
2740 4233 3002 4289 Incertum
3034 4243 3171 4299 erat,
3196 4249 3317 4289 cum
3340 4234 3553 4300 dicitur,
3580 4237 3714 4303 Quis

2117 4323 2273 4379 novit.
2306 4325 2379 4379 Dc
2420 4323 2624 4379 incerto
2648 4323 3016 4395 pmniteutiam
3046 4333 3292 4396 egerunt,
3316 4336 3520 4381 certam
3547 4328 3707 4383 mise-

2116 4416 2403 4471 ricordiam
2434 4425 2749 4470 meruerunt
2780 4432 2794 4469 :
2820 4424 3226 4485 prostraverunt
3244 4431 3305 4472 se
3331 4417 3384 4471 in
3412 4416 3665 4488 lacrymis
3687 4459 3724 4482 ,.

2116 4508 2170 4564 in
2210 4506 2431 4579 jejuniis
2452 4547 2468 4573 ,
2502 4507 2554 4561 in
2593 4506 2773 4561 cilicio
2801 4514 2857 4561 et
2888 4506 2943 4562 in
2972 4506 3156 4562 cinere
3182 4516 3586 4578 prostraverunt
3609 4523 3670 4564 se
3688 4549 3704 4572 .

2115 4608 2454 4669 gemuerunt,
2483 4596 2745 4652 ﬂeverunt
2767 4637 2783 4661 ,
2813 4598 3053 4668 pepercit
3081 4598 3221 4653 Deus
3250 4596 3395 4671 (Jan.
3423 4614 3505 4667 ut,
3526 4599 3707 4673 440).

2117 4691 2278 4746 Stetit
2321 4690 2532 4753 Ninive,
2581 4705 2649 4743 an
2679 4703 2865 4743 eversa
2891 4700 2978 4744 est
3016 4688 3250 4746 Ninivef
3276 4689 3451 4745 Aliter
3491 4691 3707 4761 quidem

2118 4781 2327 4835 videtur
2367 4779 2673 4834 hominibus
2698 4821 2713 4845 ,
2767 4789 2821 4834 et
2861 4780 3016 4835 aliter
3047 4781 3217 4835 visum
3262 4791 3344 4836 est
3384 4782 3495 4837 Deo
3522 4782 3562 4837 ³.
3597 4784 3709 4854 Ego

2116 4884 2293 4928 autem
2321 4881 2446 4941 puto
2484 4872 2760 4940 impletum
2792 4870 2958 4926 fuisse
2985 4871 3129 4942 quod
3155 4871 3413 4942 propheta
3442 4874 3710 4943 praedixe-

2118 4977 2218 5021 rat.
2251 4966 2609 5034 ltespieeqna:
2637 4964 2735 5019 fuit
2760 4964 2973 5031 Ninive,
2996 4974 3050 5019 et
3078 4965 3199 5021 vide
3226 4966 3351 5036 quia
3371 4983 3558 5022 eversa
3588 4980 3668 5023 est
3692 5010 3709 5035 ,

2117 5072 2303 5113 eversa
2334 5056 2387 5112 in
2419 5058 2579 5119 malo,
2608 5055 2867 5111 aediﬁcata
2885 5054 2937 5110 in
2967 5057 3108 5111 bono
3132 5074 3145 5111 :
3174 5058 3314 5113 sicut
3330 5072 3554 5113 eversus
3573 5058 3714 5114 Sau-

2117 5152 2202 5206 lus
2245 5159 2572 5218 persecutor,
2614 5148 2907 5204 :t‘dilicatns
2956 5148 3153 5205 Paulus
3206 5150 3709 5220 praedicatorum.

2119 5261 2192 5310 Ix,
2218 5241 2297 5313 εί).
2319 5243 2451 5308 Quis
2477 5260 2579 5294 non
2616 5242 2813 5297 diceret
2832 5240 3100 5297 civitatem
3134 5242 3309 5309 istam,
3340 5243 3393 5296 in
3433 5258 3536 5311 qua
3569 5259 3712 5299 nunc

2117 5350 2321 5398 smnus,
2359 5333 2585 5387 feliciter
2606 5346 2872 5399 eversam,
2900 5334 2945 5386 si
2975 5348 3165 5388 utimes
3194 5332 3271 5387 illi
3308 5332 3515 5400 insani,
3554 5336 3713 5402 nugis

2116 5430 2228 5484 suis
2254 5428 2504 5493 desertis,
2546 5423 2612 5480 ad
2638 5426 2918 5480 ecclesiam
2944 5434 3265 5495 compnncto
3289 5426 3452 5481 corde
3480 5440 3710 5481 concur-

2115 5530 2318 5588 rerent,
2334 5520 2426 5574 Dei
2453 5519 2873 5575 misericordiam
2903 5519 2971 5574 de
2992 5519 3105 5573 suis
3136 5517 3288 5573 factis
3318 5518 3601 5588 praeteritis
3630 5519 3709 5574 in-

2178 5679 2197 5711 ι
2230 5676 2398 5726 Plures
2418 5672 2654 5736 agnoui
2672 5675 2990 5725 cont-crnitur.
3015 5674 3114 5731 Alii,
3140 5674 3223 5735 qui
3241 5674 3519 5726 concrescit.

2184 5743 2204 5775 ι
2234 5741 2365 5797 ωδ..
2388 5750 2530 5801 opere
2550 5734 2604 5787 in
2626 5738 2796 5786 Adam.
2825 5739 2985 5797 Abest,
3010 5737 3075 5797 in,
3101 5751 3129 5787 a
3147 5734 3251 5787 διεδ.

2185 5806 2207 5837 ι
2235 5812 2349 5855 t'ox.
2376 5812 2487 5855 Deo.
2510 5802 2651 5848 abest
2671 5813 2698 5847 ιι
2724 5807 2828 5849 MSS.
