1984 3171
149 207 205 236 595

149 264 299 292 vocarent?
313 264 408 292 Nonne
422 264 573 292 diceremus
585 273 592 292 :
606 264 656 293 Ubi
672 268 714 292 est
735 263 779 291 illa
791 262 925 297 Carthago
937 262 950 289 ?

148 310 218 343 Quia
233 318 286 337 non
300 315 342 338 est
355 310 426 345 quod
440 315 514 341 erat,
528 317 622 337 eversa
635 315 677 337 est
692 318 699 336 :
713 308 760 337 sed
773 309 796 336 si
811 313 862 342 est,
877 307 949 343 quod

150 363 206 382 non
214 360 283 388 erat.
295 355 424 383 aedificata
434 361 486 383 est.
499 355 536 383 ιω
543 355 641 383 dicitur
648 354 774 383 Ieremia!
787 363 796 381 :
808 354 874 381 Ecce
884 354 949 381 dabo

149 400 349 436 tQLsradicme,
364 400 502 435 stt/fodere,
518 406 637 435 euertere,
649 400 805 436 disperdere,
822 404 846 427 et
860 408 949 427 rursus

149 447 291 481 edi/imre,
308 452 332 474 et
345 447 463 482 plantare
476 447 584 482 (Jerem.
599 455 619 479 t,
633 447 690 480 t0).
704 446 767 474 inde
781 449 825 473 est
837 453 889 472 vox
903 445 948 472 illa

115 494 258 521 rhomini
275 504 282 520 ε
298 494 355 530 Ego
368 495 518 530 prrcutiam,
533 499 555 521 et
565 502 610 529 ego
628 493 722 520 sonabo
741 492 834 529 (Deut.
848 499 925 518 xxxtt
940 512 948 524 ,

148 539 210 575 59).
237 540 354 567 Perculit
381 540 547 576 putrodinem
569 539 711 572 facinoris,
728 544 804 565 sanat
826 538 946 564 dolorem

149 585 278 623 vulneris.
295 584 407 612 Faciunt
423 585 519 612 medici
531 593 591 613 cum
614 589 725 616 secant,
750 583 903 619 percutiunt
921 587 949 609 et

148 621 267 666 sanat—tt;
283 635 388 657 armant
402 638 432 658 se
447 634 477 658 ut
495 630 592 657 feriant
603 649 610 661 .
628 631 727 657 ferrum
742 635 845 665 gestant
861 633 887 656 ct
900 636 947 656 cu-

114 692 126 701 .
150 683 212 710 raro
227 667 348 711 veniunt.
363 675 417 703 Sed
432 675 493 711 quia
513 680 621 711 peccata
635 682 730 710 magna
750 679 828 703 erant
843 674 946 701 Ninivi-

149 726 249 753 tarttm,
265 720 402 748 dixerunt.
419 721 482 754 Quis
493 721 559 748 novit
570 721 583 748 ?
595 720 652 748 Hoc
668 721 798 748 incertum
814 719 947 755 patefece—

149 770 193 793 rat
207 767 275 793 Deus
288 773 367 793 servo
380 773 430 793 suo
441 766 533 793 David.
550 765 616 793 Cum
631 766 701 793 enim
718 766 840 796 dixisset,
859 770 947 791 stante

148 815 318 846 et-arguente
337 818 367 838 se
391 810 537 846 Propheta,
563 810 670 838 Peccavi
688 819 697 838 :
719 812 807 838 statim
819 811 945 838 attdivita

148 856 296 890 Propheta,
312 855 339 883 id
350 860 393 883 est
405 863 420 883 a
434 855 534 891 Spiritu
549 856 595 883 Dei
615 857 659 890 qui
675 860 733 883 erat
749 857 775 882 itt
793 855 922 890 Propheta
937 876 945 888 ,

151 900 294 934 Qigm'uunt
306 906 342 928 ut
360 902 405 929 tibi
416 906 545 937 pet-calum
563 907 635 928 tuum
649 902 681 936 (ll
697 902 760 937 Reg.
771 910 821 932 xtt.
838 902 892 937 i3).
909 900 947 928 lti-

148 952 224 974 certa
237 951 265 974 et
276 946 381 974 occulta
392 947 530 981 sapientia:
543 954 599 974 sua:
614 946 793 974 manifestavit
804 946 836 974 ei.

186 993 230 1020 12.
243 991 320 1030 [νει-ι.
336 991 376 1029 9.]
393 993 517 1029 Asperges
527 1001 577 1025 me,
593 994 689 1028 inquit,
706 994 826 1028 hyssopo,
838 998 859 1020 et
873 1002 946 1019 tuan-

146 1038 239 1074 εἶρε.
265 1038 418 1075 Hyssopum
433 1040 544 1066 herbam
574 1041 697 1067 novimus
726 1040 873 1072 humilem,
898 1040 945 1067 sed

141 1085 335 1120 medicinalem
353 1095 359 1112 :
374 1093 439 1113 saxo
452 1087 554 1114 hatrere
565 1086 699 1113 radicibus
710 1087 816 1114 dicitur.
834 1087 895 1114 lude
920 1088 945 1114 in

110 1138 130 1152 ί
146 1132 437 1169 mysteriomnndandi
458 1133 546 1159 cordis
571 1133 717 1160 similitudo
739 1139 875 1168 assumpta
892 1140 941 1161 est.

146 1177 327 1212 Appreltcnde
348 1183 375 1204 et
390 1183 417 1205 tu
428 1172 545 1205 radicem
558 1179 708 1206 dilectionis
730 1185 831 1213 petram
851 1185 920 1206 tuam
936 1190 942 1207 :

146 1229 207 1250 esto
215 1224 324 1251 humilis
338 1224 363 1251 in
381 1224 474 1251 humili
487 1225 541 1251 Deo
555 1230 608 1258 tuo,
626 1231 652 1251 ut
664 1227 700 1252 sis
714 1227 837 1253 excelsus
852 1227 944 1262 inglo-

113 1280 123 1292 ιν
147 1269 251 1295 rillcato
263 1269 317 1296 Deo
333 1274 387 1296 tuo.
405 1271 561 1305 Aspergeris
572 1270 698 1306 hyssopo,
714 1271 850 1299 humilitas
862 1272 942 1300 Chri-

145 1315 181 1340 sti
196 1319 221 1341 te
242 1314 389 1342 mundabit.
406 1315 464 1342 Noli
477 1315 586 1343 herbam
599 1322 773 1344 contemnere
788 1338 795 1349 ,
812 1317 867 1345 vim
883 1326 942 1345 me~

106 1369 129 1398 1
145 1359 289 1387 dicatnenti
305 1361 423 1388 attende.
438 1361 543 1397 Aliquid
562 1362 641 1389 etiam
658 1363 743 1389 ditant
765 1363 836 1398 quod
855 1371 870 1390 a
884 1372 942 1391 me-

114 1394 214 1438 rilicis
232 1406 350 1435 solemus
371 1406 481 1440 audire,
498 1408 538 1434 vel
562 1409 676 1442 experiri
694 1409 718 1435 iu
742 1411 856 1444 :cgrotis.
874 1410 943 1446 Hys-

145 1458 241 1485 soputn
255 1451 348 1478 dicunt
363 1452 506 1486 purgandis
527 1453 697 1487 pulmonibus
716 1460 805 1488 aptum
820 1464 887 1483 csse.
913 1456 941 1483 ln

144 1496 272 1530 pulmone
293 1497 362 1524 solet
377 1498 463 1524 notari
478 1499 600 1532 superbia
619 1508 626 1526 :
650 1499 702 1526 illic
729 1501 799 1526 cuitu
816 1501 919 1528 inflatio
930 1521 941 1535 ,

144 1541 200 1568 illic
227 1542 372 1569 anhelitus.
406 1542 548 1570 Dicebatur
582 1544 615 1571 de
643 1544 723 1573 Saulo
748 1552 939 1579 persecutore,

75 1601 111 1631 (Α
135 1587 330 1625 Milli]?
350 1587 432 1615 Saulo
447 1589 579 1624 superbo,
603 1590 673 1624 quod
696 1590 749 1617 ibat
775 1592 940 1619 advincieth

110 1627 115 1637 Ἃ
143 1632 387 1671 ιρξέῖιᾞειῑιιηοε
409 1634 516 1668 spirans
538 1635 638 1662 (natlem
663 1636 729 1669 (Act.
745 1645 781 1669 Ix,
795 1639 840 1671 l):
856 1638 940 1665 anlte-

102 1683 106 1691 ι
143 1668 351 1710 ιῶῖῖἧθὲέ
376 1674 518 1714 anhelabat
545 1681 712 1716 sanguinem,
738 1683 855 1709 nomium
882 1693 940 1716 pur-

141 1728 204 1758 mo
216 1724 353 1758 pulmone.
369 1725 437 1752 Audi
451 1730 478 1752 et
490 1725 532 1752 hic
546 1725 712 1753 ltttmiiiatttm
722 1749 729 1760 ,
744 1729 805 1762 qttia
823 1729 939 1764 ltySsopo

108 1782 110 1788 τ
143 1774 284 1805 purgatum
299 1779 306 1796 :
321 1770 445 1807 Δανα-σεε
459 1779 499 1798 me
512 1771 632 1807 hyssopo,
656 1778 679 1799 el
693 1773 834 1800 utaudabor
843 1782 852 1806 ;
870 1775 939 1802 lava-

145 1815 184 1842 bis
197 1823 246 1847 me,
263 1815 289 1842 id
303 1820 355 1848 est,
371 1816 512 1843 mundabis
531 1825 575 1844 me
588 1826 596 1845 :
607 1823 629 1845 et
647 1827 724 1852 super
738 1819 817 1845 nivem
832 1821 937 1846 αραιιια-

141 1862 198 1888 bar.
214 1860 273 1888 Etsi
292 1862 404 1897 fuerim,
429 1862 532 1898 inquit,
553 1868 655 1897 peccata
668 1870 749 1890 vestra
764 1865 828 1891 sicut
838 1866 937 1898 p/arni-

104 1916 129 1937 >
140 1907 355 1945 giinhtanqaam
367 1909 448 1935 nivem
462 1908 583 1935 dealbabo
598 1908 673 1945 (1δαί.
689 1917 707 1941 t,
724 1910 779 1945 18).
793 1910 829 1937 De
841 1911 939 1937 talibus

141 1953 195 1981 sibi
213 1944 321 1982 exhibe“
348 1954 471 1981 Christus
494 1959 596 1982 vestem
623 1956 680 1982 sine
702 1957 805 1983 macula
821 1960 848 1983 et
872 1965 936 1991 ruga

142 1997 252 2035 (Εριιει.
266 2007 294 2031 ν,
307 1999 363 2034 27).
390 2000 505 2027 Proinde
527 2001 610 2028 vestis
623 2001 681 2033 ejus
697 2001 722 2027 in
747 2007 854 2033 monte,
879 2010 937 2037 quze

104 2062 107 2064 λ
142 2049 270 2079 tanquam
283 2044 326 2071 nix
342 2045 465 2072 dealbata
487 2045 585 2072 effulsit
600 2046 705 2082 (Matth.
720 2055 785 2078 ιιι-ιι,
800 2048 841 2082 ‘2),
858 2049 938 2083 signi-

141 2090 233 2121 ﬂcavit
248 2090 394 2126 Ecclesium
410 2091 482 2118 omni
498 2092 602 2118 macula
618 2093 718 2127 peccati
736 2094 899 2120 mundatatn.

179 2136 223 2163 l5.
237 2134 311 2172 [verm
328 2136 385 2172 10.]
399 2137 451 2164 Sed
463 2137 505 2164 ubi
522 2138 655 2164 humilitas
668 2146 699 2164 ex
717 2138 834 2174 hyssopo
845 2139 856 2166 ’ἶ
868 2140 935 2167 Audi

141 2181 282 2215 sequentia
295 2191 302 2210 :
315 2181 418 2208 Audittti
427 2191 482 2209 meo
495 2183 567 2209 dabis
579 2184 770 2210 exsultationem
779 2190 802 2210 et
812 2184 935 2217 lwtitiam,

138 2231 166 2254 st
177 2226 327 2254 exultabant
336 2235 394 2254 ossa
406 2227 549 2254 bunuliala.
560 2228 664 2255 Λιιάίιυί
674 2237 739 2261 meo,
756 2229 850 2264 inquit.
865 2231 937 2258 dabis

139 2271 336 2299 multationem
352 2276 375 2298 et
388 2272 504 2299 lctitiam
516 2280 525 2299 :
539 2273 661 2308 gaudebo
679 2274 812 2301 audiendo
829 2281 863 2307 te,
884 2284 937 2303 non

139 2317 278 2352 loquendo
290 2323 381 2345 contra
395 2322 431 2345 te.
453 2319 587 2352 Peccasti,
603 2320 664 2354 quid
678 2320 799 2347 defendis
818 2321 865 2348 te?
890 2322 938 2349 Lo-

137 2365 186 2399 qui
200 2363 241 2391 vis
256 2373 263 2391 :
280 2369 384 2400 patere.
397 2364 458 2391 audi
472 2385 480 2396 ,
499 2365 565 2392 cede
577 2366 674 2392 divinis
688 2367 813 2398 vocibus.
830 2375 863 2394 tte
878 2376 938 2402 per—

140 2410 258 2438 turberis
272 2414 301 2438 et
314 2411 429 2446 amplius
442 2412 591 2439 vuluereris
608 2421 614 2438 :
629 2413 803 2440 commissum
819 2419 870 2446 cst,
884 2422 936 2441 non

137 2455 310 2486 defendatur:
325 2456 351 2483 in
364 2456 561 2484 confessionem
575 2458 663 2485 veniat
676 2479 683 2491 ,
700 2459 787 2485 nonin
802 2459 937 2487 defensio-

137 2511 214 2531 nem.
229 2502 348 2530 Adhibes
361 2507 388 2530 te
411 2501 581 2530 defensorem
606 2504 708 2538 peccati
723 2505 759 2531 lui
773 2525 779 2535 ,
801 2505 934 2533 vinceris:

138 2556 193 2576 non
209 2548 380 2575 innocentem
400 2552 541 2583 patronum
566 2548 727 2582 adhibuisti,
744 2558 797 2577 non
823 2556 863 2577 est
890 2552 935 2578 tibi

137 2594 214 2621 utilis
228 2592 351 2621 defensio
364 2598 420 2621 tua.
434 2594 502 2627 Quis
525 2601 555 2620 es
579 2595 650 2621 enim
666 2595 708 2629 qui
737 2600 762 2622 te
787 2596 936 2623 defendas?

138 2640 256 2668 ldoneus
268 2647 298 2667 es
313 2643 340 2667 tu
351 2639 385 2667 ad
395 2640 574 2667 accusandum
591 2645 626 2668 te.
638 2640 699 2668 Noli
712 2641 811 2673 dicere,
828 2649 882 2675 aut,
894 2644 936 2670 Ni-

137 2686 177 2714 hil
190 2686 258 2717 feci;
282 2691 343 2719 aut,
358 2686 426 2720 Quid
447 2694 572 2721 maguum
589 2687 657 2719 feci;
674 2693 719 2713 aut
732 2708 738 2718 ,
762 2688 894 2715 Fecerunt
908 2695 936 2716 et

136 2732 194 2759 alii.
211 2732 240 2759 Si
252 2731 373 2759 faciendo
385 2736 522 2766 peccatum
535 2733 599 2759 nihil
619 2738 644 2760 te
659 2733 725 2759 dicis
737 2733 833 2760 fet-isse
845 2755 852 2766 ,
869 2734 936 2762 nihil

136 2779 205 2810 eris,
226 2778 293 2806 nihil
305 2780 435 2814 accipies;
452 2785 558 2814 paratus
572 2785 614 2807 est
629 2781 699 2807 Deus
714 2781 779 2807 dare
795 2781 935 2815 indulgen-

138 2825 217 2856 tiam,
226 2823 330 2852 claudis
342 2829 435 2851 contra
446 2829 489 2857 te;
505 2825 549 2852 ille
560 2831 669 2860 paratus
680 2830 720 2853 est
731 2826 806 2859 dare,
819 2826 873 2853 noli
888 2834 936 2862 op-

137 2877 241 2907 ponere
255 2870 360 2898 obicem
376 2870 541 2898 defensionis
554 2892 562 2904 ,
578 2871 626 2899 sed
641 2872 714 2907 aperi
727 2873 815 2899 sinum
827 2873 935 2900 confes-

138 2915 237 2944 sionis.
253 2916 359 2943 Aeditui
384 2924 439 2943 meo
466 2915 538 2944 dabis
552 2917 744 2945 exsultationem
759 2924 783 2945 et
807 2919 931 2946 lwtiltam.

739 204 937 235 ENARRATIO
957 203 990 231 IN
1010 204 1173 234 ρειιιιιυιι
1189 206 1220 235 ι.

1748 213 1801 241 594

1007 259 1066 296 Ipse
1077 262 1158 290 donet
1171 268 1200 290 ut
1211 263 1299 292 dicam
1319 265 1390 300 quod
1403 266 1499 294 sentio.
1516 266 1662 296 Feliciorcs
1675 275 1737 297 sttnt
1751 271 1798 304 qui

1003 306 1125 340 audiunt,
1141 316 1220 343 quam
1235 309 1280 344 qui
1305 310 1524 346 loquuntursoui
1548 313 1621 342 enim
1637 314 1727 345 discit.
1745 315 1796 343 hu-

1003 351 1075 379 milis
1087 356 1146 379 est:
1162 353 1207 388 qui
1220 359 1309 382 autem
1323 355 1412 389 docet,
1428 357 1532 385 laborat
1544 363 1635 386 utnon
1648 360 1684 387 sit
1698 368 1796 396 super-

1003 396 1054 424 bus
1065 417 1073 429 ,
1100 405 1133 425 ne
1148 398 1217 425 male
1230 399 1350 434 placendi
1365 401 1477 429 affectus
1498 403 1609 438 irrepat,
1623 412 1658 432 ne
1673 406 1727 433 Deo
1741 407 1798 434 dis-

1003 442 1099 478 pliceat
1113 444 1158 479 qui
1172 445 1229 472 vult
1249 446 1356 480 placere
1375 447 1537 477 hominibus.
1560 449 1670 485 Magnus
1691 456 1798 480 tremor

1002 492 1044 516 est
1055 488 1082 516 in
1090 489 1214 523 docente,
1229 490 1327 519 fratres
1338 493 1403 525 mei.
1415 500 1528 529 magnus
1537 498 1640 523 tremor
1651 501 1693 524 est
1705 502 1799 525 noster

1002 533 1028 562 itt
1040 535 1082 563 his
1094 537 1203 564 vocibus
1216 539 1327 566 nostris.
1341 538 1451 568 Credite
1471 540 1548 568 cordi
1563 547 1658 570 nostro
1675 544 1746 578 quod
1759 545 1799 572 vi-

1000 581 1066 609 dere
1078 589 1131 609 non
1145 583 1256 618 potestis
1273 593 1280 611 :
1294 584 1345 612 scit
1368 585 1425 620 ipse
1444 586 1490 621 qui
1503 586 1628 615 mitescat
1646 588 1734 622 nobis,
1749 590 1797 625 qui

1001 628 1131 663 propitius
1143 629 1178 656 sit
1193 629 1280 660 nobis.
1292 638 1354 658 cum
1367 636 1468 666 quanto
1490 633 1541 661 sub
1558 633 1604 661 illo
1626 639 1744 664 tremore
1763 637 1797 664 ad

1000 681 1048 701 vos
1061 675 1205 710 loquimur.
1227 675 1294 704 Cum
1322 682 1410 704 autem
1427 678 1514 713 ipsum
1534 679 1635 715 aliquid
1648 687 1796 717 suggeren-

1000 723 1052 747 tem
1066 724 1094 747 et
1105 720 1247 748 docentem
1258 720 1330 749 intus
1340 722 1474 756 audimus,
1485 725 1574 752 securi
1588 733 1692 758 sumus,
1704 729 1792 755 securi

998 765 1145 800 gaudemus
1159 775 1166 794 :
1180 767 1230 794 sub
1243 768 1371 803 magistro
1383 768 1455 796 enim
1471 777 1575 804 sumus,
1594 771 1666 798 illius
1679 772 1791 808 gloriam

999 811 1160 847 quau-imus,
1175 813 1249 840 illum
1267 813 1408 841 docentem
1430 814 1571 843 laudamus
1586 824 1593 843 :
1608 815 1725 845 delectat
1742 827 1794 847 nos

998 857 1102 885 veritas.
1115 857 1173 893 ejus
1200 858 1283 890 intus.
1309 859 1354 887 ubi
1371 865 1450 887 nemo
1465 859 1529 888 facit
1548 861 1591 889 vel
1605 861 1681 890 audit
1695 864 1794 900 strepio

999 905 1055 929 tum
1069 910 1077 930 :
1093 901 1131 936 ibi
1143 902 1211 930 dixit
1230 903 1282 931 istc
1291 910 1352 932 esse
1368 904 1488 932 [tentiam
1502 912 1579 933 suam
1594 910 1622 934 et
1634 908 1794 937 exsultatio-

999 958 1061 979 nem
1076 959 1163 980 suam.
1178 952 1285 980 Λιιάόιαὶ
1296 961 1352 981 meo
1364 974 1372 987 ,
1388 954 1491 989 inquit,
1513 955 1588 982 dabis
1600 955 1794 984 exsultationem

998 1002 1022 1024 et
1034 997 1159 1026 (rutilium.
1180 998 1215 1026 Et
1235 998 1297 1026 ideo
1315 999 1377 1034 quia
1392 999 1513 1034 humilis,
1525 1000 1611 1029 audit.
1627 1001 1678 1035 Qui
1701 1002 1793 1035 audit,

998 1044 1043 1078 qui
1059 1052 1123 1072 vero
1139 1044 1213 1073 audit
1226 1050 1254 1074 et
1273 1046 1342 1074 bene
1357 1046 1445 1082 audit,
1469 1047 1579 1077 humilis
1597 1049 1674 1076 audit
1688 1059 1695 1077 :
1709 1050 1794 1085 gloria

998 1089 1069 1116 enim
1084 1090 1110 1118 in
1125 1090 1172 1118 illo
1185 1095 1226 1119 est
1242 1098 1257 1118 a
1273 1099 1327 1127 quo
1343 1092 1418 1120 audit
1432 1092 1504 1129 quod
1516 1094 1600 1123 audit.
1615 1094 1793 1130 Posteaquam

996 1134 1083 1167 dixit,
1099 1135 1206 1163 Auditui
1222 1145 1279 1164 meo
1299 1137 1372 1166 dabis
1391 1139 1586 1168 exsultationem
1612 1144 1637 1168 et
1658 1140 1793 1174 laetitiam;

997 1179 1125 1208 continuo
1131 1181 1325 1210 demonstravit
1333 1184 1397 1219 quid
1409 1184 1487 1212 faciat
1495 1185 1607 1218 auditio,
1619 1185 1793 1214 Exsultabuut

996 1236 1054 1255 ossa
1068 1228 1211 1256 ltuna'liata.
1229 1230 1371 1257 Humiliata
1397 1235 1461 1258 sunt
1475 1238 1554 1264 ossa.
1577 1239 1638 1259 ossa
1660 1232 1793 1260 audientis

996 1281 1050 1301 non
1065 1273 1164 1302 habent
1181 1275 1293 1308 fastum,
1310 1284 1363 1303 non
1379 1275 1481 1304 habent
1506 1281 1651 1310 tumorem,
1669 1286 1749 1313 quem
1764 1279 1791 1306 in

995 1327 1025 1346 se
1039 1320 1082 1347 vix
1100 1320 1183 1348 vincit
1202 1320 1247 1356 qui
1272 1321 1399 1357 loquitur.
1421 1321 1485 1350 inde
1498 1327 1527 1351 et
1541 1323 1586 1351 ille
1607 1324 1716 1352 humilis
1731 1332 1792 1353 Ina-

994 1372 1073 1399 gnus,
1095 1373 1148 1401 quo
1162 1366 1187 1393 in
1214 1367 1282 1395 natis
1297 1367 1440 1395 mulierum
1466 1375 1545 1396 nemo
1567 1370 1654 1404 major
1671 1370 1792 1398 surrexit

997 1411 1102 1447 (Matth.
1112 1420 1149 1443 xt,
1160 1412 1214 1448 tl),
1228 1413 1273 1443 ich
1281 1412 1325 1449 qui
1337 1414 1371 1453 ita
1381 1421 1411 1442 se
1420 1413 1567 1446 humiliavit
1578 1420 1604 1443 ut
1614 1423 1642 1442 se
1652 1416 1788 1452 indignum

994 1455 1097 1485 diceret
1124 1458 1228 1485 solvere
1249 1458 1391 1494 corrigiam
1415 1460 1590 1488 calceameuti
1617 1461 1723 1489 Domini
1747 1462 1789 1490 sui

996 1501 1091 1538 (lore.
1106 1510 1125 1535 ι,
1138 1503 1177 1538 7),
1188 1502 1306 1532 Joannes
1319 1504 1366 1532 ille
1380 1504 1510 1541 Baptista,
1523 1505 1591 1535 dans
1604 1507 1716 1541 gloriam
1728 1516 1788 1536 ma-

993 1547 1077 1582 gistro
1089 1555 1139 1575 suo
1155 1552 1183 1575 et
1202 1549 1263 1576 ideo
1287 1550 1375 1578 amico
1389 1558 1453 1585 suo,
1468 1551 1520 1584 ait;
1534 1559 1595 1580 cum
1605 1552 1727 1580 Christus
1739 1562 1789 1588 pu-

993 1597 1104 1625 taretur,
1120 1598 1148 1622 et
1163 1602 1196 1622 ex
1209 1602 1242 1622 eo
1253 1595 1392 1630 superbire
1407 1602 1514 1631 posset,
1529 1602 1557 1625 et
1571 1605 1603 1625 se
1619 1599 1765 1627 extendere
1779 1609 1787 1627 :

993 1645 1047 1665 non
1068 1639 1140 1666 enim
1159 1638 1217 1674 ipse
1227 1647 1260 1667 se
1273 1640 1377 1672 dixerat
1395 1640 1530 1669 Christum
1542 1650 1550 1675 ;
1566 1643 1615 1670 sed
1627 1648 1730 1678 poterat
1744 1652 1789 1672 ac-

991 1683 1082 1718 cipere
1095 1683 1232 1711 hominum
1244 1692 1364 1712 errorem
1378 1685 1429 1714 hoc
1443 1688 1602 1721 putantium,
1622 1689 1693 1715 ttltro
1706 1689 1789 1717 istum

993 1728 1121 1757 honorem
1139 1728 1246 1758 deferre
1269 1730 1415 1758 volentium
1435 1731 1511 1767 (Luc.
1525 1740 1565 1766 ttt,
1581 1732 1627 1770 lii)
1644 1743 1652 1761 :
1667 1734 1714 1762 sed
1743 1744 1788 1764 re—

989 1775 1064 1809 spuit
1074 1774 1170 1803 falsum
1182 1775 1310 1804 honorem
1324 1776 1492 1805 utinveuiret
1499 1785 1590 1806 veram
1599 1780 1711 1814 gloriam
1723 1781 1733 1797 ¹
1743 1790 1751 1809 :
1760 1786 1789 1809 ct

991 1820 1052 1848 vide
1065 1821 1241 1849 humilitatem
1262 1821 1298 1851 de
1326 1822 1508 1857 attdituzait,
1530 1824 1580 1858 Qui
1607 1825 1682 1853 habet
1706 1835 1786 1862 spon-

988 1873 1055 1897 sam,
1064 1873 1173 1900 sponsus
1186 1871 1241 1898 est;
1253 1866 1351 1895 anticus
1356 1871 1441 1895 autem
1452 1870 1540 1904 sponsi
1546 1874 1597 1899 stat
1606 1876 1629 1898 et
1637 1870 1708 1898 audit
1717 1880 1785 1900 eum.

991 1910 1111 1938 Stantem
1126 1918 1157 1939 se
1167 1911 1229 1939 fecit
1240 1912 1449 1947 ctandieutem,
1465 1922 1518 1942 non
1537 1915 1677 1944 cadentem
1696 1921 1725 1945 et
1745 1918 1787 1945 lo-

992 1960 1128 1990 queutem.
1141 1956 1211 1989 Stat,
1225 1955 1322 1992 inquit,
1330 1962 1353 1985 et
1366 1959 1438 1986 audit
1449 1967 1516 1986 eum.
1525 1960 1645 1988 Audistis
1654 1962 1785 1995 auditum;

992 2002 1035 2029 tibi
1049 2007 1091 2029 est
1103 2003 1246 2031 exsultatio
1257 2007 1285 2031 et
1298 2004 1410 2032 lmtitia!
1421 2004 1554 2034 Continuo
1567 2007 1688 2043 sequitur
1701 2016 1710 2036 :
1728 2009 1787 2037 Stat

983 2042 1105 2075 ama
1130 2057 1199 2083 eum,
1223 2054 1248 2077 et
1259 2050 1353 2085 gaudio
1366 2051 1461 2087 gaudet
1479 2057 1583 2088 propter
1700 2055 1788 2092 sponsi

991 2093 1080 2129 (Joan.
1095 2102 1125 2122 ιιι
1134 2115 1143 2128 ,
1157 2094 1216 2130 29).
1228 2095 1335 2124 Auditui
1349 2105 1404 2125 meo
1417 2097 1490 2126 dabis
1504 2100 1695 2134 exsultationem
1706 2106 1729 2127 et
1739 2102 1786 2129 ltr-

990 2140 1117 2172 titiam..et
1128 2142 1289 2169 exsultabant
1304 2151 1361 2170 om
1373 2143 1516 2171 humilium.

1026 2187 1070 2214 Η.
1079 2185 1155 2224 [νινε.
1170 2186 1227 2224 Η.]
1240 2187 1332 2215 Auerte
1340 2189 1431 2224 faciem
1444 2194 1514 2216 tuam
1527 2199 1543 2217 a
1550 2191 1661 2226 peccatis
1671 2192 1734 2220 meis
1742 2213 1750 2226 ,
1762 2198 1786 2221 et

990 2240 1077 2260 omnes
1090 2232 1234 2268 iniquitates
1244 2242 1313 2262 meas
1325 2234 1391 2262 dels.
1404 2235 1462 2263 .Iam
1477 2237 1550 2264 enim
1569 2238 1704 2266 exsultant
1723 2247 1785 2267 ossa

990 2277 1144 2323 humiliatq,
1158 2279 1213 2313 jam
1239 2279 1357 2315 hyssopo
1384 2281 1546 2316 mundatus,
1573 2282 1681 2311 humilis
1700 2283 1784 2312 factus

990 2331 1062 2359 sum.
1079 2324 1169 2351 Acme
1188 2324 1279 2355 faciem
1298 2330 1369 2353 tuam
1380 2346 1389 2357 ,
1414 2334 1466 2353 nou
1481 2335 1496 2354 ιι
1512 2336 1571 2360 mc.
1590 2329 1636 2357 sed
1649 2338 1666 2356 a
1678 2331 1784 2364 peccatis

990 2369 1061 2396 meis.
1079 2369 1147 2397 Alibi
1157 2370 1256 2405 quippe
1269 2377 1349 2398 orans
1359 2371 1424 2399 dicit
1436 2371 1498 2404 :Ne
1507 2379 1607 2400 avertas
1616 2375 1707 2410 [aciem
1716 2381 1787 2403 luant

989 2423 1007 2450 ει
1017 2423 1058 2450 me
1069 2414 1155 2450 (Psal.
1167 2423 1241 2448 xxw,
1255 2415 1296 2450 9).
1310 2416 1361 2450 Qui
1376 2419 1428 2444 non
1447 2418 1504 2445 vult
1516 2425 1531 2445 a
1550 2427 1579 2446 se
1592 2420 1676 2447 averti
1690 2421 1785 2448 faciem

990 2459 1049 2491 Dei,
1065 2460 1123 2487 vult
1136 2460 1219 2488 averti
1235 2460 1329 2488 faciem
1344 2462 1389 2489 Dei
1402 2469 1418 2489 a
1433 2463 1549 2497 peccatis
1562 2464 1626 2491 suis.
1642 2464 1785 2492 Peccatum

988 2505 1060 2533 enim
1073 2505 1144 2533 unde
1155 2513 1185 2533 se
1200 2506 1269 2533 Deus
1279 2514 1333 2534 non
1346 2507 1453 2540 avertit.
1467 2507 1584 2536 advertit
1598 2517 1606 2537 :
1621 2507 1644 2536 si
1657 2509 1787 2543 advertit,

989 2550 1185 2578 animadvertit.
1206 2551 1298 2578 Λυσία
1313 2551 1406 2587 faciem
1425 2557 1495 2580 tuam
1509 2555 1646 2589 spectatis
1667 2554 1747 2589 meis,
1759 2560 1787 2583 st

989 2605 1075 2624 omnes
1084 2597 1229 2631 iniquitates
1241 2605 1311 2625 meas
1322 2597 1387 2626 dele.
1399 2598 1502 2634 Satagit
1510 2599 1545 2627 de
1556 2599 1604 2628 illo
1616 2600 1709 2636 grandi
1723 2608 1784 2636 pec-

989 2646 1049 2670 cato
1065 2642 1144 2677 :plus
1158 2644 1313 2677 praesumit,
1334 2651 1429 2672 omnes
1446 2644 1533 2672 doleri
1552 2645 1611 2672 vult
1631 2645 1787 2681 iniquitates

989 2690 1065 2719 snas;
1082 2689 1218 2721 praesumit
1231 2688 1265 2716 de
1276 2688 1372 2716 medici
1385 2697 1476 2722 manu,
1486 2689 1521 2717 de
1536 2698 1630 2726 magna
1641 2691 1684 2718 illa
1702 2691 1784 2719 misec

989 2732 1105 2759 rieordia
1122 2740 1201 2767 qttam
1216 2733 1243 2760 in
1259 2733 1390 2769 principio
1403 2733 1501 2761 Psalmi
1520 2734 1652 2762 invocavit
1665 2744 1673 2763 :
1691 2735 1786 2763 Omnes

989 2777 1134 2812 iniquitates
1147 2785 1216 2805 meas
1228 2778 1294 2805 dele.
1310 2779 1414 2807 Avertit
1425 2779 1520 2807 faelem
1537 2780 1606 2807 Deus
1616 2800 1624 2812 ,
1639 2786 1666 2807 et
1679 2781 1718 2808 sic
1733 2780 1785 2808 de-

989 2822 1045 2855 let;
1057 2823 1203 2850 avertendo
1213 2822 1307 2850 faciem
1323 2828 1431 2858 peccata
1441 2824 1514 2852 delet
1523 2845 1531 2856 ,
1544 2825 1708 2853 advertendo
1719 2825 1785 2853 scri<
1802 2826 1809 2842 λ

989 2867 1038 2895 bit.
1063 2867 1169 2896 Audisti
1188 2868 1335 2897 avertendo
1357 2869 1509 2903 delentem.
1531 2870 1594 2898 audi
1619 2870 1784 2900 advel-tendo

1023 2924 1033 2940 ¹
1050 2928 1103 2951 ιιι.
1116 2928 1223 2956 excepto
1230 2931 1280 2951 uno
1288 2924 1352 2951 forte
1361 2929 1388 2951 ct.
1395 2925 1475 2952 altero
1482 2926 1573 2957 ferunt,
1580 2932 1662 2957 rerum
1668 2927 1782 2958 gratim.
