3968 6324
390 349 498 406 595

390 465 516 535 quid
550 464 848 520 facientem.
896 462 1079 539 Vultus
1116 474 1285 517 autem
1326 460 1530 516 Domini
1555 475 1708 529 super
1737 460 1979 530 facientes

319 562 563 627 Vrania,
606 569 662 613 ut
708 557 908 628 perdat
937 558 1001 611 de
1047 567 1183 611 terra
1236 555 1529 617 memoriam
1581 552 1800 624 eorum(
1838 550 1985 606 Psal.

389 666 580 716 sum,
611 650 704 718 17)
743 667 756 702 :
789 664 896 704 non
927 647 1158 703 delentlo
1189 656 1406 717 peccata
1435 662 1642 701 eorum.
1672 644 1769 699 llic
1798 654 1981 697 autem

387 742 518 813 quid
547 744 738 812 rogat?
765 744 943 795 Auerte
973 741 1156 809 faciem
1185 718 1324 792 tuam
1356 756 1387 791 α
1412 737 1633 808 peccatis
1660 736 1804 789 meis.
1843 735 1989 789 Bene

388 848 561 908 rogat.
591 838 714 909 Ipse
739 837 884 894 enim
916 854 1021 893 non
1058 838 1250 892 avertit
1290 835 1477 891 faciem
1510 852 1541 890 a
1568 835 1939 906 peccatissnis
1968 876 1985 899 ,

389 930 597 999 dicens,
628 928 886 996 Quoniam
910 940 1173 999 peccatum
1191 945 1354 982 meum
1386 944 1473 998 ego
1501 943 1769 995 cognosco.
1796 925 1989 981 Merito

396 1038 576 1095 rogas.
598 1008 817 1078 et'bene
833 1037 989 1092 rogas
1018 1032 1076 1076 ut
1096 1022 1241 1076 Deus
1254 1031 1460 1076 avertat
1491 1021 1678 1076 faciem
1704 1035 1736 1074 a
1767 1026 1988 1088 peccato

266 1170 277 1201 ι
322 1114 331 1201 ί
360 1120 505 1181 ‘tuo,
519 1114 563 1170 si
582 1123 638 1170 tu
656 1115 778 1169 inde
795 1131 902 1170 non
930 1115 1126 1169 avertis
1156 1114 1437 1168 faciem:si
1463 1128 1595 1168 vero
1622 1121 1677 1166 tu
1702 1119 1983 1183 peccatum

390 1216 539 1260 tutum
566 1207 619 1261 in
643 1205 809 1261 dorso
836 1205 1010 1277 ponis,
1041 1206 1182 1260 Deus
1211 1204 1283 1259 ibi
1317 1203 1507 1259 faciem
1535 1202 1704 1273 ponit.
1734 1200 1816 1256 Tu
1851 1216 1984 1270 pec-

386 1306 565 1353 catum
611 1306 759 1352 tuum
788 1305 914 1351 ante
955 1294 1147 1353 faciem
1195 1304 1340 1350 tuam
1370 1302 1657 1360 converte,
1711 1293 1759 1349 si
1798 1291 1881 1347 vis
1925 1301 1985 1346 ut

356 1388 357 1409 ‘
387 1388 511 1445 inde
540 1389 684 1445 Deus
710 1389 897 1444 faciem
922 1404 1073 1444 suam
1099 1395 1349 1453 avertat;
1374 1394 1431 1442 et
1456 1385 1537 1441 sic
1559 1398 1783 1441 securus
1798 1397 1977 1453 rogas,

352 1474 436 1557 [et
455 1481 720 1552 exaudit.)
1146 1542 1183 1558 ν

454 1578 541 1634 lii.
574 1576 722 1650 [uera
753 1574 867 1650 12.]
880 1573 1264 1650 garriamus”
1285 1588 1402 1629 creo
1428 1573 1483 1626 in
1507 1587 1607 1634 me.
1640 1568 1795 1626 Deus.
1825 1570 1976 1641 Creo,

378 1669 529 1724 non'
557 1668 709 1739 quasi
754 1682 948 1722 novum
991 1665 1190 1739 aliquid
1242 1663 1459 1720 institue
1485 1704 1501 1727 ,
1528 1662 1711 1719 dicere
1761 1661 1977 1717 voluit:

296 1754 345 1804 >
368 1738 635 1829 βειινίιιιιὶτι
670 1738 953 1826 ,ρωιιῑιοιιέ
990 1738 1212 1820 orabat,
1251 1755 1341 1824 qui
1387 1752 1731 1808 commiserat
1777 1750 1977 1822 aliquid

366 1828 849 1920 “quodprinsqnam
865 1848 1224 1903 committeret
1240 1844 1575 1900 innocentior
1593 1852 1729 1911 erat,
1744 1842 1978 1898 ostendit

273 1944 276 1947 ’
374 1922 833 2009 quemadmodum
864 1937 1095 2003 dixerit,
1124 1935 1274 2003 cm.
1304 1932 1373 1999 Et
1401 1935 1637 2004 spiritum
1680 1942 1872 1999 rectum
1896 1933 1977 1999 in:

292 2038 333 2081 >
352 2049 505 2105 mgna
532 2029 1081 2103 inruisceribusmeis.
1112 2028 1219 2103 Per
1241 2026 1439 2082 factum
1466 2069 1481 2091 ,
1508 2026 1715 2097 inquit,
1744 2040 1923 2080 meum
1951 2028 1974 2058 ³

374 2114 669 2185 inveterata
699 2131 817 2178 erat
856 2132 1020 2192 atque
1062 2128 1277 2174 curvata
1304 2118 1572 2174 rectitude
1600 2118 1819 2187 spiritus
1844 2117 1969 2173 mei.

376 2214 513 2270 lticit
534 2215 678 2270 enim
706 2230 773 2270 ex
799 2213 907 2269 alio
936 2212 1140 2283 psalmo
1158 2207 1530 2265 :Cnrvaverunt
1553 2208 1779 2262 maintain
1809 2224 1973 2263 meum

374 2305 547 2376 (Psat.
578 2323 663 2362 LVI
687 2348 703 2371 ,
734 2306 810 2374 7).
844 2304 914 2359 Et
939 2301 1155 2372 quando
1182 2316 1242 2375 se
1271 2300 1439 2373 homo
1462 2316 1689 2373 pronum
1722 2298 1883 2373 facit
1900 2300 1970 2375 ad

370 2407 613 2471 terrenas
657 2393 1118 2466 concupiscentia:
1141 2434 1158 2461 ,
1185 2394 1497 2448 incurvatur
1530 2389 1969 2465 quodammodo;

254 2554 255 2557 η
368 2502 490 2541 eum
519 2496 697 2542 autem
716 2486 939 2558 erigitur
958 2484 1011 2540 in
1036 2498 1299 2555 superna,
1306 2492 1515 2547 rectum
1546 2482 1604 2539 lit
1629 2497 1725 2536 cur
1750 2481 1970 2551 eius..ltl

367 2575 543 2647 bimus
560 2576 643 2645 illi
671 2573 932 2633 sit‘Deus.
960 2575 1131 2643 Quam
1150 2574 1328 2628 bonus
1353 2572 1496 2628 enim
1525 2572 1664 2626 Deus
1691 2571 1852 2627 lsrael
1876 2587 1968 2627 re-

354 2668 469 2735 ,etis
497 2667 661 2723 corde
689 2664 860 2739 (Paul.
892 2680 1065 2734 usu,
1090 2663 1193 2736 'l)!
1225 2663 1494 2731 Proinde,
1526 2662 1737 2732 fratres,
1763 2663 1964 2723 audite.

368 2758 670 2831 Aliquando
697 2757 842 2816 Deus
864 2759 952 2816 cui
983 2758 1210 2830 ignoscit
1238 2756 1293 2813 in
1325 2755 1505 2813 futuro
1531 2755 1731 2813 sarculo
1752 2798 1768 2819 .
1794 2758 1967 2814 carri.

290 2866 297 2877 ν
369 2854 449 2921 pit
466 2866 592 2907 eum
616 2849 687 2907 de
710 2860 933 2922 peccato
957 2848 1011 2906 in
1036 2850 1141 2905 isto
1165 2847 1387 2917 mulo.
1405 2846 1536 2903 Nam
1562 2857 1618 2903 et
1642 2848 1747 2918 ipsi
1776 2844 1964 2912 David.

363 2945 453 3000 cui
475 2944 678 3001 dictum
700 2942 813 3014 jam
848 2943 1022 3000 fuerat
1063 2955 1162 3012 per
1192 2938 1513 3011 Propbeunn
1532 2977 1551 3006 ,
1579 2936 1859 2994 υἱηιίηιιιιι
1892 2949 1967 2995 est

367 3044 631 3104 peccatum
657 3045 824 3103 tuum,
851 3037 1149 3090 evenerunt
1171 3030 1418 3105 quadam
1442 3047 1563 3102 quae
1592 3031 1827 3088 minatus
1849 3042 1967 3089 erat

369 3129 513 3184 Deus
537 3134 758 3199 propter
779 3125 956 3198 ipsum
994 3132 1293 3198 peccatum.
1321 3121 1454 3178 Nam
1485 3122 1625 3177 ﬁlius
1652 3109 1780 3193 ejus
1798 3122 1967 3179 Abes—

360 3217 518 3281 salon
560 3216 821 3274 adversus
859 3230 984 3272 eum
1024 3225 1305 3272 cruentum
1347 3214 1546 3270 bellum
1586 3215 1784 3285 gessit,
1815 3224 1872 3269 et
1911 3215 1963 3269 in

363 3308 550 3365 multis
580 3306 882 3363 bumiliavit
900 3314 1111 3379 patrem
1136 3320 1293 3361 suum
1320 3302 1387 3378 (ll
1408 3304 1534 3379 Reg.
1566 3321 1659 3371 xv,
1688 3305 1804 3375 10).
1824 3306 1965 3360 Ληι-

364 3398 582 3456 bulabat
620 3396 715 3455 ille
758 3397 814 3453 in
859 3397 1068 3464 dolore,
1099 3396 1153 3451 in
1194 3395 1538 3451 tribulatione
1582 3395 1969 3453 bumiliatiunis

362 3493 585 3561 sum,ita
611 3489 1013 3553 subditus'Deo,
1037 3498 1099 3545 ut
1123 3488 1303 3545 omnia
1324 3488 1466 3560 justa
1486 3488 1536 3546 ei
1564 3488 1803 3544 tribuens
1831 3504 1966 3545 con-

363 3587 605 3645 ﬁteretur
645 3579 790 3654 quod
828 3581 962 3638 nihil
1011 3589 1284 3653 pateretur
1325 3578 1542 3649 indigne
1565 3621 1582 3647 ,
1614 3578 1820 3635 habens
1848 3578 1965 3651 jam

244 3710 252 3720 -
358 3684 568 3733 rectum
583 3689 680 3731 eor
696 3673 781 3730 cui
799 3689 907 3729 non
924 3670 1240 3744 displicebat
1260 3671 1417 3733 Deus.
1437 3670 1755 3742 Iniuriosum
1778 3678 1977 3744 quem-‘

358 3765 487 3824 dam
510 3774 569 3822 et
604 3766 659 3822 in
687 3779 751 3823 os
778 3764 882 3821 sibi
909 3762 1041 3820 dura
1072 3763 1355 3820 maledicta
1377 3758 1679 3833 iacientem
1700 3763 1966 3832 patienter

359 3856 633 3925 audiebat,
646 3872 715 3912 ex
737 3856 961 3912 adversa
988 3864 1143 3925 parte
1159 3870 1323 3910 unum
1338 3869 1404 3910 ex
1421 3853 1678 3910 militibus
1696 3854 1785 3923 qui
1813 3866 1967 3911 erant

358 3969 483 4012 eum
513 3953 623 4010 lilio
647 3955 766 4023 ejus
787 3950 975 4023 impio.
1000 3951 1069 4007 Et
1097 3965 1217 4006 cum
1253 3948 1345 4004 ille
1365 3949 1573 4019 iaceret
1597 3946 1881 4004 maledicta
1908 3947 1965 4004 lu

357 4052 571 4119 regem,
582 4046 746 4105 iratus
760 4060 899 4101 unus
913 4060 976 4100 ex
990 4028 1279 4100 comitibus
1300 4039 1463 4097 David
1486 4039 1743 4096 voluitire
1763 4049 1821 4098 et
1844 4054 1969 4111 per-

356 4125 544 4195 cutere
554 4154 701 4203 eum;
720 4138 815 4192 sed
833 4136 1147 4207 proltibetpr
1160 4149 1191 4189 a
1208 4132 1398 4189 David.
1416 4131 1484 4188 Et
1497 4129 1767 4203 quomodo
1785 4132 1967 4202 probi-

357 4228 543 4286 betur.’
557 4228 627 4286 Ut
655 4227 879 4289 diceret,
911 4226 1047 4282 Deus
1072 4225 1219 4279 illum
1242 4223 1469 4286 misit.“
1495 4221 1625 4277 mihi
1647 4223 1965 4279 malediceret

356 4321 471 4391 (Id.
491 4337 600 4383 xvi.
617 4321 673 4388 5,
687 4319 802 4392 ιο).
816 4322 1127 4389 Agnoscens
1147 4315 1360 4385 culpam
1385 4329 1562 4382 suam,
1585 4312 1866 4385 amplexus
1880 4322 1968 4371 est

270 4436 299 4455 ιε
357 4427 570 4483 [mnam
600 4428 775 4476 suam,
799 4423 1046 4482 quaerens
1071 4408 1293 4478 gloriam
1324 4418 1429 4459 non
1459 4419 1647 4472 suam;
1679 4403 1964 4462 Dominum

356 4488 582 4562 laudans
612 4503 665 4559 in
689 4518 755 4557 eo
775 4500 917 4570 quod
936 4499 1058 4555 boui
1088 4495 1338 4562 habebat,
1361 4495 1643 4552 Dominum
1663 4494 1895 4567 laudans
1909 4497 1965 4553 in

355 4611 423 4649 eo
436 4594 579 4665 quod
603 4593 927 4663 patiebatur,
945 4589 1270 4645 benedicens
1292 4587 1573 4642 Dominum
1598 4588 1651 4643 in
1664 4586 1811 4643 omni
1829 4596 1966 4643 tem-

356 4705 511 4760 pore,
525 4702 740 4754 semper
754 4686 869 4739 laus
884 4683 1000 4751 eius
1016 4682 1069 4738 in
1084 4696 1179 4736 om
1193 4680 1311 4749 eius
1323 4682 1341 4747 (
1352 4676 1496 4735 Psat.
1515 4693 1705 4745 xxxnt.
1721 4678 1965 4751 2).Tales

282 4816 293 4850 ε
355 4790 483 4849 sunt
506 4784 698 4832 amnes
722 4775 853 4831 reeti
877 4771 1041 4828 corde
1073 4788 1085 4824 :
1112 4785 1219 4824 non
1250 4768 1306 4823 bi
1336 4767 1570 4850 perversi
1590 4810 1611 4836 ,
1631 4769 1723 4839 qui
1764 4780 1830 4825 se
1870 4782 1963 4824 re-

357 4846 474 4929 stos
500 4875 705 4941 putant,
735 4872 796 4924 et
817 4877 1132 4936 perversum
1157 4860 1328 4918 Deum
1349 4846 1378 4921 ς’
1395 4859 1485 4930 qui
1522 4859 1737 4930 quando
1762 4858 1963 4931 aliquid

356 4963 558 5021 faciunt
584 4961 732 5027 mali,
762 4957 1016 5030 gaudent;
1038 4952 1253 5026 quando
1278 4952 1477 5022 aliquid
1505 4952 1631 5007 mali
1661 4954 1958 5022 patiuntur.

354 5056 764 5126 blaspbeniant:
794 5051 1012 5121 insuper
1062 5045 1220 5117 positi
1265 5046 1319 5102 in
1377 5043 1721 5099 tribulatione
1766 5052 1823 5099 et
1860 5042 1962 5098 ua.

312 5148 494 5218 pello
520 5189 537 5211 ,
583 5145 770 5201 dicunt
806 5142 878 5198 de
927 5138 1092 5197 corde
1139 5137 1402 5201 distorto,
1446 5133 1590 5192 Deus
1616 5176 1633 5202 ,
1683 5132 1812 5207 quid
1866 5135 1962 5215 tibi

358 5240 460 5295 reci
483 5238 508 5292 2
531 5236 675 5294 vere
700 5235 826 5307 quia
853 5230 988 5289 nihil
1026 5232 1139 5286 Deo
1180 5228 1459 5295 fecerunt;
1477 5227 1654 5284 omnia
1686 5227 1833 5282 enim
1860 5226 1961 5282 sibi

357 5330 622 5401 fecerunt.
650 5314 749 5381 Ἧι
796 5325 1036 5396 spiritum
1088 5330 1281 5375 rectum
1333 5318 1519 5373 innoua
1586 5317 1641 5371 in
1695 5307 1965 5373 visceribus

358 5436 457 5476 ιπιι
464 5437 506 5475 1.

431 5498 520 5568 16.
548 5510 722 5586 fras.
758 5507 844 5564 l3.
865 5505 891 5581 ]
912 5503 1269 5579 Neprojicias
1300 5518 1381 5557 me
1409 5518 1442 5556 ι
1474 5502 1605 5573 [acie
1637 5511 1745 5555 tua.
1786 5500 1965 5556 Arene

424 5656 1301 5727 ιιιιοιιιιι.ιι)ρρινθηὶω¹²”⁰⁸3’
1696 5713 1757 5727 ο·

423 5728 448 5761 ⁸
478 5727 551 5776 sic
572 5730 679 5774 las.
704 5730 763 5773 At
777 5720 912 5771 add;
932 5714 1227 5783 'Pcrfcctum,
1253 5714 1428 5781 inquit,
1449 5716 1503 5769 in
1535 5729 1612 5769 mc
1632 5714 1856 5782 spitium:
1879 5717 1962 5781 ﬂre

358 5796 479 5842 και.
513 5791 779 5838 mactmus
794 5787 922 5845 σοι,
945 5790 1044 5833 etc.

1636 344 1695 400 S.
1738 340 2102 399 AUGUSTlNl
2139 342 2445 404 EPISCOPI

3594 354 3701 413 396

2100 465 2284 535 faciem
2310 477 2453 521 tuam
2478 483 2512 522 α
2535 469 2750 537 peccatis
2776 467 2899 523 meis
2922 483 2942 522 :
2971 477 3020 521 et
3048 481 3111 522 ne
3132 468 3373 543 proﬁcias
3394 485 3477 525 mc
3504 487 3538 525 ο
3564 473 3699 546 facie

2098 565 2205 611 tua.
2244 556 2412 628 Cujus
2448 555 2637 614 faciem
2682 558 2873 624 timet,
2899 558 3068 629 ipsius
3110 561 3297 616 faciem
3342 560 3577 620 invocat.
3610 563 3697 618 Ns

2097 649 2338 719 projicias
2372 665 2453 703 me
2487 665 2520 720 ιι
2552 650 2686 720 facie
2714 660 2803 703 tua
2824 665 2844 704 :
2866 659 2913 704 et
2940 651 3175 719 spiritum
3204 662 3434 723 sanctum
3462 663 3606 709 tuum
3630 670 3694 709 ne

2095 744 2301 812 auferas
2326 759 2358 795 α
2382 757 2479 796 me.
2511 742 2609 797 Est
2635 744 2778 797 enim
2805 743 3027 813 spiritus
3053 754 3272 800 sanctus
3297 744 3348 798 in
3375 746 3689 803 confitente.

2094 832 2212 889 Jam
2241 832 2308 887 ad
2333 832 2531 888 donum
2566 833 2799 903 Spiritus
2820 835 2988 890 sancti
3019 836 3269 905 pertinet,
3297 838 3418 906 quia
3449 837 3541 891 tibi
3574 839 3686 893 dis-

2094 927 2255 997 plicel
2280 927 2424 997 quod
2446 927 2633 984 fecisﬁ.
2660 914 3686 1003 metuuﬂq,spiritqiuessatirlacent.

2093 1032 2279 1076 sancto
2306 1021 2609 1091 displicent.
2640 1021 2893 1090 Quamvis
2916 1036 3045 1093 ergo
3071 1022 3244 1077 adhuc
3258 1024 3469 1078 veniam
3498 1023 3694 1093 depre-

2090 1112 2231 1169 ceris
2249 1153 2266 1179 ,
2295 1122 2476 1169 tamen
2502 1129 2572 1170 ex
2586 1114 2709 1173 .alia
2737 1122 2890 1184 parte
2928 1115 3050 1185 quia
3080 1114 3175 1169 tibi
3211 1112 3458 1184 displicet
3485 1116 3685 1171 malum

2088 1202 2235 1272 quod
2261 1202 2607 1271 commisisti,
2634 1204 2745 1274 Deo
2769 1203 3129 1275 .conjungeris
3156 1222 3171 1261 ;
3201 1202 3305 1260 hoc
3334 1204 3480 1260 enim
3508 1214 3563 1260 et
3591 1204 3688 1261 tibi

2087 1294 2357 1365 displicet,
2379 1296 2520 1369 quod
2547 1304 2607 1353 et
2628 1295 2726 1352 illi.
2753 1296 2872 1377 iam
2890 1296 2999 1353 duo
3024 1298 3155 1352 estis
3178 1297 3247 1353 ad
3275 1298 3682 1370 expugnandam

2088 1385 2295 1453 febrem,
2312 1395 2464 1453 tuam
2487 1428 2505 1456 ,
2538 1395 2619 1461 tu,
2640 1395 2697 1443 et
2723 1387 2982 1447 medicus.
3012 1387 3146 1457 Quia
3185 1402 3317 1459 ergo
3359 1405 3465 1444 non
3504 1399 3685 1460 potest

2086 1492 2208 1533 esse
2234 1476 2502 1535 confessio
2530 1478 2735 1549 pecuni
2760 1487 2812 1533 et
2840 1479 3045 1549 punitio
3080 1482 3283 1549 peccati
3313 1481 3368 1536 in
3404 1480 3623 1538 homine
3648 1496 3682 1537 ει

2085 1570 2300 1640 seipse;
2328 1585 2450 1625 cum
2481 1571 2701 1642 quisque
2742 1571 2843 1628 sibi
2874 1569 3121 1625 irascitur
3157 1580 3216 1627 et
3242 1571 3342 1626 sibi
3381 1571 3635 1642 displicet
3656 1613 3677 1638 ,

2083 1661 2202 1715 sine
2228 1658 2373 1716 dono
2393 1658 2625 1730 Spiritus
2668 1660 2839 1716 sancti
2870 1676 2977 1717 non
3015 1671 3121 1717 est.
3150 1661 3267 1719 Nec
3292 1663 3399 1729 ait,
3431 1663 3675 1732 spiritum

2083 1761 2325 1806 sanctum
2350 1760 2498 1808 tuum
2525 1750 2592 1807 da
2621 1750 2771 1817 milii,
2802 1751 2919 1815 sed,
2951 1768 3015 1807 ne
3029 1751 3235 1824 auferas
3260 1770 3294 1808 a
3316 1769 3417 1809 me.
3437 1753 3506 1809 Et
3526 1755 3683 1827 spiri-

2083 1851 2189 1894 tum
2212 1851 2446 1896 sanctum
2468 1852 2611 1895 tuum
2636 1842 2922 1912 nerauferas
2939 1857 2971 1896 ιι
2995 1858 3094 1897 me.
3160 1878 3165 1883 -

2154 1932 2243 1987 17.
2272 1928 2443 2005 hers.
2472 1929 2607 2006 ιι]
2638 1931 2815 1989 Redde
2846 1931 2975 1989 mihi
3014 1932 3399 1990 multationem
3435 1934 3678 2006 saturnia

2080 2024 2176 2077 tui.
2223 2021 2403 2080 Redde
2439 2039 2600 2095 quam
2640 2023 2904 2081 habebam
2927 2066 2944 2093 ,
2974 2041 3134 2097 quam
3169 2027 3442 2097 peccando
3474 2029 3675 2084 amise-

2079 2129 2234 2170 ram:
2263 2114 2439 2170 Redde
2474 2116 2600 2191 mihi
2643 2116 3031 2173 multationem
3065 2120 3307 2175 subitaria
3346 2120 3421 2174 tui
3444 2135 3466 2176 :
3491 2120 3677 2193 utique

2075 2204 2278 2262 Christi
2325 2203 2423 2263 tui.
2450 2206 2583 2275 Quis
2617 2208 2764 2265 enim
2809 2207 2928 2265 sine
2956 2209 3049 2265 illo
3088 2198 3267 2265 sanari
3309 2212 3516 2283 potuit?
3540 2212 3674 2281 Quia

2076 2306 2133 2353 et
2159 2306 2447 2369 antequam
2490 2297 2559 2353 de
2594 2296 2757 2355 Maria
2796 2308 3144 2368 nasceretur,
3172 2300 3229 2355 in
3272 2300 3532 2372 principio
3558 2311 3675 2358 erat

2076 2387 2311 2444 Verbum
2329 2421 2347 2453 ,
2371 2396 2430 2445 et
2471 2376 2847 2445 Verbutn'erat
2870 2389 3010 2461 apud
3056 2390 3222 2446 Deum
3246 2429 3263 2454 ,
3290 2399 3345 2445 et
3374 2391 3516 2453 Deus
3556 2402 3674 2448 erat

2076 2476 2313 2534 Verbum
2330 2478 2511 2551 (Joan.
2534 2494 2574 2547 ι,
2598 2479 2653 2551 1)
2682 2495 2696 2532 :
2728 2489 2779 2535 el
2808 2480 2879 2534 ita
2907 2495 2937 2533 a
2964 2484 3163 2536 sanctis
3184 2467 3438 2537 Pati-ibus
3457 2481 3675 2553 dispen-

2072 2570 2211 2626 satio
2238 2580 2499 2642 susceptas
2518 2573 2696 2628 carnis
2721 2571 2898 2629 futura
2928 2572 3269 2640 credebatur,
3291 2566 3431 2630 sicut
3456 2590 3488 2631 a
3517 2575 3673 2632 nobis

2073 2660 2214 2720 facta
2233 2663 2491 2721 creditur.
2521 2663 2785 2736 Tempora
2813 2665 3016 2720 variata
3041 2670 3187 2731 sunt,
3217 2680 3325 2721 non
3352 2665 3503 2722 fides.
3527 2664 3671 2721 Rad-

2069 2755 2139 2814 ιιι
2157 2756 2283 2812 mihi
2304 2756 2688 2812 exsultationem
2714 2757 2955 2814 salutaris
2977 2758 3050 2812 tui
3076 2772 3100 2814 :
3122 2767 3170 2814 et
3192 2758 3378 2831 spiritu
3398 2758 3672 2831 principali

2069 2846 2321 2918 conﬁrma
2347 2862 2446 2905 me.
2469 2847 2719 2905 Nonnulli
2747 2848 3132 2904 intellexerunt
3156 2848 3243 2905 hic
3270 2847 3586 2907 Trinitatem
3614 2852 3670 2908 in

2072 2936 2185 2994 Deo
2210 2938 2384 3010 ipsum
2411 2939 2600 3005 Deum,
2625 2949 2847 3009 excepta
2876 2940 3276 3010 diSpeusatione
3294 2941 3505 2999 carnis:
3528 2958 3670 3013 quo.

2072 3030 2215 3084 niam
2241 3032 2497 3101 scriptum
2523 3041 2626 3098 est,
2650 3028 2790 3086 Deus
2812 3033 3019 3101 spiritus
3046 3044 3119 3088 est
3143 3020 3356 3105 Uda",
3372 3033 3491 3107 24).
3513 3034 3669 3104 Quod

2070 3121 2215 3177 enim
2254 3138 2360 3177 non
2388 3130 2473 3177 est
2499 3138 2695 3192 corpus
2717 3164 2732 3189 ,
2761 3132 2816 3179 et
2861 3133 3039 3181 tamen
3068 3136 3187 3193 est,
3216 3124 3429 3181 videtur
3464 3138 3669 3184 rectam

2070 3220 2130 3267 ut
2148 3211 2372 3283 spiritus
2400 3212 2491 3267 sit.
2525 3213 2832 3286 lntelligunt
2868 3229 2997 3285 ergo
3035 3214 3124 3270 hic
3159 3215 3400 3273 nonnulli
3430 3214 3667 3276 Trinita-

2070 3312 2181 3359 tem
2218 3304 2415 3359 dictam
2456 3304 2570 3376 (a);
2628 3303 2682 3361 in
2718 3306 2904 3375 spiritu
2942 3316 3080 3361 recto
3120 3306 3350 3374 Filium,
3392 3308 3449 3364 in
3483 3310 3669 3380 spiritu

2069 3403 2247 3451 sancto
2266 3393 2525 3466 Spiritum
2552 3404 2819 3463 sanctum,
2844 3395 2899 3451 in
2923 3395 3107 3467 spiritu
3133 3394 3406 3468 principali
3430 3396 3667 3456 Patrem.

2068 3483 2197 3541 Sive
2217 3499 2346 3558 ergo
2373 3483 2478 3560 hoc
2497 3475 2570 3541 ita
2594 3487 2709 3556 sit,
2727 3486 2841 3543 sive
2860 3487 3106 3559 spiritum
3133 3495 3342 3544 rectum
3368 3488 3537 3560 ipsius
3559 3486 3664 3545 bo-

2069 3577 2233 3634 minis
2253 3578 2422 3650 accipi
2454 3578 2663 3647 voluit,
2692 3580 2880 3636 dicens
2898 3620 2916 3647 ,
2947 3579 3201 3653 Spiritum
3241 3590 3437 3661 restans
3478 3581 3668 3639 innare

2068 3671 2129 3726 in
2174 3668 2446 3726 visceribus
2493 3671 2650 3739 meis,
2698 3685 2858 3743 quem
2908 3672 3126 3728 cuva
3172 3679 3230 3730 et
3275 3669 3498 3731 distorti
3535 3688 3667 3743 μου
3786 3729 3791 3732 ς

2068 3762 2283 3827 cando.
2326 3771 2387 3819 ut
2444 3762 2559 3833 jam
2613 3763 2847 3835 Spiritus
2899 3774 3123 3820 sanctus
3166 3764 3288 3837 ipse
3327 3764 3400 3821 sit
3442 3764 3667 3836 spiritus

2069 3852 2418 3924 principalis,
2443 3868 2604 3926 quem
2643 3864 2701 3911 et
2744 3852 2943 3911 auferri
2979 3869 3013 3909 a
3060 3869 3122 3911 se
3169 3851 3376 3923 noluit,
3401 3864 3461 3911 et
3499 3870 3571 3910 eo
3602 3870 3666 3912 se

2074 3944 2239 4000 voluit
2281 3938 2626 4019 eoutlrmari;
2673 3962 2782 4004 non
2820 3954 2908 4004 est
2946 3942 3201 4004 haeretica
3244 3945 3497 4020 qualibet
3539 3961 3671 4005 sen-

2069 4035 2258 4097 lentia.

2143 4128 2233 4191 18.
2258 4124 2411 4203 [κη.
2444 4126 2557 4204 15.]
2584 4131 2691 4190 Sed
2723 4129 2901 4188 videte
2925 4128 3058 4202 quid
3088 4128 3344 4200 adiungat
3370 4143 3390 4184 ε
3413 4124 3620 4197 Spiritu
3640 4168 3667 4199 ,

2069 4235 2259 4307 inquit.
2290 4227 2565 4306 principali
2587 4226 2838 4297 conﬁrma
2864 4240 2961 4280 me.
2987 4219 3046 4279 In
3072 4237 3180 4294 quo
3201 4222 3459 4292 conﬁrma
3476 4221 3507 4277 2
3528 4219 3668 4289 Quia

2069 4326 2319 4398 ignovisti
2346 4322 2499 4386 mihi,
2528 4320 2655 4393 quia
2684 4331 2908 4374 securus
2935 4330 3059 4371 sum
3086 4330 3194 4369 non
3237 4311 3372 4369 mihi
3411 4312 3668 4385 imputari

2067 4421 2212 4493 quod
2232 4406 2466 4482 donasti,
2489 4431 2555 4470 ex
2583 4415 2686 4469 hoc
2706 4410 2882 4467 factus
2908 4423 3153 4475 securus,
3178 4414 3339 4478 atque
3366 4404 3469 4463 ista
3490 4404 3669 4476 gratia

2066 4510 2455 4575 conﬁrmatus,
2484 4520 2591 4562 non
2632 4518 2731 4559 ero
2767 4501 3031 4572 ingratus.
3061 4497 3200 4567 Quid
3238 4497 3385 4553 enim
3432 4493 3670 4551 faciam?

2067 4604 2292 4661 noceam
2317 4601 2518 4668 iniquos
2540 4599 2649 4654 eius
2670 4606 2806 4669 tuus.
2831 4594 3063 4649 Doceam
3089 4588 3301 4663 iniquos
3324 4602 3390 4645 es
3420 4586 3605 4660 iniquo
3620 4590 3669 4653 ις

2065 4696 2121 4754 id
2146 4703 2232 4753 est
2248 4736 2263 4761 ,
2291 4693 2383 4765 qui
2425 4689 2619 4747 fuerim
2650 4696 2708 4744 et
2728 4700 2832 4757 ego
2859 4684 3115 4755 iniquus,
3136 4682 3247 4753 jam
3274 4696 3383 4737 non
3407 4679 3624 4752 iniquus
3643 4717 3669 4748 ,

2066 4804 2175 4844 non
2203 4803 2233 4840 a
2262 4799 2350 4841 me
2375 4780 2556 4839 ablato
2584 4778 2788 4850 Spiritu
2832 4787 3020 4833 sancto
3037 4815 3055 4839 ,
3078 4784 3135 4830 et
3166 4772 3356 4846 spiritu
3386 4770 3670 4844 principali

2064 4876 2446 4939 continuatus,
2477 4873 2686 4929 doceam
2728 4869 2928 4941 iniquos
2951 4868 3059 4921 uias
3091 4875 3224 4921 tuas.
3248 4863 3393 4934 Quas
3417 4863 3535 4920 vias
3559 4860 3667 4921 inl-

2064 4984 2205 5041 quos
2245 4965 2499 5023 docebis?
2527 4961 2596 5017 Et
2623 4961 2769 5032 impii
2804 4959 2872 5014 ad
2899 4967 2947 5012 ts
2973 4964 3345 5013 convertentur.
3369 4954 3429 5012 Si
3470 4969 3667 5025 pecca—

2066 5070 2180 5116 tum
2208 5050 2375 5114 David
2404 5053 2664 5126 impietati
2691 5051 2978 5121 deputatur
2999 5090 3016 5115 ,
3047 5062 3155 5103 non
3192 5047 3263 5102 de
3288 5061 3348 5101 se
3376 5045 3669 5116 desperent

2067 5149 2238 5220 impii,
2265 5146 2391 5220 quia
2418 5129 2827 5216 pepercit-Deus
2850 5138 3055 5208 impio;
3088 5135 3183 5193 sed
3215 5138 3260 5192 si
3286 5136 3355 5192 ad
3380 5152 3507 5192 eum
3528 5151 3664 5191 eon-

2066 5249 2342 5297 vertantur
2360 5278 2376 5303 ,
2404 5235 2450 5292 si
2491 5235 2606 5290 vias
2649 5233 2816 5304 ipsius
2841 5231 3052 5287 discant
3081 5245 3099 5283 :
3124 5232 3170 5284 sl
3194 5236 3371 5284 autem
3400 5225 3661 5298 impietati

2067 5350 2173 5393 non
2199 5312 2483 5402 deputatur
2511 5326 2708 5384 factum
2735 5325 2927 5391 David,
2956 5323 3052 5380 sed
3073 5322 3171 5378 illa.
3184 5324 3399 5394 proprie
3418 5322 3661 5391 impietas

2130 5530 2148 5561 ³
2185 5524 2376 5592 HW
2394 5528 2525 5584 ’δ”

2064 5590 2115 5642 ιη
2147 5580 2372 5651 margine
2390 5580 2519 5651 pota
2546 5580 2821 5651 mmmam
2844 5595 2859 5632 :
2887 5598 2913 5630 ι
2942 5581 3017 5633 sic
3043 5580 3556 5651 αἰσίων-θηριώδης

2071 5639 2097 5701 '.
2121 5639 2366 5715 penitet»
2387 5646 2479 5697 fuit
2501 5639 2665 5709 etiam
2689 5658 2788 5695 non
2811 5652 2907 5705 est,
2931 5653 2985 5695 et
3007 5640 3242 5695 exconsul
3262 5639 3347 5704 qui
3378 5639 3549 5693 consul
3572 5639 3663 5694 fuit

2072 5732 2099 5763 ⁸
2120 5709 2623 5842 ἷξιῗῗαὲιῗιῗὶὶίὶ
2640 5768 2787 5833 spat.
2810 5767 2872 5819 ad
2893 5764 3042 5819 calat.
3066 5779 3113 5819 c.
3136 5763 3189 5828 ι.
3211 5778 3262 5816 ν.
3284 5761 3337 5817 ο.
