3968 6324
463 3446 466 3475 l

470 436 570 492 699

469 549 628 606 salem
663 560 686 602 :
727 543 1056 601 munimenta
1101 540 1479 594 construantur
1514 525 2064 585 immortalitatisno-

472 652 625 703 strze,
651 638 704 692 in
734 635 863 703 nde,
893 643 947 690 et
965 646 1083 701 spe,
1114 638 1170 685 et
1192 626 1476 683 charitate.

540 731 636 786 23.
676 726 828 803 [σενι.
862 722 982 797 2L]
1010 721 1152 777 Tum:
1176 717 1459 789 aceeptabis
1484 712 1789 782 sacriﬁcium
1817 707 2025 776 iustitia:
2047 722 2071 761 :

473 823 639 879 modo
666 800 847 875 autem
874 814 1195 872 sacrificium
1229 825 1326 882 pro
1343 808 1639 878 iniquitate,
1667 800 1910 873 spiritum
1935 814 2066 853 con-

475 914 788 971 tribulatum
817 923 872 967 et
894 924 989 965 cor
1019 906 1387 967 ltumiliatum;
1416 913 1541 955 tunc
1569 896 1888 953 sacrificium
1913 893 2073 965 justi-

478 1007 568 1062 tize
595 1002 780 1059 laudes
802 1000 965 1056 solas.
989 998 1137 1054 Beati
1157 996 1301 1052 enim
1317 993 1407 1064 qui
1431 991 1673 1046 habitant
1694 989 1745 1042 in
1766 986 1933 1041 domo
1955 994 2069 1051 tua,

479 1096 534 1152 in
563 1094 757 1151 satcula
804 1090 1124 1149 meeulomm
1179 1085 1467 1141 laudabunt
1507 1090 1561 1137 te
1599 1078 1621 1151 (
1644 1079 1794 1134 Psal.
1839 1090 2070 1141 suam,

481 1189 538 1262 5)
568 1205 584 1245 :
611 1186 718 1244 hoc
753 1194 834 1247 est
874 1184 1015 1238 enim
1044 1178 1362 1237 sacriﬁcium
1409 1174 1656 1246 justitire.
1706 1170 1998 1226 ablationes
2025 1175 2076 1222 et

482 1258 936 1336 holocaustomata.
986 1272 1117 1341 Qum
1177 1277 1303 1324 sunt
1349 1260 1826 1322 holocattstomatai
1881 1258 2073 1313 Totum

482 1375 605 1445 igne
624 1378 1017 1439 consumptum.
1048 1362 1272 1433 Quando
1300 1371 1470 1416 totum
1500 1371 1662 1428 pecus
1700 1351 2077 1419 imponebatur

483 1480 591 1519 aria
617 1461 738 1533 igne
764 1456 1209 1520 consumendum,
1239 1451 1608 1507 holocaustum
1635 1445 1932 1499 dicebatur.
1963 1439 2072 1495 To-

484 1569 568 1613 tos
596 1571 694 1611 nos
719 1553 935 1609 divinus
964 1547 1102 1620 ignis
1121 1547 1386 1607 absumat,
1415 1552 1471 1597 et
1490 1538 1668 1595 fervor
1693 1536 1786 1602 ille
1816 1543 1956 1588 totos
1984 1546 2075 1615 ara

486 1650 666 1722 ripiat.
692 1645 823 1717 Quis
845 1612 1064 1700 fervor?
1092 1638 1205 1695 Nec
1235 1646 1307 1692 est
1332 1635 1419 1704 qui
1461 1650 1517 1687 se
1543 1628 1825 1686 abscondat
1850 1643 1882 1679 a
1909 1612 2081 1678 calore

487 1716 602 1815 ejus
638 1735 825 1813 (Psal.
870 1751 1028 1802 xvnt,
1087 1732 1179 1804 7).
1230 1728 1365 1799 Quis
1411 1723 1628 1781 fervor?
1674 1721 1752 1776 De
1798 1734 1904 1789 quo
1945 1716 2082 1771 dicit

491 1807 823 1903 Aposiolus,
889 1825 1090 1896 Spiritu
1177 1822 1423 1895 feruentes
1492 1814 1682 1886 (Rom.
1745 1826 1866 1875 xu,
1945 1809 2007 1863 Η
2038 1807 2103 1877 ).⁴

491 1899 608 1981 Non
633 1932 833 1978 tantum
880 1920 1057 1974 anima
1101 1921 1280 1970 nostra
1332 1910 1643 1965 absumatur
1667 1903 1734 1958 ab
1766 1902 1859 1958 illo
1897 1899 2079 1956 divino

493 2019 617 2089 igne
664 1993 961 2084 sapientia‘,
991 2006 1091 2063 sed
1111 2014 1168 2061 et
1192 2004 1396 2073 corpus
1416 2006 1678 2055 nostrum.
1727 2003 1785 2047 ut
1819 2000 2089 2047 mereatur

496 2112 569 2167 ibi
594 2106 1045 2166 immortalitatem
1086 2100 1147 2165 ¹;
1193 2097 1272 2152 sic
1320 2094 1529 2149 levetur
1578 2089 1949 2145 holocaustum
1978 2123 1994 2149 ,
2027 2094 2088 2135 ιιι

495 2201 845 2260 absorbeatur
869 2210 1014 2251 mors
1038 2195 1098 2249 in
1120 2190 1397 2246 victoriam
1428 2182 1630 2258 (lCor.
1658 2194 1757 2247 xv,
1788 2177 1909 2249 54).
1937 2172 2090 2231 Obla-

496 2295 656 2369 tiones
698 2299 747 2344 et
767 2288 1219 2343 holocaustomata.
1251 2276 1399 2333 Tum:
1442 2275 1703 2343 imponent
1740 2283 1901 2337 super
1921 2265 2097 2319 altare.

498 2368 863 2438 tnum’vitulos.
886 2374 1040 2433 Unde
1068 2369 1291 2427 vitulos?
1318 2363 1457 2435 Quid
1496 2363 1567 2419 ibi
1596 2358 1798 2430 eliget?
1825 2357 2091 2412 Innocen-

506 2478 637 2530 tiam
669 2486 820 2527 nova:
847 2466 1041 2530 aetatis,
1069 2478 1137 2518 an
1167 2461 1333 2517 libera
1358 2456 1499 2512 colla
1524 2469 1553 2509 ιι
1577 2452 1708 2522 jugo
1731 2447 1903 2518 legis?

566 2563 661 2623 24.
703 2561 948 2618 Psalmus
988 2557 1044 2612 in
1075 2552 1294 2610 nomine
1321 2546 1546 2609 Christi,
1578 2544 1678 2599 etsi
1722 2540 1857 2595 forte
1900 2552 2006 2593 non
2035 2544 2095 2591 nt

503 2842 638 2898 mala
669 2811 807 2894 inter
835 2848 955 2905 qua:
987 2830 1234 2885 vivimus.
1262 2823 1448 2894 Neque
1476 2820 1620 2875 enim
1651 2811 1971 2872 viventesin
2008 2825 2097 2865 re-

503 2935 604 2990 bus
630 2927 879 2987 humanis
903 2966 920 2988 ,
961 2922 1191 2991 migrare
1218 2927 1504 2989 possumus
1546 2925 1577 2965 a
1617 2908 1785 2965 rebus
1825 2902 2095 2959 humanis.

502 3029 635 3086 Cum
667 3019 946 3080 tolerantia
976 3012 1263 3071 vivendum
1286 3018 1371 3065 est
1391 3004 1548 3063 nobis
1567 3006 1708 3058 inter
1726 3001 1898 3056 malos
1925 3015 1941 3054 :
1973 2996 2099 3067 quia

505 3132 628 3174 eum
656 3114 778 3170 mali
805 3121 1071 3170 essemus,
1097 3118 1219 3161 cum
1261 3098 1543 3157 tolerantia
1569 3094 1817 3150 vixerunt
1843 3090 1969 3145 boni
2017 3088 2100 3142 in—

505 3218 590 3264 ter
613 3220 733 3261 nos.
761 3202 876 3259 Non
902 3197 1286 3254 obliviscentes
1305 3189 1432 3262 quid
1463 3186 1744 3247 fuerimus,
1769 3196 1876 3237 non
1900 3180 2099 3249 despe-
2144 3182 2147 3186 ’

507 3301 745 3361 rabimus
769 3297 837 3352 de
865 3294 950 3350 bis
978 3292 1069 3362 qui
1094 3302 1236 3345 nunc
1264 3296 1391 3342 sunt
1423 3279 1569 3353 quod
1598 3278 1818 3333 fuimus.
1861 3272 2096 3328 Verum-

468 3388 471 3403 ³
508 3406 709 3457 tamen,
738 3383 1059 3448 citarissimi,
1084 3380 1139 3436 in
1165 3384 1313 3434 tanta
1337 3387 1545 3429 morum
1572 3368 1884 3425 diversitate
1909 3371 1965 3420 et
1989 3371 2098 3416 tam

396 3474 407 3496 ’
463 3452 469 3563 i
509 3452 810 3542 detestabili
858 3471 1187 3544 corruptela,
1231 3466 1401 3537 regite
1425 3462 1617 3519 domos
1655 3464 1863 3513 vestras
1886 3496 1903 3521 ,
1930 3452 2102 3524 regite

468 3568 477 3625 ἶ
516 3576 658 3632 filios
681 3582 916 3634 vestros,
969 3541 1138 3635 regite
1186 3556 1413 3614 familias
1437 3560 1647 3610 vestras
1669 3544 2000 3616 '.Qnomodo
2033 3541 2100 3596 ad

476 4512 479 4531 ι

511 3682 610 3726 nos
641 3660 872 3739 pertth
894 3658 948 3713 in
975 3634 1215 3713 Ecclesia
1240 3647 1381 3721 loqui
1410 3644 1582 3705 vobis,
1614 3640 1693 3696 sic
1715 3638 1783 3693 ad
1824 3651 1922 3690 vos
1941 3634 2115 3719 perti-p

512 3768 605 3817 net
638 3730 693 3813 in
738 3751 988 3811 domibus
1014 3742 1206 3801 vestris
1250 3753 1430 3811 agere,
1489 3751 1547 3790 ιιι
1597 3734 1793 3790 bonam
1839 3730 2104 3783 rationem

513 3816 749 3910 reddatis
771 3844 837 3900 de
858 3842 944 3898 Itis
969 3837 1058 3910 qui
1081 3834 1231 3892 vobis
1254 3837 1380 3885 sunt
1404 3824 1625 3883 subditi.
1668 3825 1827 3878 Amat
1853 3820 1993 3874 Deus
2016 3816 2070 3870 di

512 3940 812 4012 sciplinatn.
865 3909 1127 3989 Perversa
1168 3931 1346 3979 autem
1374 3928 1430 3975 et
1474 3916 1607 3971 falsa
1649 3909 1951 3967 innocentia
1999 3915 2105 3973 est,

513 4000 754 4092 habenas
775 4029 953 4083 laxare
979 4016 1233 4092 peccatis.
1263 4009 1436 4069 Valde
1460 4005 1742 4069 inutiliter,
1785 4000 1943 4055 valde
1987 4014 2112 4068 pcr-

514 4090 717 4187 niciese
768 4119 931 4175 sentit
958 4090 1097 4170 filius
1142 4107 1308 4180 patris
1353 4102 1623 4159 lenitatem
1646 4138 1661 4164 ,
1695 4104 1754 4151 ut
1783 4102 1965 4165 postea
2017 4090 2108 4145 Dei

514 4218 713 4280 sentiat
736 4210 1075 4291 severitatem
1100 4222 1114 4257 :
1142 4210 1197 4258 et
1215 4198 1318 4254 hoc
1343 4210 1449 4250 non
1473 4192 1642 4255 solus,
1668 4187 1763 4244 sed
1791 4201 1914 4241 cum
1937 4183 2053 4254 diss
2074 4204 2113 4229 I-

482 4324 487 4379 i
516 4315 630 4368 into
653 4315 803 4381 patre
824 4284 941 4359 suo.
968 4295 1105 4368 Quid
1126 4290 1311 4349 enim?
1333 4288 1389 4344 Si
1422 4287 1539 4356 ipse
1562 4296 1667 4337 non
1696 4284 1899 4351 peccat,
1929 4284 1985 4331 et
2004 4291 2110 4329 non
2164 4298 2165 4301 η

482 4376 487 4451 ἶ
518 4364 809 4472 iacit‘qnod
837 4364 1138 4459 ﬁliusrejns,
1172 4383 1296 4439 ideo
1322 4393 1435 4433 non
1459 4375 1621 4431 debet
1641 4370 1848 4472 ab-i-psa
1873 4364 2109 4471 nequitia

518 4455 1044 4560 liliumproltibcrel
1064 4479 1145 4533 An
1173 4474 1310 4530 forte
1342 4477 1404 4525 ut
1426 4466 1673 4521 videatur
1706 4460 1817 4515 lilio
1837 4457 1955 4527 ejus
1987 4455 2111 4525 quia

512 4546 751 4657 et‘pate'r
774 4576 898 4635 talia
924 4573 1144 4638 faceret,
1187 4564 1291 4622 nisi
1310 4557 1620 4618 senuisset?
1648 4555 1938 4610 Peccatum
1965 4546 2109 4618 quod

424 4738 429 4749 ί
470 4676 477 4753 ί
640 4690 748 4732 non
768 4669 1012 4742 displicet
1038 4665 1092 4718 in
1120 4659 1225 4715 lilio
1243 4668 1355 4720 tuo,
1378 4654 1615 4731 delectat
1636 4658 1689 4703 te
1709 4661 1725 4713 ;
1747 4643 1842 4721 sed
1866 4651 1998 4698 :etas
2020 4640 2118 4733 def

470 4750 473 4783 ἱ
520 4772 710 4835 seruit,
742 4736 1159 4832 non—cupiditas.
1189 4750 1440 4813 Maxime,
1466 4745 1659 4800 fratres
1696 4738 1824 4801 mei.
1857 4736 2118 4799 ﬁliosuve-

519 4826 663 4920 ii...
697 4826 888 4914 adetes
928 4826 1203 4910 attendite,
1232 4856 1369 4913 quos
1396 4832 1710 4897 [idedixistis
1728 4830 1752 4863 ι
1787 4837 1844 4897 ιιι
1873 4826 2116 4898 baptiza-

474 4981 479 4984 ’
510 4967 727 5021 rentur.
752 4948 856 5007 Sed
882 4947 1023 5004 forte
1053 4934 1275 5011 urgligit
1301 4934 1473 4990 malus
1502 4920 1646 4983 tilias
1668 4924 1759 4991 vel
1782 4922 1984 4987 monita
2015 4934 2117 4989 pa-

522 5011 641 5112 iris,
697 5046 783 5102 vel
829 5035 1279 5109 obiurgationem,
1332 5027 1417 5081 vel
1445 5022 1789 5080 severitatem
1819 5033 1836 5074 :
1868 5022 1924 5070 tn
1955 5011 2120 5084 imple

521 5152 807 5214 personam
832 5130 975 5197 tuam
1000 5145 1016 5195 ;
1048 5128 1189 5195 Deus
1212 5121 1291 5179 de,
1321 5118 1413 5173 illo
1431 5113 1595 5185 exigit
1622 5124 1798 5177 suam.

511 5214 2118 5266 ._____________________.___.___.

986 5293 1068 5357 1N
1110 5282 1495 5371 PSALM‘UM
1537 5279 1618 5341 Li

1096 5401 1516 5467 ENARRATIO.

1049 5538 1221 5581 sum
1258 5536 1328 5577 AD
1366 5530 1629 5574 PONLUI.

597 5655 653 5711 4.
686 5647 930 5706 Psalmus
954 5641 1132 5698 brevis
1158 5642 1245 5692 est
1265 5675 1281 5698 ,
1310 5630 1379 5686 de
1421 5642 1529 5698 quo
1566 5618 1892 5694 loquutdutn
1932 5627 2121 5670 susce-

1089 5747 1406 5801 rtiatlamut,
1438 5738 1661 5791 etesiis
1680 5727 2121 5785 nonnullum-unt:

1070 5807 1443 5864 inmortalitate.

1712 413 1768 469 s.
1812 396 2173 467 inausum
2216 408 2517 466 EPISCOPI

3660 405 3765 463 600

2170 525 2347 595 pimus
2389 523 2648 581 Cbaritati
2675 521 2881 580 Vestrae
2912 540 2933 579 :
2955 522 3050 580 sed
3081 522 3291 580 titulum
3318 522 3482 582 liabet
3522 521 3763 598 aliquau-

2172 618 2341 673 tulum
2385 619 2742 689 negotiosum.
2771 615 3047 674 Patienter
3071 632 3204 690 ergo
3228 618 3491 677 sustinete
3515 633 3639 687 nos,
3669 620 3765 677 do-

2174 725 2275 764 nec
2302 710 2452 783 illum
2472 708 2789 777 enodemus,
2810 716 2874 764 ut
2896 700 3205 780 possumus,
3223 719 3479 783 quantum
3504 710 3767 782 adjuverit

2175 802 2455 859 Dominus.
2478 801 2662 874 Neque
2689 803 2832 858 enim
2855 802 3055 874 passim
3082 801 3453 874 praetereunda
3475 812 3603 860 sunt
3621 803 3764 865 bac:

2175 893 2605 965 quandoquidem
2635 893 2831 966 placuit
2857 893 3144 961 fratribus,
3171 910 3280 951 non
3304 902 3511 952 tantum
3551 910 3686 951 aure
3717 904 3771 948 et

2179 984 2342 1040 corde
2364 1026 2381 1053 ,
2410 986 2503 1040 sed
2549 995 2603 1040 et
2631 986 2774 1058 stylo
2798 985 3110 1057 excipienda
3131 1001 3255 1059 quia
3278 985 3509 1042 dicimus
3537 1002 3554 1040 :
3586 995 3644 1041 ut
3664 999 3769 1040 non

2178 1077 2476 1131 auditorem
2507 1087 2734 1141 tantum,
2763 1076 2859 1132 sed
2888 1084 2945 1131 et
2970 1076 3222 1133 lectorem
3242 1075 3405 1132 etiam
3424 1075 3663 1148 cogitare
3679 1074 3773 1133 de.

2182 1167 2424 1223 beamus.
2452 1168 2583 1223 Nata
2605 1175 2689 1223 est
2726 1168 2942 1239 quidem
2981 1167 3196 1223 occasio
3220 1167 3429 1238 psalmo
3454 1166 3581 1223 huic
3624 1182 3691 1222 ex
3714 1181 3775 1222 re

2181 1261 2411 1331 quadam
2437 1272 2608 1332 gesta,
2638 1278 2798 1333 quam
2829 1261 2981 1317 vobis
3023 1262 3184 1318 etiam
3216 1262 3442 1327 fecimus
3467 1260 3681 1318 recitari
3709 1259 3777 1317 de

2182 1352 2321 1432 libro
2378 1352 2704 1423 Regnorum.
2767 1355 2893 1410 Sai‘tl
2964 1355 3107 1409 enim
3147 1370 3244 1410 rex
3296 1370 3401 1409 non
3449 1353 3516 1408 ad
3564 1368 3776 1426 perma-

2182 1443 2414 1499 nendum
2444 1446 2644 1500 electus
2670 1461 2701 1501 a
2734 1446 2976 1511 Domino,
3009 1446 3101 1501 sed
3125 1444 3419 1500 secundum
3467 1444 3650 1515 populi
3685 1459 3781 1499 cor

2188 1534 2381 1589 durum
2425 1545 2480 1591 et
2505 1535 2704 1590 malum
2731 1536 2888 1591 datus
2914 1536 2979 1589 ad
3007 1550 3193 1590 eorum
3220 1534 3643 1606 correptionetn,
3673 1548 3780 1589 non

2187 1625 2255 1681 ad
2302 1625 2586 1682 utilitatem
2625 1626 2685 1699 (Ι
2718 1626 2845 1698 Reg.
2878 1642 2989 1689 vui,
3021 1625 3118 1699 7),
3159 1625 3447 1682 secundum
3481 1624 3625 1681 illam
3653 1638 3782 1681 sen-

2189 1717 2408 1773 tentiam
2457 1727 2762 1774 sanctarum
2811 1719 3206 1788 Scripturarum
3228 1759 3246 1787 ,
3294 1733 3416 1790 quas
3452 1718 3530 1772 ait
3552 1717 3621 1772 de
3650 1717 3779 1779 Deo,

2194 1811 2296 1878 Qui
2313 1829 2525 1884 regnare
2553 1814 2674 1885 facit
2697 1814 2950 1867 hominem
2979 1814 3314 1884 Itypocritam,
3342 1823 3552 1884 propter
3584 1829 3786 1885 perver-

2188 1903 2388 1956 sitatem
2410 1905 2589 1975 populi
2613 1904 2632 1974 (
2654 1903 2754 1959 Job
2797 1921 2995 1969 χχχιι,
3023 1905 3115 1975 50)
3144 1921 3159 1958 :
3191 1919 3314 1959 enm
3336 1918 3466 1977 ergo
3489 1904 3614 1959 talis
3638 1913 3788 1960 essot

2192 1995 2319 2049 Saﬁl
2349 2037 2365 2059 ,
2415 1996 2833 2065 persequebatur
2876 1996 3038 2049 David
3066 1994 3128 2067 (ἰ
3171 1991 3307 2067 Reg.
3349 1994 3787 2065 xvttt-xxtv),in

2190 2103 2298 2159 quo
2352 2086 2490 2141 Dens
2539 2085 2909 2157 pmﬁgurabat
2950 2101 3173 2156 regnum
3222 2071 3413 2141 salutis
3462 2096 3706 2154 mternte,
3736 2093 3793 2139 et

2191 2193 2351 2247 quem
2404 2177 2543 2233 Dens
2589 2179 2823 2247 elegerat
2868 2191 3278 2249 permansurum
3305 2177 3359 2231 in
3401 2175 3607 2232 semine
3652 2190 3790 2243 suo;

2195 2272 2625 2345 quandoquidem
2668 2274 2878 2328 futurus
2904 2282 3024 2329 erat
3062 2288 3157 2327 rex
3184 2280 3391 2335 noster,
3420 2256 3515 2327 re:
3541 2265 3796 2345 saeculo-

2194 2381 2317 2423 rum
2359 2382 2480 2423 cum
2518 2382 2623 2437 quo
2660 2366 2930 2436 regnaturi
2960 2380 3146 2420 sumus
3183 2363 3236 2418 in
3281 2372 3562 2432 aeternum,
3580 2342 3653 2418 dies
3702 2374 3795 2414 se-

2197 2459 2345 2515 mine
2386 2457 2553 2528 ipsius
2614 2459 2775 2512 David
2813 2456 3107 2512 secundum
3146 2470 3364 2510 carnem
3394 2438 3657 2528 (Rom-1.
3698 2451 3794 2522 3).

2198 2552 2333 2609 Cum
2360 2568 2490 2623 ergo
2536 2553 2698 2606 David
2753 2552 2892 2605 Deus
2935 2548 3206 2620 elegisset,
3234 2556 3291 2603 et
3335 2543 3714 2618 prmelegisset,
3740 2556 3797 2600 et

2077 2665 2093 2681 ·
2200 2645 2634 2718 prindestinassct
2679 2644 2744 2697 ad
2790 2658 3029 2717 regnum,
3080 2638 3254 2695 noluit
3297 2646 3353 2719 et
3402 2637 3575 2719 ipsum
3632 2635 3797 2691 David

2198 2748 2324 2794 ante
2372 2754 2591 2808 regnum
2640 2746 2820 2791 tenere
2843 2777 2858 2801 ,
2889 2749 3047 2806 quam
3087 2732 3260 2803 primo
3282 2746 3314 2786 ο
3342 2727 3791 2802 persequentibus

2200 2830 2493 2896 liberaret;
2544 2840 2597 2885 nt
2627 2830 2785 2884 etiam
2814 2831 2865 2883 in
2903 2828 3006 2883 hoc
3034 2826 3154 2898 ipso
3179 2811 3434 2897 figor-aret
3464 2837 3585 2889 nos,
3606 2890 3609 2891 ν
3630 2820 3683 2877 id
3711 2830 3795 2875 est

2200 2937 2398 2996 corpus
2422 2922 2557 2993 ejus,
2585 2920 2737 2991 cujus
2764 2919 3005 2990 corporis
3028 2900 3449 2987 eaputhristus
3479 2912 3710 2987 (Coloss.
3754 2929 3797 2979 t,

2206 3014 2335 3090 18).
2364 3015 2532 3072 Porro
2559 3015 2702 3069 enim
2729 3013 2773 3067 si
2802 3014 2972 3082 ipsum
3005 3018 3164 3080 caput
3202 3017 3446 3063 nostrum
3485 3003 3602 3084 sine
3629 3005 3801 3077 primo

2206 3117 2426 3181 peracto
2456 3109 2499 3161 la
2509 3109 2636 3161 bore
2655 3106 2705 3160 in
2735 3116 2897 3168 terra,
2918 3105 2969 3158 in
2991 3103 3133 3159 caelo
3159 3115 3387 3172 regnare
3407 3082 3599 3163 noluit,
3622 3112 3799 3169 neque

2204 3202 2386 3256 levare
2431 3214 2643 3253 sursum
2698 3212 2894 3268 corpus
2941 3193 3082 3266 quod
3134 3192 3389 3250 deorsum
3416 3191 3644 3263 accepit,
3695 3189 3805 3255 nisi

2206 3306 2305 3361 per
2330 3291 2684 3347 tribulationis
2708 3290 2845 3341 viam
2868 3304 2882 3353 ;
2908 3287 3034 3358 quid
3056 3284 3260 3340 audent
3281 3282 3524 3360 membra
3551 3268 3794 3352 Sperare,

2204 3387 2381 3458 capite
2423 3398 2521 3438 suo
2550 3383 2715 3451 magis
2740 3397 2798 3436 se
2829 3396 2986 3449 posse
3015 3396 3136 3436 esse
3171 3377 3389 3434 felicia?
3418 3376 3479 3435 Si
3524 3380 3805 3449 patrumfa-

2206 3477 2375 3552 milias
2400 3474 2675 3530 Beelzebub
2716 3482 3016 3527 vocaverunt
3048 3512 3065 3536 ,
3102 3479 3293 3544 quanto
3317 3468 3479 3542 magis
3504 3466 3805 3524 domesticos

2206 3570 2318 3641 ejus
2346 3568 2572 3641 (Matth.
2603 3584 2657 3630 x,
2688 3567 2835 3638 25)?
2863 3566 2977 3621 Non
3008 3580 3139 3635 ergo
3167 3578 3445 3634 speremus
3468 3560 3801 3619 molliorem'

2209 3661 2351 3717 viam
2378 3677 2390 3713 :
2421 3675 2526 3731 qua
2551 3658 2824 3729 praecessit
2853 3672 3060 3724 eamus,
3088 3672 3190 3727 qua
3222 3654 3376 3710 duxit
3411 3668 3721 3723 sequamur.
3748 3650 3806 3709 Si

2209 3756 2355 3810 enim
2407 3770 2437 3808 a
2473 3755 2698 3822 vestigio
2727 3753 2843 3820 ejus
2889 3752 3276 3815 aberravimus,
3304 3750 3563 3821 perimus.
3595 3749 3655 3804 In
3704 3748 3809 3803 hoc

2209 3863 2338 3918 ergo
2371 3846 2532 3901 David
2573 3820 2697 3915 quid
2732 3843 3190 3914 prieiigurabatur,
3220 3820 3415 3897 videtis
3501 3847 3710 3911 ergoet
3753 3839 3807 3895 in

2211 3939 2341 3995 Saitl
2366 3938 2490 4009 quid
2525 3936 2981 4006 ιιιςιεῐίςιιπειιιειιιιν,
3009 3934 3201 3989 videtis
3234 3947 3495 4003 :regnum
3519 3930 3720 3993 malum
3748 3929 3803 3986 in

2212 4032 2359 4098 SatiI,
2387 4046 2609 4099 regnum
2638 4029 2833 4083 bonum
2865 4028 2915 4080 in
2948 4026 3108 4081 David
3143 4043 3157 4081 :
3188 4040 3332 4080 mors
3352 4025 3406 4079 in
3436 4022 3596 4089 Salii,
3619 4030 3679 4079 et
3701 4022 3806 4076 vita

2216 4124 2268 4177 in
2304 4121 2487 4176 David.
2517 4122 2725 4174 Etenim
2770 4134 2868 4173 nos
2923 4135 3027 4172 non
3095 4115 3432 4187 persequitur
3484 4113 3590 4170 nisi
3639 4128 3810 4180 mors,

2213 4214 2281 4269 de
2326 4226 2433 4285 qua
2483 4212 2535 4265 in
2579 4210 2683 4265 line
2729 4207 3208 4277 triuutpbabimus,
3260 4200 3681 4263 dicentessllh'
3716 4213 3811 4269 est,

2214 4323 2372 4374 mors,
2395 4307 2647 4367 contentio
2658 4312 2759 4377 .tua
2776 4303 2802 4356 ?
2842 4300 2928 4355 ubi
2950 4313 3043 4365 cst,
3066 4317 3223 4367 mors,
3248 4297 3453 4353 aculeus
3472 4305 3593 4352 lus
3615 4293 3811 4363 (lCor.

2216 4415 2307 4466 xv,
2325 4397 2461 4471 55)?
2488 4396 2626 4463 Quid
2647 4405 2729 4449 est
2753 4394 2895 4464 quod
2923 4393 3064 4456 dico,
3099 4407 3207 4446 non
3232 4404 3331 4459 nos
3348 4387 3695 4460 persequitur
3714 4386 3814 4443 nisi

2218 4490 2408 4545 mors?
2448 4488 2580 4557 Quia
2614 4487 2713 4541 nisi
2745 4484 2999 4540 mortales
3042 4494 3323 4555 essemus,
3354 4495 3462 4545 non
3502 4486 3650 4535 esset
3674 4476 3814 4551 quod

2219 4582 2377 4638 nobis
2418 4581 2620 4635 faceret
2645 4577 2911 4632 inimicus.
2943 4572 3209 4643 Numquid
3236 4571 3380 4626 enim
3411 4567 3817 4641 Angelisquid-

2220 4687 2382 4746 quam
2434 4670 2594 4726 facit?
2640 4672 2778 4739 Ergo
2827 4669 2985 4722 etiam
3034 4666 3143 4735 ipsa
3173 4677 3357 4729 mors,
3383 4676 3413 4716 a
3445 4675 3549 4733 qua
3587 4659 3831 4716 maxituo

2223 4768 2483 4823 habemus
2506 4763 2957 4835 persecutionem,
2979 4761 3132 4828 cujus
3160 4756 3343 4811 finitur
3363 4754 3419 4810 iit
3448 4754 3553 4809 (ine
3582 4760 3819 4812 conton-

2224 4863 2300 4918 tio
2326 4877 2447 4917 cum
2479 4855 2931 4914 resurrexerimus
2956 4868 2985 4906 a
3015 4849 3263 4915 mortuis,
3294 4850 3435 4903 sicut
3460 4845 3613 4901 ﬁnita
3647 4854 3737 4917 est
3759 4844 3821 4899 in

2224 4954 2401 5026 capite
2459 4959 2666 5015 nostro,
2721 4948 2801 5002 sic
2845 4944 3060 5001 ﬁnietur
3085 4952 3141 4997 et
3166 4941 3220 4995 in
3269 4938 3445 5005 nobis,
3476 4936 3521 4993 si
3540 4935 3677 5007 justi
3704 4929 3819 4991 fue-

2226 5024 2397 5103 rimus
2446 5042 2670 5098 inventi.
2710 5038 2843 5094 Nam
2883 5044 3127 5091 mortuus
3176 5032 3264 5086 ille
3290 5029 3481 5095 mortis
3507 5024 3821 5083 interfector

2227 5140 2342 5200 fuit.
2375 5146 2429 5191 et
2459 5133 2625 5205 magis
2652 5133 2704 5186 in
2741 5130 2833 5184 illo
2862 5143 3008 5183 mors
3037 5134 3243 5180 mortua
3269 5134 3387 5189 est,
3417 5134 3579 5192 quam
3614 5120 3733 5192 ipse
3765 5124 3821 5174 in

2228 5241 2419 5285 morte.
3608 5256 3613 5259 Α

2298 5323 2355 5376 2.
2390 5318 2628 5387 Denique
2647 5292 2808 5370 etiam
2838 5325 3035 5368 nomen
3061 5309 3234 5378 ipsum
3255 5305 3300 5361 si
3322 5301 3692 5368 attendamus,
3714 5316 3824 5356 non

2162 5398 2165 5399 ν
2227 5422 2312 5469 est
2334 5414 2449 5467 sine
2466 5408 2741 5482 mysterio.
2758 5404 2890 5461 Nam
2913 5402 3042 5459 Sani
3072 5401 3453 5468 interpretatur
3474 5392 3695 5458 Potitio,
3719 5392 3826 5447 hoc

2227 5519 2313 5566 est
2331 5505 2606 5579 appetitio.
2636 5501 2777 5572 Quid
2800 5501 2944 5558 enim
2981 5497 3227 5554 dubitare
3253 5492 3513 5549 debemus
3537 5503 3641 5545 nos
3664 5489 3826 5544 nobis

2229 5602 2420 5659 fecisse
2442 5607 2675 5654 mortem
2700 5592 2895 5649 istam?
2934 5592 2978 5645 Δ
3008 5597 3233 5662 peccato
3258 5586 3405 5641 enim
3435 5582 3671 5638 hominis
3697 5589 3823 5637 nata

2216 5715 2452 5781 iam
2472 5718 2545 5781 ,ιιι
2580 5702 3155 5781 ωιτβΜῡῡέιξφ
3181 5689 3824 5781 Mammaea

2228 5756 2874 5830 iﬁﬁiﬁh‘ﬁdi‘isﬁm
2898 5776 2978 5818 est
2990 5777 3156 5830 supra,
3181 5765 3232 5813 in
3249 5767 3412 5811 Euan.
3431 5756 3553 5810 Psal.
3571 5756 3653 5819 56,
3667 5768 3828 5808 set-nn.

2228 5859 2279 5904 ἦ
2298 5840 2423 5953 ξι
2444 5906 2517 5951 Er.
2542 5905 2597 5949 et
2619 5905 2722 5946 Mss.
2751 5901 2807 5943 Αι
2823 5899 2957 5955 ωι,
2980 5888 3242 5941 meliorem.
