1984 3167
125 210 175 237 601

126 272 169 295 est
177 274 260 295 mors.
273 266 369 295 Merito
383 274 447 302 ergo
459 266 516 302 ipse
537 266 588 294 sibi
612 265 692 293 homo
707 264 835 300 appetivit
847 271 924 292 mor-

127 318 192 345 tem,
211 317 240 341 et
253 312 314 341 ideo
337 313 430 349 petitio
445 320 542 340 nomen
565 316 608 340 est
633 311 738 339 tnortis.
764 311 829 338 Nam
855 311 925 337 sicut

127 359 258 393 scriptum
268 363 321 391 est,
340 358 410 386 Deus
431 363 535 385 mortem
550 365 602 384 non
628 357 698 392 fecit,
720 365 766 384 nec
780 356 882 383 letatur
897 356 923 382 in

129 405 270 440 perditione
281 405 404 432 vivorum.
418 403 519 433 Crescit
532 404 598 431 enim
612 402 681 430 Deus
693 407 721 430 ut
734 407 815 430 essent
827 403 923 434 omnia,

127 455 153 477 et
164 450 291 478 sanabiles
300 451 360 487 fecit
367 451 481 478 nationes
494 450 562 477 orbis
574 455 709 477 terrarum.
720 449 754 476 Et
766 448 836 475 unde
852 455 925 475 mors

126 501 259 530 unquam
285 503 423 531 quaereres
442 504 450 523 :
472 495 552 530 Impii
575 499 660 522 autem
681 494 808 526 manibus,
830 493 926 528 inquit,

130 546 154 569 et
164 541 247 569 verbis
256 542 425 569 accersiarunt
434 542 516 574 illam,
531 545 556 569 et
568 541 721 568 testimonia
733 540 806 568 illam
818 540 927 566 amicam

129 588 386 623 deﬂuxerunt(Snp.
404 597 422 620 t,
439 589 472 615 l3
484 610 492 621 ,
509 589 551 622 lt,
571 588 631 622 16).
649 588 719 622 Ergo
732 586 881 621 appetendo
895 586 926 612 il-

130 632 184 660 lam
195 632 373 667 deﬂuxerunt,
387 635 453 662 etin
471 640 584 661 mortem
603 635 746 666 irruerunt,
763 634 929 660 mstimantes

129 677 203 705 illam
216 678 266 706 sibi
274 686 334 706 esse
357 680 470 707 amicam
489 689 496 706 :
516 679 651 714 quomodo
662 679 926 713 mstimavitpopnlus

140 725 269 757 amicum,
282 729 310 753 et
324 726 416 760 petivit
435 733 524 760 regem
550 725 697 752 inimicum.
726 725 842 751 Extorsit
855 724 925 750 enim

130 771 246 806 populus
260 779 275 798 a
297 772 410 798 Domino
427 772 527 800 habere
542 780 642 805 regem,
661 775 688 798 et
709 771 787 798 datus
796 777 837 797 est
852 771 926 801 Sani.

129 820 256 851 tanquam
272 817 327 844 dati
342 818 478 845 cssentilli
495 818 520 844 in
540 825 634 844 manus
653 824 732 849 suas,
747 817 791 851 qui
806 817 927 843 manilius

129 865 160 889 et
172 862 262 890 verbis
275 864 456 890 accersierunt
469 867 592 893 mortem,
608 867 635 889 et
643 863 754 896 ﬁgurata
766 867 807 889 est
820 862 844 888 in
871 862 928 894 ipso

128 906 212 935 Sat'tle
219 907 274 942 ipsa
282 915 364 935 mors.
376 907 438 936 Ideo
445 909 561 942 psalmus
572 908 614 934 ille
625 908 753 942 septimus
761 907 880 933 decimus
889 907 928 933 sic

129 951 214 980 habet
227 953 332 980 titulum
353 962 361 981 :
378 953 410 980 In
425 954 466 981 die
484 962 534 989 qua
548 954 660 981 liberavit
675 962 732 980 eum
747 953 871 979 Dominus
897 953 928 978 dc

129 1006 209 1025 ntanu
222 999 335 1025 omnium
346 999 505 1026 inimicorum
516 1000 579 1034 ejus,
592 1005 614 1025 et
627 999 659 1025 de
677 1007 753 1025 manu
765 998 839 1025 εαᾱι.
858 998 928 1024 Dixit

130 1044 229 1079 primo,
249 1052 344 1072 omnes
365 1045 487 1072 inimicos
509 1045 581 1079 eius;
610 1050 638 1072 et
663 1050 755 1079 postea
768 1065 775 1076 ,
805 1043 836 1070 de
850 1052 927 1070 manu

129 1090 197 1119 Satil
211 1099 221 1118 :
233 1091 294 1126 quia
307 1092 451 1119 novissima
462 1082 567 1120 inimica
578 1092 728 1118 destruetur
739 1098 811 1117 mors
825 1089 852 1125 (l
865 1090 926 1117 Cor.

127 1144 175 1169 xv,
193 1137 256 1173 26).
270 1138 337 1171 Quid
350 1142 401 1168 est.
419 1137 453 1164 Et
463 1138 495 1165 de
506 1146 583 1164 manu
605 1137 689 1164 Sail?
708 1137 839 1170 Quoniam
862 1144 927 1163 exe-

128 1188 180 1210 nttt
191 1191 240 1210 nos
253 1183 287 1210 ab
301 1183 391 1210 inferis
401 1187 427 1209 et
440 1183 475 1210 de
494 1191 574 1210 manu
589 1184 682 1210 mortis
696 1182 818 1209 liberavit
831 1189 889 1208 nos.

165 1228 193 1255 5.
217 1228 284 1255 Cum
305 1236 369 1263 ergo
387 1227 450 1256 Safil
471 1234 675 1263 persequeretur
696 1229 781 1254 virum
803 1233 924 1255 sanctum

128 1274 231 1306 David.
253 1275 371 1310 confugit
392 1275 473 1302 David
496 1275 540 1302 ubi
557 1279 641 1301 tutum
657 1274 776 1309 putavit:
793 1274 924 1300 transiens

127 1327 178 1354 per
191 1320 356 1347 sacerdotem
370 1320 511 1355 quemdam
526 1320 696 1347 Achimelech
708 1341 715 1353 ,
732 1320 834 1353 accepit
846 1319 879 1346 ab
892 1327 925 1346 eo

127 1373 221 1401 panes.
236 1365 286 1394 Ubi
299 1366 422 1401 ﬁguravit
434 1367 514 1393 etiam
530 1374 682 1401 personam,
699 1374 751 1393 non
765 1370 867 1393 talltum
882 1374 926 1392 re-

127 1411 185 1446 gis.
200 1411 249 1439 sed
267 1415 295 1439 et
309 1411 475 1439 sacerdotis:
491 1412 553 1446 quia
572 1412 743 1438 manducavit
759 1419 839 1445 panes
861 1419 924 1445 pro.

125 1456 286 1492 positionis,
306 1465 383 1492 quos,
404 1456 474 1484 sicut
493 1457 557 1484 dicit
580 1456 706 1484 Dominus
722 1457 748 1483 in
764 1456 923 1491 Evangelia.

125 1511 180 1531 non
194 1503 284 1530 licebat
304 1503 459 1531 manducare
478 1504 527 1530 nisi
548 1504 609 1530 solis
628 1502 799 1530 sacerdotibus
815 1502 922 1537 (Matth.

126 1556 179 1581 xu,
191 1547 232 1585 4).
247 1548 343 1576 Postea
357 1549 438 1582 capit
449 1556 510 1575 catn
523 1556 644 1583 quaerere
657 1548 731 1579 Sani.
747 1553 774 1574 et
787 1548 868 1575 iratus
883 1552 923 1574 est

125 1594 185 1621 suis
198 1593 269 1629 quod
285 1601 364 1621 nemo
386 1601 447 1621 eum
467 1594 517 1620 sibi
533 1594 613 1620 vellet
628 1592 751 1627 prodere.
767 1593 823 1619 Hoc
844 1592 924 1620 modo

125 1640 227 1668 lectum
240 1644 282 1667 est
294 1640 321 1667 in
336 1640 404 1667 libro
419 1640 581 1674 Regnorum.
598 1639 662 1666 Erat
675 1643 764 1666 autem
779 1638 815 1666 ibi
834 1639 922 1665 Doech

124 1685 250 1721 quidsm.
266 1684 373 1719 quando
382 1690 490 1712 venerat
506 1685 549 1712 ille
563 1685 596 1710 ad
613 1684 783 1711 Achimelech
798 1684 924 1711 sacerdo-

125 1735 201 1764 tem.
224 1731 347 1766 princeps
368 1736 503 1764 pastorum
526 1730 609 1762 Saul,
633 1729 773 1757 ldnmzeus.
789 1730 839 1763 Qui
862 1738 922 1756 cum

123 1776 236 1805 adesset
246 1776 353 1812 quando
366 1775 430 1804 Sail]
443 1775 607 1803 irascebatur
619 1776 683 1807 suis,
696 1775 766 1810 quod
783 1775 870 1802 nullus
885 1775 923 1802 illi

125 1823 211 1851 vellet
224 1822 337 1858 prodere
351 1821 444 1855 David,
459 1821 577 1857 prodidit
591 1821 635 1848 ubi
649 1829 709 1847 eutn
722 1821 840 1848 vidisset.
855 1821 924 1847 Misit

123 1869 255 1898 continuo
266 1868 341 1900 Sani,
354 1867 473 1895 exhibuit
486 1867 651 1894 Sacerdotem
666 1871 692 1893 et
702 1874 795 1893 omnes
807 1867 865 1901 ejus
876 1887 882 1898 ,
897 1871 924 1893 et

122 1915 206 1951 jussit
220 1914 315 1942 occidi.
331 1914 415 1941 Nemo
433 1921 514 1941 ausus
535 1917 576 1940 est
591 1912 728 1939 hominum
748 1912 817 1947 regis
838 1912 902 1939 Saul
914 1932 923 1945 ,

124 1969 179 1990 nec
189 1961 300 1997 iubente
311 1968 390 1996 rege,
408 1961 514 1987 mittere
527 1968 633 1986 manum
654 1959 680 1985 in
696 1959 848 1986 sacerdotes
868 1958 921 1985 Do-

124 2009 216 2038 mini:
235 2008 282 2036 sed
307 2007 352 2036 ille
373 2007 418 2042 qui
434 2007 602 2042 prodiderat,
627 2006 693 2033 sicut
708 2006 805 2037 Jollas,
829 2005 873 2039 qui
907 2013 921 2031 a

123 2055 265 2092 proposito
276 2061 327 2082 suo
340 2061 393 2081 non
409 2053 520 2081 recessit
530 2074 537 2085 ,
553 2057 580 2079 et
594 2059 677 2087 ttsqnc
691 2052 716 2078 in
734 2052 812 2087 linem
827 2058 921 2086 perse-

122 2101 229 2130 veravit
239 2100 274 2129 de
286 2100 330 2128 illa
342 2099 433 2127 radice
446 2100 546 2126 fructus
556 2098 635 2129 ferre.
648 2098 760 2134 (quales,
773 2097 823 2124 nisi
831 2097 922 2131 quales

123 2148 179 2176 fert
196 2147 278 2175 arbor
287 2145 392 2181 msltl‘l)
408 2145 505 2172 occidit
526 2143 614 2171 Doech
634 2144 684 2170 iste
706 2151 784 2169 manu
800 2150 848 2169 sua
859 2163 866 2172 .
879 2142 923 2176 juo

123 2193 209 2227 boote
227 2199 306 2227 rege,
320 2190 486 2219 sacerdotem
505 2195 533 2217 et
553 2197 647 2217 omnes
669 2189 726 2222 ejus
740 2198 745 2215 :
762 2188 858 2214 deinde
872 2187 921 2214 de-

122 2239 225 2268 bellata
245 2242 289 2266 est
308 2237 402 2264 civitas
424 2236 503 2263 etiam
527 2235 696 2262 sacerdotum
713 2234 734 2268 (ι
750 2234 812 2268 Reg.
833 2241 878 2260 xxI
899 2237 922 2259 et

121 2284 206 2321 χιιι).
229 2284 383 2313 invenimus
405 2290 468 2318 ergo
492 2282 580 2309 Doech
604 2282 682 2308 istum
707 2280 841 2307 inimicum
865 2280 920 2314 regi

121 2331 211 2361 DIVid
220 2335 249 2359 et
256 2330 388 2358 sacerdoti
399 2329 581 2356 Achimelcch.
593 2328 666 2355 Unus
678 2328 758 2354 homo
768 2332 809 2354 est
821 2327 919 2359 Doech,

121 2377 175 2406 sed
188 2383 274 2413 genus
286 2375 425 2403 hominum
439 2379 480 2402 est
502 2374 590 2401 Doech
605 2383 611 2400 :
627 2374 696 2409 sicut
711 2374 792 2399 David
814 2378 840 2399 ct
862 2381 922 2399 cor-

121 2429 177 2459 pus
188 2422 275 2457 ipsum
285 2421 356 2457 regis
368 2425 395 2448 et
408 2420 567 2453 sacerdotis,
584 2424 707 2453 tanquam
724 2426 792 2444 unus
805 2419 883 2444 homo
894 2422 920 2443 et

121 2468 187 2496 duae
208 2473 350 2502 personat,
374 2466 421 2494 sed
445 2470 533 2492 tamen
557 2473 638 2492 ttnum
663 2472 747 2499 genus
770 2464 917 2490 hominum.

121 2512 242 2542 Proinde
255 2512 282 2540 in
297 2512 349 2539 isto
371 2516 506 2547 tempore,
521 2515 548 2537 et
561 2511 586 2537 in
604 2511 654 2537 isto
667 2510 764 2537 smculo
782 2509 919 2536 videamus

120 2559 183 2586 hac
195 2558 250 2586 duo
263 2565 360 2594 genera
369 2578 377 2590 ,
390 2561 420 2585 ut
434 2557 565 2592 pertineat
578 2557 611 2583 ad
626 2557 765 2583 utilitatem
783 2560 916 2587 nostram,

119 2603 167 2631 vel
180 2602 252 2638 quod
265 2606 419 2633 cantamus.
435 2602 477 2630 val
491 2602 560 2636 quod
576 2602 676 2638 cantari
692 2602 823 2627 audimus.
840 2601 918 2627 Modo

118 2648 263 2677 videamus
278 2647 379 2680 Doech,
398 2648 479 2674 modo
489 2637 626 2674 videamus
640 2655 736 2681 Corpus
752 2647 821 2680 regis
836 2651 862 2672 ct
873 2654 917 2673 sa-

118 2694 256 2727 cerdotis,
271 2693 351 2721 modo
373 2693 510 2720 videamus
527 2700 625 2727 corpus
639 2692 774 2719 hominum
788 2692 916 2719 adversus

119 2748 214 2776 regem
228 2743 257 2768 et
269 2740 448 2767 sacerdotem.

156 2787 186 2815 ι.
201 2786 293 2814 Primo
306 2786 414 2814 nomina
427 2786 483 2820 ipsa
496 2784 623 2812 attendite
637 2792 714 2819 quam
727 2784 837 2819 mystica
851 2783 915 2810 sint.

120 2833 216 2862 Doech
238 2832 428 2866 interpretatur
449 2831 556 2858 Motus:
577 2830 706 2858 Idumaeos
729 2830 918 2863 interpretatur

119 2879 268 2908 Terrenus.
279 2878 339 2906 tam
353 2877 442 2905 videte
453 2877 530 2912 quale
542 2885 625 2912 genus
639 2876 775 2903 hominum
786 2876 917 2910 signiticet

119 2924 212 2957 Doech
224 2924 274 2952 iste
283 2927 391 2952 motus:
407 2930 460 2950 non
471 2930 535 2958 ergo
549 2928 722 2957 perseverans
734 2921 759 2948 in
772 2924 914 2954 aeternum,

697 206 896 235 ENARRATIO
916 205 948 233 ΙΝ
969 205 1132 234 PSALMUM
1151 206 1195 235 ιι.

1723 213 1778 241 602

980 261 1028 289 sed
1041 262 1222 297 emigrandus.
1243 263 1396 293 Terrenus:
1411 265 1475 301 quid
1496 269 1658 303 exspectatis
1671 269 1705 297 de
1724 271 1775 299 lto-

980 308 1053 336 miue
1075 314 1183 337 terreno
1201 310 1304 345 aliquos
1322 310 1442 339 fructus?
1462 312 1584 342 Omlestis
1598 315 1608 331 ί
1628 316 1710 344 homo
1723 318 1777 345 erit

980 354 1007 381 in
1027 358 1167 382 :ulernum.
1182 355 1229 382 Est
1241 363 1306 390 ergo
1320 364 1433 392 regnum
1447 363 1583 387 terrenum
1593 381 1601 393 ,
1615 365 1645 388 ut
1657 361 1777 390 breviter

980 398 1067 425 dictum
1082 404 1109 426 et
1121 400 1175 427 cito
1190 400 1321 427 insinuem
1332 421 1340 431 .
1356 401 1436 429 hodie
1450 403 1476 430 in
1490 403 1541 431 isto
1554 405 1662 438 saeculo,
1678 407 1722 434 ubi
1735 413 1777 435 est

981 447 1009 470 et
1034 451 1145 479 regnum
1171 445 1294 473 moleste.
1319 446 1479 482 Peregrinos
1509 448 1590 476 habet
1612 451 1687 478 cives
1713 460 1778 479 suos

982 494 1124 524 utrumque
1138 498 1264 525 regnum,
1278 499 1389 526 regnum
1405 498 1541 521 terrenum
1554 499 1582 522 et
1595 503 1707 531 regnum
1721 504 1778 525 cm-

981 534 1066 570 leste,
1089 545 1201 572 regnum
1222 539 1410 567 eradicaudum
1425 545 1453 568 et
1473 548 1585 575 regnum
1600 542 1627 569 in
1649 546 1778 571 internum

981 582 1166 617 plantandum.
1186 584 1265 612 Modo
1277 586 1304 613 in
1320 586 1371 614 hoc
1382 587 1483 615 seculo
1494 588 1568 616 cives
1582 589 1720 625 utriusque
1734 598 1778 618 re-

981 630 1026 664 gni
1041 631 1165 665 permixti
1185 635 1268 659 sunt:
1282 640 1381 667 corpus
1402 633 1476 668 regni
1496 635 1613 667 terreni.
1633 641 1662 663 et
1680 643 1778 672 corpus

981 675 1057 710 regni
1070 676 1189 703 celestis
1201 677 1374 705 commixtum
1392 682 1444 706 est.
1464 678 1587 714 Regnum
1605 680 1714 709 calcate
1731 689 1775 716 ge-

982 720 1031 747 mit
1044 720 1113 747 inter
1130 721 1204 748 cives
1224 723 1298 757 regni
1320 722 1436 756 terreni.
1451 728 1478 750 et
1500 723 1642 759 aliquando
1663 724 1736 760 (nam
1750 731 1778 753 et

981 765 1034 793 hoc
1047 766 1188 794 tacendum
1202 775 1256 794 non
1276 767 1335 803 est)
1348 768 1545 803 quodammodo
1561 777 1673 805 regnum
1694 775 1776 799 terre-

981 818 1045 839 num
1058 812 1178 847 angariat
1197 813 1270 841 cives
1281 813 1355 848 regni
1369 814 1516 846 caelorum,
1538 819 1567 842 et
1588 822 1699 850 regnum
1719 824 1777 845 cte-

981 856 1050 885 leste
1061 858 1182 892 angariat
1194 858 1265 886 cives
1278 859 1353 893 regni
1367 859 1476 886 terreni.
1493 858 1643 895 Utrumque
1658 861 1734 889 vobis
1742 861 1778 889 do

980 900 1117 936 Scriptura
1132 901 1181 930 Dei
1200 903 1454 943 demonstrabimus.
1478 905 1570 932 Daniel
1589 910 1616 933 et
1633 911 1687 933 tres
1701 908 1776 941 pueri

980 946 1009 974 in
1030 947 1175 983 Babylonia
1188 942 1325 983 praepositi
1344 953 1408 977 sunt
1425 951 1538 984 negotiis
1553 951 1623 986 regis
1637 950 1725 988 (Dan.
1738 957 1775 985 tt,

979 992 1028 1027 ιθ)
1042 1002 1049 1019 :
1073 992 1172 1028 Joseplt
1186 994 1212 1021 in
1229 994 1347 1030 Atlgypto
1358 995 1492 1023 secundus
1507 1003 1523 1024 a
1543 1004 1605 1032 rege
1620 998 1722 1032 positus
1735 1003 1777 1026 est

978 1037 1167 1066 administrare
1177 1039 1369 1074 rempublicam
1385 1040 1461 1076 (Gen.
1477 1049 1533 1071 xu.
1547 1042 1604 1077 40).
1618 1043 1654 1070 de
1667 1051 1719 1078 qua
1731 1051 1774 1071 res

979 1083 1085 1118 publica
1105 1089 1165 1111 erat
1186 1084 1300 1119 populus
1322 1085 1367 1113 ille
1388 1085 1436 1113 Dei
1461 1086 1615 1114 liberandus
1636 1096 1643 1114 :
1663 1087 1690 1115 in
1718 1088 1775 1123 ipsa

979 1130 1115 1163 republica
1141 1132 1277 1166 angariatn
1303 1131 1501 1166 quodammodo
1524 1132 1636 1160 faciebat
1662 1134 1773 1169 Joseph.

978 1174 1048 1204 sicut
1068 1176 1106 1204 illi
1131 1182 1185 1205 tres
1209 1177 1295 1212 pueri.
1318 1177 1388 1205 sicut
1415 1178 1517 1206 Daniel.
1544 1179 1710 1207 Manifestum
1731 1186 1776 1208 est

977 1228 1043 1257 ergo
1063 1222 1135 1257 quod
1152 1228 1293 1258 usurpant
1313 1223 1364 1251 sibi
1385 1223 1419 1251 ad
1440 1232 1522 1259 opera
1542 1233 1606 1258 sua.
1629 1222 1722 1253 idest
1740 1227 1773 1253 ad

977 1274 1059 1302 opera
1081 1268 1157 1303 regni
1177 1268 1237 1302 sui,
1259 1276 1312 1296 non
1335 1269 1368 1296 ad
1391 1270 1458 1297 facta
1483 1277 1530 1297 sua
1553 1270 1640 1304 mala,
1664 1278 1773 1307 regnum

977 1316 1113 1354 terrenum
1128 1314 1202 1342 cives
1219 1314 1294 1350 regni
1313 1314 1455 1343 celatum.
1472 1315 1540 1349 Quid
1554 1321 1581 1343 et
1597 1324 1707 1351 regnum
1720 1324 1776 1345 caa-

977 1358 1082 1394 lorum,
1097 1360 1233 1396 quomodo
1251 1366 1363 1395 usurpat
1383 1360 1410 1388 in
1435 1361 1487 1389 hoc
1504 1361 1605 1389 saeculo
1616 1362 1650 1389 ad
1668 1366 1775 1397 tempus

976 1405 1050 1433 cives
1069 1404 1144 1441 regni
1165 1405 1285 1433 terreni?
1306 1405 1401 1434 Nonne
1418 1406 1453 1434 de
1472 1405 1515 1433 his
1530 1407 1675 1441 Apostolus
1694 1408 1773 1441 dicit.

975 1449 1048 1485 quod
1064 1457 1117 1478 non
1136 1454 1210 1478 caste
1229 1450 1403 1486 Evangelium
1418 1451 1631 1484 .annuntiabant.
1657 1453 1705 1481 sed
1721 1458 1775 1481 ter-

976 1502 1042 1524 rena
1054 1495 1238 1524 desiderantes
1248 1504 1360 1532 regnum
1371 1496 1501 1524 caelorum
1514 1496 1711 1531 praedicabant;
1724 1505 1773 1526 sua

974 1540 1140 1577 quareltant,
1154 1545 1183 1569 et
1195 1540 1331 1569 Christum
1346 1542 1539 1570 annuntiabant
1548 1542 1561 1569 τ
1575 1542 1611 1570 Et
1623 1547 1653 1571 ut
1665 1544 1773 1572 noveri-

975 1586 1012 1614 tis
1029 1586 1100 1622 quod
1121 1591 1149 1614 et
1169 1585 1220 1621 ipsi
1241 1586 1275 1614 ad
1297 1594 1365 1623 opus
1384 1586 1459 1623 regni
1477 1587 1626 1620 calonum,
1648 1592 1772 1624 utiquam

977 1632 1138 1661 mercenarii
1150 1633 1281 1668 sssumpti
1295 1635 1368 1666 sunt,
1383 1633 1531 1669 Apostolus
1540 1633 1660 1668 gaudens
1671 1634 1706 1663 de
1721 1634 1773 1663 illis

974 1678 1060 1707 dicit:
1075 1679 1145 1707 Sunt
1154 1680 1199 1715 ιμίὶ
1213 1688 1259 1715 per
1270 1679 1393 1707 inuidiam
1406 1684 1431 1707 et
1441 1680 1626 1708 contentionem
1644 1680 1774 1709 Clu-istum

974 1727 1128 1754 annuntiaut
1140 1734 1193 1753 non
1204 1731 1281 1759 caste,
1295 1726 1468 1754 existimantes
1479 1726 1665 1755 tribulationem
1676 1735 1704 1755 se
1715 1735 1773 1754 m-

975 1772 1055 1799 citare
1070 1772 1180 1800 multa
1197 1764 1269 1800 meis.
1291 1772 1361 1806 Quid
1380 1773 1447 1800 enim
1465 1773 1527 1801 ιιιαιι
1546 1773 1709 1802 omnimodo
1721 1775 1774 1802 sive

975 1825 1022 1853 per
1033 1817 1190 1845 occasionem
1201 1818 1253 1845 sive
1267 1826 1313 1853 per
1323 1818 1454 1845 ueritatem
1464 1817 1581 1846 Christus
1590 1819 1774 1847 annuntiat"!

976 1862 1011 1891 Et
1022 1863 1050 1891 in
1062 1863 1110 1891 hoc
1120 1862 1235 1899 gaudeo,
1248 1863 1294 1891 sed
1305 1863 1449 1899 etgatulebo
1464 1863 1592 1899 (Philipp.
1605 1872 1626 1895 ι,
1641 1865 1706 1892 "et
1714 1864 1771 1899 l8).

975 1909 1015 1938 De
1029 1909 1127 1937 talibus
1138 1909 1219 1938 etiam
1240 1909 1364 1937 Christus
1376 1911 1533 1944 annuntiat,
1547 1910 1659 1939 dicens:
1677 1911 1772 1938 Phari-

974 1955 1020 1983 usi
1030 1960 1055 1982 et
1068 1954 1167 1983 Scriba
1176 1963 1254 1989 super
1264 1955 1412 1983 cathedram
1423 1948 1509 1991 onn'
1521 1955 1648 1983 sederunt.
1664 1956 1728 1989 Qua:
1735 1957 1773 1983 di-

955 2001 957 2004 ’
973 2005 1051 2033 cunt,
1070 2001 1164 2035 facite;
1176 2009 1233 2036 qua
1245 2005 1330 2028 autem
1350 2001 1463 2036 factum,
1480 2001 1564 2035 facere
1573 2001 1651 2029 nolite
1660 2010 1670 2030 :
1683 2002 1773 2030 dicunt

973 2046 1051 2078 atim,
1065 2051 1088 2073 et
1101 2054 1152 2073 non
1164 2045 1261 2082 faciunt
1275 2045 1382 2081 (Matth.
1396 2053 1477 2078 unt,
1489 2046 1518 2078 2,
1531 2046 1571 2082 5).
1588 2047 1653 2080 Quae
1666 2047 1770 2080 dicunt,

974 2092 1109 2127 pertinent
1122 2091 1155 2118 ad
1171 2091 1271 2124 David;
1286 2099 1347 2126 qua:
1357 2096 1445 2119 autem
1459 2091 1574 2123 faciunt.
1590 2093 1724 2127 pertinent
1737 2092 1771 2120 ad

974 2136 1076 2165 Doech.
1092 2137 1142 2165 Per
1160 2137 1222 2164 illos
1233 2144 1277 2164 me
1290 2136 1398 2169 audite,
1419 2137 1479 2175 illos
1492 2137 1590 2165 imitari
1609 2138 1702 2166 nolite.
1718 2137 1772 2166 lsta

974 2181 1027 2210 duo
1038 2190 1137 2218 genera
1151 2182 1288 2210 hominum
1303 2187 1366 2210 sunt
1376 2182 1455 2210 hodie
1466 2183 1492 2210 in
1504 2184 1586 2211 terr'a.
1600 2183 1637 2211 De
1649 2184 1691 2212 his
1704 2183 1773 2212 duo-

973 2227 1024 2263 Ιψς
1039 2227 1182 2262 generibus
1197 2227 1334 2254 hominum
1347 2232 1438 2255 cantat
1454 2228 1574 2262 psalmus
1588 2229 1649 2256 iste.

1010 2272 1037 2300 5.
1052 2271 1128 2308 (vers.
1145 2273 1170 2303 Ι,
1190 2271 1231 2309 2.]
1252 2272 1339 2300 liabet
1362 2277 1452 2300 autem
1477 2273 1575 2300 Psalmi
1600 2273 1716 2302 titulus:
1735 2273 1770 2302 In

973 2318 1051 2353 finem
1063 2318 1205 2345 intellectus
1217 2317 1301 2345 David
1309 2338 1317 2351 .
1330 2326 1390 2345 cum
1404 2318 1470 2345 venit
1485 2318 1571 2346 Doech
1584 2318 1731 2354 Idumam,
1745 2326 1770 2348 et

972 2365 1098 2392 nuntiavit
1119 2363 1185 2392 Sat'd
1195 2371 1206 2391 :
1225 2363 1298 2391 Venit
1319 2363 1404 2391 Dauid
1422 2364 1449 2391 in
1464 2364 1568 2391 domum
1583 2365 1724 2393 Αωηωίωή
1737 2366 1768 2394 ':

972 2417 1034 2437 cum
1049 2410 1169 2445 legamus
1182 2417 1244 2437 eum
1259 2409 1366 2445 venisse
1378 2410 1405 2437 in
1415 2409 1525 2437 domum
1538 2410 1721 2439 Acltimelecb.
1737 2411 1770 2440 Et

971 2454 1086 2482 fortasse
1103 2454 1173 2489 quod
1190 2462 1243 2482 non
1258 2453 1374 2482 absurde
1393 2455 1524 2482 sentimus
1543 2459 1653 2491 propter
1670 2456 1769 2484 simili-

971 2501 1091 2538 tudinem
1104 2500 1222 2528 nominis
1232 2521 1240 2533 ,
1262 2504 1290 2528 et
1304 2501 1383 2528 unius
1395 2499 1504 2536 syllabae
1518 2500 1710 2534 dill'erentism,
1727 2503 1767 2529 vel

971 2547 1059 2582 potius
1076 2546 1154 2574 unius
1173 2546 1284 2580 littera,
1301 2546 1394 2574 variati
1414 2551 1476 2574 sunt
1496 2547 1573 2574 tituli.
1585 2547 1613 2575 In
1632 2547 1769 2576 codicibus

971 2596 1060 2619 tamen
1076 2591 1241 2619 Psalmorum
1256 2599 1317 2619 eum
1334 2591 1528 2626 iuspiceremus
1540 2614 1546 2623 ,
1560 2593 1645 2627 magis
1657 2593 1768 2621 Abime-

970 2637 1029 2665 lech
1042 2645 1122 2672 quam
1135 2636 1308 2665 Achimelech
1320 2637 1478 2664 invenimus.
1490 2637 1523 2665 Et
1535 2638 1659 2671 quoniam
1675 2638 1701 2665 in
1715 2639 1768 2666 alio

970 2683 1030 2712 loco
1039 2684 1121 2711 habes
1134 2683 1363 2711 evidentissimum
1378 2683 1522 2718 psalmum,
1537 2675 1589 2711 non
1603 2684 1770 2712 dissimilitu-

970 2730 1059 2758 dinem
1067 2729 1194 2763 nominis,
1202 2729 1250 2757 sed
1261 2736 1371 2764 prorsus
1379 2728 1514 2756 diversum
1526 2737 1623 2757 nomen
1636 2730 1768 2758 insinuan-

970 2781 1034 2808 tem;
1043 2775 1258 2811 quandoquidem
1268 2775 1355 2803 David
1362 2780 1424 2803 ante
1436 2783 1527 2810 regem
1542 2776 1633 2810 Achis,
1643 2784 1696 2804 non
1705 2784 1768 2806 ante

1002 2833 1011 2849 ι
1027 2833 1065 2858 sic
1075 2828 1167 2865 aliquot
1177 2836 1230 2858 Mss.
1243 2835 1271 2857 At
1278 2831 1346 2862 ωτι,
1358 2830 1451 2864 aliquos
1466 2831 1561 2862 fructus
1578 2831 1702 2859 calcata?
1718 2837 1768 2859 llo-

1026 2867 1141 2930 Fiiiiquse
1439 2892 1575 2930 manu
1586 2900 1638 2930 es.»
1652 2893 1720 2920 sum
1735 2893 1767 2920 ιε

970 2924 1059 2955 David,
1069 2923 1135 2957 quod
1145 2924 1236 2950 venerit
1247 2923 1326 2950 Damt
1333 2923 1360 2949 in
1371 2923 1469 2950 domum
1483 2923 1629 2968 Abomlcclt.
