3968 6324
425 393 529 445 605

420 519 602 575 regem
631 499 940 560 Abimclecb
970 497 1270 556 immutavit
1295 493 1488 551 faciem
1515 505 1698 556 suam,
1723 496 1783 545 et
1809 485 2019 544 dimisit

419 612 576 662 eum,
604 602 660 649 et
695 593 861 649 abiit:
895 592 1081 647 titulus
1112 601 1291 649 autem
1333 584 1635 642 Psalmisic
1651 583 1886 652 scriptus
1911 590 2014 649 est,

424 690 643 756 Quando
660 691 944 745 immutari!
958 687 1150 742 uultum
1163 701 1315 742 suum
1329 699 1502 738 coram
1523 678 1811 738 Abimeleclt
1837 674 2010 748 (Psal.

425 798 615 845 [\Xlil,
648 783 705 851 l)
729 800 742 834 :
773 782 887 850 ipsa
916 779 1085 849 magis
1109 776 1333 832 mutatio
1357 773 1588 827 nominis
1615 770 1668 829 in
1696 766 2014 840 mysterium

425 874 546 926 iaett
566 874 818 933 intentos,
845 888 912 927 ne
929 880 1180 941 tanquam
1198 882 1285 922 res
1315 864 1552 919 historias
1581 857 1943 930 persequaris,
1963 866 2016 910 et

425 976 632 1018 saerata
651 965 668 996 ί
687 967 799 1018 vela
818 972 1155 1017 contemnas.
1180 959 1486 1014 Discussum
1505 968 1699 1011 nomen
1727 953 1778 1007 in
1808 951 2018 1022 psalmo

423 1057 553 1118 illo,
596 1056 739 1126 quod
766 1062 853 1111 est
881 1051 1227 1114 Abimclech,
1261 1049 1528 1105 invenitur
1569 1047 2015 1116 interpretatum.

425 1148 599 1201 Patris
639 1146 743 1202 mei
785 1160 1028 1216 regnum.
1067 1139 1347 1211 Quomodo
1388 1151 1564 1197 autem
1609 1137 1774 1208 patris
1815 1133 1898 1190 sui
1926 1151 2017 1189 re-

417 1254 586 1312 suum
612 1237 812 1293 dimisit
846 1238 1009 1295 David
1030 1279 1044 1303 ,
1075 1245 1130 1292 et
1153 1235 1314 1297 abiit,
1348 1233 1448 1288 nisi
1479 1231 1746 1301 quomodo
1773 1227 2017 1283 Christus

422 1347 648 1402 regnum
689 1329 995 1386 Judmornm
1034 1329 1264 1390 dimisit,
1314 1335 1370 1380 et
1410 1323 1477 1378 ad
1508 1324 1707 1377 Gentes
1735 1317 2018 1374 transivit?

422 1422 558 1477 Hinc
584 1423 827 1478 fitrtassis
871 1423 1030 1475 etiam
1065 1420 1410 1489 propheticus
1449 1417 1669 1485 spiritus
1706 1412 2020 1466 adscribcns

422 1515 634 1571 titulum
664 1514 874 1585 psalmo
902 1513 1055 1578 huic,
1097 1513 1261 1571 voluit
1299 1518 1353 1564 ut
1397 1525 1502 1563 non
1540 1507 1742 1562 diceret
1772 1503 2021 1559 Achime-

422 1604 573 1674 lech,
607 1607 702 1661 sed
743 1605 1092 1669 Abimelecii,
1139 1603 1263 1672 quia
1303 1599 1519 1670 quando
1562 1597 1709 1650 venit
1751 1594 1915 1649 David
1950 1591 2018 1649 ad

369 1737 378 1743 -
423 1703 592 1769 patris
617 1698 699 1753 sui
727 1712 973 1769 regnum,
1005 1705 1133 1752 tunc
1157 1704 1242 1749 est
1269 1693 1546 1764 proditus;
1571 1689 1676 1744 hoc
1699 1698 1784 1745 est
1805 1687 2022 1756 quamlo

424 1792 574 1845 venit
603 1789 860 1844 Dominus
885 1798 1070 1843 noster
1106 1785 1268 1841 Jcsns
1300 1784 1544 1838 Christus
1581 1777 1646 1833 ad
1677 1794 1898 1848 regnum
1924 1777 2022 1835 Ju-

427 1883 668 1937 daeorum
699 1881 1000 1935 institutum
1036 1893 1068 1934 a
1094 1877 1251 1932 Patre
1287 1891 1386 1930 suo
1403 1915 1420 1939 ,
1446 1874 1514 1929 de
1540 1889 1652 1944 quo
1673 1873 1830 1934 dicit,
1862 1872 2023 1940 Aufe-

429 1985 571 2030 retttr
596 1991 630 2029 a
654 1973 791 2028 vobis
817 1987 1032 2044 regnum
1062 1969 1177 2033 Dei,
1215 1978 1260 2023 et
1286 1968 1491 2021 dabitur
1518 1967 1657 2037 genti
1682 1965 1888 2038 facienti
1912 1963 2024 2032 fru-

431 2075 542 2121 ctus
563 2067 675 2134 ejus
697 2075 746 2120 et
771 2063 1032 2134 justitiam
1073 2060 1094 2132 (
1111 2060 1299 2114 Matth.
1334 2075 1456 2123 ut,
1483 2057 1608 2123 £5),
1638 2066 1761 2110 tunc
1791 2064 1872 2108 est
1899 2068 2022 2122 ιιι-ος

429 2158 575 2212 ditus
619 2156 812 2221 morti,
862 2168 1022 2224 quam
1066 2151 1332 2221 signiﬁcat
1360 2147 1509 2204 Sainl.
1555 2146 1669 2202 Non
1718 2157 1800 2201 est
1841 2153 2019 2199 autem

430 2248 640 2304 occisus
669 2244 770 2318 (a),
800 2244 938 2300 sicut
965 2257 1066 2298 nec
1104 2241 1284 2306 Isaac,
1325 2253 1446 2294 cum
1484 2246 1542 2294 et
1581 2238 1693 2307 ipse
1719 2237 2022 2304 passionem

430 2338 642 2394 Domini
688 2337 975 2407 iiguraret;
1024 2348 1127 2389 nec
1172 2342 1348 2390 tamen
1395 2330 1512 2384 sine
1551 2329 1809 2398 sanguine
1854 2328 2021 2396 ﬁgura

430 2439 697 2487 transacta
723 2439 828 2493 est,
857 2428 941 2484 vel
975 2427 1046 2481 ibi
1077 2425 1220 2480 illius
1242 2422 1424 2479 arietis
1455 2420 1606 2491 (Gen.
1639 2436 1768 2483 χχιι,
1794 2419 1905 2492 12).
1934 2421 2020 2475 vel

428 2522 518 2576 hic
543 2517 889 2576 Achimelech
928 2515 1242 2573 sacerdotis.
1279 2513 1465 2583 Neque
1487 2512 1630 2567 enim
1655 2511 1825 2566 occidi
1865 2525 2022 2582 opor-

429 2615 528 2668 tuit
570 2626 700 2676 eos,
745 2625 880 2681 quos
920 2617 1045 2664 ιιιιιε
1091 2611 1374 2676 resurgere
1413 2621 1521 2660 non
1561 2603 1890 2674 oportebat:
1926 2599 2022 2656 sed

424 2717 615 2757 eorum
642 2701 806 2755 vitam
849 2714 882 2753 a
925 2699 1114 2754 mortis
1148 2695 1410 2768 periculo,
1443 2704 1814 2750 verumtamen
1850 2692 2022 2748 elinso

423 2791 707 2862 sanguine,
735 2789 971 2844 liberans
995 2787 1152 2842 Iesus
1177 2784 1625 2840 resurrectionem
1651 2783 1830 2854 potius
1858 2781 2024 2851 signi-

424 2883 640 2949 ﬁcabat,
664 2897 786 2953 qua:
813 2879 917 2935 hoc
946 2878 1108 2933 modo
1144 2877 1198 2931 in
1225 2875 1334 2930 illis
1365 2875 1713 2945 ﬁgurabatur.
1741 2873 1864 2942 quia
1894 2885 2024 2926 vero

423 2974 656 3030 Domino
684 2970 1018 3028 servabatur.
1049 2968 1207 3023 Plura
1250 2965 1378 3022 hinc
1400 2963 1505 3020 dici
1532 2965 1556 2998 ³
1599 2972 1850 3034 possent,
1879 2963 1924 3018 si
1953 2960 2022 3017 il-

421 3066 596 3122 lsrum
619 3077 798 3120 rerum
824 3071 1097 3133 gestarum
1127 3058 1179 3114 in
1206 3056 1312 3113 boc
1330 3071 1580 3112 sermone
1598 3057 2024 3125 suscepissemus

420 3154 699 3215 tractanda
729 3151 1003 3226 mysteria.

490 3247 546 3303 σ.
578 3245 731 3302 Nunc
752 3247 864 3313 jam
899 3241 1181 3297 audiamus
1208 3238 1309 3302 ista
1340 3238 1451 3294 duo
1484 3251 1682 3309 genera
1709 3233 2020 3305 hominum,

415 3337 850 3411 quandoquidem
892 3335 962 3390 de
1007 3332 1160 3389 titulo
1201 3331 1327 3396 isto,
1368 3331 1471 3385 etsi
1500 3327 1784 3399 operosius
1813 3337 1868 3383 et
1905 3324 2021 3381 ior-

416 3441 563 3489 tasse
589 3428 884 3500 loquacius,
915 3436 1093 3480 tamen
1120 3433 1179 3478 ut
1212 3421 1473 3477 Dominus
1500 3420 1787 3483 concessit,
1817 3420 2020 3474 exitum

332 3562 336 3565 ι
413 3531 521 3576 est.
565 3520 682 3576 Duo
705 3532 906 3590 genera
942 3515 1223 3571 hominum
1249 3511 1548 3568 attendite:
1584 3525 1747 3565 unum
1773 3509 2020 3564 laboran-

414 3612 586 3679 tium,
616 3610 847 3664 alterum
872 3622 1061 3661 eorum
1085 3604 1227 3662 inter
1253 3619 1388 3674 quos
1417 3603 1725 3666 laboratur;
1757 3617 1921 3656 unum
1950 3602 2020 3657 de

416 3712 596 3764 terra,
625 3701 855 3755 alterum
893 3696 965 3752 dc
1008 3695 1146 3753 colo
1183 3695 1569 3764 cogitantium;
1615 3708 1777 3747 unum
1809 3693 1861 3747 in
1890 3709 2017 3762 pro-

413 3791 641 3850 fundum
670 3807 767 3847 cor
793 3789 1115 3846 mittentium
1137 3829 1154 3854 ,
1180 3787 1408 3843 alterum
1430 3802 1527 3842 cor
1551 3788 1774 3860 Angelis
1795 3786 2022 3857 conjun-

413 3888 684 3961 gentium;
717 3899 880 3939 unum
921 3881 1252 3953 sperantium
1284 3879 1355 3935 de
1379 3879 1607 3935 terrenis
1632 3877 1826 3948 quibus
1854 3878 2020 3948 pollet

416 3981 506 4035 hic
535 3976 802 4042 mundus,
843 3975 1071 4030 alterum
1115 3971 1555 4044 prazsomentium
1599 3969 1667 4024 dc
1706 3967 2017 4025 ctelcstibus

413 4085 538 4142 quae
563 4067 808 4138 promisit
851 4081 960 4122 non
990 4061 1218 4120 mendax
1273 4062 1414 4118 Deus
1440 4061 1483 4114 ³.
1532 4059 1640 4116 Sed
1681 4061 1844 4115 mixta
1891 4070 2019 4115 sunt

415 4162 516 4215 ista
542 4173 739 4230 genera
778 4156 1080 4211 hominum.
1112 4153 1420 4209 Invenimus
1461 4151 1622 4207 modo
1655 4153 1825 4206 civem
1861 4149 2021 4207 Jeru-

414 4255 583 4310 salem
603 4294 617 4317 ,
648 4253 821 4308 civem
862 4249 1015 4320 regni
1036 4249 1300 4306 calorum
1322 4247 1703 4302 administrare
1734 4244 1934 4316 aliquid
1960 4245 2015 4320 in

415 4355 600 4410 terra;
635 4353 694 4397 ut
720 4349 882 4412 puts,
924 4353 1216 4410 purpuram
1243 4338 1384 4408 gerit
1411 4337 1469 4403 ⁵,
1515 4336 1855 4406 magistratus
1895 4346 2012 4402 est,

414 4438 590 4493 sutilis
624 4445 739 4500 est,
769 4434 1056 4507 proconsul
1092 4439 1212 4496 est,
1256 4433 1548 4497 imperator
1573 4436 1685 4494 est,
1727 4428 2019 4498 rempubli-

414 4545 537 4585 cam
565 4527 701 4598 gerit
726 4518 994 4582 terrenam
1020 4541 1035 4579 :
1067 4524 1161 4578 sed
1191 4537 1288 4578 cor
1320 4535 1532 4575 sursum
1565 4519 1757 4582 habet.
1788 4520 1836 4574 si
1872 4519 2020 4575 chri-

414 4625 624 4679 stianos
651 4627 736 4676 est
758 4661 775 4685 ,
802 4619 846 4674 si
878 4617 1049 4672 ﬁdelis
1072 4626 1159 4671 est
1176 4657 1192 4680 ,
1220 4615 1265 4668 si
1292 4614 1412 4684 pius
1441 4621 1525 4669 est
1544 4653 1560 4675 ,
1590 4614 1639 4667 si
1663 4621 2016 4668 contemnens

415 4717 470 4773 in
491 4712 688 4785 quibus
715 4717 832 4774 est,
879 4717 934 4762 et
971 4717 1151 4777 sperat
1185 4707 1238 4761 in
1265 4720 1375 4776 quo
1402 4702 1638 4759 nondum
1674 4712 1775 4758 est.
1807 4703 1884 4758 De
1907 4719 2016 4774 quo

413 4819 615 4878 genere
639 4801 736 4856 l'uit
770 4800 861 4856 illa
895 4808 1079 4854 sancta
1109 4797 1302 4852 mulier
1329 4795 1544 4857 Esther,
1573 4808 1695 4864 qua:
1720 4808 1843 4848 cum
1870 4803 2017 4849 esset

481 4917 501 4951 ι
533 4916 606 4965 sic
625 4920 781 4965 ιιι-.-ει
802 4920 910 4960 Mss.
939 4917 992 4960 Al.
1009 4916 1144 4964 Lota,
1170 4913 1374 4959 secreta.

479 4981 500 5010 ¹
533 4962 607 5027 sic
629 4962 844 5026 melioris
867 4982 996 5023 notae
1019 4962 1208 5043 lissam
1227 4969 1340 5042 Edd.
1357 5005 1381 5042 ,.
1405 4980 1482 5043 ea
1700 4967 1929 5043 periculo
1941 4968 2012 5043 ,ιί-

415 5041 597 5093 lierart.
624 5043 966 5086 vertuntamen
992 5033 1133 5083 επιΒὶ
1156 5032 1410 5094 sanguinis
1436 5030 1659 5094 liberatio
1686 5032 2013 5094 resurrectio-

416 5089 532 5152 nem
556 5100 717 5162 potius
737 5096 1039 5166 signiﬁcaret
1059 5129 1076 5166 ε
1097 5105 1210 5166 quae
1233 5089 1325 5141 lioc
1346 5091 1490 5166 ntodo
1511 5093 1558 5142 in
1581 5089 1676 5166 illis
1698 5091 2009 5166 ﬁguraliatur.

413 5151 531 5221 (alia
555 5151 674 5212 vero
696 5151 895 5209 Domino
916 5151 1206 5206 ssrva'ba'utr
1225 5154 1525 5203 ιωιιιιεοιίο
1540 5187 1556 5212 ,
1581 5151 1716 5215 plura
1738 5151 1819 5202 hic
1850 5152 1964 5214 dici,
1981 5169 2006 5198 ι

419 5233 514 5317 cui.
533 5286 618 5333 me
651 5284 702 5333 in
745 5277 861 5329 cdd.
910 5282 1022 5340 post
1059 5288 1166 5340 non,
1195 5274 1412 5340 mdo;
1456 5275 1827 5340 Deustinserta
1872 5283 2015 5340 erant

414 5348 585 5399 lstbtcc
606 5345 759 5394 verba
781 5355 795 5391 :
829 5335 968 5389 «seu
991 5337 1497 5399 esedesperandum
1524 5337 1590 5386 de
1622 5335 1898 5387 horninibus-
1926 5337 2013 5384 ho.

416 5396 510 5466 iis,
534 5409 573 5457 si
598 5417 687 5469 per
709 5415 798 5454 eos
813 5408 1077 5472 terrenum
1087 5396 1266 5472 aliquid
1290 5397 1683 5472 administretur;
1711 5410 1801 5448 aee
1816 5409 2014 5472 rursum

415 5458 646 5519 motione
682 5463 1024 5528 gratulandum
1065 5458 1342 5528 hominibus
1371 5458 1717 5528 (minewlestia
1748 5470 1904 5528 agere
1933 5459 2013 5507 di-

434 5518 714 5592 :noScantur
727 5524 935 5592 negotia
957 5536 985 5592 εΔ
997 5535 1107 5572 cum
1127 5518 1504 5584 plerumquéilli
1525 5521 1611 5592 qui
1628 5519 1843 5592 negotiis
1854 5531 2012 5592 sum:

415 5548 2012 5645 tm“:;;iaa’:;a°a;summaesummae

415 5655 499 5715 qui
521 5643 742 5702 caelestia
772 5659 970 5707 semper
993 5643 1282 5715 praeditam,
1299 5657 1385 5694 cur
1407 5643 1602 5696 trahant
1622 5657 1674 5692 tn
1694 5649 1844 5695 terra.
1863 5659 1889 5690 ι
1919 5644 2012 5693 Ab-

415 5707 530 5776 s'unt
555 5727 614 5764 ea
637 5721 835 5776 prorsus
853 5721 883 5758 a
906 5707 1086 5756 ursuis
1107 5713 1215 5755 Mss.
1251 5763 1266 5775 .

480 5775 502 5808 δ
532 5773 711 5823 manus
731 5777 861 5828 ιιι..
885 5780 1130 5832 mperes
1157 5773 1302 5832 gerit.

485 5837 559 5899 (α)
584 5834 817 5896 tntcllig.,
841 5834 1012 5883 Dauid.

1661 377 1720 434 S.
1760 369 2134 432 AUGUSTINI
2169 371 2474 434 EPlSCDPI

3614 389 3720 444 θοι

2127 499 2266 542 uxor
2288 489 2467 558 regis,
2492 501 2714 549 ventum
2737 504 2822 552 est
2843 495 2915 553 ad
2942 493 3237 565 periculum
3267 499 3592 570 deprecandi
3621 519 3723 572 pro

2125 577 2332 634 civibus
2357 597 2497 648 suis;
2524 594 2581 640 et
2603 599 2726 642 cum
2751 597 2932 642 oraret
2966 603 3150 645 coram
3193 591 3336 655 Deo,
3369 595 3456 650 ubi
3501 597 3718 652 mentiri

2125 683 2234 724 non
2267 682 2482 742 posset,
2523 675 2578 729 in
2609 676 2855 734 oratione
2882 694 2980 734 sua
3005 680 3167 748 dixit,
3200 683 3269 738 ita
3303 686 3406 738 sibi
3435 687 3602 741 fuisse
3629 689 3718 743 illa

2126 776 2442 822 ornamenta
2473 767 2672 836 regalia
2703 770 2843 824 sicut
2882 787 3115 840 pannum
3143 786 3486 832 menstruam:
3532 779 3715 847 (Esth.

2126 865 2241 916 ιιι,
2268 853 2380 918 lli).
2412 854 2531 911 Non
2555 872 2686 926 ergo
2708 858 3057 928 desperemus
3084 863 3152 918 de
3179 867 3385 921 civibus
3421 870 3570 938 regni
3600 885 3715 925 co:-

2125 941 2330 1010 lnrum,
2362 947 2582 1016 quando
2599 963 2695 1005 eos
2722 949 2962 1008 videmus
2985 955 3160 1026 aliqua
3197 971 3388 1028 gerere
3413 961 3717 1035 Babyloniae

2125 1037 2367 1104 negotia,
2405 1039 2604 1112 aliquid
2635 1051 2908 1099 terrenum
2937 1046 2990 1101 in
3018 1048 3288 1118 republica
3329 1061 3584 1118 terrena:
3613 1071 3714 1111 nec

2124 1139 2311 1180 rursus
2336 1129 2594 1185 continuo
2619 1135 2951 1202 gratulemur
2977 1139 3224 1195 omnibus
3247 1139 3556 1200 hominibus
3580 1162 3715 1215 quos

2125 1218 2366 1273 videmus
2381 1237 2540 1292 agerc
2557 1226 2768 1296 negotia
2788 1230 3060 1295 cmlcstia;
3079 1235 3205 1302 quia
3223 1245 3278 1289 et
3292 1237 3381 1291 lilii
3396 1241 3715 1308 pestilentias

2123 1313 2316 1367 sedent
2337 1314 2625 1386 aliquando
2647 1319 2701 1374 in
2725 1320 2981 1377 cathedra
2997 1323 3184 1396 Moysi,
3205 1326 3275 1382 de
3288 1331 3480 1399 quibus
3496 1333 3711 1400 dicitur,

2128 1406 2255 1473 Quo?
2278 1409 2452 1464 dicunt
2477 1412 2667 1482 facile;
2707 1429 2824 1485 quis
2857 1427 3025 1471 autem
3061 1420 3252 1486 faciunt
3269 1463 3286 1487 ,
3325 1423 3497 1494 facere
3520 1428 3678 1482 nolite
3695 1443 3717 1483 :

2124 1499 2300 1554 dicunt
2329 1503 2460 1556 enim
2483 1543 2499 1566 ,
2526 1513 2574 1558 es
2599 1521 2702 1560 non
2724 1509 2943 1578 faciunt.
2971 1507 3050 1565 illi
3093 1512 3147 1566 in
3190 1515 3416 1570 terrenis
3444 1517 3607 1572 rebus
3633 1519 3716 1574 le-

2123 1604 2249 1647 vant
2275 1608 2372 1648 cor
2397 1594 2450 1650 in
2475 1595 2705 1661 omium,
2743 1598 2831 1653 isti
2872 1596 2926 1654 in
2951 1601 3260 1659 mlestibus
3284 1606 3458 1661 verbis
3497 1609 3718 1666 trahunt

2124 1698 2221 1738 cor
2247 1684 2302 1739 in
2328 1695 2489 1742 terra.
2517 1686 2709 1744 Veniet
2730 1699 2909 1747 autem
2933 1701 3147 1765 tempus
3172 1697 3470 1761 ventilabri.
3501 1705 3718 1771 quando

2128 1786 2412 1849 utruntque
2437 1779 2846 1850 diligentissime
2883 1783 3240 1854 discernatur,
3267 1805 3336 1844 ne
3359 1805 3583 1860 granum
3612 1796 3716 1850 ali-

2123 1865 2266 1936 quod
2297 1876 2536 1926 transeat
2570 1869 2626 1927 in
2661 1888 2911 1929 acervum
2952 1876 3116 1945 [talem
3150 1883 3604 1949 comburendum.
3649 1900 3720 1943 ne

2127 1975 2233 2016 una
2257 1963 2454 2031 stipula
2483 1973 2726 2022 transeat
2748 1965 2823 2027 ad.
2842 1983 3075 2024 massam
3101 1970 3174 2044 in.
3194 1973 3391 2030 horreo
3415 1977 3716 2033 recondeu-

2126 2052 2251 2108 dam
2280 2050 2494 2126 (Hstth.
2519 2071 2578 2112 ιιι
2595 2096 2615 2122 ,
2639 2057 2766 2139 12).⁵
2782 2058 3048 2129 Quamdiu
3073 2076 3204 2133 ergo
3228 2081 3370 2120 nunc
3396 2068 3721 2138 permirtum

2127 2153 2229 2210 est,
2257 2145 2538 2204 audiamus
2564 2147 2690 2207 hinc
2717 2166 2904 2209 vocem
2931 2153 3194 2218 nostram,
3227 2156 3279 2212 id
3303 2169 3387 2214 est
3410 2160 3607 2215 civium
3634 2177 3722 2218 re-

2126 2237 2215 2306 gni
2245 2239 2503 2294 cmlorum
2544 2241 2671 2312 (hoc
2698 2244 2844 2298 enim
2885 2244 3141 2302 aﬂectare
3164 2247 3455 2316 debemus,
3490 2254 3724 2310 tolemre

2129 2328 2216 2382 hic
2257 2328 2457 2396 malos,
2488 2348 2649 2401 quam
2699 2335 2909 2390 tolerari
2947 2353 2979 2392 a
3001 2337 3208 2410 bonis):
3239 2349 3294 2394 et
3334 2342 3725 2414 conjungamus

2128 2435 2227 2472 suis
2257 2420 2380 2476 huic
2406 2422 2545 2488 voci,
2574 2430 2629 2478 ct
2655 2439 2806 2490 aure,
2837 2438 2892 2481 et
2917 2427 3117 2499 lingua,
3148 2442 3203 2486 et
3232 2432 3424 2500 corde,
3451 2445 3507 2489 et
3530 2451 3720 2505 opere.

2127 2508 2282 2578 Quod
2309 2513 2352 2566 si
2380 2511 2698 2583 fecerimus,
2733 2533 2835 2574 nos
2872 2519 2962 2575 hic
3002 2521 3269 2593 loquimur
3291 2526 3344 2580 in
3370 2526 3452 2582 his
3478 2545 3603 2599 qua:
3625 2545 3724 2586 au—

2127 2601 2324 2657 dimus.
2371 2599 2586 2663 Dicatur
2623 2625 2755 2680 ergo
2787 2612 2960 2680 primo
2999 2613 3068 2670 de
3114 2630 3341 2686 corpore
3383 2619 3526 2674 malo
3570 2622 3724 2692 regni

2128 2697 2348 2754 terreni.

2201 2788 2249 2841 7.
2286 2787 2417 2861 [vers
2461 2791 2539 2864 5.]
2570 2793 2708 2860 Quid
2730 2796 2984 2867 gloriatur
3005 2797 3058 2852 in
3084 2799 3280 2854 malitia
3302 2800 3391 2872 qui
3410 2811 3586 2872 potens
3609 2805 3727 2859 est?

2128 2882 2402 2938 Attendite
2421 2923 2439 2950 ,
2471 2883 2663 2940 fratres
2689 2889 2830 2951 mei,
2856 2890 3081 2961 gloriam
3106 2894 3467 2966 malignitatis,
3493 2897 3722 2966 gloriam

2127 2968 2404 3029 hominum
2427 2978 2711 3033 malorum.
2737 2979 2870 3048 Qua:
2898 2994 2979 3037 est
3003 2984 3209 3055 gloria?
3233 2985 3375 3055 Quid
3398 2988 3646 3059 gloriatur
3665 2991 3722 3045 in

2125 3063 2326 3119 malitis
2350 3067 2440 3135 qui
2475 3076 2652 3136 potens
2666 3073 2784 3128 est!
2808 3073 2859 3128 id
2883 3084 2999 3140 est,
3029 3075 3119 3145 qui
3161 3077 3214 3131 in
3272 3076 3473 3134 malitia
3528 3090 3722 3148 potens

2125 3161 2241 3218 est,
2270 3155 2396 3223 quid
2434 3157 2733 3227 gloriatur?
2759 3161 2907 3234 Opus
2932 3176 3015 3219 cst
3056 3176 3325 3234 potentem
3355 3184 3508 3234 esse,
3537 3171 3636 3226 sed
3663 3173 3719 3226 in

2124 3241 2382 3311 bonitate,
2412 3265 2520 3302 mm
2548 3249 2602 3303 in
2623 3250 2845 3305 malitia.
2877 3254 3088 3324 Aliquid
3119 3272 3368 3326 magnum
3394 3267 3474 3314 est
3497 3261 3720 3330 gloriari

2126 3331 2183 3390 in
2234 3337 2477 3392 malitia?
2520 3338 2811 3396 Ediﬁeare
2853 3343 3072 3400 domum
3120 3363 3410 3415 paucorum
3451 3361 3569 3412 est,
3612 3350 3718 3407 de-

2124 3436 2336 3483 struere
2381 3431 2553 3500 quivis
2595 3433 2813 3502 ignarus
2853 3444 3049 3504 potest.
3093 3440 3372 3495 Seminare
3418 3441 3715 3508 (nimenta,

2124 3519 2374 3574 excolere
2419 3533 2655 3590 segetem
2677 3566 2691 3585 ,
2725 3538 3040 3594 esSpectarc
3080 3528 3252 3584 donec
3281 3540 3637 3600 maturescat,
3663 3542 3722 3588 et

2125 3611 2177 3665 in
2205 3611 2321 3683 ejus
2366 3614 2537 3669 fructu
2573 3615 2628 3670 in
2666 3632 2775 3687 quo
2814 3618 3076 3674 laboravit
3113 3620 3382 3693 gaudere,
3427 3638 3721 3696 paucorum

2123 3712 2206 3757 est
2240 3721 2252 3757 :
2285 3719 2386 3757 uua
2416 3705 2646 3759 scintilla
2672 3722 2902 3765 omnem
2942 3706 3179 3781 segetem
3213 3712 3500 3769 incendere
3538 3716 3717 3785 quivis

2126 3803 2317 3862 potest.
2348 3793 2635 3865 Suscipere
2661 3797 2941 3865 infantem,
2975 3810 3157 3857 natum
3187 3803 3416 3871 nutrire,
3447 3804 3714 3872 educare,

2135 3885 2191 3941 id
2228 3886 2519 3956 iuvenilem
2560 3898 2772 3947 atatem
2809 3890 3140 3962 perducere,
3184 3910 3436 3965 maguum
3476 3894 3718 3953 ofﬁcium

2122 3985 2244 4036 est:
2275 3982 2523 4038 occidere
2551 3984 2701 4038 illum
2741 4000 2848 4040 uno
2887 3995 3089 4055 puncto
3121 3991 3376 4058 temporis
3412 3991 3585 4060 quivis
3617 4007 3712 4062 pu-

2122 4081 2250 4128 test.
2282 4073 2422 4143 Ergo
2461 4089 2524 4129 ea
2553 4091 2673 4146 qua:
2713 4074 2783 4131 ad
2823 4075 3241 4135 destructionem
3273 4078 3439 4146 ﬁunt,
3466 4079 3717 4140 facillimo
3816 4116 3819 4117 ν

2120 4165 2281 4221 ﬁunt.
2297 4165 2398 4233 Qui
2417 4167 2696 4236 gloriatur,
2717 4165 2774 4222 in
2797 4168 3024 4226 Domino
3040 4170 3297 4241 glorietur
3317 4169 3360 4242 (l
3378 4168 3495 4227 Cor.
3521 4189 3556 4237 ι,
3581 4174 3709 4245 34):

2117 4253 2214 4326 qui
2255 4254 2533 4326 gloriatur,
2575 4257 2631 4313 in
2669 4257 2911 4314 bonitate
2943 4260 3222 4331 glorietur.
3268 4260 3552 4330 Gloriaris,
3589 4265 3716 4336 quia

2120 4356 2311 4418 potens
2339 4364 2400 4404 es
2425 4349 2480 4404 in
2503 4352 2665 4406 malo.
2702 4349 2842 4420 Quid
2871 4351 3108 4407 facturus
3129 4369 3225 4420 es,
3268 4369 3304 4408 ο
3331 4369 3554 4424 potens,
3583 4354 3718 4426 quid

2119 4439 2356 4493 facturus
2392 4455 2453 4494 es
2473 4482 2488 4504 ,
2523 4442 2746 4496 multum
2794 4451 2848 4498 te
2873 4441 3114 4511 iactans?
3143 4444 3426 4501 Occisurus
3451 4463 3514 4501 es
3536 4448 3712 4504 homi-

2119 4545 2289 4585 nem:
2321 4531 2424 4588 hoc
2462 4541 2516 4585 et
2542 4533 2818 4602 scorpius,
2865 4531 2968 4588 hoc
3010 4543 3066 4588 ct
3107 4550 3209 4588 una
3257 4533 3462 4601 febris,
3507 4536 3613 4592 hoc
3655 4547 3715 4595 et

2121 4624 2312 4692 fungus
2337 4625 2529 4678 malus.
2563 4624 2750 4680 llucue
2775 4625 2988 4681 redacta
3018 4638 3098 4681 est
3126 4627 3304 4682 omnis
3331 4631 3569 4698 [nitentia
3596 4637 3712 4696 tua,
3739 4679 3743 4681 .

2120 4723 2180 4770 ιιι
2204 4718 2345 4769 malo
2373 4720 2534 4786 tttngo
2557 4719 2904 4789 coarquetur?
2929 4719 3041 4775 Hoc
3081 4736 3212 4792 ergo
3241 4723 3438 4776 l'aciunt
3477 4724 3601 4779 boni
3627 4724 3719 4780 ci-

2118 4822 2213 4862 ves
2250 4807 2544 4864 Jerusalem
2566 4851 2581 4873 ,
2611 4811 2702 4880 qui
2741 4826 2847 4866 non
2893 4811 2946 4866 in
2995 4814 3194 4868 malitia
3221 4855 3237 4878 ,
3269 4814 3363 4869 sed
3393 4816 3444 4869 in
3476 4815 3718 4877 bonitate

2115 4899 2450 4968 gloriantur:
2482 4900 2658 4971 primo
2686 4912 2743 4955 ut
2772 4917 2879 4957 non
2917 4901 2970 4957 in
3000 4919 3088 4968 se,
3136 4903 3231 4960 sed
3259 4905 3311 4959 in
3346 4905 3577 4964 Domino
3599 4908 3713 4980 sior

2117 4990 2356 5055 rientur;
2381 4989 2579 5046 deinde
2615 5000 2674 5047 ut
2706 5009 2770 5047 ea
2795 5009 2916 5063 quae
2944 4993 3010 5049 ad
3037 4995 3444 5052 tedilicationem
3477 4997 3710 5065 iaciunt,

2115 5081 2356 5138 studiose
2381 5081 2609 5150 faciant,
2635 5094 2690 5141 et
2721 5085 2844 5139 talia
2873 5084 3070 5140 faciant
3097 5102 3218 5158 quae
3245 5089 3453 5144 valeant
3490 5089 3560 5144 ad
3593 5106 3712 5157 per-

2117 5175 2468 5240 manendum;
2513 5192 2634 5244 qua:
2676 5186 2852 5232 autem
2900 5178 3100 5234 faciunt
3141 5179 3210 5233 ad
3254 5179 3706 5250 destructionem,

2118 5263 2315 5320 faciant
2352 5278 2572 5335 propter
2602 5267 2939 5337 disciplinain
2976 5269 3402 5340 proﬁcientium,
3442 5275 3564 5327 non
3588 5288 3704 5342 pru-

2119 5367 2236 5427 ptrr
2262 5359 2664 5427 oppressionem
2706 5359 3094 5415 innocentium.
3124 5359 3261 5416 Huic
3302 5356 3432 5432 ergo
3463 5364 3709 5434 pruenti:

2115 5459 2480 5519 comparatum
2507 5465 2702 5519 corpus
2739 5451 2864 5505 illud
2896 5460 3164 5509 terrenum
3190 5493 3206 5515 ,
3250 5467 3418 5525 quare
3464 5470 3571 5510 nou
3609 5471 3710 5511 au-

2114 5542 2227 5596 diat
2252 5555 2322 5596 cs
2351 5540 2434 5595 bis
2458 5541 2671 5608 verbis,
2702 5541 2838 5610 Quid
2864 5541 3116 5614 gloriatur
3148 5543 3202 5600 in
3239 5545 3437 5601 malitis
3473 5547 3563 5617 qui
3603 5563 3701 5616 po-

2118 5643 2228 5688 tens
2252 5641 2331 5689 est
2347 5632 2374 5688 2

2188 5723 2246 5779 8.
2277 5722 2428 5796 laets.
2455 5721 2535 5795 L]
2557 5721 2623 5776 In
2646 5722 2909 5793 iniquitate
2928 5733 3034 5778 tota
3055 5724 3141 5781 die
3155 5724 3456 5798 iniustitiam
3475 5727 3709 5798 cogitarit

2123 5815 2297 5887 δηςαιι
2320 5826 2426 5870 tua.
2460 5811 2524 5868 In
2552 5815 2816 5882 iniquitate
2836 5825 2943 5871 tota
2969 5817 3080 5875 die.
3111 5816 3164 5873 id
3193 5828 3274 5875 est
3300 5827 3416 5875 toto
3443 5828 3704 5890 tempore,
