3968 6392
101 462 207 520 ϐυτ)

100 579 216 635 sine
241 573 556 631 lassitudine
579 615 593 637 ,
621 572 737 626 sine
764 567 1049 625 intervalla
1074 607 1088 628 ,
1116 568 1233 617 sine
1261 562 1589 632 pansatinne.
1626 557 1689 611 Et

98 670 314 745 quando
352 684 460 723 non
501 667 663 732 iacis,
704 663 942 735 cogitas;
984 670 1042 716 ut
1079 658 1294 729 quando
1327 653 1525 725 aliquid
1569 651 1695 706 ntali

98 742 247 818 abest
275 776 306 814 a
331 758 599 821 manibus,
623 769 655 812 a
681 754 846 811 corde
871 768 977 808 non
1004 750 1142 805 absit
1166 767 1181 803 :
1204 756 1298 803 aut
1317 745 1449 800 facis
1468 742 1690 805 malum,

96 863 189 909 aut
211 855 341 908 dum
368 867 475 907 non
503 861 655 920 pates
680 848 879 911 iacere,
907 843 1046 899 dicis
1070 842 1292 905 malum,
1323 838 1423 893 hoc
1450 846 1556 899 est,
1582 849 1695 887 ma-

97 946 286 1001 ledicis
311 964 328 1000 :
355 952 446 999 aut
470 941 687 1013 quando
713 954 813 995 nec
841 939 942 993 hoc
970 945 1141 1006 potes,
1167 934 1248 986 vis
1273 940 1329 985 et
1351 931 1553 1000 cogitas
1579 942 1695 981 ma.

97 1044 226 1095 lut‘n.
260 1036 393 1093 Tota
418 1036 502 1093 die
523 1051 672 1104 ergo,
705 1032 758 1089 id
785 1040 868 1089 est
892 1031 1010 1087 sine
1038 1025 1454 1083 intermissione.
1483 1018 1699 1088 Exspe-

93 1146 302 1187 ctamns
341 1132 463 1187 huic
504 1129 711 1186 homini
753 1121 989 1198 pinnam.
1030 1122 1200 1178 Parva
1244 1116 1344 1173 sibi
1383 1122 1541 1186 ptena
1567 1110 1699 1168 est?

96 1223 313 1280 itineris
342 1223 391 1278 ei
420 1240 435 1277 :
464 1230 519 1276 tu
550 1236 673 1277 eum
703 1219 753 1275 ei
783 1216 1005 1274 minaris
1027 1254 1044 1281 ,
1075 1227 1187 1284 quo
1220 1225 1344 1265 cum
1375 1206 1455 1262 vis
1480 1205 1696 1262 mittere

94 1318 147 1373 in
182 1316 427 1372 malum?
464 1313 681 1370 Dimitte
710 1310 860 1366 illum
899 1308 953 1365 in
993 1322 1074 1363 se.
1106 1303 1175 1361 Ut
1212 1301 1437 1357 multum
1462 1296 1693 1364 saevias,

92 1409 435 1473 subit-cturus
466 1409 481 1441 ’
508 1424 569 1463 es
598 1406 785 1461 bestiis
812 1424 827 1458 :
855 1403 910 1462 in
938 1403 1174 1472 seipsum
1206 1399 1360 1470 pejor
1377 1404 1463 1453 est
1482 1393 1690 1451 bestiis.

94 1499 274 1555 Bestia
317 1501 461 1555 enim
504 1500 744 1554 lacerare
785 1510 985 1565 corpus
1024 1494 1143 1563 eius
1168 1500 1358 1560 potest
1396 1509 1410 1546 :
1443 1488 1561 1559 ipse
1599 1501 1696 1542 cor

92 1607 254 1647 suum
278 1606 471 1647 sanum
501 1591 802 1659 relinquere
826 1603 933 1642 non
966 1592 1161 1657 potest.
1192 1581 1417 1638 interius
1445 1579 1497 1635 in
1524 1594 1583 1633 se
1612 1578 1696 1646 lp-

92 1702 153 1741 se
175 1686 356 1752 saevit,
377 1694 432 1740 et
451 1694 506 1739 tu
528 1684 765 1739 exterius
791 1681 971 1751 plagas
992 1676 1254 1748 inquiris?
1277 1674 1389 1730 lmo
1406 1689 1497 1727 ora
1523 1673 1691 1727 Deum

96 1789 194 1847 pro
215 1777 330 1841 illo,
355 1786 410 1830 ut
432 1775 688 1830 liberetur
706 1790 735 1827 a
757 1788 836 1828 se.
858 1769 1242 1827 Verumtamen
1264 1768 1315 1821 in
1341 1767 1443 1820 hoc
1465 1764 1692 1834 psalmo,

94 1866 290 1923 intres
314 1867 441 1926 mei.
470 1882 576 1920 non
600 1864 775 1919 oratio
798 1873 880 1917 est
907 1876 1001 1931 pro
1028 1859 1210 1922 malis,
1238 1866 1329 1910 aut
1355 1867 1541 1909 contra
1572 1868 1690 1906 ma-

92 1961 197 2028 los,
226 1962 323 2015 sed
351 1960 630 2029 prophetia
656 1955 785 2027 quid
812 1956 883 2009 sit
906 1962 1222 2009 eventurum
1248 1948 1423 2002 malis.
1450 1946 1566 2002 Non
1590 1946 1691 1998 ita-

88 2065 202 2123 que
232 2049 433 2121 putetis
455 2063 522 2105 ex
549 2046 923 2102 malevolentia
956 2043 1221 2099 Psalmum
1244 2038 1442 2109 aliquid
1468 2037 1649 2092 dicere
1675 2054 1690 2089 :

90 2144 289 2201 dicitur
318 2143 461 2199 enim
486 2142 542 2198 in
568 2139 757 2213 Spiritu
789 2136 1105 2208 prophetitc.

159 2235 221 2292 θ.
259 2230 402 2303 Quid
439 2246 569 2302 ergo
596 2228 880 2299 sequitur?
909 2227 1041 2281 Tota
1078 2223 1313 2295 potentia
1347 2231 1432 2274 tua
1454 2261 1472 2285 ,
1499 2227 1551 2273 et
1582 2226 1692 2272 tota

87 2324 348 2395 cogitatio
375 2320 669 2393 iniquitatis
696 2329 807 2375 tota
831 2319 941 2384 die,
969 2326 1023 2371 et
1046 2314 1324 2370 meditatio
1349 2311 1693 2382 malignitatis

86 2415 142 2471 in
170 2413 351 2486 lingua
375 2422 464 2468 tua
483 2413 604 2469 sine
624 2408 1041 2472 intermissione,
1064 2406 1190 2477 quid
1214 2404 1361 2475 egit?
1380 2403 1507 2473 quid
1528 2398 1694 2457 fecit?

88 2506 246 2562 Sicut
284 2504 538 2560 novacula
574 2511 727 2557 acuta
750 2500 915 2573 fecisti
938 2498 1134 2559 dolum.
1169 2495 1306 2550 Ecce
1336 2492 1463 2564 quid
1492 2493 1692 2547 iaciunt

86 2598 296 2654 sanctis
324 2592 485 2662 mali;
512 2594 736 2667 capillos
762 2591 974 2648 radunt.
1001 2588 1137 2657 Quid
1162 2597 1244 2643 est
1274 2586 1414 2655 quod
1441 2584 1605 2641 dixi?
1628 2582 1690 2639 Si

84 2694 200 2763 sint
240 2689 379 2746 tales
402 2689 552 2744 cives
576 2684 875 2743 Jerusalem
901 2683 989 2752 qui
1020 2681 1239 2736 audiant
1264 2693 1452 2734 vocem
1481 2672 1692 2732 Domini

84 2784 210 2846 sui.
254 2781 399 2852 regis
432 2777 516 2835 sui
554 2775 817 2841 dicentis,
865 2772 1042 2828 Nolite
1081 2772 1257 2826 tintere
1280 2784 1367 2824 eos
1389 2767 1477 2839 qui
1504 2778 1691 2838 corpus

84 2874 350 2941 occidant,
376 2872 601 2928 animans
615 2879 783 2924 autem
800 2882 903 2922 non
922 2872 1131 2938 possunt
1148 2861 1375 2916 accidere
1390 2855 1607 2935 (ﬁatut.
1628 2872 1691 2925 κ,

83 2969 221 3039 25);
248 2968 340 3038 qui
368 2965 587 3021 audiant
612 2975 832 3023 vocem,
858 2974 980 3028 quas
1006 2954 1167 3011 modo
1188 2969 1255 3010 ex
1282 2951 1575 3023 Evangelia
1598 2966 1690 3005 re.

83 3063 255 3117 citata
292 3068 379 3114 est
397 3097 414 3122 ,
459 3054 599 3124 Quid
627 3052 830 3124 prodeat
856 3045 1051 3104 homini
1076 3048 1123 3101 si
1149 3055 1308 3100 totum
1332 3042 1579 3096 mundum
1604 3039 1691 3096 la-

82 3162 280 3217 tretur,
302 3166 357 3204 se
373 3158 539 3205 autem
559 3148 727 3215 ipsum
743 3142 1100 3197 detrimentum
1117 3137 1271 3209 faciat
1292 3134 1403 3208 (Id.
1426 3149 1535 3199 xw,
1555 3131 1651 3202 26)
1670 3173 1687 3198 ,

82 3248 447 3301 contemnunt
473 3237 649 3293 omnia
676 3232 961 3308 prtesentia
989 3232 1126 3285 bona
1148 3271 1160 3291 .
1195 3229 1413 3298 insuper
1432 3233 1489 3281 et
1517 3226 1687 3294 ipsam

82 3336 279 3390 vitam.
331 3332 398 3386 Et
439 3327 565 3399 quid
607 3331 808 3382 iactura
850 3332 933 3376 est
966 3320 1221 3375 novacula
1266 3315 1446 3373 Doech
1486 3316 1687 3370 homini

82 3423 372 3485 meditanti
398 3425 451 3478 iu
478 3422 577 3477 hac
600 3430 742 3475 term
770 3432 991 3488 regnum
1018 3414 1277 3469 caelorum
1301 3450 1321 3478 ,
1350 3419 1405 3465 et
1428 3410 1608 3465 futuro
1635 3409 1690 3465 in

84 3534 260 3591 regno
280 3517 564 3580 calorum,
580 3510 807 3571 babenti
834 3521 1015 3562 secum
1044 3506 1233 3569 Deum,
1257 3512 1311 3557 et
1337 3514 1689 3570 permansuro

86 3627 211 3667 eum
236 3606 394 3664 Deo?
417 3603 545 3675 quid
568 3611 652 3659 est
675 3603 878 3657 tactura
905 3598 992 3653 illa
1018 3594 1273 3653 novacula
1294 3592 1317 3647 ΐ
1342 3591 1579 3661 Capillos
1604 3606 1689 3645 ra-

84 3719 240 3769 sura,
262 3699 473 3754 calvum
496 3697 698 3753 iactura
718 3702 822 3746 est.
846 3690 914 3747 Et
934 3689 1039 3745 hoc
1056 3687 1123 3742 ad
1146 3685 1414 3741 Christum
1438 3682 1686 3753 pe'rtinet,

86 3797 178 3867 qui
220 3795 280 3849 in
318 3792 441 3847 loco
475 3785 735 3846 Calvariae
770 3782 1057 3840 cruciﬁxus
1090 3787 1194 3836 est.
1236 3777 1390 3833 Facit
1424 3784 1481 3832 et
1516 3774 1686 3830 lilium

85 3864 230 3947 Core
249 3930 269 3955 ,
307 3884 453 3958 quod
486 3883 869 3954 interpretatur
895 3873 1199 3932 Calvitium.
1231 3869 1366 3953 Nam
1394 3867 1482 3924 isti
1510 3864 1689 3937 capilli

84 3980 363 4052 superﬂua
388 3988 569 4033 rerum
597 3968 969 4042 temporalium
996 3964 1318 4035 signiﬁcant.
1344 3959 1447 4029 Qui
1471 3958 1688 4052 quidem

83 4049 275 4149 capilli
301 4084 412 4127 non
437 4063 708 4140 superﬂue
737 4060 863 4118 lacti
893 4067 1018 4114 sunt
1043 4072 1073 4111 ιι
1107 4057 1220 4113 Deo
1247 4052 1303 4109 in
1330 4064 1558 4149 corpore
1586 4049 1687 4149 bo-

85 4140 322 4228 rninum.
348 4161 447 4219 sed
464 4159 534 4215 ad
553 4153 772 4229 aliquod
792 4156 1166 4209 ornamentum
1191 4162 1207 4201 :
1230 4153 1409 4200 tamen
1426 4140 1551 4213 quia
1573 4141 1693 4197 sine

84 4271 260 4316 sensu
289 4249 675 4326 praelduntur,
703 4245 780 4301 illi
809 4242 903 4312 qui
938 4240 1144 4296 haerent
1168 4232 1688 4326 cordcin‘Domino,

85 4349 171 4408 sic
195 4321 403 4404 habent
424 4343 525 4397 ista
545 4349 757 4394 terrena
780 4344 1034 4403 tanquam
1056 4327 1303 4399 capillos.
1324 4321 1431 4382 Sed
1451 4322 1693 4394 aliquaue

86 4444 166 4499 do
190 4450 253 4497 et
276 4433 480 4509 aliquid
504 4432 630 4490 belli
657 4430 725 4485 de
748 4428 957 4500 capillis
982 4420 1310 4495 operandam
1337 4424 1453 4509 eli,
1479 4416 1694 4509 quando

88 4532 301 4605 frangis
538 4522 817 4585 esurienti,
844 4532 1072 4587 egenum
1098 4514 1217 4568 sine
1237 4522 1379 4567 tecto
1402 4507 1613 4565 inducis
1639 4508 1693 4563 in

86 4600 513 4687 dominatum,
534 4618 581 4673 si
601 4615 799 4670 videris
817 4611 1041 4673 nudum,
1063 4608 1231 4663 vestis
1252 4601 1303 4677 (1
1310 4604 1404 4659 sai.
1430 4618 1576 4667 LVIII.
1597 4600 1655 4671 1)
1678 4615 1693 4655 :

94 4728 378 4793 postremo
412 4710 573 4769 etiam
616 4708 716 4778 ipsi
758 4712 1028 4773 martyres
1066 4698 1339 4753 imitantes
1365 4694 1653 4750 Dominum
1674 4728 1696 4760 ,

90 4787 417 4881 sanguinem
446 4817 546 4875 pro
574 4797 813 4855 Ecclesia
844 4789 1131 4851 fundentes
1154 4830 1170 4856 ,
1198 4787 1480 4843 audientes
1507 4798 1693 4840 vocem

94 4875 246 4958 illam
265 4939 291 4967 ,
317 4896 469 4953 Sicut
491 4885 738 4948 Christus
758 4886 984 4942 animum
1014 4897 1161 4937 suam
1188 4893 1281 4951 pro
1314 4878 1461 4933 nobis
1488 4875 1654 4946 posuit
1680 4918 1690 4933 ,

93 4996 177 5050 sic
206 5000 253 5048 et
272 4965 380 5045 nos
401 4985 634 5042 debemus
660 4993 753 5052 pro
773 4976 1016 5050 fratribus
1042 4971 1239 5027 auium
1265 4985 1450 5043 ponere
1473 4967 1514 5039 (Ι
1533 4965 1692 5020 Joan.

90 5102 152 5144 ni
177 5128 197 5153 ,
230 5082 323 5152 ιθ)
346 5122 363 5147 ,
391 5071 791 5151 quodammodo
814 5068 884 5126 de
905 5066 1113 5138 capillis
1135 5065 1247 5119 suis
1272 5061 1411 5116 bene
1437 5058 1593 5115 nobis
1617 5054 1690 5112 le.

89 5150 332 5238 uerunt,
367 5150 532 5227 idest
555 5167 624 5223 de
657 5165 742 5219 bis
764 5161 929 5217 rebus
949 5173 1081 5229 quas
1106 5164 1283 5229 potest
1306 5164 1586 5223 amputare
1611 5150 1695 5204 vel

94 5268 296 5326 radere
317 5257 704 5329 illanovacula.
725 5252 859 5323 Quia
879 5264 1010 5322 ergo
1028 5257 1083 5305 et
1101 5247 1170 5302 de
1190 5245 1321 5316 ipsis
1341 5241 1551 5313 capillis
1572 5242 1698 5298 boni

94 5359 303 5429 aliquid
326 5356 441 5412 ﬁeri
478 5360 654 5423 potest
671 5344 986 5418 signiﬁcavit
1007 5350 1063 5399 et
1080 5339 1170 5397 illa
1191 5338 1384 5395 mulier
1404 5333 1696 5429 peccati-is,

94 5426 225 5530 quae
252 5467 379 5510 cum
410 5448 646 5503 ﬂevisset
680 5455 843 5513 super
870 5436 1033 5510 pedes
1064 5429 1274 5490 Domini
1297 5428 1558 5530 1capillis.
1580 5426 1696 5530 suis

97 5517 279 5609 tersit,
308 5553 449 5612 quos
475 5534 728 5607 lacrymis
755 5529 942 5600 rigavit
968 5526 1137 5599 (Luc.
1163 5538 1265 5587 vtt,
1297 5520 1368 5579 58
1386 5518 1427 5594 ).
1459 5517 1599 5612 Quid
1625 5517 1703 5572 si-

98 5634 399 5715 gniﬁcans?
423 5631 558 5699 Quia
581 5642 702 5684 cum
730 5625 982 5680 muertos
1002 5616 1170 5676 fueris
1189 5614 1437 5685 alicujus,
1462 5611 1628 5668 debes
1646 5617 1704 5665 et

1238 445 1635 505 ENARRATIO
1676 442 1738 499 IN
1784 443 2112 504 PSAIJIUM
2155 444 2238 508 Li.

3290 458 3398 517 606

1801 563 2085 617 subvenire
2108 604 2124 627 ,
2167 556 2209 619 si
2254 575 2427 635 potes.
2464 566 2597 621 Cum
2625 567 2769 624 enim
2795 568 3070 627 misereris
3090 611 3107 638 ,
3139 581 3394 641 tanquam

1798 660 2062 729 laet-ymas
2091 661 2264 715 luudis
2296 679 2309 715 :
2337 678 2460 716 cum
2488 664 2739 719 subvenis
2758 706 2774 730 ,
2798 666 3007 735 capillis
3038 667 3222 733 tergis.
3253 669 3319 725 Et
3347 671 3395 727 si

1800 753 1900 807 hoc
1939 756 2273 822 cuicumque,
2317 766 2519 824 quanto
2557 758 2726 826 magis
2765 758 2991 827 pedibus
3022 758 3394 827 Dotuini?Qui

1798 854 1924 899 sunt
1963 846 2128 915 pedes
2169 847 2420 901 Domini?
2457 849 2818 917 Evangelisttn
2841 852 3012 905 sancti
3036 889 3055 916 .
3097 852 3165 905 de
3199 852 3393 921 quibus

1798 937 1999 993 dictum
2034 951 2117 993 est
2139 982 2155 1003 ,
2199 941 2365 1007 Quam
2392 942 2609 1008 speciosi
2638 952 2757 996 sunt
2787 941 2939 1014 pedes
2969 959 3143 996 cortem
3181 946 3269 1013 qui
3303 964 3396 997 an-

1797 1033 2032 1085 nttntiant
2052 1050 2247 1104 paceni,
2266 1034 2354 1103 qui
2374 1034 2677 1088 annnntiant
2692 1034 2823 1090 bona
2837 1032 2994 1108 (laci.
3011 1036 3165 1102 th,7,
3180 1048 3227 1091 et
3248 1035 3396 1090 Rom.

1798 1139 1853 1192 ι,
1880 1125 2001 1190 15)!
2025 1127 2167 1197 Ergo
2186 1138 2343 1184 acuat
2362 1129 2501 1183 sicut
2519 1128 2835 1185 novaculam
2856 1128 3087 1201 linguam
3109 1144 3266 1186 suam
3289 1131 3396 1184 Do-

1796 1218 1919 1279 ech;
1942 1231 2098 1274 acuat
2116 1220 2297 1274 dolum
2319 1230 2574 1291 quantum
2594 1232 2767 1291 potest
2783 1238 2802 1280 :
2817 1220 3091 1279 ablaturus
3104 1234 3183 1276 est
3208 1237 3402 1290 super-

1795 1308 1903 1367 ﬂua
1935 1312 2282 1380 temporalia;
2311 1312 2568 1381 numquid
2601 1311 2902 1369 necessaria
2930 1313 3257 1383 sempiterna
3279 1314 3304 1365 Υ

1869 1400 1959 1456 10.
1999 1399 2152 1474 [ινα-ε.
2179 1401 2258 1476 5.]
2299 1402 2535 1456 Dilexisti
2563 1404 2811 1457 malitiam
2834 1419 2987 1473 super
3011 1402 3390 1473 benignitatem.

1797 1493 1937 1548 Ante
1979 1504 2031 1547 te
2065 1503 2180 1548 erat
2220 1494 2556 1565 benignitas,
2600 1494 2767 1564 ipsam
2801 1492 3076 1567 diligeres.
3105 1495 3220 1550 Non
3246 1496 3391 1550 enim

1798 1584 1998 1655 aliquid
2026 1601 2147 1639 eras
2168 1595 2500 1655 erogaturus,
2531 1599 2619 1639 aut
2647 1584 2788 1654 quod
2814 1585 3062 1655 diligeres
3086 1585 3155 1639 de
3182 1586 3393 1655 longius

1796 1693 1899 1748 qua
1940 1678 2276 1749 navigatimie
2317 1681 2576 1733 allaturus
2604 1692 2745 1733 eras.
2791 1677 3095 1748 Benignitas
3134 1688 3258 1732 ante
3295 1690 3348 1731 te
3376 1718 3392 1741 ,

1798 1757 2051 1841 iniquitas
2076 1779 2198 1825 ante
2228 1779 2283 1825 te
2315 1787 2328 1825 :
2358 1785 2632 1838 compara,
2665 1779 2720 1825 et
2744 1771 2896 1839 elige.
2927 1769 3032 1825 Sed
3065 1770 3202 1825 forte
3228 1770 3395 1824 habes

1796 1864 2010 1917 oculum
2041 1878 2148 1931 quo
2180 1862 2358 1917 videas
2390 1862 2775 1931 malignitatem
2796 1901 2813 1929 ,
2840 1869 2896 1915 et
2923 1877 3034 1921 non
3063 1862 3228 1915 habes
3261 1876 3392 1916 ocn-

1800 1956 1909 2010 lum
1936 1970 2042 2025 quo
2066 1954 2249 2008 videas
2275 1953 2679 2023 benignitatem.
2705 1951 2797 2007 Va:
2825 1952 3006 2022 iniquo
3029 1953 3177 2007 cordi
3201 1951 3215 2005 l
3241 1951 3393 2019 Quod

1798 2045 1950 2116 pejus
1990 2055 2071 2101 est
2094 2088 2109 2110 ,
2152 2046 2344 2100 avertit
2387 2059 2446 2100 se
2488 2058 2555 2099 ne
2592 2043 2771 2099 videat
2808 2042 2951 2114 quod
2981 2042 3164 2098 videre
3198 2051 3391 2111 potesL

1796 2138 1933 2209 Quid
1960 2140 2104 2194 enim
2135 2139 2204 2193 de
2232 2140 2428 2192 talibus
2454 2137 2563 2193 alio
2588 2138 2706 2191 loco
2733 2134 2934 2191 dictum
2960 2133 3082 2189 est?
3112 2134 3292 2198 Noluit
3318 2135 3395 2185 iu-

1796 2231 2024 2303 telligere
2049 2244 2102 2285 ut
2127 2232 2250 2285 bene
2272 2240 2461 2301 ageret.
2495 2231 2610 2285 Non
2636 2232 2779 2284 enim
2805 2229 3006 2284 dictum
3034 2238 3136 2294 est,
3169 2244 3273 2283 non
3302 2244 3393 2297 po-

1796 2324 1895 2378 tuit
1918 2340 1935 2391 ;
1962 2323 2056 2379 sed
2079 2322 2265 2387 noluit,
2292 2320 2483 2393 inquit,
2507 2320 2786 2393 intelligere
2806 2333 2860 2375 ut
2879 2321 3004 2375 bene
3020 2330 3193 2391 ageret
3208 2361 3223 2385 ,
3248 2320 3398 2374 clau-

1794 2415 1864 2469 sit
1891 2412 2077 2469 ocnlos
2116 2430 2146 2467 a
2180 2414 2297 2468 lucc
2326 2412 2600 2485 praesenti.
2632 2411 2696 2470 Et
2724 2411 2854 2484 quid
2882 2408 3395 2481 scqnitanlniqui—

1794 2514 1949 2559 tatem
1967 2502 2245 2559 meditatus
2271 2515 2345 2558 est
2368 2504 2421 2558 in
2444 2500 2606 2557 cubili
2622 2519 2717 2558 suo
2734 2499 2907 2573 (Paul.
2924 2515 3092 2566 xxxv,
3109 2502 3163 2565 4,
3184 2501 3261 2572 5),
3291 2500 3393 2553 hoc

1793 2605 1878 2655 est
1902 2599 1959 2653 in
1984 2597 2238 2653 interiore
2262 2608 2473 2652 secreto
2498 2595 2681 2651 cordis
2698 2596 2802 2652 sui.
2829 2593 2963 2652 Tale
2983 2593 3112 2665 quid
3140 2593 3393 2664 obiicitur

1796 2688 1920 2745 huic
1945 2688 2121 2744 Doech
2144 2688 2399 2751 ldumzeo.
2420 2687 2655 2757 maligno
2673 2686 2911 2758 corpori,
2932 2685 3131 2743 mortui
3153 2668 3391 2746 terreno.

1796 2796 1901 2836 non
1930 2782 2287 2851 permanenti,
2318 2795 2428 2836 non
2454 2777 2685 2835 ctelesti.
2711 2775 2953 2833 Dilexisti
2972 2778 3221 2832 malitiam
3241 2792 3397 2842 super

1794 2872 2166 2945 benignitatem.
2190 2870 2325 2925 Nam
2340 2872 2424 2925 vis
2442 2885 2605 2925 nosse
2625 2884 2785 2940 quam
2808 2869 2991 2924 videat
3006 2867 3178 2923 malus
3193 2877 3393 2922 utrum-

1792 2978 1900 3035 que
1923 3002 1940 3031 ,
1980 2970 2037 3018 et
2072 2962 2205 3019 illud
2243 2962 2419 3033 potius
2456 2960 2655 3030 eligat,
2696 2958 2821 3016 hinc
2847 2974 2910 3015 se
2937 2958 3183 3014 avertat?
3211 2960 3391 3024 Quare

1790 3056 1989 3111 clamat
2032 3056 2247 3129 quando
2289 3054 2469 3125 inique
2514 3052 2716 3125 aliquid
2763 3050 2999 3122 patitur?
3042 3050 3224 3119 Quare
3268 3061 3395 3103 tunc

1790 3158 2080 3219 exaggerat
2112 3157 2367 3220 quantum
2397 3153 2571 3217 potest
2598 3145 2935 3215 iniquitatem
2957 3184 2973 3210 ,
3007 3154 3062 3200 et
3089 3142 3267 3199 laudat
3298 3146 3393 3197 bc—

1794 3240 2128 3311 nignitatem,
2158 3235 2560 3307 reprehendens
2584 3252 2708 3292 eum
2733 3236 2824 3307 qui
2847 3236 2900 3290 in
2922 3234 3016 3289 illo
3034 3244 3288 3304 operatus
3310 3244 3394 3288 est

1793 3333 2177 3405 malignitatem
2229 3347 2393 3401 super
2431 3328 2858 3401 benignitatem?
2905 3326 2989 3383 Sit
3035 3342 3167 3398 ergo
3208 3330 3390 3396 regula

1790 3427 1891 3483 sibi
1920 3426 1987 3482 ad
2020 3424 2303 3481 vivendum
2332 3440 2345 3477 :
2373 3423 2441 3479 de
2468 3421 2648 3495 seipse
2670 3421 3020 3493 iudicabitur.
3046 3419 3215 3476 Porro
3241 3421 3284 3475 si
3317 3421 3396 3473 ra-

1789 3518 1898 3573 ciat
1938 3518 2080 3587 quod
2120 3519 2376 3585 scriptum
2412 3525 2527 3580 est,
2573 3512 2765 3584 Diliges
2792 3513 3081 3583 proximum
3109 3522 3250 3566 tuum
3274 3523 3393 3564 tun-

1789 3626 1941 3680 qaam
1979 3609 2196 3677 teipsnm
2237 3606 2467 3679 (Matth.
2500 3622 2610 3661 χχιι
2634 3647 2650 3673 ,
2682 3606 2751 3661 39
2772 3606 2833 3677 );
2877 3615 2973 3673 et,
3006 3605 3135 3671 Qui:
3160 3607 3310 3660 vultis
3336 3615 3394 3658 ut

1791 3703 1983 3771 faciant
2021 3699 2155 3754 vobis
2184 3698 2409 3754 homines
2437 3696 2570 3752 bona
2593 3737 2607 3762 ,
2646 3698 2755 3751 Iure
2786 3706 2831 3751 et
2858 3712 2943 3750 ros
2967 3696 3120 3766 facile
3142 3695 3246 3750 illis
3275 3693 3387 3765 (Id.

1792 3810 1891 3861 vn,
1921 3793 2043 3862 12);
2076 3791 2217 3864 apud
2240 3806 2301 3846 se
2328 3790 2488 3844 liabet
2514 3790 2653 3843 unde
2677 3788 2907 3853 noverit,
2934 3787 3055 3858 quia
3081 3786 3225 3857 quod
3254 3786 3305 3839 in
3331 3802 3391 3841 se

1792 3902 1897 3940 non
1928 3883 2045 3939 vult
2070 3882 2184 3938 fieri
2209 3922 2229 3950 ,
2259 3897 2366 3935 non
2394 3880 2555 3937 debet
2580 3880 2755 3934 lacere
2780 3879 2932 3932 alteri
2968 3875 3118 3949 (Tob.
3150 3893 3202 3931 tv
3225 3920 3240 3944 ,
3276 3876 3388 3946 tu).

1794 3975 2032 4032 Dilexisti
2068 3972 2317 4029 malitiam
2346 3988 2497 4041 super
2531 3971 2906 4043 benignitatem.
2939 3969 3125 4041 Inique
3145 4011 3161 4035 ,
3190 3969 3393 4025 inordi-

1794 4078 1955 4134 nate,
1998 4080 2250 4138 perverse
2292 4066 2372 4119 vis
2410 4066 2588 4119 levarc
2628 4080 2821 4133 aquam
2864 4079 3025 4132 super
3053 4064 3267 4128 oleum;
3299 4062 3395 4117 ἀε-

1795 4171 2063 4231 mergetur
2091 4174 2247 4228 aqua.
2266 4158 2456 4219 (oleum
2480 4155 2921 4225 supereminebit.
2952 4154 3160 4210 Ponere
3185 4155 3269 4209 vis
3292 4154 3394 4209 sub

1795 4252 2031 4309 tenebris
2071 4250 2279 4313 lucem;
2320 4248 2642 4319 fugabuntnr
2684 4247 2956 4316 tenebrae,
2998 4246 3087 4302 lux
3132 4246 3391 4302 manebit.

1792 4346 1967 4414 Super
1990 4343 2185 4399 omium
2212 4351 2409 4398 terram
2433 4340 2512 4395 vis
2536 4340 2837 4405 collocare;
2862 4338 3098 4410 pondere
3117 4354 3216 4393 suo
3237 4338 3397 4395 cadet

1798 4448 1938 4492 terra
1980 4437 2033 4491 in
2074 4436 2249 4489 locum
2295 4448 2473 4489 suum.
2517 4431 2599 4485 'l‘n
2642 4447 2773 4503 ergo
2814 4432 3078 4502 mergeris
3120 4431 3395 4502 diligendo

1797 4527 2052 4583 malitiam
2091 4543 2255 4597 super
2294 4527 2693 4595 benigniuttem.
2738 4522 2872 4579 Nam
2911 4539 3182 4595 nunquam
3236 4524 3393 4582 beni-

1795 4626 2052 4697 gnitatem
2095 4621 2294 4676 tnalitia
2338 4616 2632 4689 superabit.
2667 4617 2906 4674 Dilexisti
2951 4617 3199 4680 malitiam
3241 4624 3399 4686 super

1798 4715 2151 4786 benignitatem
2176 4729 2197 4766 :
2220 4711 2533 4778 iniquitatem
2557 4710 2718 4781 magis
2741 4724 2893 4780 quant
2922 4708 3060 4778 loqui
3084 4709 3394 4777 equitatem.

1805 4810 1938 4864 Ante
1967 4816 2019 4862 te
2040 4815 2126 4861 est
2150 4804 2396 4875 atquitas,
2432 4812 2555 4857 ante
2586 4811 2635 4855 te
2665 4811 2747 4853 est
2772 4800 3022 4869 iniquitas
3051 4818 3063 4851 :
3095 4815 3255 4853 tinam
3287 4799 3394 4855 litt-

1800 4918 1955 4972 guant
1986 4898 2153 4956 babes
2177 4939 2196 4964 ,
2225 4912 2334 4968 quo
2360 4896 2440 4949 vis
2470 4910 2588 4949 eam
2622 4895 2783 4947 vertis
2809 4910 2824 4959 ;
2852 4908 3020 4961 quare
3050 4907 3181 4962 ergo
3220 4894 3399 4962 potius

1798 4996 1867 5052 uti
1897 4994 2227 5064 iniquitatem
2250 5031 2268 5055 ,
2308 4999 2362 5043 et
2399 5005 2506 5043 non
2533 4986 2601 5041 ad
2631 4985 2979 5064 ιυψιίιιιιυιιιῖ
3004 4983 3167 5039 Cibus
3192 4984 3394 5037 amari-

1803 5062 2002 5140 tudinis
2039 5098 2147 5138 non
2181 5081 2279 5136 das
2316 5078 2488 5133 ventri
2533 5062 2748 5137 tuoﬁct
2783 5075 2934 5130 cibos
2973 5074 3266 5145 iniquitatis
3299 5074 3399 5129 das

1805 5179 1994 5246 lingua:
2034 5184 2137 5228 tua:
2176 5170 2464 5240 maligme?
2502 5168 2649 5225 Sicut
2689 5165 2842 5237 eligis
2878 5181 2985 5235 quo
3023 5167 3278 5232 vescaris,
3321 5168 3401 5224 sic

1801 5270 1939 5339 elige
1966 5265 2107 5337 quod
2138 5262 2396 5335 loquaris.
2424 5259 2699 5327 Pnnponis
2721 5273 2852 5327 ergo
2882 5259 3213 5328 iniquitatem
3242 5261 3399 5329 :rqni.

1804 5362 2042 5429 tati,et
2084 5355 2352 5429 pra-ponis
2398 5353 2654 5408 malitiam
2698 5351 3009 5422 benignitati
3040 5369 3053 5405 :
3083 5363 3140 5407 tu
3185 5352 3400 5423 quidem

1804 5451 2107 5523 praeponis.
2144 5447 2240 5504 sed
2271 5462 2430 5517 supra
2460 5462 2581 5500 esse
2609 5438 2737 5512 quid
2771 5453 2941 5513 potest
2973 5444 3075 5498 nisi
3102 5444 3403 5514 benignitas

1803 5555 1857 5602 et
1884 5540 2152 5613 mquitas?
2181 5540 2288 5596 Sed
2317 5548 2372 5595 tu
2395 5536 2718 5607 imponendo
2746 5546 2797 5591 te
2821 5536 3214 5607 quodammodo
3240 5551 3404 5604 super

1803 5650 1866 5693 ea
1904 5651 2027 5707 qua
2063 5648 2286 5690 necesse
2313 5643 2397 5686 est
2424 5639 2479 5683 ut
2508 5630 2760 5685 deorsum
2792 5638 2916 5681 eant
2942 5667 2956 5691 ,
2988 5642 3093 5681 non
3122 5626 3209 5680 illa
3237 5625 3408 5683 iacies

1804 5743 1927 5789 esse
1956 5741 2115 5799 supra
2142 5727 2302 5784 bona.
2333 5722 2428 5779 sed
2460 5732 2513 5775 tu
2542 5738 2663 5776 cum
2689 5720 2768 5775 eis
2794 5721 3055 5787 mergeris
3084 5718 3137 5773 in
3168 5718 3329 5773 mala.

1868 5823 1958 5879 li.
1984 5821 2137 5896 [rem
2152 5816 2236 5893 6.]
2257 5817 2481 5896 Propter
2501 5814 2601 5869 hoc
2624 5815 2866 5883 sequitur
2883 5813 2941 5869 in
2959 5812 3195 5880 Pssimo,
3215 5810 3409 5867 Diluti-

1809 5915 1874 5973 sti
1897 5891 2065 5971 omnia
2091 5891 2238 5968 verba
2256 5891 2633 5965 uiinersionis.
2654 5906 2812 5977 liripe
2839 5920 2967 5976 ergo
2994 5912 3071 5973 te,
3095 5898 3143 5959 si
3171 5911 3350 5975 mites.
3380 5917 3409 5957 a
