1984 3164
254 188 307 217 607

253 243 450 272 submersione.
463 242 637 277 Naul’ragium
650 240 719 277 fugis
731 262 740 274 ,
755 244 783 268 et
797 239 935 274 plumbum
947 237 1053 273 ample-

252 290 355 319 cteris!
373 289 403 318 Si
418 297 473 318 non
487 290 528 317 vis
542 288 638 323 mergi,
652 287 771 315 tabulam
783 284 966 321 apprehende,
982 284 1055 319 ligno

253 340 361 370 portare
370 355 379 369 ,
394 342 463 362 crux
482 338 510 362 te
528 333 665 369 perducat.
680 331 757 359 Nunc
769 338 832 359 vero
843 329 906 365 quia
921 328 1010 356 Doecb
1024 335 1055 355 es

254 380 399 413 Idumam,
412 384 502 407 motus
513 384 541 407 et
557 383 692 409 terrenus.
702 376 767 413 quid
776 376 859 404 facis!
872 374 988 403 Dilezisti
998 382 1056 401 om-

255 427 298 454 nia
312 425 387 453 verba
399 424 589 457 subtuersianis,
601 425 716 460 linguam
728 423 855 451 dolosam.
864 421 928 450 Haec
941 428 1057 456 praeces-

256 470 302 506 sit,
314 472 397 500 verba
406 471 601 499 submersionis
610 474 701 498 secuta
711 473 774 496 sunt
781 468 898 504 linguam
907 467 1027 495 dolosam
1033 467 1055 494 '.

258 516 328 551 Quid
348 521 391 545 est
406 517 494 553 lingua
508 516 624 544 dolosa?
639 515 759 543 Ministra
779 513 892 541 fallaciae
910 518 952 542 est
966 513 1054 548 lingua

258 562 363 594 dolosa,
376 561 449 589 aliud
465 562 491 589 in
504 561 587 590 corde
598 561 771 597 gestantium,
785 559 856 587 aliud
868 566 917 587 ore
929 566 1055 595 promen-

256 608 334 635 tintu.
350 607 403 636 Sed
419 607 445 634 in
459 606 500 634 his
514 606 665 640 subversio,
680 606 706 633 in
723 604 939 633 his'submersio.

297 654 341 682 12.
362 653 438 690 [νινε.
455 652 495 690 7.]
507 652 646 690 Propterea
656 651 726 681 Deus
744 652 856 679 destruet
866 655 889 678 te
906 651 934 679 in
952 651 1029 685 linem
1046 657 1058 677 :

257 700 310 728 etsi
328 708 398 727 nunc
413 700 512 728 videris
527 699 615 728 virere
630 703 756 735 tauquam
771 697 861 726 fenum
876 697 903 724 in
916 705 981 732 agro
994 700 1057 724 ante

255 750 351 773 aestum
362 745 436 772 solis.
446 744 541 773 Omnis
548 744 619 772 enim
628 752 691 773 caro
700 744 802 776 l'enutn,
810 748 838 771 et
845 743 952 771 claritas
969 742 1057 770 bomi-

257 790 300 818 nis
309 795 337 818 ut
347 790 397 818 llos
407 789 461 818 l'eui
472 799 479 818 ;
489 790 579 818 lenum
589 790 669 823 aruit,
677 794 705 817 et
712 789 762 817 tios
767 788 883 821 decidit;
893 787 1003 816 verbum
1012 795 1058 815 au-

257 842 313 865 tem
326 836 432 864 Domini
446 841 536 864 manet
552 836 577 863 in
592 840 723 864 attentum
739 835 817 870 (hui.
831 843 876 868 xt.,
889 835 917 868 6,
932 834 974 870 ελ
988 834 1058 862 Ecce

257 889 311 917 quo
316 886 343 910 te
351 881 487 914 teneas,ad
493 881 564 916 quod
572 886 662 909 manet
668 881 695 908 in
702 886 843 908 :etcruum.
850 880 915 908 Nam
923 880 955 908 ad
965 879 1056 907 fenum

258 931 287 956 et
294 928 328 955 ad
338 928 431 956 liorem
442 927 495 955 feni
504 928 526 955 si
539 932 564 955 te
576 927 832 963 teuueris,quouiam
842 926 932 954 l'enum
942 931 1056 960 arescet,

258 977 285 1001 et
296 973 346 1001 ﬂos
354 974 468 1006 decidet,
477 974 587 1001 destruet
595 979 619 1000 te
628 973 696 1001 Deus
703 974 730 1001 in
740 974 817 1008 ﬁnem
825 980 835 1000 :
843 973 893 1000 etsi
904 980 957 1001 non
966 972 1058 1007 modo,

259 1024 334 1047 certe
349 1019 375 1047 in
390 1019 472 1047 linem
485 1019 614 1051 destruet,
627 1016 734 1054 quando
744 1018 809 1046 illud
820 1018 997 1046 Ventilabrum
1010 1025 1059 1045 ve-

259 1064 340 1096 nerit.
352 1070 379 1093 et
389 1072 501 1092 acervus
510 1065 591 1101 palea:
599 1073 613 1092 a
624 1072 712 1093 massa
720 1071 859 1099 separatus
868 1065 955 1099 tuerit.
964 1064 1059 1092 Nonne

243 1131 245 1133 -
260 1118 349 1138 massa
361 1111 387 1138 in
400 1107 507 1143 horrea,
518 1115 546 1137 et
556 1110 631 1145 palea
642 1110 669 1138 in
681 1111 767 1146 ignem
777 1110 886 1145 (Matth.
898 1118 926 1138 ut
936 1131 944 1143 ,
957 1115 980 1137 et
991 1118 1040 1138 xm
1050 1131 1058 1142 ,

260 1156 324 1191 £0)?
335 1156 429 1196 Nopoe
443 1160 516 1184 totus
526 1156 576 1183 iste
588 1155 678 1184 Doech
687 1156 721 1183 ad
732 1156 868 1184 sinistram
878 1156 967 1188 stabit,
979 1163 1062 1191 quan-

259 1203 296 1231 do
317 1202 437 1230 dicturus
464 1207 507 1230 est
531 1202 668 1236 Dominus,
684 1201 726 1229 Ite
742 1203 769 1229 in
785 1202 869 1237 ignem
883 1208 1004 1241 reternum
1017 1204 1061 1239 qui

260 1253 368 1285 paratus
376 1253 413 1276 est
422 1248 524 1276 diabolo
531 1254 554 1275 et
565 1249 664 1283 angelis
675 1249 730 1284 ejus
741 1247 864 1285 (ld.xxv,
871 1250 901 1277 41
909 1249 932 1285 )?
942 1249 1060 1278 Destruet

261 1301 326 1328 ergo
346 1299 370 1322 te
389 1293 495 1321 Deusirt
516 1294 593 1328 ﬁnem
610 1294 719 1322 :evcllet
738 1299 771 1326 te.
793 1299 817 1321 et
836 1295 966 1330 emigrabit
986 1300 1010 1323 te
1029 1295 1062 1323 de

262 1340 426 1367 tabernaculo
444 1344 499 1366 tuo.
519 1339 597 1367 Modo
614 1348 679 1375 ergo
698 1340 788 1368 Doech
808 1340 858 1368 iste
873 1341 1004 1369 ldumteus
1019 1346 1061 1369 est

263 1386 292 1413 iu
314 1385 486 1413 tabernaculo
506 1394 514 1413 :
537 1385 584 1413 sed
606 1393 701 1414 servus
719 1394 774 1414 non
789 1391 880 1415 manet
898 1387 924 1414 in
939 1387 1020 1414 domo
1035 1387 1061 1415 in

263 1435 396 1458 aeternam
416 1429 516 1467 (Joan.
536 1438 601 1464 vut,
623 1430 688 1466 35).
710 1431 845 1466 Operatur
858 1436 885 1459 et
899 1432 950 1459 iste
963 1432 1061 1468 aliquid

263 1475 327 1503 boni
339 1496 346 1509 ,
363 1476 413 1503 etsi
433 1483 487 1503 non
508 1475 585 1504 frictis
597 1476 671 1509 suis,
690 1477 787 1505 saltem
801 1477 891 1505 verbis
910 1478 975 1511 Dei,
992 1483 1021 1506 ut
1034 1479 1063 1506 in

264 1521 385 1550 Ecclesia
400 1522 508 1557 quando
521 1530 568 1549 sua
584 1523 678 1557 quaerit
691 1521 828 1559 (Philipp.
844 1532 862 1551 ιι
871 1544 880 1558 ,
894 1524 953 1559 2|),
967 1524 1063 1552 saltem

264 1575 326 1602 qua:
343 1567 442 1595 Christi
463 1573 526 1596 sunt
542 1567 625 1596 dicat.
641 1567 695 1596 Sed
714 1569 846 1604 emigrabit
860 1574 885 1597 ts
898 1569 930 1597 de
942 1570 1062 1597 taberna-

265 1613 324 1640 culo
339 1618 393 1640 tuo.
415 1614 501 1642 Amen
513 1614 576 1642 dico
595 1614 689 1647 vobis,
711 1620 891 1650 perceperunt
910 1616 1062 1643 mercedem

264 1666 342 1687 suam
356 1658 465 1694 (Matth.
481 1668 518 1692 vr,
533 1659 574 1694 Ξ).
588 1659 623 1688 Et
637 1660 749 1688 radicem
763 1666 835 1688 tuam
847 1661 878 1688 de
893 1666 961 1688 term
977 1662 1063 1689 uiuen-

266 1705 339 1731 tiam.
359 1703 430 1741 Ergo
445 1705 470 1733 in
493 1710 564 1733 terra
582 1705 727 1740 viventium
745 1714 794 1733 nos
812 1706 942 1734 debemus
964 1706 1065 1735 habere

267 1750 396 1778 radicem.
414 1750 497 1778 Radix
520 1756 612 1778 nostra
626 1751 662 1779 ibi
676 1751 721 1779 sit.
743 1750 771 1779 In
786 1752 892 1780 occulto
905 1757 947 1780 est
963 1753 1039 1781 radix
1054 1761 1065 1780 ι

266 1796 369 1823 fruetus
380 1796 465 1824 videri
479 1802 601 1831 possunt,
616 1796 693 1825 radix
705 1795 790 1825 videri
801 1805 854 1825 non
867 1801 964 1832 potest.
977 1798 1064 1826 Radix

267 1845 360 1868 nostra
373 1840 490 1868 charitas
504 1845 610 1874 nostra,
626 1841 729 1870 fructus
750 1843 834 1870 nostri
849 1850 929 1878 opera
948 1849 1040 1872 nostra
1054 1853 1064 1872 :

267 1894 336 1921 opus
349 1892 391 1913 est
402 1891 431 1914 ut
443 1894 525 1922 opera
537 1893 580 1914 tua
592 1887 627 1915 de
639 1887 770 1915 cbaritate
781 1887 937 1923 procedant.
949 1893 1012 1917 tunc
1023 1894 1066 1917 est

268 1931 342 1958 radix
364 1936 406 1960 tua
423 1932 449 1960 in
466 1937 535 1963 terra
557 1933 713 1960 viventium.
737 1933 800 1961 Inde
822 1934 1001 1962 eradicabitur
1014 1935 1066 1963 isto

269 1977 375 2010 Doech,
392 1986 442 2005 uec
458 1978 568 2005 omnino
584 1978 681 2013 poterit
697 1979 732 2006 ibi
748 1986 923 2013 permanere,
937 1980 1000 2015 quia
1014 1988 1066 2008 nec

267 2022 350 2050 altius
368 2022 403 2050 ibi
418 2022 475 2050 ﬁxit
493 2023 609 2051 radicem
624 2032 631 2050 :
646 2023 693 2051 sed
706 2024 842 2059 quomodo
863 2024 906 2051 illa
921 2024 1023 2052 semina
1037 2026 1066 2053 in

270 2072 362 2104 petra,
384 2068 433 2096 etsi
456 2068 573 2096 radicem
596 2069 714 2102 ejiciant,
737 2074 827 2097 tamen
848 2070 907 2103 quia
924 2070 1065 2099 humorem

271 2121 325 2141 non
345 2113 517 2145 habent.sole
538 2119 599 2141 orto
617 2115 745 2142 continuo
765 2114 1013 2150 arescunt(ld.xtn,
1023 2116 1066 2153 5).

267 2158 305 2186 At
316 2165 381 2185 vero
393 2158 428 2185 illi
439 2159 486 2194 qui
500 2159 580 2186 altius
595 2159 679 2195 ﬁgunt
691 2159 821 2193 radicem,
835 2161 898 2195 quid
909 2161 1022 2190 audiunt
1032 2164 1067 2191 ab

269 2205 420 2239 Apostolo?
434 2205 521 2232 Flecte
536 2213 619 2241 genua
633 2214 689 2233 mea
704 2215 751 2240 pro
762 2207 832 2234 vobis
846 2209 880 2234 ad
894 2207 999 2235 Patrem
1014 2208 1068 2236 Do-

270 2250 333 2277 mini
348 2251 430 2278 nostri
440 2250 504 2278 Iesu
517 2250 622 2284 Christi,
637 2257 665 2279 ut
679 2252 734 2279 sitis
745 2252 772 2279 in
785 2252 909 2280 charitate
921 2254 1029 2282 radicati
1042 2260 1068 2283 et

269 2297 382 2331 fundati.
401 2296 435 2324 Et
448 2298 509 2333 quia
529 2298 566 2325 ibi
586 2297 641 2333 jam
659 2298 751 2333 radix,
777 2298 811 2327 Ut
826 2300 946 2335 possitis,
964 2301 1065 2337 inquit,

269 2344 480 2379 conlpreltendere
497 2352 555 2379 quae
570 2345 602 2372 sit
614 2344 739 2379 altitudo,
757 2345 876 2377 latitudo.
894 2347 1025 2383 longitudo
1044 2353 1068 2376 et

271 2389 442 2425 profundum;
455 2390 521 2418 scire
532 2390 609 2417 etiam
621 2391 847 2425 supereminentent
859 2392 991 2419 scientiam
1004 2394 1067 2420 cha-

269 2436 352 2463 rilatis
372 2435 478 2469 Christi,
498 2442 526 2463 ut
544 2437 703 2471 impleamini
723 2437 750 2463 in
770 2431 870 2465 omnem
885 2440 1067 2473 plenitudinem

269 2481 319 2510 Dei
332 2481 446 2517 (Ephes.
463 2490 506 2516 nt,
520 2482 572 2514 ﬂ,
589 2482 702 2518 lti-l9).
717 2482 826 2511 Talibus
841 2483 972 2512 fructibus
986 2486 1066 2522 digna

271 2531 314 2555 est
325 2531 399 2556 tanta
410 2528 499 2560 radix.
512 2533 566 2556 tam
578 2528 707 2563 simplex,
719 2534 772 2556 tam
784 2530 953 2564 germinans,
967 2532 992 2559 in
1003 2540 1066 2567 ger-

270 2573 342 2601 mina
357 2578 411 2601 tam
426 2574 479 2601 alte
493 2573 603 2602 fundata
614 2575 636 2601 ¹.
650 2575 685 2602 At
697 2582 761 2602 vero
772 2575 852 2611 hujus
861 2577 937 2604 radix
948 2578 1068 2606 eradica-

271 2624 315 2647 tur
324 2619 357 2647 de
368 2624 438 2647 terra
449 2620 604 2647 viventium.

306 2665 351 2693 IS.
368 2663 443 2701 [νει-ε.
460 2665 499 2701 8.]
515 2664 549 2692 Et
563 2665 682 2693 ridebunt
690 2667 764 2701 justi,
776 2672 799 2693 et
811 2667 942 2699 timebunt,
956 2674 980 2695 et
991 2677 1067 2703 super

269 2719 325 2737 eum
340 2710 466 2738 ridebunt.
481 2710 594 2744 Quando
617 2711 767 2739 timebunt?
791 2712 898 2748 quando
922 2707 1067 2743 ridebutii?

301 2799 309 2814 ι
329 2801 406 2832 tinet
416 2797 528 2830 plerique
537 2802 600 2823 "$3.:
613 2797 737 2830 Expressit
748 2798 821 2824 verba
831 2797 1009 2832 utbmerst'anis,
1022 2801 1067 2827 lin-

270 2835 344 2861 guam
356 2829 473 2854 dolosam.
489 2829 495 2830 “
1002 2829 1007 2832 ’

300 2860 310 2875 ³
327 2859 470 2894 Sicraliquod
488 2863 544 2894 glas.
556 2860 599 2885 Alii
618 2860 716 2892 quidam
730 2867 738 2885 :
755 2863 810 2894 tam
822 2860 940 2894 simplex.
952 2862 1003 2887 tam
1013 2870 1068 2894 ger-

270 2896 352 2925 manat
364 2890 472 2926 tam‘atte
483 2890 594 2926 fundato.
611 2890 643 2926 At
653 2895 718 2926 ΙριιἸ
731 2895 780 2917 tam
789 2890 893 2926 simpla
900 2909 909 2926 _.
920 2894 970 2918 tun
980 2890 1068 2926 germi-

272 2927 332 2946 nans
343 2921 368 2947 iu
375 2921 492 2953 germine.
499 2924 550 2947 tam
561 2921 611 2947 alta
620 2925 644 2948 et
654 2923 758 2951 nardum
764 2927 787 2948 et
797 2921 928 2954 prormda.

883 181 914 211 S.
934 178 1119 210 AUGUSTINI
1139 181 1292 210 EPISCOPI

1109 236 1290 273 luteiligamus
1312 245 1377 274 ergo
1399 242 1427 267 et
1441 238 1627 268 dlscernamus
1644 240 1701 268 duo
1723 240 1775 270 ista
1790 246 1907 278 tempore

1108 283 1174 311 satis
1187 283 1287 312 utiliter
1301 284 1413 313 timendi
1419 289 1447 313 et
1459 285 1574 314 ridendi.
1586 286 1720 321 Quamdiu
1729 288 1803 316 enim
1817 296 1908 317 sumus

1110 328 1137 355 in
1153 328 1204 356 hoc
1218 329 1328 362 sarculo,
1339 330 1459 358 nondum
1476 335 1519 359 est
1533 331 1685 367 ridendum,
1697 340 1733 361 ne
1744 338 1838 370 postea
1850 336 1905 371 plo-

1111 382 1213 403 remus.
1226 375 1352 412 Legimus
1364 376 1428 412 quid
1440 383 1564 405 servetur
1580 378 1607 405 in
1627 378 1708 419 linem
1722 379 1785 408 huic
1798 380 1907 411 Doech:

1111 418 1238 455 legimus,
1251 426 1280 449 et
1292 421 1355 457 quia
1368 422 1541 459 intelligimus
1552 428 1580 451 et
1590 418 1743 458 credimus,
1765 425 1888 454 videmus
1898 448 1906 457 .

1110 465 1158 492 sed
1180 465 1314 494 timemus.
1337 466 1395 496 Hoc
1416 475 1481 503 ergo
1500 468 1599 496 dictum
1616 474 1669 502 est,
1691 468 1814 498 Videbunt
1822 472 1907 507 justi.

1108 516 1134 539 et
1145 512 1278 541 timebunt.
1292 513 1424 548 Quamdiu
1436 514 1560 543 videmus
1576 515 1640 550 quid
1659 521 1819 544 eventurum
1833 518 1868 545 sit
1881 518 1908 546 in

1112 558 1191 585 linem
1204 558 1294 592 malis,
1307 566 1392 595 quare
1405 560 1532 588 timemus
1541 560 1554 587 τ
1571 560 1640 595 Quia
1653 561 1721 591 dixit
1739 563 1885 598 Apostolus
1898 583 1907 596 ,

1111 603 1145 630 In
1158 604 1247 630 timore
1259 609 1282 631 et
1297 609 1404 631 tremore
1422 610 1528 632 vestram
1545 606 1659 641 ipsorum
1681 608 1823 643 operamini
1835 609 1907 636 salu-

1111 654 1160 675 tem
1175 648 1305 685 (Philipp.
1318 658 1347 681 ιι,
1366 650 1422 684 12):
1437 651 1498 686 quia
1513 651 1612 678 dictum
1624 656 1665 679 est
1676 652 1702 679 iu
1718 654 1834 688 psalmo,
1846 654 1909 682 Ser-

1112 695 1160 721 vite
1174 694 1285 721 Domino
1307 695 1333 722 in
1355 697 1461 727 timore,
1480 702 1504 724 et
1529 698 1652 724 ersxtltate
1672 699 1696 725 ei
1718 707 1776 726 eum
1801 704 1911 728 tranare

1112 742 1197 774 (Psal.
1213 750 1242 774 ιι,
1258 742 1313 778 Η).
1324 742 1423 775 Quare,
1438 751 1498 770 cum
1517 744 1633 772 timore?
1649 745 1867 783 thpropterqui
1883 756 1910 774 se

1112 793 1183 822 putat
1194 793 1270 820 stare,
1285 789 1367 814 videat
1381 797 1412 816 ne
1425 790 1499 815 cadat
1513 790 1522 825 (
1534 790 1539 815 Ι
1551 789 1609 817 Cor.
1624 799 1651 822 x,
1664 790 1719 827 12).
1733 791 1833 825 Quare,
1846 800 1908 820 cum

1113 833 1248 860 tremore?
1262 833 1328 867 Quia
1349 835 1412 861 dicit
1431 835 1492 862 alibi
1511 845 1516 862 :
1533 835 1655 869 Fratres,
1672 838 1694 864 si
1715 844 1910 874 praecipuus

1113 879 1188 912 fuerit
1205 879 1280 906 homo
1299 882 1325 905 in
1339 880 1426 914 aliquo
1440 880 1542 913 delicto,
1557 890 1598 908 ros
1611 882 1654 917 qui
1667 882 1814 917 spirituum
1830 885 1908 917 estis.

1112 924 1227 951 instrnile
1240 924 1386 959 ltujusmodi
1398 927 1424 951 in
1437 926 1526 960 spiritu
1533 926 1653 958 lenitatis.
1661 927 1795 956 intendens
1803 929 1911 966 teipsum

1112 978 1144 996 ne
1158 976 1179 996 et
1195 976 1220 996 tu
1234 972 1334 998 ten/eris
1347 971 1417 1007 (Gal.
1433 980 1469 1003 Vl,
1483 971 1521 1008 l).
1538 972 1607 1007 Ergo
1618 974 1733 1008 justiqui
1744 981 1808 1003 sunt
1816 977 1908 1009 modo.

1112 1017 1156 1049 qui
1172 1016 1261 1042 γὶνιιιιι
1281 1025 1312 1043 ex
1338 1017 1400 1048 lide,
1424 1018 1462 1045 sic
1476 1018 1567 1045 vident
1588 1019 1666 1046 istum
1688 1020 1777 1048 Docch
1790 1022 1856 1057 quid
1871 1023 1910 1050 illi

1113 1068 1270 1088 eventurum
1293 1063 1337 1094 sit,
1353 1067 1381 1089 ut
1396 1069 1483 1090 tamen
1501 1065 1612 1091 timeant
1629 1070 1656 1092 et
1670 1066 1720 1094 sibi
1735 1075 1742 1093 :
1758 1067 1829 1102 quid.
1837 1069 1909 1096 enim

1114 1113 1175 1134 5uut
1192 1108 1280 1140 hodie,
1299 1110 1399 1140 sciunt;
1416 1110 1478 1143 quid
1504 1118 1564 1136 cras
1586 1110 1665 1138 l‘uturi
1689 1111 1754 1145 sint,
1775 1114 1909 1142 nesciunt.

1114 1154 1192 1180 Modo
1203 1162 1266 1188 ergo
1282 1155 1398 1182 videbunt
1414 1157 1489 1191 justi,
1505 1162 1529 1182 et
1541 1158 1669 1184 timebunt.
1687 1158 1800 1191 Quando
1820 1166 1911 1188 autem

1115 1200 1252 1227 Γίάι-ὺιιιιιῚ
1268 1201 1378 1233 Quando
1394 1202 1529 1229 transierit
1545 1203 1668 1237 iniquitas
1679 1225 1686 1235 ,
1703 1204 1810 1238 quando
1821 1211 1911 1234 trans-

1115 1247 1253 1277 volaverit,
1283 1247 1351 1273 sicut
1373 1248 1427 1281 jam
1452 1256 1485 1274 ex
1510 1256 1603 1282 magna
1631 1255 1709 1283 parte
1735 1252 1913 1279 transvolavit

1116 1296 1220 1326 [Clllplls
1248 1293 1387 1324 itu-crtum,
1418 1294 1524 1327 quando
1550 1294 1645 1329 l‘ugutze
1667 1295 1766 1323 fuerint
1794 1298 1913 1325 tenebrae
1962 1302 1965 1303 ⁷

1117 1338 1194 1373 hujus
1210 1340 1311 1371 surculi,
1328 1339 1353 1365 iu
1374 1340 1471 1373 quibus
1493 1340 1573 1367 modo
1597 1349 1650 1367 nou
1675 1341 1846 1370 ambulamus
1862 1343 1912 1371 nisi

1115 1385 1147 1411 ad
1163 1386 1296 1411 lucernam
1311 1385 1518 1418 Scripturarum,
1530 1391 1556 1413 et
1569 1386 1630 1413 ideo
1645 1387 1769 1414 timemus
1783 1393 1912 1424 tanquam

1116 1430 1142 1457 iu
1165 1436 1252 1457 nocte.
1275 1431 1448 1458 Ambulamus
1462 1432 1532 1458 enim
1552 1431 1585 1458 ad
1607 1433 1791 1466 prophetiam,
1808 1434 1843 1461 de
1863 1443 1914 1469 qua

1116 1477 1180 1503 dicit
1202 1477 1338 1510 apostolus
1362 1476 1456 1503 Petrus
1472 1485 1478 1503 :
1497 1475 1625 1504 Habemus
1639 1479 1769 1506 certioran
1784 1480 1914 1515 propheti-

1118 1523 1193 1548 ticum
1213 1530 1363 1554 sermonem,
1383 1522 1423 1548 cui
1441 1522 1503 1549 bene
1518 1523 1601 1558 facitis
1612 1524 1775 1555 intenderim.
1790 1525 1860 1552 sicut
1876 1526 1915 1552 lu-

1116 1577 1197 1594 (eruw
1208 1568 1301 1594 lucenti
1312 1568 1338 1593 in
1353 1568 1459 1594 obscuro
1469 1568 1535 1600 loco,
1550 1569 1628 1595 donec
1638 1569 1692 1596 dies
1703 1569 1825 1603 lucescat,
1838 1576 1861 1598 et
1875 1571 1915 1597 la-

1117 1615 1179 1648 cil‘er
1192 1615 1289 1640 oriatur
1307 1615 1332 1640 in
1346 1614 1463 1640 cordibus
1478 1620 1564 1641 uestris
1579 1615 1616 1650 (Il
1629 1614 1702 1643 Petr.
1718 1624 1736 1648 l,
1749 1616 1914 1651 i9).Quatn-

1116 1661 1161 1688 diu
1172 1669 1236 1695 ergo
1250 1661 1281 1687 ad
1297 1661 1431 1687 lucernam
1446 1661 1624 1693 ambulamus,
1637 1670 1746 1690 necesse
1757 1670 1799 1691 est
1811 1669 1840 1691 ut
1851 1673 1912 1692 cum

1119 1708 1213 1734 timore
1234 1707 1362 1733 vivamus.
1386 1705 1452 1733 Cum
1471 1711 1559 1734 autem
1574 1709 1676 1735 venerit
1693 1708 1751 1736 dies
1769 1715 1870 1742 uoster,
1887 1711 1914 1738 id

1118 1758 1158 1779 est
1173 1752 1349 1779 umnil'eslatiu
1363 1751 1472 1783 Christi,
1482 1752 1515 1779 dc
1526 1760 1576 1787 qua
1591 1752 1661 1780 idem
1674 1754 1740 1782 dicit
1756 1756 1912 1790 Apostolus,

1119 1799 1181 1825 Cum
1197 1798 1310 1824 Christus
1323 1798 1471 1832 apparuerit
1486 1799 1536 1825 vita
1549 1804 1641 1832 vestra,
1663 1804 1723 1827 tune
1738 1806 1760 1827 et
1772 1808 1816 1828 vos
1830 1810 1913 1837 appa-

1118 1845 1202 1871 rebiu‘s
1227 1853 1284 1870 cum
1304 1844 1359 1878 ipso
1382 1845 1407 1870 in
1430 1845 1511 1878 gloria
1532 1843 1642 1880 (Coloss.
1658 1854 1697 1878 ιιι,
1713 1847 1760 1881 4);
1776 1848 1912 1883 tuuejusti

1119 1891 1242 1918 ridebunt
1257 1892 1334 1916 istum
1355 1890 1454 1916 Dueeli.
1469 1890 1525 1917 Non
1537 1895 1579 1918 est
1591 1891 1662 1917 enim
1672 1891 1727 1925 jam
1737 1892 1912 1922 subveniendi

1120 1938 1193 1964 locus
1203 1945 1209 1963 :
1220 1945 1272 1963 non
1281 1936 1416 1970 quomodo
1430 1944 1510 1967 nunc,
1521 1937 1626 1970 quando
1639 1937 1713 1964 vides
1724 1938 1859 1966 hominem
1869 1940 1913 1968 in-

1116 1983 1188 2017 juste
1201 1982 1346 2022 viventem,
1356 1984 1396 2010 vis
1408 1991 1468 2010 cum
1479 1984 1524 2011 illo
1538 1984 1661 2012 laborare
1670 1989 1700 2012 ut
1708 1987 1843 2022 corrigas;
1851 1989 1913 2024 quia

1119 2030 1162 2064 qui
1178 2029 1291 2064 iujustus
1306 2034 1364 2062 est,
1386 2038 1531 2058 conversus
1553 2032 1649 2065 poterit
1657 2031 1745 2066 justus
1758 2041 1830 2066 esse,
1847 2042 1914 2071 quo.

1120 2076 1199 2102 modo
1219 2081 1245 2101 et
1260 2075 1347 2110 justus
1365 2083 1474 2102 aversus
1493 2080 1580 2111 potest
1598 2077 1710 2112 iujustus
1730 2086 1800 2106 esse.
1822 2079 1914 2116 Itaque

1119 2129 1168 2148 nec
1180 2121 1213 2148 de
1227 2126 1254 2148 te
1270 2129 1423 2155 ptmsumus,
1439 2129 1489 2148 nec
1502 2122 1536 2149 de
1550 2122 1596 2149 illo
1608 2122 1752 2158 desperes;
1768 2129 1794 2152 et
1804 2125 1838 2153 da
1847 2135 1913 2162 ope-

1120 2174 1175 2193 ram
1190 2171 1317 2201 quantum
1333 2171 1417 2200 potes,
1432 2167 1453 2193 si
1467 2167 1595 2202 benignus
1606 2175 1644 2200 es,
1656 2169 1677 2195 si
1689 2177 1742 2196 non
1755 2170 1846 2207 diligis
1856 2180 1913 2200 ma-

1121 2214 1202 2239 litiam
1224 2221 1303 2248 super
1321 2214 1521 2247 benignitatem,
1533 2220 1562 2242 ut
1576 2216 1756 2244 ambulantem
1778 2217 1913 2247 hominem

1121 2259 1146 2285 iu
1164 2260 1205 2284 vin
1219 2259 1287 2285 maia
1299 2264 1325 2285 et
1334 2264 1467 2286 errantem
1479 2261 1597 2295 corrigas
1606 2261 1638 2288 ad
1647 2262 1715 2291 viam
1724 2262 1916 2293 bouam.'l‘unc

1121 2313 1185 2331 vero
1207 2313 1266 2331 cum
1290 2306 1392 2331 venerit
1409 2306 1501 2339 judicii
1517 2311 1637 2341 tempus,
1654 2310 1829 2338 correctionis
1843 2311 1916 2339 locus

1122 2359 1173 2377 nou
1190 2352 1250 2383 erit,
1266 2351 1311 2378 sed
1328 2357 1428 2378 lnnllltll
1449 2352 1628 2381 damnationis
1643 2363 1651 2382 ε
1666 2360 1693 2382 et
1707 2357 1758 2383 erit
1772 2357 1806 2383 ibi
1829 2359 1915 2392 peni~

1122 2398 1213 2428 tentia,
1227 2398 1272 2424 sed
1286 2398 1459 2429 infructuosa,
1476 2400 1536 2433 quia
1550 2407 1620 2427 sera.
1639 2399 1894 2432 Visutsitfructunsa
1906 2406 1916 2431 ἲ

1120 2443 1179 2470 Non
1202 2444 1236 2470 sit
1256 2451 1313 2469 sura
1330 2452 1337 2470 :
1354 2444 1433 2471 hodie
1448 2449 1474 2471 te
1486 2446 1600 2478 corrige.
1622 2447 1694 2474 Reus
1710 2455 1750 2479 es.
1769 2449 1815 2476 ille
1834 2450 1915 2485 judex

1121 2495 1161 2517 est
1178 2499 1184 2517 :
1198 2490 1301 2524 Corrige
1323 2495 1440 2523 reatum,
1457 2496 1483 2517 et
1495 2492 1622 2526 gaudebis
1641 2494 1673 2521 ad
1686 2494 1813 2530 iudicem.
1833 2497 1916 2525 Hodie

1122 2537 1192 2562 enim
1215 2536 1337 2563 hortatur
1355 2542 1396 2567 te.
1418 2545 1451 2564 ne
1468 2538 1566 2570 iudicet
1589 2544 1631 2571 te;
1649 2544 1677 2567 et
1693 2541 1738 2575 qui
1754 2541 1837 2575 judex
1857 2548 1916 2571 tuus

1123 2584 1225 2608 iuturus
1238 2588 1288 2611 est.
1307 2584 1363 2617 ipse
1373 2589 1413 2610 est
1423 2584 1501 2611 hodie
1512 2585 1657 2614 advocatus
1670 2592 1741 2615 tuus.
1752 2588 1829 2617 Tunc
1841 2598 1913 2626 ergo,

1122 2630 1228 2661 fratres,
1242 2635 1324 2656 restat
1339 2630 1441 2657 ridendi
1458 2636 1571 2664 tempus.
1592 2633 1656 2660 Nam
1671 2635 1754 2669 ipsam
1766 2636 1914 2664 irrisiourm

1123 2675 1272 2708 iniquorum
1288 2684 1345 2709 qure
1368 2676 1453 2703 futura
1469 2683 1510 2704 est
1526 2679 1615 2712 justis,
1628 2680 1784 2715 significavit
1794 2682 1863 2710 liber
1875 2684 1914 2710 ille

1121 2720 1274 2754 Sapientim.
1290 2721 1315 2747 in
1330 2723 1385 2749 suis
1398 2724 1480 2755 enim,
1502 2724 1527 2750 in
1543 2732 1655 2759 quorum
1670 2727 1774 2754 animas
1792 2729 1915 2757 transit-rt

1122 2774 1150 2792 se
1162 2767 1289 2799 sapientia
1306 2768 1325 2797 ¹.
1341 2768 1442 2795 factura
1457 2773 1499 2795 est
1515 2770 1584 2804 quod
1598 2770 1683 2799 dixit:
1698 2771 1878 2808 Increpabam,
1889 2780 1912 2802 et

1121 2820 1171 2838 non
1192 2812 1382 2843 exaudiebatis;
1395 2813 1522 2847 loquebar,
1534 2820 1557 2841 et
1573 2815 1633 2842 meis
1645 2817 1801 2845 sermonibus
1811 2827 1863 2846 non
1876 2828 1915 2846 ιιι-

1156 2869 1240 2908 "Atti;
1258 2872 1357 2908 Insuper
1369 2869 1432 2893 enim
1449 2869 1586 2901 iniquormn
1597 2871 1689 2907 animos
1700 2879 1755 2908 etot!
1764 2875 1880 2908 tramrert
1889 2883 1915 2901 se

1121 2899 1247 2928 sapientia.
1265 2902 1300 2923 Fr.
1322 2903 1347 2923 et
1366 2904 1431 2925 imm
1446 2905 1474 2925 In
1485 2899 1582 2926 suorum
1593 2903 1657 2927 enim
1673 2902 1807 2929 amicorum
1823 2899 1914 2931 ima;

1122 2936 1177 2953 cum
1189 2930 1300 2960 transfm‘t
1312 2938 1346 2959 se,
1359 2935 1405 2956 etc.
1417 2935 1462 2956 nos
1534 2931 1608 2958 libros
1615 2936 1692 2959 secuti
1704 2942 1797 2960 sumus.
