3968 6366
148 369 251 425 609

146 483 458 548 (audebatis;
484 494 532 538 et
561 501 652 556 ego
679 494 858 539 vestra:
891 484 1163 554 perditioni
1195 485 1520 555 superridcbo
1549 484 1732 553 (Prov.

149 593 184 642 ι,
210 576 428 646 2486).
455 577 568 632 Hoc
590 577 680 631 fiet
707 587 830 632 tunc
863 592 893 630 a
920 578 1078 647 justis
1106 577 1158 631 in
1190 578 1348 630 istum
1374 576 1741 631 Doech.Modo

145 678 324 723 autem
349 670 624 724 videamus
650 678 706 724 et
731 669 1034 730 timeamus,
1077 684 1145 724 ne
1186 670 1288 724 hoc
1323 671 1490 724 simus
1510 668 1651 739 quod
1686 669 1740 722 in

143 776 269 815 eum
297 761 526 817 dicimus
549 779 564 815 :
587 773 642 814 et
669 762 714 816 si
748 762 849 816 hoc
874 777 1110 824 eramus,
1138 763 1244 816 hoc
1269 777 1390 818 esse
1409 761 1738 827 desinamus,

149 862 206 908 ut
231 852 393 908 modo
423 855 693 915 timentes.
720 862 904 922 postea
938 852 1228 908 rideamus.

217 947 306 1001 14.
335 945 486 1018 [νει-ε.
515 943 597 1019 9.]
619 946 754 1013 Quid
783 955 960 1001 autem
984 955 1107 1000 tunc
1127 944 1307 1000 dicent
1330 945 1419 1015 qui
1447 942 1741 1000 ridebunt?

145 1038 213 1093 Et
231 1055 386 1108 super
412 1055 527 1092 eum
563 1040 829 1104 ridebunt,
871 1047 917 1092 et
954 1040 1162 1093 dicent:
1191 1037 1324 1093 Ecce
1349 1039 1500 1093 homo
1527 1040 1615 1108 qui
1640 1055 1740 1092 non

144 1131 312 1199 posuit
342 1129 506 1183 Deum
527 1130 812 1202 adjutorem
834 1147 1001 1184 suum.
1021 1130 1207 1185 Videte
1227 1145 1423 1200 corpus
1444 1140 1737 1186 terrenum.

143 1228 416 1287 Quantum
438 1222 679 1289 habebis,
704 1233 884 1277 tantus
904 1224 1033 1277 eris.
1065 1223 1410 1277 Proverbium
1432 1238 1738 1289 avarorum,

144 1315 444 1384 rapacium,
470 1315 781 1371 innocentes
806 1317 1245 1385 Opprimentium,
1288 1330 1377 1372 res
1413 1316 1618 1370 alienas
1661 1316 1743 1370 in-

145 1406 476 1471 vadcntium,
492 1407 862 1461 commendata
881 1408 1206 1477 negantium.
1222 1407 1393 1476 Quale
1413 1410 1512 1462 hoc
1527 1422 1742 1476 prover-

145 1501 327 1552 bium?
348 1501 612 1567 Quantum
641 1499 860 1554 habebis
881 1543 896 1565 ,
915 1509 1092 1554 tantus
1110 1502 1252 1567 eris;
1283 1500 1336 1554 id
1357 1509 1458 1563 est,
1485 1511 1740 1570 quantum

145 1592 399 1646 habueris
439 1593 710 1661 pecuuite,
759 1603 1018 1662 quantum
1064 1592 1407 1663 acquisieris,
1445 1603 1590 1646 tanto
1620 1592 1743 1662 plus

146 1688 365 1752 poteris.
397 1681 530 1736 Ecce
555 1684 704 1737 homo
751 1685 838 1755 qui
883 1701 984 1737 non
1036 1685 1204 1753 posuit
1253 1683 1416 1737 Deum
1458 1684 1743 1753 adjutorem

145 1793 311 1838 suum,
363 1777 451 1830 sed
502 1777 720 1846 speravit
753 1784 805 1830 tn
836 1778 1156 1831 multitudine
1186 1777 1473 1830 divitiarum
1511 1794 1739 1832 suarum.

145 1868 262 1926 Non
303 1868 439 1923 dicat
472 1884 674 1939 pauper
703 1871 837 1923 forte
871 1868 1040 1923 malus
1068 1885 1082 1920 :
1119 1868 1229 1938 Ego
1260 1884 1365 1922 non
1400 1885 1515 1922 sum
1543 1869 1610 1923 de
1633 1857 1744 1924 hoc

144 1975 394 2029 corpore.
428 1960 644 2014 Audivit
685 1962 827 2016 enim
877 1959 1197 2028 Pr0phctam
1242 1960 1506 2015 dicentem
1533 2003 1547 2026 ,
1605 1960 1741 2030 Spe-

146 2051 277 2104 ravit
329 2051 384 2103 in
449 2050 770 2104 multitudine
821 2050 1112 2103 divitiarum
1165 2067 1374 2104 suarum
1426 2065 1446 2105 :
1488 2052 1742 2106 continuo

145 2142 189 2194 si
237 2157 441 2213 pauper
491 2150 609 2208 est,
641 2141 866 2196 attendit
917 2157 1122 2211 pannos
1156 2157 1302 2206 suos,
1335 2144 1570 2214 respexit
1592 2143 1742 2213 juxta

145 2248 206 2287 se
255 2231 394 2288 forte
444 2231 662 2287 divitem
702 2233 753 2286 in
796 2232 994 2302 populo
1033 2232 1130 2287 Dei
1181 2232 1421 2289 ornatius
1467 2235 1740 2302 vestitum,

141 2334 201 2381 et
248 2325 325 2379 ait
373 2326 425 2379 iu
470 2326 633 2380 corde
689 2341 788 2379 suo
819 2367 835 2392 ,
897 2327 972 2380 De
1017 2326 1118 2381 isto
1154 2326 1314 2394 dicit,
1368 2326 1623 2397 numquid
1673 2327 1744 2384 de

146 2419 273 2472 me?
298 2417 414 2473 Noli
443 2416 566 2473 inde
593 2427 645 2472 te
683 2420 949 2487 excipere,
978 2417 1086 2471 noli
1112 2432 1382 2486 separare,
1414 2419 1514 2473 nisi
1547 2419 1744 2474 videris

141 2520 201 2565 et
227 2511 495 2575 timueris,
526 2517 584 2564 ut
611 2519 791 2579 postea
821 2509 1018 2564 rideas.
1043 2508 1176 2564 Nam
1204 2509 1332 2581 quid
1357 2510 1448 2576 tibi
1479 2511 1696 2579 prodest
1723 2553 1737 2576 ,

140 2604 189 2657 si
207 2618 336 2674 eges
357 2604 605 2659 facultate
630 2612 683 2658 et
711 2603 870 2657 ardes
895 2603 1225 2673 cupiditate?
1245 2603 1468 2670 Quando
1485 2604 1743 2658 Dominus

142 2705 332 2750 neSter
355 2695 512 2750 Iesus
541 2693 788 2750 Christus
815 2695 1077 2749 abeuntia
1096 2710 1156 2749 se
1173 2696 1410 2750 illidiviti
1426 2691 1743 2751 contristan

144 2790 377 2855 dixerat,
417 2786 578 2851 Vade,
607 2786 766 2842 vende
793 2787 964 2841 omnia
1002 2803 1115 2856 qute
1146 2787 1325 2852 habes,
1365 2797 1414 2841 et
1453 2790 1521 2841 da
1549 2805 1744 2859 paupe-

141 2881 308 2944 ribus,
329 2888 374 2933 et
391 2877 593 2933 habebis
613 2878 906 2932 thesaurum
926 2879 978 2932 in
1004 2879 1130 2933 calo
1151 2894 1170 2932 :
1191 2888 1236 2932 et
1256 2879 1388 2946 veni,
1412 2895 1618 2951 sequere
1639 2895 1738 2944 me,

141 2983 200 3028 et
223 2988 467 3042 magnam
495 2971 924 3043 desperationem
953 2971 1207 3026 divitibus
1243 2973 1653 3042 praenuntiant,
1684 2982 1743 3028 ut

141 3066 354 3120 diceret
377 3064 585 3120 facilius
615 3079 775 3135 posse
815 3065 1078 3121 camelum
1121 3064 1352 3121 transire
1378 3080 1476 3135 per
1500 3067 1741 3123 foramen

139 3173 294 3220 acus,
340 3171 500 3228 quam
542 3156 763 3211 divitem
805 3155 1008 3212 intrare
1051 3156 1105 3211 in
1154 3171 1380 3227 regnum
1426 3156 1736 3222 caelorum;

142 3265 326 3305 nonne
375 3248 632 3305 continuo
675 3247 922 3319 discipuli
969 3248 1269 3303 contristati
1319 3256 1465 3315 sunt,
1496 3247 1738 3304 dicentes

137 3340 284 3412 apud
303 3341 510 3411 seipsos
541 3357 555 3394 :
589 3339 834 3410 Quisnam
857 3340 1038 3409 poterit
1067 3340 1256 3395 salvari
1274 3338 1486 3413 (Matth.
1507 3357 1614 3406 xtx,
1643 3341 1738 3409 21,

137 3435 232 3494 ‘24.
263 3434 399 3504 25)?
429 3433 570 3504 Ergo
596 3433 808 3504 quando
833 3433 1102 3500 dicebant,
1149 3433 1398 3502 Quisnam
1423 3435 1602 3504 poterit
1627 3434 1738 3488 sal—

138 3527 294 3580 vari?
322 3525 515 3580 divites
550 3540 748 3595 paucos
789 3525 1170 3588 attendebant;
1210 3525 1407 3580 latebat
1444 3539 1540 3580 eos
1591 3534 1738 3581 tanta

142 3632 438 3686 pauperum
489 3616 812 3671 multitudo?
838 3615 955 3672 Non
1002 3617 1104 3672 sibi
1135 3625 1384 3688 poterant
1425 3617 1605 3672 dicere
1638 3634 1652 3671 :
1681 3619 1738 3674 Si

137 3709 362 3765 difficile
387 3717 490 3774 est,
523 3710 632 3763 imo
656 3708 987 3778 impossibile
1025 3717 1082 3761 ut
1115 3709 1315 3763 intrent
1341 3707 1532 3763 divites
1565 3710 1618 3763 in
1650 3725 1739 3765 re-

138 3818 306 3873 gnem
337 3800 597 3855 omlorum
619 3841 635 3866 ,
676 3799 814 3855 sicut
850 3799 1181 3869 impossibile
1220 3808 1306 3854 est
1339 3808 1398 3853 ut
1431 3800 1595 3854 intret
1645 3814 1738 3852 ca-

135 3893 318 3949 tnelus
348 3908 442 3961 per
470 3890 710 3946 foramen
741 3907 890 3955 acus,
925 3906 1114 3945 omnes
1144 3905 1408 3963 pauperes
1450 3892 1652 3946 intrent
1685 3892 1736 3945 iu

135 3999 369 4058 regnum
427 3984 724 4050 cmlorum,
770 3983 976 4038 divites
1015 3983 1116 4038 soli
1162 3982 1548 4040 excludantur?
1599 3984 1742 4052 Quot

135 4090 265 4133 sunt
308 4078 450 4133 enim
487 4076 720 4134 divites?
753 4076 816 4131 At
859 4091 989 4131 vero
1029 4091 1322 4146 pauperum
1366 4076 1532 4132 millia
1577 4077 1736 4131 innu—

134 4167 572 4225 merabilia.Non
587 4168 728 4222 enim
748 4168 954 4223 tunicas
972 4167 1260 4238 inspecturi
1285 4183 1470 4222 sumus
1491 4170 1542 4223 in
1572 4185 1739 4239 regno

135 4261 438 4324 ctelorum;
471 4258 565 4315 sed
595 4260 759 4314 vestis
781 4259 1042 4328 cujusque
1071 4258 1248 4328 fulgor
1270 4258 1492 4330 iustitia:
1510 4259 1738 4329 deputa-

135 4354 288 4408 bitur
315 4369 330 4406 :
357 4361 515 4406 erunt
541 4366 670 4422 ergo
693 4366 954 4421 pauperes
981 4351 1214 4421 :equales
1234 4352 1452 4422 Angelis
1482 4351 1574 4406 Dei
1604 4368 1621 4418 ;
1653 4352 1738 4406 in-

132 4444 254 4498 duti
285 4443 435 4497 stolis
456 4443 891 4510 immortalitatis,
921 4441 1200 4513 fulgebunt
1227 4442 1364 4498 sicut
1388 4444 1471 4498 sol
1496 4444 1549 4497 in
1574 4459 1740 4513 regno

134 4533 319 4589 Patris
337 4535 417 4587 sui
448 4530 558 4605 (Id.
590 4547 699 4595 sui,
732 4533 826 4604 45)
859 4549 873 4586 :
901 4534 1028 4603 quid
1073 4533 1230 4589 nobis
1268 4544 1351 4590 est
1388 4535 1458 4589 de
1485 4534 1738 4591 divitibus

137 4625 328 4694 paucis
364 4622 622 4679 sollicitos
664 4638 784 4679 esse
822 4632 914 4678 aut
955 4623 1245 4680 laborare?
1271 4625 1388 4680 Non
1419 4626 1520 4680 hoc
1549 4642 1737 4682 sense-

139 4725 266 4771 runt
315 4715 559 4785 Apostoli
597 4731 612 4769 :
657 4714 750 4769 sed
797 4729 921 4770 cum
981 4716 1240 4771 Dominus
1307 4717 1412 4773 hoc
1467 4718 1736 4786 dixisset,

141 4806 378 4862 Facilius
402 4817 474 4860 est
501 4807 748 4860 camelum
778 4808 992 4861 transire
1028 4824 1119 4878 per
1145 4814 1376 4880 foramen
1413 4828 1557 4876 acus,
1584 4828 1738 4881 quam

134 4899 347 4952 divitem
388 4899 581 4952 intrare
624 4897 677 4951 in
721 4915 928 4968 regnum
959 4899 1201 4953 caelorum
1231 4915 1248 4954 :
1281 4902 1352 4956 illi
1383 4901 1523 4972 apud
1565 4920 1624 4957 se
1657 4903 1738 4958 di-

131 4999 347 5054 centes,
369 4989 615 5056 Quisnam
633 4992 812 5060 poterit
825 4990 1014 5043 salvari
1029 4992 1055 5044 ?
1073 4992 1196 5061 quid
1215 4993 1596 5048 attenderuut?
1621 4995 1737 5052 Non

139 5081 443 5145 t’acuhates,
475 5081 569 5134 sed
596 5079 936 5148 cupiditates.
963 5082 1220 5138 Viderunt
1242 5085 1383 5140 enim
1409 5089 1568 5140 etiam
1593 5087 1738 5157 ipsos

139 5187 426 5246 pauperes,
453 5171 552 5227 etsi
585 5187 689 5226 non
722 5173 978 5228 habentes
1008 5176 1306 5243 pecuniam,
1337 5188 1512 5232 tamen
1538 5177 1739 5234 habere

133 5264 444 5318 avaritiam.
465 5262 533 5317 Et
550 5272 607 5316 ut
633 5265 888 5319 noveritis
918 5282 1023 5319 non
1052 5268 1328 5335 pecuniam
1358 5270 1408 5323 in
1434 5270 1618 5333 divite,
1642 5274 1736 5327 sed

129 5355 416 5410 avaritiam
441 5354 786 5409 condemnari
808 5396 822 5417 ,
850 5356 1115 5412 advertite
1143 5360 1284 5427 quod
1314 5359 1433 5414 dico
1465 5376 1479 5414 :
1513 5364 1737 5432 respicis

132 5448 285 5501 illum
317 5445 540 5500 divitem
585 5455 817 5501 stantem
849 5448 1000 5516 juxta
1045 5457 1128 5514 te;
1169 5459 1224 5504 et
1266 5449 1403 5507 forte
1436 5453 1486 5506 in
1531 5453 1626 5509 illo
1652 5464 1736 5510 est

133 5537 363 5607 pecunia
389 5546 445 5592 et
471 5553 578 5592 non
606 5547 692 5592 est
714 5539 936 5594 avaritia
957 5581 971 5605 ,
1017 5539 1071 5594 in
1101 5551 1153 5594 te
1184 5558 1288 5596 non
1315 5551 1400 5598 est
1429 5545 1651 5613 pecunia
1679 5556 1734 5601 et

129 5641 215 5684 est
243 5627 490 5682 avaritia.
515 5627 729 5698 Pauper
753 5629 1030 5684 ulcerosus
1051 5672 1064 5694 ,
1096 5634 1452 5698 airumnosus,
1486 5635 1682 5690 linctus
1702 5653 1733 5693 a

127 5721 378 5787 canibus,
410 5735 520 5774 non
550 5719 753 5775 habens
778 5735 960 5790 opem,
1002 5736 1111 5776 non
1160 5721 1363 5777 habens
1389 5737 1592 5791 escam,
1623 5741 1731 5782 non

126 5813 339 5869 habens
378 5810 518 5867 forte
554 5810 725 5882 ipsam
752 5821 975 5879 vestem,
1005 5810 1217 5868 ablatus
1239 5825 1321 5870 est
1349 5812 1655 5888 abAngclis
1674 5817 1728 5874 in

1216 327 1613 426 ENARRATIO
1653 367 1719 423 IN
1757 367 2082 425 pssum»
2119 373 2202 428 LI.

3344 392 3452 448 6‘l0

1854 482 2031 574 sinum
2067 485 2298 542 Abrahae
2327 489 2476 558 (Luc.
2510 509 2618 555 xvi,
2657 494 2770 566 29.).
2804 496 2894 551 Eia
2931 507 2985 552 tu
3017 515 3217 570 pauper
3243 505 3449 574 gaudes

1851 573 2045 644 modo,
2096 580 2478 650 numquidnam
2529 585 2622 638 tibi
2668 598 2722 639 et
2778 588 2954 642 ulcera
3003 573 3450 660 optandasunt?

1841 665 2039 722 Nonne
2067 670 2443 738 patrimonium
2467 682 2615 727 tuutu
2644 676 2843 731 sanitas
2873 681 2990 734 est?
3011 680 3123 736 Non
3149 695 3229 737 est
3262 685 3313 737 in
3343 686 3445 740 hoc

1846 757 2052 816 Lazaro
2082 771 2332 819 meritum
2361 770 2684 837 paupertatis
2706 813 2719 834 ,
2753 771 2844 824 sed
2878 774 3102 840 pietatis.
3135 774 3266 829 Nam
3293 777 3445 832 vides

1844 852 1937 936 qui
1967 853 2208 909 sublatus
2230 867 2334 921 est,
2369 873 2473 911 non
2507 859 2659 914 vides
2685 877 2789 929 quo
2812 864 3052 920 sublatus
3080 877 3181 921 cst.
3209 867 3340 935 Quis
3361 877 3446 924 est

1847 943 2091 998 sublatus
2117 946 2186 1000 ab
2213 948 2470 1016 Angelis?
2500 950 2726 1019 Pauper,
2758 969 3112 1023 a‘rumnosus,
3149 959 3446 1013 ulcerosus.

1846 1032 1964 1100 Quo
1993 1035 2232 1090 sublatus
2256 1043 2376 1092 est?
2399 1038 2453 1092 lu
2470 1040 2647 1094 sinum
2666 1045 2706 1095 A
2719 1043 2914 1116 brahae.
2945 1044 3088 1114 Lege
3117 1047 3444 1116 Seripturas,

1847 1133 1900 1178 et
1931 1126 2175 1182 invenies
2198 1129 2418 1185 divitem
2447 1132 2718 1186 Abraham
2750 1135 2901 1206 (Gen.
2932 1153 3045 1202 xm,
3075 1137 3156 1209 9.).
3186 1139 3252 1194 Ut
3279 1156 3444 1195 nove-

1848 1215 1954 1280 ris,
1984 1219 2107 1287 quia
2137 1233 2243 1275 non
2270 1221 2466 1277 divitia:
2495 1225 2780 1294 culpantur
2817 1229 2833 1258 ³
2863 1244 2878 1280 :
2907 1225 3134 1283 habebat
3173 1230 3443 1286 Abraham

1848 1307 2072 1361 multum
2102 1312 2240 1377 auri,
2267 1314 2495 1382 argenti,
2522 1330 2797 1384 pecorum,
2829 1316 3078 1389 familizn;
3106 1320 3256 1376 dives
3277 1334 3395 1376 erat
3423 1362 3444 1390 ,

1847 1404 1904 1451 et
1930 1397 1984 1452 in
2019 1399 2134 1467 ejus
2160 1401 2336 1456 sinum
2371 1403 2605 1460 Lazarus
2634 1423 2837 1478 pauper
2865 1411 3108 1466 sublatus
3149 1427 3251 1466 e51.
3286 1413 3342 1466 lu
3370 1417 3445 1470 si-

1848 1503 1976 1542 num
2013 1490 2192 1546 divitis
2238 1507 2479 1563 pauper:
2520 1513 2588 1553 an
2627 1501 2807 1577 potius
2847 1503 3006 1558 ambo
3053 1505 3162 1560 Deo
3203 1506 3397 1562 divites
3423 1549 3442 1575 ,

1846 1578 2008 1634 ambo
2032 1595 2060 1632 a
2089 1583 2378 1651 cupiditate
2403 1590 2701 1657 pauperes?

1921 1673 2008 1727 i5.
2031 1675 2167 1740 Quid
2199 1691 2328 1747 ergo
2353 1679 2405 1732 in
2436 1678 2540 1736 hoc
2570 1682 2747 1736 Doecb
2778 1685 2956 1756 culpat
2979 1686 3296 1757 Scriptura?
3325 1690 3443 1746 Non

1847 1761 2018 1828 dixit,
2049 1765 2184 1819 Ecce
2222 1767 2384 1822 homo
2413 1773 2501 1840 qui
2532 1771 2630 1827 fuit
2658 1774 2843 1840 dives;
2873 1778 2990 1840 sed,
3019 1778 3150 1834 Ecce
3178 1781 3330 1836 homo
3358 1786 3445 1854 qui

1848 1869 1950 1907 non
1978 1857 2143 1922 posuit
2170 1856 2332 1912 Deum
2360 1862 2649 1930 adjutorem
2674 1883 2841 1932 suum,
2872 1869 2961 1922 sed
2989 1873 3204 1941 speravit
3231 1873 3283 1925 in
3311 1873 3445 1927 ntul-

1849 1943 2061 1998 titudine
2090 1947 2378 2003 divitiarum
2400 1968 2628 2006 suarum.
2663 1954 2780 2010 Non
2820 1960 2942 2027 quia
2976 1959 3158 2015 habuit
3186 1962 3400 2019 divitias
3425 2007 3443 2034 ,

1847 2037 1941 2091 sed
1972 2039 2094 2108 quia
2127 2040 2180 2092 in
2209 2042 2339 2110 ipsis
2366 2046 2620 2112 speravit,
2667 2057 2722 2101 ct
2765 2051 2817 2104 in
2867 2050 2977 2106 Deo
3015 2068 3124 2107 non
3167 2064 3403 2124 speravit
3428 2099 3445 2123 ,

1847 2127 1969 2182 ideo
1997 2130 2297 2194 damnatur,
2330 2133 2453 2189 ideo
2483 2139 2718 2205 puuitur,
2754 2139 2874 2195 ideo
2903 2153 3148 2199 movetur
3173 2144 3242 2201 de
3272 2146 3444 2203 taber-

1848 2221 2064 2288 naculo,
2113 2233 2361 2295 tanquam
2407 2238 2585 2284 motus
2635 2231 2725 2286 ille
2765 2242 3042 2301 terrenus,
3085 2237 3224 2294 sicut
3269 2242 3446 2310 pulvis

1847 2327 2005 2381 quem
2037 2315 2250 2385 projicit
2278 2329 2469 2373 ventus
2493 2336 2524 2376 a
2567 2321 2704 2378 facie
2746 2334 2903 2381 terra:
2930 2325 3104 2400 (Psat.
3131 2345 3170 2397 t,
3199 2330 3288 2401 b);
3322 2331 3444 2388 ideo

1846 2402 2172 2471 esstirpatur
2215 2406 2363 2461 radix
2411 2410 2524 2477 ejus
2556 2411 2625 2466 de
2655 2421 2794 2467 terra
2825 2415 3138 2472 viventium.
3176 2419 3444 2491 Numquid

1850 2491 1972 2546 huic
1991 2495 2196 2550 similes
2221 2508 2346 2553 sunt
2372 2500 2584 2568 divites,
2614 2502 2683 2558 de
2710 2505 2902 2574 quibus
2945 2508 3143 2566 Paulus
3171 2513 3446 2580 apostolus

1847 2584 2083 2656 loquitur
2114 2607 2126 2642 :
2160 2588 2391 2660 Prtecipc
2414 2594 2652 2650 divitibus
2678 2597 2834 2669 hujus
2859 2582 3056 2664 mundi.
3089 2619 3189 2657 non
3232 2607 3447 2674 superbe

1844 2693 2049 2747 sapere,
2082 2682 2222 2736 sicut
2249 2684 2454 2750 Doecb;
2490 2704 2648 2757 neque
2688 2707 2895 2760 sperare
2935 2694 2988 2746 in
3016 2696 3207 2750 incerto
3243 2699 3446 2754 divitia-

1847 2786 1994 2834 rum,
2025 2772 2163 2826 sicut
2193 2775 2307 2842 ipse
2331 2778 2548 2846 speravit
2584 2781 2637 2834 in
2672 2780 2996 2838 multitudine
3020 2788 3308 2843 divitiarum
3327 2808 3448 2845 sua-

1844 2876 1994 2926 rum;
2019 2863 2110 2916 sed
2130 2865 2180 2917 in
2209 2863 2319 2920 Deo
2341 2869 2468 2932 vivo,
2494 2886 2599 2924 non
2618 2873 2888 2940 quomodo
2913 2875 3013 2932 iste
3037 2880 3126 2944 qui
3144 2897 3244 2934 non
3279 2885 3446 2952 posuit

1845 2949 2013 3006 Deum
2055 2955 2343 3024 adjutorem
2373 2962 2562 3016 suum?
2603 2963 2840 3033 Denique
2869 2966 2975 3021 illis
3002 2970 3125 3038 quid
3158 2949 3445 3042 prmccpil?

1845 3042 2038 3100 Divitcs
2060 3049 2162 3102 sint
2187 3050 2239 3103 in
2267 3052 2502 3120 aperibus
2531 3054 2717 3122 bonis;
2745 3058 2898 3127 facile
2927 3061 3168 3128 tribuant,
3214 3083 3442 3121 commu-

1845 3137 2012 3190 nicent
2035 3137 2094 3209 (Ι
2123 3138 2454 3212 Τὶιη.νι,17,
2485 3145 2594 3216 18).
2626 3148 2694 3202 Et
2717 3150 2866 3219 quid,
2893 3153 2936 3205 si
2960 3152 3114 3209 facile
3133 3157 3442 3227 tribuerint,

1844 3227 1891 3284 si
1920 3233 2433 3290 communicaverint
2459 3252 2567 3291 non
2598 3237 2854 3295 habenti?
2882 3241 3158 3300 Intrabunt
3187 3264 3280 3317 per
3304 3250 3446 3304 fora-

1846 3337 1970 3377 men
1999 3326 2161 3380 acus?
2182 3326 2457 3383 Intrabunt
2483 3331 2641 3399 plane
2666 3348 2681 3387 :
2711 3349 2832 3388 nam
2859 3345 2914 3390 et
2943 3353 3039 3406 pro
3064 3339 3168 3394 illis
3190 3341 3297 3411 jam
3321 3343 3438 3415 ipse

1843 3417 2079 3470 camelos
2109 3418 2344 3474 intravit.
2377 3421 2495 3490 Ipse
2519 3424 2663 3479 enim
2695 3425 2842 3494 prior
2863 3427 3097 3495 intravit,
3121 3448 3278 3502 quem
3305 3436 3445 3490 sicut

1844 3508 2106 3562 camelum
2134 3525 2293 3563 nemo
2309 3513 2517 3567 sarcina
2540 3517 2804 3583 passionis
2830 3531 3099 3586 oneraret,
3123 3522 3222 3578 nisi
3244 3540 3302 3579 se
3327 3527 3445 3596 ipse

1843 3596 1897 3652 in
1930 3607 2126 3654 terram
2167 3601 2483 3673 deponeret.
2527 3605 2658 3673 Quia
2692 3618 2747 3662 et
2789 3609 2904 3679 ipse
2951 3611 3052 3668 hoc
3084 3613 3248 3681 dixit,
3291 3617 3445 3685 Quod

1844 3688 2130 3745 hominibus
2172 3693 2482 3766 impossibile
2513 3707 2616 3764 est,
2654 3696 2767 3754 Deo
2795 3701 2947 3769 facile
2986 3713 3060 3757 est
3084 3704 3298 3774 (Matth.
3328 3724 3440 3774 ιιι,

1843 3781 1960 3853 26).
1995 3783 2287 3839 Damnetur
2315 3802 2446 3857 ergo
2472 3787 2572 3844 iste
2603 3789 2805 3855 Doecb,
2829 3794 3051 3849 timeant
3072 3797 3139 3851 de
3165 3799 3254 3852 illo
3281 3801 3444 3856 modo

1840 3873 1998 3941 justi,
2040 3874 2249 3929 rideant
2285 3892 2447 3947 super
2491 3895 2612 3934 eum
2665 3893 2850 3951 postea
2876 3883 3026 3953 justi.
3068 3887 3255 3944 Merito
3294 3893 3439 3948 enim

1844 3964 2142 4032 damnatur,
2178 3969 2265 4038 qui
2289 3987 2389 4024 non
2417 3974 2585 4041 posuit
2612 3972 2780 4029 Deunt
2809 3979 3092 4048 adjutorem
3108 4000 3275 4048 suum,
3305 3986 3444 4041 sicut

1844 4071 1938 4114 tu:
1969 4064 2058 4130 qui
2090 4061 2227 4118 forte
2252 4063 2416 4119 habes
2447 4068 2756 4137 pecuniam;
2786 4072 2878 4124 sed
2907 4072 2974 4127 de
2997 4073 3106 4126 Deo
3133 4081 3436 4147 prtesumis,

1844 4167 1949 4204 non
1989 4153 2057 4206 de
2106 4156 2348 4221 pecunia.
2385 4155 2452 4208 Et
2479 4160 2696 4227 speravit
2723 4161 2776 4212 in
2805 4161 3129 4218 multitudine
3152 4167 3443 4225 divitiarum

1843 4259 2051 4297 suarum
2080 4260 2100 4298 :
2142 4245 2333 4300 similis
2378 4248 2545 4301 factus
2594 4261 2678 4305 est
2730 4251 2832 4307 illis
2863 4255 2953 4324 qui
3001 4272 3122 4311 cum
3161 4260 3438 4330 dicerent,

1844 4333 2037 4390 Beatus
2066 4338 2289 4405 populus
2317 4338 2402 4394 cui
2435 4339 2552 4394 hzec
2577 4355 2702 4395 sunt
2729 4385 2743 4405 ,
2776 4343 2828 4397 id
2855 4355 2937 4399 est
2965 4347 3063 4401 ista
3095 4357 3328 4412 terrena.
3352 4369 3442 4408 rc-

1845 4426 1965 4480 tulit
1997 4429 2251 4482 continuo
2288 4431 2386 4484 iste
2424 4431 2511 4500 qui
2551 4432 2766 4487 insultat
2813 4435 2934 4490 huic
2992 4437 3191 4507 Doecb,
3253 4441 3442 4500 Beatus

1843 4519 2063 4588 populus
2100 4522 2248 4589 cujus
2289 4531 2360 4574 est
2404 4520 2660 4578 Dominus
2711 4524 2851 4579 Deus
2888 4529 3066 4598 ipsius.
3099 4531 3230 4585 Nam
3270 4535 3355 4588 illa
3389 4537 3441 4590 iu

1843 4612 2037 4680 quibus
2061 4612 2306 4667 dixerunt
2327 4615 2537 4668 beatum
2559 4617 2841 4686 populum,
2866 4633 3148 4678 enumerat
3172 4625 3440 4683 Psalmus.

1844 4701 2030 4758 Loculi
2078 4714 2204 4758 sunt
2244 4705 2385 4759 enim
2419 4715 2668 4776 tauquam
2712 4707 2807 4762 filii
2843 4710 3028 4778 alieni,
3058 4722 3308 4783 tanquam
3341 4717 3443 4773 iste

1843 4792 2024 4848 Doech
2059 4792 2343 4861 ldumaaus,
2388 4796 2438 4850 id
2470 4810 2552 4850 est
2588 4807 2834 4854 terrenus
2862 4818 2875 4855 :
2913 4800 2983 4855 0s
3017 4820 3191 4858 eorum
3218 4807 3440 4863 locutunt

1841 4895 1917 4940 est
1941 4887 2252 4953 vanitatem;
2275 4888 2484 4942 dextera
2509 4906 2700 4956 eorum,
2732 4892 2939 4946 dextera
2959 4894 3259 4963 iniquitatis.
3293 4899 3441 4967 Quo-

1842 4995 1956 5033 rum
1981 4979 2078 5048 ﬁlii
2097 4980 2321 5049 ipsorum
2348 4982 2479 5035 sicut
2508 4984 2721 5037 novella:
2740 4987 3072 5040 constabilita:
3098 4993 3152 5042 in
3175 4993 3441 5061 juventute

1841 5087 1937 5125 sua
1965 5087 1985 5124 :
2007 5071 2131 5139 ﬁlia:
2156 5087 2329 5125 eorum
2354 5075 2666 5142 compositae,
2702 5086 2751 5129 et
2782 5087 2978 5131 ornata:
3003 5080 3133 5132 sicut
3159 5082 3441 5139 similitudo

1842 5163 2018 5234 templi
2049 5180 2068 5218 :
2092 5164 2300 5218 cellaria
2327 5180 2499 5219 eorum
2521 5166 2691 5236 plena,
2722 5170 3005 5223 eructantia
3022 5187 3085 5225 ea:
3099 5171 3195 5226 hoc
3217 5175 3269 5226 in
3296 5175 3394 5228 Iwc
3421 5193 3443 5233 :

1843 5270 1958 5309 oves
1995 5271 2170 5309 eorum
2203 5256 2472 5328 fecunda,
2519 5259 2918 5330 multiplicantes
2957 5263 3010 5316 in
3049 5265 3265 5320 anilibus
3292 5271 3442 5334 suis;

1842 5348 1988 5402 boves
2014 5363 2185 5401 eorum
2208 5353 2366 5402 crassi
2391 5365 2411 5401 :
2430 5366 2530 5402 non
2563 5359 2633 5402 est
2661 5352 2810 5404 ruina
2842 5353 2996 5421 scpis,
3029 5371 3118 5409 nec
3139 5359 3324 5423 exitus,
3347 5377 3434 5414 ne-

1841 5454 1938 5508 que
1988 5437 2183 5493 clamor
2227 5439 2281 5494 in
2331 5440 2514 5507 plateis
2557 5457 2730 5494 eorum
2783 5440 2954 5514 (Psal.
3002 5461 3188 5512 cxutt,
3220 5449 3435 5520 11-15).

1840 5531 2004 5598 Quasi
2033 5546 2277 5602 magnam
2318 5532 2626 5588 felicitatem
2655 5534 2904 5588 videntur
2929 5535 3128 5593 habere
3157 5540 3302 5609 pacis
3329 5549 3436 5596 ter-

1839 5641 2004 5682 rente.
2035 5626 2140 5681 Sed
2161 5626 2259 5681 ille
2287 5626 2377 5695 qui
2418 5634 2666 5682 terrenus
2694 5637 2816 5698 est,
2848 5628 3009 5685 etiam
3036 5639 3213 5689 motus
3240 5644 3344 5701 est,
3375 5635 3430 5691 id

1905 5824 1925 5863 ¹
1957 5824 2054 5878 Kdd
2080 5864 2093 5888 ,
2112 5824 2394 5886 puniuntur.
2414 5833 2469 5877 Αι
2489 5833 2616 5888 uss,
2641 5827 2917 5894 culpantur.
