3968 6374
473 355 576 417 6U

1650 336 1711 393 S.
1751 313 2120 390 AUGUSTINI
2157 322 2463 383 EPISCOPI

3692 328 3797 382 ωε

476 491 557 524 est
585 481 834 538 tanquam
864 462 1038 534 pnivis
1058 476 1218 532 quem
1251 455 1461 530 proiicit
1480 463 1673 511 ventus
1686 467 1717 505 a
1737 450 1872 505 facie
1893 458 2074 503 teme.
2182 439 2270 497 dia
2292 450 2405 497 tua.
2422 442 2536 515 E80
2548 441 2695 499 enim
2707 442 2832 515 Ψίίδ
2850 443 2950 538 (δεῖ
2962 443 2987 497 ⁷
3001 441 3057 500 εί
3073 445 3299 511 νωοίίιει
3314 446 3458 517 im.”
3473 448 3554 519 [εί
3563 446 3793 515 Μαιρὰ·

478 536 719 629 Denique
761 555 889 633 quid
934 556 987 608 in
1032 552 1139 608 illis
1185 545 1634 619 reprelienditur?
1679 542 1796 599 Non
1826 540 2077 633 quia
2330 544 2697 633 upper-secutor
2720 546 2766 591 et
2789 536 3089 609 iniuriosus.
3111 538 3193 591 Tu
3213 549 3393 593 autem
3414 539 3545 610 quid
3576 539 3794 601 iecisti!

480 651 798 713 habuerint;
827 630 951 702 nam
991 655 1044 699 ct
1078 642 1203 698 boui
1240 642 1439 696 habent
1478 640 1576 692 ista
1608 656 1622 691 :
1653 634 1748 690 sed
1773 633 1936 706 quid?
1966 630 2081 688 iloc

481 741 779 807 intendite;
812 755 880 794 ne
906 738 1107 811 passim
1136 734 1329 794 divites
1358 727 1791 802 reprehendatis,
1816 735 1871 780 et
1894 736 2080 779 rursus

480 852 551 889 nc
579 834 648 889 de
680 834 993 903 paupertate
1016 837 1069 883 et
1095 826 1163 880 de
1191 833 1430 895 egestate
1459 818 1815 893 praesumatis.
1848 816 1905 871 Si
1936 816 2079 871 enim

484 940 592 979 non
636 933 722 979 est
775 920 1210 992 praesumendum
1256 916 1324 971 de
1381 913 1617 973 divitiis,
1660 918 1862 980 quanto
1912 904 2083 975 magis

485 1032 592 1069 non
637 1023 720 1070 est
774 1012 1202 1084 prmsuntendum
1229 1013 1293 1063 de
1339 1013 1679 1076 paupertate,
1723 1000 1817 1054 sed
1855 998 1924 1052 de
1972 996 2084 1051 Deo

486 1109 645 1160 vivo?
675 1105 728 1159 lu
753 1121 863 1175 quo
889 1120 1021 1175 ergo
1050 1104 1134 1165 isti
1166 1098 1452 1156 notantur?
1476 1095 1609 1165 Quia
1636 1094 1834 1148 beatum
1848 1090 2086 1143 dixerunt

488 1196 736 1268 populum
764 1196 847 1251 cui
877 1197 986 1250 lucc
1020 1203 1159 1249 sunt.
1190 1192 1315 1247 ldco
1342 1190 1432 1243 lilii
1462 1186 1622 1241 alieni
1642 1227 1657 1251 ,
1686 1185 1808 1239 idco
1832 1199 1888 1236 os
1910 1196 2087 1235 eorum

487 1290 716 1346 locutum
732 1300 810 1344 est
838 1289 1130 1348 vanitatem,
1163 1295 1211 1338 et
1237 1284 1443 1337 dextera
1471 1294 1647 1334 eorum
1675 1277 1881 1333 dextera
1900 1270 2090 1338 iniqui-

486 1381 623 1438 tatis.
655 1380 734 1435 Tu
772 1358 950 1434 autem
987 1377 1159 1449 quid?
1188 1373 1374 1429 Beatus
1421 1371 1643 1443 populus
1685 1367 1835 1437 cujus
1869 1373 1944 1418 est
1975 1361 2089 1415 Do-

488 1475 655 1525 minus
684 1473 818 1525 Deus
846 1470 1026 1540 ipsius.

562 1564 648 1619 16.
684 1563 850 1637 [vers.
882 1561 1011 1636 10.]
1042 1561 1186 1631 Ergo
1215 1561 1320 1614 isto
1345 1557 1600 1612 damnato
1640 1553 1730 1622 qui
1773 1549 1997 1619 spcrarit
2038 1548 2091 1600 in

486 1656 812 1710 multitudine
835 1654 1135 1709 divitiarum
1159 1667 1368 1706 suarum
1389 1691 1402 1711 ,
1427 1658 1473 1703 et
1498 1644 1764 1717 praevaluit
1790 1643 1845 1696 in
1872 1642 2094 1694 uanitate

487 1763 584 1799 sua
607 1762 627 1801 :
653 1745 780 1814 quid
810 1745 956 1800 enim
980 1744 1172 1799 vanius
1190 1759 1259 1797 eo
1283 1742 1374 1812 qui
1408 1748 1561 1809 putat
1588 1738 1708 1807 plus
1736 1734 2094 1790 valet-enum-

490 1853 638 1891 mutu
668 1852 828 1907 quam
869 1835 1076 1891 Deum?
1101 1834 1245 1905 Ergo
1271 1835 1376 1888 isto
1401 1831 1658 1888 damnato
1683 1827 1774 1899 qui
1804 1827 1940 1881 dixit
1975 1823 2097 1878 bea-

492 1940 601 1983 tum
626 1926 876 2001 populum
903 1930 983 1981 cui
1010 1929 1119 1981 lucc
1137 1934 1258 1981 sunt
1280 1939 1302 1980 :
1322 1934 1377 1979 ttt
1398 1922 1491 1993 qui
1520 1920 1660 1977 dicis
1677 1960 1697 1986 ,
1718 1916 1908 1973 Beatus
1934 1931 2095 1985 popu-

491 2020 577 2075 lus
603 2019 750 2089 cujus
775 2026 850 2072 est
880 2016 1131 2072 Dominus
1156 2014 1296 2070 Deus
1323 2015 1490 2085 ipsius
1512 2051 1532 2079 ,
1556 2009 1686 2082 quid
1719 2009 1789 2064 de
1815 2018 1869 2063 te
1893 2005 2099 2061 sentis?

491 2112 622 2182 quid
651 2109 745 2165 tibi
775 2110 1001 2181 speras?
1038 2106 1151 2181 Ego
1178 2115 1348 2162 autem
1367 2147 1383 2171 ,
1414 2106 1522 2177 iam
1552 2103 1715 2159 modo
1741 2116 1937 2170 corpus
1968 2099 2099 2155 illud

493 2201 653 2266 audi;
678 2199 786 2273 Ego
808 2210 976 2255 autem
991 2200 1119 2254 sicut
1138 2198 1275 2253 oliva
1303 2198 1569 2268 fructifera
1585 2196 1640 2251 in
1663 2196 1817 2249 domo
1843 2190 1960 2246 Dei.
1977 2189 2097 2248 Non

497 2308 636 2347 unus
664 2293 826 2347 homo
858 2291 1115 2361 loquitur,
1134 2288 1231 2345 sed
1247 2290 1387 2344 oliva
1408 2289 1496 2342 illa
1513 2284 1811 2351 fructifera,
1827 2283 1969 2339 unde
1984 2298 2101 2338 am-

494 2384 665 2455 putati
690 2390 815 2437 sunt
843 2382 1063 2453 superbi
1093 2381 1250 2448 rami,
1281 2388 1339 2437 et
1368 2380 1603 2436 insertus
1626 2376 1844 2431 humilis
1868 2376 2103 2430 oleaster

497 2475 674 2539 (liotn.
698 2488 775 2542 ιι,
809 2472 921 2545 l7).
946 2472 1094 2529 Sicut
1117 2472 1254 2528 oliva
1281 2471 1551 2545 fructifera
1572 2470 1628 2524 in
1656 2469 1809 2523 domo
1836 2467 1954 2533 Dei,
1980 2480 2102 2536 spe-

496 2570 607 2624 ravi
639 2568 694 2623 in
723 2566 1075 2622 misericordia
1110 2562 1225 2620 Dei.
1253 2564 1350 2620 ille
1371 2562 1540 2635 quid?
1568 2559 1638 2616 In
1662 2560 1989 2616 multitudine
2016 2558 2072 2612 di
2083 2587 2101 2599 -

497 2661 734 2713 uitiarum
751 2673 961 2714 suarum
980 2655 1141 2712 :‘ideo
1167 2654 1317 2711 radix
1338 2659 1457 2724 ejus
1476 2653 1737 2709 evelletur
1762 2651 1830 2706 de
1852 2659 1993 2704 terra
2021 2648 2103 2702 vi-

500 2750 760 2805 ventium.
784 2747 897 2821 Ego
924 2757 1092 2803 autem
1121 2748 1244 2818 quia
1270 2751 1400 2801 sicut
1423 2746 1556 2799 oliva
1579 2745 1844 2815 fructifera
1868 2743 1922 2793 in
1950 2740 2104 2793 domo

502 2838 628 2899 Dei,
660 2837 814 2908 cujus
840 2836 992 2893 radix
1021 2836 1285 2900 nutritur,
1323 2852 1429 2889 non
1454 2834 1781 2897 eradicatur,
1807 2830 2010 2903 speravi
2050 2829 2105 2884 in

502 2927 852 2984 misericordia
878 2925 994 2983 Dei.
1013 2925 1120 2982 Sed
1146 2925 1286 2980 forte
1309 2924 1504 2980 modo?
1527 2923 1661 2980 Nam
1689 2931 1747 2978 et
1772 2920 1898 2976 hinc
1924 2927 2107 2977 errant

504 3020 751 3074 homines
776 3016 1083 3088 aliquando.
1111 3018 1277 3072 Deum
1296 3016 1515 3089 quidem
1540 3014 1744 3078 colunt,
1772 3023 1829 3069 et
1853 3027 1959 3068 nou
1980 3021 2108 3067 sunt

503 3109 610 3180 jam
642 3107 849 3164 similes
875 3108 966 3163 isti
1008 3106 1190 3163 Doeelt
1218 3122 1234 3162 :
1274 3109 1368 3161 sed
1397 3108 1642 3176 quamvis
1664 3103 1734 3159 de
1767 3104 1877 3160 Deo
1906 3118 2109 3173 presu-

507 3211 675 3265 maut,
693 3199 760 3255 ad
784 3200 1093 3271 temporalia
1121 3209 1299 3256 tamen
1318 3215 1335 3261 ;
1357 3208 1416 3253 ut
1438 3198 1620 3252 dicant
1645 3196 1768 3264 sibi,
1785 3196 1915 3253 Cuio
1940 3197 2105 3272 Deum

511 3308 711 3355 tneum,
734 3292 822 3363 qui
849 3307 939 3347 me
966 3291 1203 3346 facturus
1223 3298 1308 3345 est
1331 3288 1557 3345 divitem
1588 3288 1641 3343 in
1664 3298 1827 3354 terra,
1859 3286 1952 3357 qui
1978 3285 2107 3341 mihi

510 3385 649 3440 lilios
675 3385 897 3438 daturus
921 3392 1001 3439 est
1019 3425 1035 3449 ,
1065 3382 1157 3454 qui
1182 3383 1316 3438 mihi
1338 3397 1566 3438 uxorem
1587 3380 1809 3436 daturus
1833 3389 1936 3436 est.
1960 3379 2110 3435 Talia

509 3479 724 3550 quidem
747 3496 851 3534 non
869 3477 1085 3533 datnisi
1111 3478 1272 3545 Deus,
1292 3476 1387 3532 sed
1403 3492 1510 3531 non
1535 3476 1648 3531 vult
1665 3490 1727 3532 se
1749 3483 1969 3545 propter
1988 3474 2110 3528 talia

510 3572 659 3643 diligi
706 3572 865 3625 Deus.
899 3570 1026 3624 ideo
1066 3570 1210 3624 enim
1251 3584 1397 3638 smne
1437 3570 1536 3624 ista
1583 3567 1676 3631 dat
1715 3578 1773 3621 et
1822 3567 2010 3631 malis,
2055 3573 2114 3620 ut

514 3661 656 3715 aliud
682 3660 752 3715 ab
781 3661 873 3716 illo
902 3660 1113 3715 discant
1145 3674 1393 3729 quaerere
1421 3658 1567 3714 boni.
1593 3656 1878 3723 Quomodo
1900 3671 2031 3725 ergo
2058 3664 2113 3710 tu

514 3753 682 3816 dicis,
717 3752 930 3823 Speraui
962 3752 1016 3806 in
1055 3735 1403 3806 misericordia
1431 3749 1571 3805 Dci.’
1598 3751 1760 3806 Forte
1792 3748 1860 3804 ad
1902 3759 2116 3819 tempo-

521 3843 654 3898 ralia
694 3840 1073 3911 adipiscendai'
1120 3841 1234 3909 imo
1275 3842 1329 3896 in
1367 3852 1652 3905 cteruum,
1690 3851 1739 3895 et
1774 3841 1830 3895 in
1873 3840 2117 3894 saeculum

517 3933 711 3990 seculi.
737 3934 891 4003 Quod
927 3934 1063 3991 dixit
1099 3934 1153 3989 in
1180 3944 1429 3989 internum
1450 3974 1469 4001 ,
1495 3945 1745 4002 repetere
1785 3932 1956 3987 voluit
1980 3931 2117 4001 adjic

519 4026 713 4081 ciendo
736 4026 789 4080 in
816 4029 1060 4081 saeculum
1085 4026 1286 4091 saeculi,
1320 4034 1379 4079 ut
1401 4025 1747 4079 confirmaret
1771 4024 1842 4078 ibi
1869 4033 2120 4094 repeten-

520 4118 614 4183 do,
631 4134 790 4188 quam
818 4117 1069 4174 fundatus
1091 4128 1237 4175 esset
1264 4119 1315 4173 in
1342 4119 1632 4175 dilectione
1658 4117 1811 4191 regni
1832 4118 2119 4187 calorum,

522 4222 578 4267 et
607 4210 659 4265 iu
689 4225 786 4280 spe
813 4222 1028 4266 aeterna:
1060 4210 1350 4267 felicitatis.
1432 4284 1435 4285 ν

598 4301 686 4356 l7.
709 4300 859 4375 [oers.
888 4299 999 4375 H.]
1026 4300 1313 4371 Confitebor
1329 4300 1421 4356 tibi
1443 4302 1498 4356 in
1524 4302 1768 4359 scculum
1791 4302 2032 4369 quoniam
2046 4303 2125 4375 fo-

520 4392 653 4449 cisti.
690 4392 828 4462 Quid
860 4392 1068 4464 fecisti?
1093 4385 1277 4449 Doecb
1305 4392 1605 4459 damnasti,
1638 4392 1803 4449 David
1829 4393 2121 4450 comnasti.

521 4482 813 4554 Confitebor
836 4483 925 4539 tibi
954 4485 1007 4538 in
1034 4484 1280 4541 naculum
1302 4486 1546 4556 quoniam
1571 4485 1757 4557 fecisti.
1774 4485 1962 4556 Magna
1987 4502 2123 4544 con-

523 4578 707 4650 fessio,
736 4579 977 4646 quoniam
999 4577 1184 4648 fecisti.
1213 4578 1352 4645 Quid
1382 4579 1566 4650 fecisti,
1598 4580 1698 4633 nisi
1727 4580 1840 4634 ιιιυε
1866 4567 1981 4649 ipsa
2002 4565 2123 4650 qum

523 4684 686 4739 supra
712 4670 852 4726 dicta
882 4680 1028 4737 sunt,
1060 4681 1120 4725 ut
1136 4683 1393 4741 tanquam
1422 4673 1562 4726 oliva
1586 4672 1854 4727 fructifera
1888 4691 1939 4726 ιιι
1961 4673 2128 4729 domo

532 4761 665 4829 Dei,
693 4777 966 4833 sperarem
1008 4763 1062 4817 in
1099 4761 1471 4818 misericordia
1501 4763 1627 4824 Dei,
1648 4763 1704 4818 in
1743 4772 2003 4820 aeternum
2027 4806 2043 4830 ,
2070 4774 2125 4821 et

527 4858 582 4911 in
614 4857 873 4912 smculutn
902 4856 1123 4912 muli?
1159 4856 1242 4912 Tu
1272 4858 1443 4912 iecisti
1476 4875 1492 4911 :
1524 4857 1718 4926 impius
1747 4858 2041 4927 justiﬁearc
2068 4873 2129 4915 se

532 4961 638 5000 non
669 4955 865 5017 potest.
902 4945 1010 5004 Sed
1040 4950 1165 5017 quis
1190 4956 1273 5002 est
1296 4947 1389 5017 qui
1423 4946 1714 5018 justiﬁeat?
1736 4947 2003 5016 Credenti,
2041 4951 2126 5004 iu-

525 5037 679 5108 quit,
707 5037 761 5091 in
803 5054 918 5090 eum
959 5036 1045 5108 qui
1067 5037 1327 5109 justiﬁcat
1362 5038 1578 5109 impium
1625 5036 1737 5110 (id.
1769 5054 1846 5105 Iv,
1878 5040 1959 5107 5).
1993 5040 2132 5106 Quid

529 5128 666 5182 enim
694 5124 847 5181 habes
872 5129 1010 5200 quod
1032 5144 1137 5183 non
1152 5120 1432 5199 accepisti!
1451 5127 1516 5185 Si
1541 5140 1713 5185 autent
1732 5132 1991 5201 accepisti,
2008 5131 2133 5199 quid

531 5219 772 5289 gloriaris
796 5218 944 5290 quasi
967 5236 1070 5273 non
1096 5221 1349 5291 acceperis
1386 5219 1430 5293 (ι
1449 5218 1571 5277 Cor.
1597 5236 1671 5283 tv.
1694 5222 1777 5292 7),
1805 5224 1961 5295 quasi
1986 5240 2050 5277 ex
2079 5232 2133 5278 te

535 5308 773 5366 habeas?
789 5311 943 5367 Absit
963 5321 1019 5366 ut
1043 5327 1145 5383 ego
1171 5311 1251 5367 sic
1270 5312 1493 5383 glorier,
1519 5315 1596 5368 ait
1615 5314 1717 5369 iste
1740 5316 1831 5385 qui
1854 5319 2135 5385 Oppositus

534 5413 617 5457 est
638 5410 824 5458 contra
852 5400 1071 5471 Doecb,
1105 5403 1198 5475 qui
1227 5404 1422 5460 tolerat
1447 5405 1628 5462 Docch
1664 5404 1718 5459 iu
1751 5417 1892 5461 terra
1912 5448 1927 5473 ,
1961 5406 2136 5463 donec

535 5496 765 5567 emigret
792 5497 880 5551 ille
906 5497 975 5552 de
996 5496 1366 5561 tabernaculo,
1385 5507 1442 5553 et
1465 5497 1770 5567 eradicetur
1793 5498 1862 5554 de
1888 5510 2031 5555 terra
2057 5501 2137 5556 vi-

537 5589 799 5644 ventium.
837 5587 956 5645 Non
993 5590 1195 5658 glorior
1227 5590 1377 5659 quasi
1417 5604 1525 5645 non
1563 5590 1858 5661 acceperim
1882 5630 1900 5658 ,
1945 5590 2041 5647 sed
2081 5592 2135 5647 in

544 5680 657 5736 Deo
684 5681 903 5750 glorior.
945 5680 1011 5736 Et
1039 5681 1317 5751 conﬁtebor
1342 5682 1432 5736 tibi
1458 5682 1699 5752 quoniam
1722 5684 1912 5753 fecisti,
1941 5682 1995 5738 id
2021 5691 2136 5752 est,

526 5771 674 5841 \quia
702 5782 756 5824 tu
774 5771 941 5826 iecisti
965 5813 980 5839 ,
999 5787 1107 5827 non
1132 5788 1198 5829 ex
1227 5773 1430 5829 meritis
1455 5773 1720 5845 meis,sed
1738 5794 1801 5833 ex
1826 5774 2134 5832 misericor-

2191 630 2300 686 Sed
2326 630 2732 685 misericordiam
2755 640 3056 686 consecutus
3090 648 3203 685 sum
3226 673 3240 694 ,
3272 632 3393 704 quia
3422 636 3670 706 ignorans
3697 636 3796 707 feci

2190 721 2234 793 (Ι
2258 720 2392 777 Tini.
2421 737 2460 786 ι,
2479 720 2591 790 15).
2612 718 3001 791 Confitebortibi
3008 723 3064 777 in
3083 724 3328 778 sarculum
3345 728 3591 793 quoniam
3607 726 3793 797 fecisti.

2266 814 2352 867 18.
2402 811 2464 865 Et
2494 799 2794 885 exspectabo
2814 831 2997 867 nomen
3030 827 3201 879 tuum,
3235 818 3356 887 quia
3372 820 3672 889 jucundum
3701 838 3792 875 es.

2193 904 2450 958 Amarum
2480 914 2561 958 est
2600 905 2855 959 malum
2879 946 2895 971 ,
2923 905 3019 962 sed
3051 922 3247 963 nomen
3286 918 3433 964 tuom
3470 910 3791 979 jucundum.

2195 994 2261 1048 Et
2280 995 2325 1049 si
2349 994 2525 1050 dulcia
2553 994 2797 1066 quadam
2826 1008 2954 1053 sunt
2984 999 3036 1053 in
3061 1002 3260 1055 seculo
3280 1043 3295 1069 ,
3323 1003 3417 1057 sed
3442 1020 3567 1058 cum
3595 1008 3795 1061 amari-

2194 1085 2383 1140 tudine
2408 1085 2746 1156 digeruntur.
2774 1088 3117 1160 Pnepouitur
3142 1108 3337 1148 nomen
3365 1103 3539 1161 tuum,
3572 1113 3680 1154 non
3704 1118 3795 1158 sco

2195 1176 2308 1232 lum
2339 1180 2742 1248 magnitudine,
2774 1181 2869 1237 sed
2909 1183 3074 1238 etiam
3096 1184 3431 1253 iucunditate
3456 1191 3497 1242 ³.
3526 1190 3793 1250 Narrave-

2196 1275 2323 1322 runt
2345 1268 2543 1324 etenim
2583 1269 2713 1324 mibi
2742 1270 2923 1341 iujusti
2964 1274 3347 1333 delectationes
3370 1294 3495 1335 suas
3518 1323 3534 1343 ,
3562 1283 3657 1338 sed
3687 1299 3792 1340 non

2196 1358 2338 1413 sicut
2366 1359 2451 1414 lex
2479 1368 2591 1423 tua,
2624 1361 2848 1418 Domine
2880 1362 3052 1433 (Psal.
3080 1382 3244 1422 cxvut
3262 1409 3279 1435 ,
3300 1370 3413 1441 85).
3440 1371 3625 1444 Neque
3651 1376 3795 1432 enim

2198 1447 2245 1503 si
2277 1448 2407 1503 nihil
2434 1449 2595 1506 dulce
2619 1461 2765 1508 esset
2800 1456 3159 1528 martyribus,
3191 1470 3363 1516 tantas
3390 1464 3799 1524 tribulationum

2198 1541 2587 1599 umaritudines
2606 1560 2761 1615 aequo
2786 1547 2970 1601 animo
2993 1551 3341 1607 sustinerent.
3369 1556 3689 1612 Amaritudo
3707 1575 3803 1614 eo-

2199 1646 2318 1686 rum
2347 1647 2377 1687 a
2402 1635 2594 1703 quovis
2619 1636 2971 1705 sentiebatur,
2999 1639 3338 1698 dulcedinem
3365 1660 3552 1701 eorum
3579 1664 3688 1705 non
3722 1649 3802 1705 fa-

2200 1726 2306 1782 cile
2328 1728 2609 1799 quisquam
2626 1743 2849 1800 gustare
2869 1742 3096 1800 poterat.
3115 1733 3321 1791 Nomen
3344 1754 3474 1810 ergo
3493 1741 3583 1795 Dei
3598 1744 3803 1811 juctm-

2200 1816 2328 1871 dum
2364 1828 2448 1875 est
2477 1822 2779 1877 amantibus
2808 1822 2975 1879 Deum
3000 1841 3166 1894 super
3188 1842 3381 1885 omnes
3408 1832 3800 1899 jucttuditates.

2203 1909 2524 1982 [imputabo
2551 1929 2734 1969 nomen
2780 1924 2953 1982 tuum,
2980 1919 3101 1988 quia
3137 1920 3427 1989 jucundum
3464 1935 3559 1979 est.
3602 1925 3673 1982 Et
3713 1930 3803 1985 cui

2203 2004 2400 2072 probas
2428 2006 2554 2075 quia
2577 2005 2878 2077 jucundum
2909 2010 3027 2066 est?
3064 2012 3136 2066 Da
3169 2013 3299 2071 mihi
3332 2017 3564 2083 palatum
3593 2021 3683 2077 cui
3716 2021 3806 2092 ju-

2201 2096 2440 2151 cundum
2482 2107 2586 2153 est.
2631 2097 2814 2155 Lauda
2860 2102 2966 2157 mei
3010 2112 3268 2173 quantum
3312 2117 3498 2176 potes,
3533 2118 3805 2185 exaggera

2202 2186 2544 2244 dulcedinem
2574 2190 2693 2260 ejus
2721 2187 2917 2262 quibus
2955 2195 3190 2252 valueris
3220 2199 3397 2255 verbis
3436 2218 3451 2255 :
3497 2203 3665 2260 homo
3705 2223 3805 2261 ne-

2205 2279 2385 2336 sciens
2406 2280 2536 2352 quid
2559 2283 2631 2337 sit
2655 2284 2785 2350 mel,
2813 2285 2915 2339 uisi
2939 2289 3253 2354 gustaverit,
3280 2291 3406 2361 quid
3427 2292 3581 2351 dicas
3610 2301 3802 2358 nescit.

2208 2368 2336 2437 ideo
2384 2373 2553 2453 magis
2599 2373 2668 2428 ad
2695 2376 3121 2443 experimentum
3164 2391 3215 2436 te
3256 2383 3486 2441 invitans
3532 2392 3802 2457 psalmus,

2206 2460 2333 2532 quid
2355 2463 2466 2518 ait?
2489 2463 2721 2534 Gustata,
2752 2477 2802 2521 et
2824 2468 2987 2523 videte
3003 2473 3243 2537 quoniam
3270 2479 3440 2531 suavis
3460 2488 3531 2533 est
3560 2480 3808 2540 Dominus

2209 2551 2385 2625 (Psal.
2404 2556 2699 2626 xxxnnD).
2723 2558 2959 2615 Gustare
2983 2578 3091 2617 non
3116 2564 3220 2630 vis,
3239 2575 3293 2620 et
3320 2566 3475 2633 dicis,
3499 2569 3806 2629 Jucttndttnt

2209 2646 2327 2700 est?
2348 2646 2486 2713 Quid
2510 2648 2807 2717 jucundum
2832 2654 2951 2707 est?
2970 2652 3027 2709 Si
3051 2657 3298 2725 gustasti,
3330 2659 3381 2714 in
3406 2660 3578 2717 fructu
3609 2674 3702 2719 tua
3732 2668 3813 2720 in-

2210 2737 2477 2803 veniatur,
2496 2755 2600 2792 nou
2619 2739 2673 2794 in
2693 2741 2822 2796 solis
2834 2743 3076 2811 vocibus,
3094 2756 3345 2818 cuiquam
3368 2757 3743 2810 tantummodo
3759 2758 3810 2813 in

2209 2827 2370 2888 loliis.
2388 2830 2764 2888 nemaIedicto
2780 2834 2990 2891 Domini
3006 2851 3254 2895 arescere
3278 2849 3529 2910 tanquam
3547 2846 3639 2902 illa
3664 2849 3814 2904 ﬁcul-

2210 2935 2311 2977 nea
2337 2921 2827 2995 merearisUIattlt.
2848 2941 2960 2994 ut,
2985 2927 3099 2999 i9).
3122 2927 3351 2997 (instate,
3376 2933 3567 3001 inquit,
3591 2947 3638 2991 et
3654 2939 3815 2994 uidete

2209 3014 2713 3084 quosdansuauisest
2724 3015 2995 3074 Dominus.
3011 3018 3241 3093 Gustate,
3254 3034 3300 3080 et
3315 3027 3475 3081 videte
3492 3046 3507 3081 :
3524 3041 3650 3086 tunc
3668 3033 3815 3088 vide-

2212 3104 2361 3173 bitis,
2386 3107 2433 3163 si
2456 3110 2821 3178 gustaveritis.
2845 3110 3059 3169 Homini
3078 3125 3257 3171 autem
3274 3134 3379 3172 non
3400 3123 3661 3191 gustanti,’
3676 3128 3817 3180 unde

2216 3198 2448 3269 probes?
2470 3200 2762 3260 Laudando
2800 3204 3189 3272 iucunditatem
3219 3213 3449 3267 nominis
3479 3214 3595 3278 Dei,
3646 3232 3819 3288 quan-

2214 3298 2500 3362 lacumque
2514 3293 2738 3362 dixeris,
2769 3298 2931 3352 verba
2958 3308 3084 3355 sunt
3104 3318 3119 3353 :
3136 3302 3278 3357 aliud
3304 3313 3390 3359 est
3414 3319 3620 3374 gustus.
3644 3310 3814 3366 Verba

2216 3382 2393 3437 laudis
2444 3384 2564 3453 ejus
2610 3387 2835 3442 audiunt
2884 3400 2941 3444 et
2979 3390 3128 3461 impii
3158 3408 3175 3447 :
3205 3409 3314 3449 non
3355 3406 3531 3453 autem
3602 3414 3820 3471 gustant

2217 3490 2377 3546 quam
2392 3475 2688 3546 jucundum
2715 3490 2821 3547 est,
2856 3482 2958 3537 nisi
2988 3485 3180 3539 sancti.
3205 3486 3439 3545 Proinde
3457 3491 3559 3547 istc
3578 3498 3820 3552 sentiens

2213 3568 2556 3626 dulcedinem
2584 3573 2818 3629 nominis
2838 3575 2955 3643 Dei,
2984 3586 3041 3633 et
3080 3580 3269 3635 volens
3290 3596 3354 3635 ex
3366 3582 3585 3652 plicare,
3636 3598 3693 3642 et
3728 3605 3823 3643 vo-

2219 3660 2340 3718 lens
2359 3664 2665 3732 ostendere,
2692 3684 2794 3724 nec
2830 3670 3111 3730 inveniens
3128 3676 3323 3745 quibus
3351 3694 3370 3735 :
3395 3682 3593 3736 etenim
3621 3688 3821 3741 sanctis

2221 3768 2331 3809 non
2357 3771 2495 3824 opus
2518 3768 2601 3812 est
2626 3766 2689 3812 ut
2715 3760 2985 3829 ostendat,
3007 3764 3132 3833 quia
3161 3775 3216 3821 et
3246 3767 3346 3838 ipsi
3383 3782 3601 3841 gustant
3629 3786 3683 3829 et
3719 3792 3817 3830 no-

2222 3853 2376 3937 ruut;
2405 3846 2555 3917 impii
2589 3848 2767 3905 autem
2796 3851 3002 3910 sentire
3025 3871 3133 3912 non
3178 3870 3402 3929 possunt
3429 3845 3572 3933 quod
3608 3878 3821 3937 gustare

2202 3936 2414 3991 nolunt
2440 3955 2454 3991 :
2477 3939 2607 4009 quid
2632 3956 2762 4012 ergo
2790 3942 2918 4000 facit
2959 3944 3030 4001 de
3046 3945 3383 4016 iucunditate
3426 3936 3660 4012 nominis
3690 3959 3821 4014 Deii

2225 4027 2371 4083 Tulit
2394 4044 2454 4086 se
2480 4032 2738 4087 continuo
2777 4048 2811 4089 a
2841 4035 3012 4093 turbis
3043 4038 3328 4109 impionnn
3358 4059 3373 4098 :
3407 4043 3474 4097 Et
3502 4051 3817 4116 exspectabo,

2225 4118 2418 4192 inquit,
2450 4140 2633 4181 nomen
2677 4136 2843 4193 tuum,
2868 4128 2988 4199 quia
3016 4130 3310 4202 jucundum
3349 4145 3422 4189 est
3467 4137 3518 4190 in
3556 4153 3823 4210 conspectu

2225 4223 2516 4269 sanctorum
2552 4225 2776 4272 tuorum.
2800 4217 3104 4275 iucundum
3154 4232 3239 4278 est
3276 4240 3469 4281 nomen
3520 4239 3692 4296 tuum,
3730 4233 3820 4287 sed

2228 4321 2336 4361 non
2384 4307 2438 4362 in
2493 4318 2785 4381 conspectu
2832 4312 3117 4381 impiorum
3151 4331 3296 4389 :ego
3350 4334 3511 4389 quam
3557 4322 3717 4381 dulce
3756 4327 3824 4381 sit

2227 4398 2364 4465 scio,
2392 4399 2487 4455 sed
2510 4398 2593 4454 bis
2618 4403 2708 4472 qui
2738 4414 3039 4473 gustarunt.
3464 4406 3465 4409 “

2684 4610 2769 4676 IN
2810 4612 3197 4679 PSALMUM
3237 4617 3345 4682 ιιι

2808 4716 3227 4775 ENARiiATIU.

2883 4826 3059 4868 saan
3098 4813 3198 4886 (ο).

2308 4898 2525 4975 I._[vers
2568 4899 2653 4977 1.]
2695 4900 2966 4959 Psalmum
2989 4904 3153 4960 istum
3181 4908 3832 4977 vobiscumtractandum.

2235 5002 2496 5062 quantum
2516 4992 2776 5048 Dominus
2801 4997 3061 5067 suggerit,
3092 4999 3435 5069 suscipimus.
3466 5002 3628 5058 iubet
3673 5008 3831 5062 inter

2238 5094 2297 5137 ut
2324 5084 2570 5151 velimus,
2601 5095 2655 5139 et
2678 5096 2798 5139 orat
2817 5087 2839 5120 ²
2866 5097 2923 5140 ιιι
2946 5088 3231 5157 possimus.
3260 5090 3317 5145 Si
3340 5093 3469 5161 quid
3494 5072 3830 5153 lestinatioue

2239 5175 2380 5232 forte
2415 5179 2831 5247 praetermiserit,
2879 5178 3122 5249 implebit
3165 5182 3218 5236 in
3260 5183 3414 5239 vobis
3449 5186 3538 5255 qui
3587 5199 3644 5244 et
3684 5189 3832 5246 nobis

2241 5267 2371 5323 dare
2396 5267 2650 5339 dignatur
2690 5268 2831 5341 quod
2874 5270 3054 5326 dicere
3091 5275 3443 5341 potuerimus.
3488 5277 3698 5335 Titulus
3722 5280 3831 5350 ejus

2242 5368 2325 5414 esl
2358 5377 2381 5415 1.
2405 5358 2472 5414 In
2501 5360 2656 5429 ﬁnem
2676 5378 2769 5429 pro
2799 5359 3047 5431 Maeletlt,
3078 5364 3366 5420 intellectus
3387 5369 3486 5439 ipsi
3513 5368 3698 5426 Dauid.
3735 5373 3833 5426 Pro

2245 5537 2561 5651 “gul
2585 5545 2642 5589 At
2663 5536 2799 5600 Edd.,
2815 5552 2917 5609 non
2941 5538 3097 5591 solum
3118 5541 3456 5606 antaritttdini,
3478 5546 3569 5598 sed
3596 5547 3831 5609 etiamfu-

2246 5606 2686 5774 potiores
2714 5669 2824 5713 Mss.
2849 5670 2905 5715 at
2926 5663 3062 5727 εδει,
3092 5662 3253 5725 iubete
3273 5668 3456 5731 fratres
3475 5676 3529 5722 ut
3560 5668 3771 5733 velimus,
3790 5678 3829 5721 α

2382 5755 2399 5781 ,
2507 5758 2521 5772 .

2316 5784 2392 5848 (a)
2426 5784 2815 5851 nubitusMgalu
2838 5784 3046 5851 aliajus
3063 5784 3265 5841 forsitan
3290 5792 3524 5852 episcopi.
