3968 6390
167 404 262 459 615
1209 392 1607 451 ENARRATIO
1644 391 1709 446 ΙΝ

1824 392 2077 452 iaLMUM
2116 399 2222 456 Lll.

167 515 388 572 llaetettt.
409 512 550 568 sicut
567 511 622 566 in
651 509 988 567 hebrzeorum
1007 507 1536 578 interpretationibus
1557 504 1731 562 nomi-

161 623 276 663 num
295 604 611 669 invenimus,
640 603 856 658 videtur
881 601 1084 668 dicere,
1107 601 1214 656 Pro
1242 601 1574 670 parturiente
1617 599 1732 655 sive

161 702 374 756 dolente.
412 698 542 766 Quis
561 707 740 753 autem
770 697 823 753 in
852 696 958 752 hoc
995 697 1194 753 saeculo
1235 697 1499 768 parturiat
1541 705 1593 749 et
1633 693 1734 747 do-

162 793 562 859 leatagnoscnnt
591 788 796 854 ﬁdeles,
838 789 962 858 quia
1007 786 1132 842 inde
1178 798 1321 842 sunt.
1369 785 1613 842 Christus
1645 784 1731 840 hic

157 883 385 951 parturit,
409 880 652 934 Christus
679 879 767 934 hic
787 879 967 944 dolet;
995 887 1159 948 caput
1185 888 1268 933 est
1296 892 1533 942 sursum,
1559 894 1733 931 tuem-

156 975 240 1028 hra
267 975 532 1028 deorsum.
554 971 740 1044 Neque
780 973 922 1027 enim
951 988 1055 1026 non
1085 971 1389 1036 parturiens
1434 979 1490 1025 et
1541 969 1730 1024 dolens

149 1069 342 1122 diceret
360 1083 373 1118 :
391 1065 570 1129 Saule,
593 1064 774 1123 Saule.
795 1065 922 1134 quid
943 1081 1022 1117 me
1039 1063 1354 1134 persequeris
1375 1062 1513 1133 (Act.
1544 1077 1619 1124 Ix,
1646 1060 1729 1130 4)?

151 1160 260 1225 Quo
279 1165 630 1228 persequente
657 1157 1011 1224 parturiehat,
1035 1170 1160 1211 eum
1181 1169 1500 1209 conversum
1544 1162 1727 1222 partu-

149 1253 248 1306 rire
271 1251 409 1306 fecit.
427 1249 668 1321 Namque
700 1261 754 1304 et
801 1251 913 1316 ipse
940 1258 1119 1317 postea
1171 1247 1503 1302 illuminatus
1539 1256 1640 1307 est,
1671 1253 1730 1299 et

151 1345 248 1399 illis
289 1358 405 1413 qua:
456 1341 881 1412 persequebatur
927 1338 1182 1394 membris
1230 1338 1484 1404 insertus,
1535 1335 1724 1391 eadem

147 1437 394 1491 charitate
423 1451 704 1506 przcgnans
733 1434 945 1488 dicebat
976 1452 989 1486 :
1022 1431 1194 1486 Filioii
1222 1433 1340 1496 utei,
1369 1448 1496 1502 quos
1542 1431 1725 1485 iterum

149 1527 389 1596 parturio,
410 1527 570 1579 donec
590 1523 825 1579 Christus
843 1527 1090 1592 formetur
1106 1524 1158 1575 in
1185 1522 1321 1574 vobis
1343 1519 1486 1591 (Cal.
1517 1537 1586 1584 tv,
1612 1521 1722 1591 19).

147 1620 244 1674 Pro
270 1618 523 1674 membris
546 1618 705 1688 igitur
728 1615 948 1678 Christi.
977 1630 1074 1684 pro
1095 1629 1320 1682 corpore
1349 1613 1464 1680 ejus
1485 1613 1622 1682 quod
1645 1622 1728 1667 est

147 1711 369 1778 Ecclesia
404 1709 620 1782 (Coloss.
653 1725 691 1776 ι,
713 1708 831 1778 24),
855 1725 954 1780 pro
976 1723 1083 1761 uno
1112 1708 1228 1776 ipso
1272 1706 1508 1768 homine,
1567 1705 1616 1758 id
1645 1714 1726 1759 est

143 1813 235 1872 pro
258 1804 370 1874 ipsa
400 1804 604 1859 unitate
623 1802 775 1872 cujus
803 1810 961 1871 caput
987 1815 1200 1854 sursum
1228 1810 1329 1862 est,
1364 1799 1599 1868 psalmus
1623 1799 1724 1853 iste

141 1906 393 1950 cantatur.
453 1895 631 1950 Gemit
686 1904 883 1957 autem,
932 1902 986 1946 et
1039 1893 1282 1962 parturit,
1331 1901 1387 1944 et
1427 1891 1572 1945 dolet
1623 1890 1724 1946 iste

141 1987 309 2044 homo.
336 1988 534 2058 Quare,
567 1989 652 2043 vel
683 1988 821 2043 inter
845 2003 1002 2056 quos,
1033 1986 1132 2039 nisi
1156 1987 1278 2055 quia
1306 1985 1512 2052 accepit
1542 1992 1599 2038 et
1625 1999 1722 2038 co-

138 2080 312 2148 gnovit
338 2070 567 2150 acapite
609 2094 728 2146 suo,
771 2077 1022 2132 dicente:
1047 2075 1334 2130 Abtmdabit
1384 2075 1643 2145 iniquitas.
1675 2083 1722 2127 et

137 2173 418 2242 refrigescet
453 2171 677 2225 charitas
702 2172 973 2224 multarum
993 2169 1018 2222 .’
1037 2169 1092 2223 Si
1120 2179 1297 2222 autem
1325 2167 1602 2221 abundabit
1622 2167 1723 2220 ini-

134 2267 312 2329 auitas,
345 2274 392 2318 et
412 2265 702 2336 refrigescet
740 2262 965 2316 charitas
1005 2261 1302 2324 multorum,
1326 2261 1445 2329 quis
1469 2274 1720 2314 remane-

134 2355 207 2409 bit
229 2355 318 2426 qui
360 2353 660 2425 parturiat?
698 2352 991 2422 Sequitur:
1018 2353 1121 2418 Qui
1152 2349 1539 2420 perseveraverit
1562 2365 1720 2420 usque

130 2447 179 2499 in
201 2447 372 2514 ﬁnem,
407 2447 490 2501 hic
519 2444 691 2499 salvus
736 2444 831 2498 erit
860 2448 879 2515 (
908 2442 1093 2496 Matth.
1123 2458 1272 2508 xxtv,
1298 2441 1381 2508 12,
1406 2441 1516 2512 13).
1567 2441 1718 2497 Unde

131 2547 267 2593 esset
287 2551 542 2609 magnum
589 2551 951 2608 perseverare,
1015 2535 1114 2589 nisi
1159 2536 1298 2590 inter
1347 2535 1620 2589 molestias
1664 2543 1718 2589 et

130 2630 446 2685 teutationes
469 2638 527 2685 et
553 2626 883 2683 turbationes
908 2635 963 2680 et
988 2625 1237 2680 scandala
1287 2634 1431 2686 esset
1466 2641 1719 2699 perseve-

127 2721 386 2776 randum?
412 2720 585 2776 Nemo
609 2720 751 2775 enim
779 2719 998 2785 iubetur
1036 2719 1173 2773 bona
1204 2718 1456 2773 toletare.
1484 2718 1586 2773 Sed
1618 2734 1717 2788 pro

127 2811 224 2866 isto
248 2814 368 2882 quia
391 2812 609 2876 dicitur,
642 2819 698 2865 et
737 2811 860 2880 quia
890 2824 986 2881 pro
1011 2809 1116 2865 isto
1138 2819 1404 2873 cantatur,
1439 2808 1716 2864 videamus

123 2905 244 2972 quid
264 2905 354 2959 sit.
386 2904 494 2960 Pro
515 2904 620 2959 isto
647 2905 990 2972 inerepantur
1011 2901 1098 2955 hic
1139 2897 1386 2956 homines
1415 2901 1557 2956 inter
1578 2916 1713 2971 quos

119 2999 366 3066 gemitur,
399 2997 545 3052 inter
568 3009 702 3066 quos
729 2994 964 3060 doletur,
989 3002 1045 3048 et
1071 2991 1369 3048 consolatio
1397 2992 1630 3047 dolentis
1659 3002 1716 3048 et

122 3088 466 3154 parturientis
491 3089 544 3142 in
573 3086 767 3142 Psalmi
791 3085 897 3141 line
919 3085 1252 3156 depromitur
1276 3091 1332 3139 et
1371 3085 1708 3154 exprimitur,

116 3179 210 3246 Qui
237 3191 362 3234 sunt
389 3193 524 3248 ergo
568 3178 710 3234 inter
751 3192 887 3247 quos
917 3176 1246 3245 parturimus
1270 3182 1325 3230 et
1349 3173 1634 3245 gemimus,
1666 3175 1711 3229 si

118 3271 168 3324 in
191 3286 422 3341 corpore
447 3271 646 3325 Christi
675 3284 894 3332 sumus;
925 3267 968 3322 si
996 3267 1097 3324 sub
1117 3266 1210 3322 illo
1237 3268 1412 3336 capite
1460 3267 1710 3335 vivimus,

112 3363 154 3418 si
185 3364 235 3416 in
258 3363 524 3418 membris
542 3365 658 3430 ejus
691 3361 1014 3432 deputamur
1040 3377 1054 3412 :
1079 3360 1168 3430 qui
1197 3366 1338 3423 sunt,
1381 3356 1528 3412 andi.

175 3453 232 3507 2.
269 3454 417 3508 Dixit
455 3453 753 3523 imprudens
794 3451 849 3506 in
887 3450 1040 3505 corde
1065 3467 1159 3504 suo
1205 3465 1226 3504 :
1255 3449 1377 3502 Non
1431 3459 1504 3503 est
1554 3447 1708 3502 Deus.

113 3530 235 3601 Tale
253 3561 432 3614 genus
474 3553 561 3601 est
607 3545 904 3610 hominum,
947 3543 1085 3596 inter
1111 3557 1247 3613 quos
1276 3541 1422 3596 dolet
1449 3553 1501 3596 et
1546 3541 1713 3612 gemit

109 3648 298 3702 corpus
329 3634 556 3691 Christi.
589 3635 644 3688 Si
672 3636 777 3688 tale
799 3634 902 3688 hoc
926 3632 1202 3688 hominum
1230 3647 1403 3702 genus
1440 3639 1544 3698 est,
1604 3648 1711 3686 non

109 3727 300 3782 mullos
328 3727 661 3797 parturimus
685 3744 700 3780 :
727 3734 980 3796 quantum
1015 3725 1224 3779 videtur
1250 3739 1540 3779 occurrere
1566 3727 1712 3794 engi-

107 3821 399 3875 tationibus
453 3822 672 3885 nostris,
724 3817 978 3890 perpauci
1021 3826 1182 3879 sunt:
1213 3826 1270 3871 et
1297 3817 1515 3871 difficile
1540 3825 1624 3871 est
1651 3825 1710 3872 ut

106 3912 446 3968 incurramus
473 3915 525 3967 in
555 3912 828 3966 hominem
857 3911 947 3981 qui
987 3911 1130 3965 dicat
1154 3911 1207 3964 in
1245 3911 1397 3964 corde
1445 3926 1560 3974 suo,
1586 3909 1710 3965 Non

101 4016 175 4060 est
204 4005 346 4061 Deus
366 4006 544 4079 (Psal.
575 4021 690 4070 xm,
719 4006 805 4075 l):
833 4013 1010 4058 tamen
1035 4005 1115 4058 sic
1135 4005 1284 4071 pauci
1315 4012 1459 4066 sunt,
1489 4011 1546 4057 ut
1572 4004 1710 4058 inter

103 4099 299 4152 multos
317 4095 568 4154 timendo
598 4098 699 4151 hoc
730 4094 931 4159 dicere,
963 4096 1015 4149 in
1043 4092 1206 4150 corde
1232 4109 1331 4148 Stto
1353 4095 1552 4158 dicant,
1583 4095 1707 4165 quia

99 4205 192 4246 ore
219 4184 413 4248 dicere
438 4206 546 4244 non
595 4188 810 4244 audent.
841 4185 958 4242 Non
999 4201 1130 4256 ergo
1169 4186 1395 4240 multum
1438 4197 1522 4241 est
1566 4186 1708 4256 quod

93 4282 352 4353 jubemur
409 4284 677 4346 tolerare;
725 4282 816 4336 vix
850 4280 1119 4334 invenitur
1162 4297 1174 4332 :
1207 4294 1387 4334 rarum
1428 4280 1706 4335 hominum

95 4389 263 4442 genus
301 4384 394 4430 est
429 4373 523 4442 qui
555 4372 734 4426 dicant
759 4371 814 4424 in
848 4370 1001 4424 corde
1037 4385 1152 4434 suo,
1190 4367 1310 4422 Non
1335 4382 1407 4423 est
1433 4368 1598 4423 Deus.
1625 4371 1705 4425 An

96 4480 222 4520 vero
243 4466 357 4519 alio
382 4463 661 4518 intellectu
689 4461 991 4515 discussum
1010 4459 1279 4516 invenitur
1307 4474 1428 4513 esse
1459 4459 1510 4512 in
1532 4457 1703 4528 pluri-

95 4555 212 4616 bus.
247 4555 401 4626 quod
436 4555 491 4608 in
535 4551 718 4622 paucis
745 4560 800 4605 et
834 4551 972 4604 raris
1008 4557 1062 4603 et
1105 4564 1242 4618 pene
1286 4549 1338 4603 in
1379 4550 1545 4604 nullis
1583 4564 1707 4605 esse

94 4644 473 4715 putabamus?
530 4642 796 4697 Prodeant
837 4641 891 4696 in
921 4642 1154 4696 medium
1182 4656 1270 4711 qut
1317 4642 1457 4696 male
1499 4643 1703 4709 vivunt,

93 4740 455 4810 inspiciamus
505 4734 642 4790 facta
670 4732 1078 4804 ﬂagitiosorum,
1113 4731 1534 4786 facinorosorum
1585 4748 1705 4788 sceo

92 4829 511 4898 leratorumque
539 4825 834 4888 hominum,
864 4837 1092 4892 quorum
1147 4836 1338 4890 magna
1384 4824 1537 4876 turba
1580 4830 1703 4887 est;

89 4922 178 4991 qui
203 4921 403 4976 fovent
424 4916 672 4988 quotidie
692 4921 910 4985 peccata
941 4928 1056 4975 sua,
1086 4913 1176 4981 qui
1209 4912 1362 4966 factis
1382 4914 1433 4965 in
1474 4928 1706 4970 consue-

91 5014 336 5068 tudinem
391 5010 572 5065 versis
623 5009 786 5062 etiam
851 5003 1230 5060 verecundiam
1297 5005 1703 5073 perdiderunt:

90 5105 204 5164 hinc
253 5114 412 5162 tanta
472 5102 748 5156 hominum
799 5098 1086 5154 multitudo
1130 5108 1264 5159 est,
1313 5107 1374 5151 ut
1427 5099 1566 5152 inter
1610 5113 1705 5155 eos

88 5201 325 5270 positum
380 5177 588 5264 corpus
637 5191 868 5257 Christi,
924 5191 1014 5246 vix
1063 5190 1258 5246 audeat
1309 5192 1706 5260 reprehendere

86 5291 228 5362 quod
287 5305 405 5346 non
473 5286 681 5356 cogitur
725 5283 1046 5347 admittere,
1092 5290 1149 5337 et
1209 5297 1306 5351 pro
1356 5280 1550 5354 magno
1603 5283 1704 5337 sibi

89 5395 238 5453 putet
286 5382 510 5440 servari
579 5378 933 5445 integritatem
1010 5377 1364 5443 innocentius,
1424 5393 1491 5431 ne
1549 5375 1709 5431 faciat

84 5477 230 5550 quod
252 5477 494 5546 culpare
511 5474 620 5542 jam
645 5487 740 5540 per
759 5469 1224 5534 consuetudinem,
1252 5480 1341 5522 aut
1364 5485 1466 5522 non
1490 5467 1704 5534 audeat,

85 5579 176 5622 aut
218 5570 266 5623 si
297 5578 483 5622 ausus
531 5562 708 5623 fuerit,
756 5559 962 5614 facilius
990 5569 1232 5628 erumpat
1271 5558 1619 5627 reprehensio
1651 5568 1708 5615 et

85 5659 420 5717 reclamatio
458 5671 648 5710 eorum
689 5655 778 5722 qui
806 5653 944 5708 male
967 5652 1170 5717 vivunt,
1198 5667 1359 5722 quam
1389 5667 1492 5706 vox
1534 5652 1706 5708 libera

85 5769 274 5806 eorum
299 5750 398 5821 qui
429 5749 573 5803 bene
596 5747 799 5798 vivunt.
825 5744 891 5798 Et
912 5744 997 5798 isti
1026 5744 1158 5798 tales
1186 5753 1329 5808 sunt,
1364 5753 1417 5797 ut
1445 5743 1628 5799 dicant
1651 5743 1706 5799 in

83 5844 238 5900 corde
266 5859 368 5899 suo
394 5855 418 5895 :
451 5836 576 5893 Non
598 5846 670 5890 est
703 5835 860 5889 Deus.
891 5834 1049 5890 Tales
1075 5835 1355 5890 convinco.
1393 5834 1549 5891 Unde
1575 5851 1706 5892 con-

3329 417 3440 475 8M

2079 512 2238 607 Facta
2265 532 2360 573 sua
2394 519 2503 577 Deo
2530 523 2740 592 placere
2766 527 3114 584 arbitrantur.
3160 532 3275 587 Non
3307 551 3438 607 ιιιῃο

1839 605 1933 664 ait,
1962 604 2138 675 Aliqui
2159 607 2380 676 dicunt;
2409 613 2524 680 sed,
2558 614 2698 669 Dixit
2717 619 3010 688 imprudens
3035 624 3088 676 in
3117 633 3268 679 cet-de
3295 604 3429 683 suo:

1840 693 1964 749 Non
1985 706 2056 750 est
2085 689 2240 754 Deus.
2264 704 2367 769 Qui
2395 722 2563 775 usque
2584 710 2718 762 adeo
2746 711 2970 767 credunt
2995 728 3116 771 esse
3148 717 3338 783 Deum,
3375 734 3432 776 ut

1839 786 2012 842 eidem
2044 789 2154 845 Deo
2181 793 2506 849 arbitrentur
2536 800 2745 865 placere
2783 803 2922 872 quod
2948 808 3162 861 l'aeiuut.
3194 813 3350 880 Atqui
3380 814 3429 866 si

1839 878 2102 948 intelligas
2134 885 2369 951 prudens
2402 890 2525 956 quia
2554 891 2848 958 imprudens
2881 897 3010 950 dixit
3039 901 3090 952 in
3131 878 3291 956 corde
3309 919 3440 969 sua,‘

1839 971 1960 1027 Non
1981 987 2054 1029 est
2072 976 2232 1038 Deus.
2247 980 2290 1034 si
2313 980 2579 1046 advertas,
2602 986 2646 1037 si
2667 987 2949 1057 intelligas,
2967 990 3013 1043 si
3029 991 3284 1048 discutias
3303 1012 3318 1047 :
3337 995 3428 1063 qui

1837 1075 1985 1134 putat
2007 1068 2116 1123 Deo
2138 1071 2346 1140 placere
2363 1073 2498 1129 facta
2519 1076 2678 1143 mala,
2707 1094 2810 1131 non
2832 1095 2954 1135 eum
2975 1091 3122 1150 putat
3155 1085 3339 1140 Deum.
3374 1087 3430 1141 Si

1833 1160 1976 1212 cnim
1997 1161 2132 1214 Deus
2151 1171 2251 1226 est,
2271 1163 2446 1232 justus
2467 1176 2570 1232 est;
2588 1169 2632 1220 si
2645 1168 2821 1236 justus
2838 1178 2919 1225 est
2939 1170 3206 1241 displicet,
3222 1174 3269 1229 ei
3287 1175 3430 1243 inju-

1833 1251 1995 1314 5titia,
2021 1247 2266 1319 displicet
2292 1255 2562 1324 iniquitas.
2589 1257 2667 1312 Tu
2696 1269 2875 1314 autem
2906 1259 3026 1316 cum
3053 1275 3208 1332 putas
3236 1265 3285 1320 ei
3315 1266 3433 1333 pla-

1833 1354 1955 1393 cere
1986 1342 2342 1412 iniquitatem,
2372 1362 2534 1416 negas
2563 1347 2756 1423 Dcum.
2798 1351 2856 1405 Si
2878 1351 3022 1408 enim
3057 1355 3197 1409 Deus
3225 1365 3312 1411 est
3339 1357 3427 1414 cui

1829 1429 2076 1499 displicet
2109 1435 2380 1506 iniquitas,
2422 1439 2514 1493 tibi
2538 1450 2716 1496 autem
2764 1458 2870 1498 non
2916 1445 3129 1500 videtur
3154 1449 3294 1503 Deus
3319 1429 3428 1505 Icui

1831 1521 2076 1591 displicet
2097 1526 2368 1596 iniquitas,
2400 1545 2503 1583 non
2528 1541 2610 1586 est
2635 1545 2812 1588 autem
2844 1534 2985 1590 Deus
3012 1539 3109 1591 nisi
3133 1539 3217 1592 cui
3238 1541 3429 1608 displi-

1830 1623 1918 1667 cet
1943 1615 2210 1685 iniquitas,
2236 1637 2356 1673 cunt
2387 1621 2520 1676 dicis
2543 1622 2593 1677 in
2616 1624 2784 1678 corde
2810 1633 2922 1690 tuo,
2956 1627 3121 1684 Favet
3152 1631 3292 1683 Deus
3325 1633 3424 1685 iui.

1829 1705 2120 1772 quitatibus
2140 1711 2293 1776 meis,
2323 1711 2453 1765 nihil
2484 1713 2627 1768 aliud
2653 1715 2786 1770 dicis
2814 1734 2994 1786 quam,
3022 1703 3142 1772 Non
3164 1733 3238 1773 est
3261 1721 3422 1778 Deus.

1901 1797 1954 1852 3.
1987 1797 2136 1870 [vers.
2161 1801 2239 1876 2.]
2267 1802 2582 1860 Referamus
2614 1823 2711 1862 nos
2736 1819 2791 1864 et
2815 1808 2882 1865 ad
2914 1811 3061 1866 illum
3092 1815 3421 1869 intellectum

1829 1886 1917 1954 qui
1947 1898 2002 1941 et
2027 1889 2095 1943 de
2121 1892 2236 1960 ipso
2262 1882 2476 1949 Christo
2505 1897 2733 1954 Domino
2762 1912 2947 1955 nostro
2967 1943 2984 1969 ,
3009 1905 3076 1959 de
3105 1906 3220 1974 ipso
3250 1907 3427 1974 capite

1829 1988 2014 2031 nostro
2057 1985 2309 2037 occurrit.
2353 1985 2472 2055 Ipse
2495 1989 2639 2043 enim
2667 2006 2787 2045 cum
2818 1992 2871 2046 in
2899 1992 3068 2048 forma
3095 1998 3238 2051 servi
3264 2011 3428 2067 appa-

1829 2079 1971 2123 reret
2001 2069 2050 2124 in
2083 2081 2222 2126 terra
2241 2115 2255 2139 ,
2285 2074 2535 2132 dixerunt
2574 2081 2666 2149 qui
2691 2097 2814 2136 eum
2845 2085 3223 2142 cruciﬁxerunt
3251 2105 3265 2141 :
3297 2085 3423 2143 Non

1825 2173 1899 2215 est
1922 2160 2082 2217 Deus.
2113 2165 2245 2234 Quia
2279 2167 2452 2224 Filius
2482 2170 2571 2225 Dei
2603 2183 2740 2239 erat,
2769 2176 2952 2245 utique
2980 2178 3123 2232 Deus
3153 2188 3286 2234 erat.
3313 2183 3421 2237 Sed

1826 2253 1898 2308 illi
1929 2256 2019 2325 qui
2047 2261 2281 2328 corrupti
2306 2272 2430 2315 sunt
2455 2271 2510 2317 et
2534 2264 2922 2322 abominabiles
2952 2269 3074 2324 facti
3104 2283 3264 2340 Slllll,
3293 2275 3422 2342 quid

1823 2344 2110 2401 dixerunt?
2130 2349 2252 2404 Non
2268 2363 2342 2406 est
2360 2351 2502 2409 Deus
2521 2371 2540 2409 :
2555 2357 2862 2413 occidamus
2880 2376 3026 2424 eum,
3043 2379 3142 2417 non
3161 2377 3235 2418 est
3257 2364 3420 2433 Dests.

1827 2436 2000 2492 llabes
2032 2456 2219 2495 vocem
2255 2443 2490 2512 ipsorum
2521 2445 2574 2500 in
2606 2448 2744 2502 libro
2767 2449 3057 2518 Sapientiae
3081 2471 3095 2507 :
3119 2455 3212 2508 sed
3242 2455 3418 2524 primo

1823 2529 1942 2583 illos
1972 2529 2090 2584 vide
2114 2544 2432 2605 corruptos,
2469 2545 2525 2591 ut
2572 2540 2777 2608 possint
2807 2541 2991 2598 dicere
3019 2545 3073 2597 in
3105 2547 3255 2600 corde
3280 2567 3374 2602 suo
3399 2590 3419 2617 ,

1825 2617 1947 2673 Non
1969 2632 2042 2675 est
2062 2622 2223 2679 Deus.
2261 2626 2546 2681 Praemisso
2570 2631 2716 2685 enim
2743 2646 2925 2698 versu,
2947 2635 3092 2690 Dixit
3123 2638 3420 2703 imprudens

1821 2711 1874 2764 in
1899 2712 2051 2766 corde
2073 2731 2196 2778 suo,
2237 2714 2360 2769 Non
2386 2728 2460 2772 est
2490 2718 2661 2784 Deus,
2695 2731 2946 2794 tanquam
2985 2743 3163 2782 causae
3203 2746 3418 2800 qtnere-

1821 2813 2008 2858 rentur
2049 2805 2188 2859 unde
2225 2805 2332 2864 hoc
2367 2810 2538 2878 possit
2561 2811 2742 2868 dicere
2772 2816 3085 2884 imprudens
3105 2862 3119 2882 ,
3149 2821 3413 2889 subjecit:

1821 2888 2061 2965 σοι-ηιριὶ
2083 2907 2219 2961 sunt,
2241 2907 2289 2953 et
2311 2900 2678 2957 abominabiles
2702 2903 2828 2970 facti
2847 2916 2962 2960 sunt
2987 2908 3040 2962 in
3070 2888 3419 2978 iniquitatibus

1819 2989 1947 3043 suis.
1971 2990 2108 3044 Audi
2137 2991 2257 3046 illos
2277 3004 2586 3064 corruptos.
2612 2997 2872 3053 Dixerunt
2891 3001 3035 3055 enim
3059 3004 3196 3072 apud
3223 3008 3286 3059 se
3306 2991 3413 3060 non

1822 3092 1967 3138 recte
2013 3085 2314 3154 cegitantes
2344 3104 2359 3140 :
2386 3090 2545 3158 εαξρῆ
2575 3091 2852 3162 corruptio
2880 3109 2910 3148 a
2943 3096 3080 3149 mala
3111 3097 3247 3161 fide,
3289 3101 3416 3157 inde

1820 3174 1926 3229 itur
1955 3175 2004 3229 in
2032 3186 2217 3246 turpes
2248 3195 2425 3236 mores
2445 3225 2460 3246 ,
2496 3182 2622 3238 inde
2651 3186 2704 3239 in
2732 3188 3025 3242 acerrimas
3063 3189 3370 3260 iniquitates
3390 3236 3406 3257 .

1817 3265 2014 3336 gradus
2056 3268 2140 3322 isti
2186 3279 2332 3323 sunt.
2377 3271 2517 3339 Quid
2545 3275 2688 3329 enim
2721 3276 2862 3347 apud
2892 3293 2952 3333 se
2979 3279 3232 3337 dixerunt
3257 3286 3409 3354 cogi-

1818 3363 1992 3412 tantes
2013 3372 2118 3413 uon
2143 3360 2322 3415 recte?
2343 3359 2604 3434 Exiguum
2623 3375 2670 3420 et
2694 3382 2806 3420 cum
2828 3368 2979 3422 ta'dio
2993 3381 3069 3424 est
3095 3372 3194 3425 vita
3212 3382 3409 3429 austra.

1816 3447 1900 3502 Al)
1944 3449 2044 3501 hac
2089 3451 2225 3503 mala
2270 3448 2378 3505 ﬁde
2419 3445 2818 3522 sequitur‘illud
2848 3457 2992 3528 quod
3033 3467 3087 3514 et
3116 3463 3410 3532 Apostolus

1815 3538 1950 3593 dixit
1981 3559 1995 3592 :
2026 3539 2398 3598 Hauducemus
2440 3554 2488 3599 et
2532 3546 2792 3613 bibamus,
2823 3566 2939 3604 cras
2977 3553 3110 3605 enim
3139 3556 3415 3610 morientur

1816 3631 1872 3701 (l
1900 3629 2021 3686 Cor.
2047 3648 2139 3697 xv,
2173 3632 2285 3706 52).
2317 3635 2393 3690 lbi
2424 3645 2603 3690 autem
2638 3639 2795 3693 latius
2822 3639 3028 3695 luxuria
3063 3643 3174 3711 ipsa
3201 3643 3408 3700 descri-

1815 3721 1959 3778 bitur
1992 3740 2007 3773 :
2035 3723 2346 3781 Coronemus
2393 3743 2486 3782 nos
2532 3730 2662 3783 rosis
2687 3771 2700 3793 ,
2743 3739 3010 3800 antequam
3057 3747 3411 3804 marcescant;

1814 3815 1999 3879 ubique
2039 3815 2381 3886 relinquamus
2407 3819 2554 3890 signa
2597 3821 2786 3875 latitia:
2841 3833 3046 3877 nostrte.
3094 3820 3221 3880 Post
3264 3827 3413 3882 illam

1815 3905 2137 3975 descriptam
2177 3907 2336 3962 latius
2378 3908 2679 3976 luxuriam,
2707 3912 2833 3982 quid
2876 3915 3156 3985 sequitur?
3183 3916 3408 3971 Occida-

1814 4011 1928 4050 mus
1968 4013 2241 4066 pauperem
2274 3998 2475 4070 justum
2509 3999 2530 4071 (
2548 4001 2676 4067 ειη).
2705 4018 2772 4064 ιι.
2811 4003 2975 4067 1-20)
3008 4003 3148 4059 :hoc
3173 4015 3256 4060 est
3282 4021 3415 4079 ergo

1814 4085 1998 4142 dicere
2018 4127 2032 4148 .
2064 4087 2187 4142 Non
2225 4099 2298 4142 est
2325 4089 2486 4144 Deus.
2538 4091 2700 4146 Lenia
2730 4093 3047 4149 videbantur
3072 4096 3181 4166 jam
3207 4097 3410 4152 dudum

1813 4179 1957 4249 loqui
1978 4196 1992 4234 :
2017 4180 2325 4234 Coronemus
2344 4199 2435 4235 nos
2455 4183 2603 4244 rosis,
2623 4192 2892 4253 antequam
2918 4198 3250 4242 marcescant.
3267 4190 3408 4257 Quid

1812 4267 2116 4334 delicatius,
2150 4271 2274 4339 quid
2305 4270 2513 4326 lenius?
2538 4273 2796 4341 Sperares
2815 4275 2883 4328 de
2911 4275 3010 4330 hac
3040 4275 3260 4335 lenitate
3281 4294 3412 4335 cru-

1813 4375 1925 4424 ccs,
1946 4361 2190 4430 gladios?
2211 4361 2330 4415 Noli
2353 4363 2558 4427 mirari,
2586 4365 2736 4419 lenes
2765 4373 2890 4420 sunt
2911 4376 2965 4421 et
2994 4368 3202 4424 radices
3229 4372 3412 4439 spina-

1814 4466 1963 4514 rum;
1993 4451 2036 4504 si
2067 4453 2185 4520 quis
2214 4467 2307 4506 eas
2335 4463 2668 4518 contreetet,
2699 4471 2804 4508 non
2836 4459 3088 4528 pungitur
3122 4476 3136 4513 :
3167 4460 3260 4515 sed
3301 4475 3412 4530 quo

1811 4544 2066 4612 pungeris
2095 4542 2499 4599 inde‘nascitur.
2529 4544 2771 4616 Carrupti
2799 4563 2927 4616 ergo
2958 4550 3043 4603 isti
3069 4559 3117 4603 et
3141 4551 3410 4607 abomiua-

1815 4633 1936 4688 biles
1960 4634 2085 4702 facti
2107 4646 2223 4688 sunt
2245 4638 2299 4688 in
2324 4635 2674 4704 iniquitatibus
2700 4637 2826 4692 suis.
2863 4637 3006 4693 Dixit
3036 4643 3331 4710 imprudens
3354 4645 3410 4700 in

1810 4725 1965 4778 corde
1988 4742 2079 4779 suo
2101 4739 2120 4780 :
2154 4724 2275 4779 Non
2296 4736 2370 4779 est
2396 4723 2553 4782 Deus.
2594 4727 2658 4783 Si
2685 4725 2853 4782 Filius
2878 4728 2974 4784 Dei
3000 4740 3100 4793 est,
3124 4731 3403 4788 descendat

1811 4817 1876 4868 de
1895 4833 2042 4869 cruce
2066 4814 2279 4886 (Matth.
2316 4832 2491 4882 xxvn,
2518 4817 2633 4891 40).
2665 4818 2804 4875 Ecce
2828 4830 3014 4892 aperte
3037 4820 3219 4879 dicere
3245 4843 3257 4880 :
3288 4823 3411 4880 Non

1813 4917 1887 4962 est
1915 4907 2070 4960 Deus.

1886 5001 1939 5055 4.
1993 5000 2097 5056 Sed
2142 5002 2412 5071 quomodo
2440 5001 2581 5058 inter
2610 5003 2731 5058 illos
2757 5005 2922 5074 gemit
2947 5021 3143 5078 corpus
3172 5008 3369 5066 Christi
3390 5013 3416 5053 ν

1813 5092 2149 5148 Gemuerunt
2186 5097 2324 5148 inter
2362 5094 2482 5150 illos
2512 5096 2752 5165 Apostoli
2783 5099 2872 5168 qtti
2904 5108 3032 5155 tunc
3061 5101 3274 5156 fuerunt
3298 5143 3313 5165 ,
3359 5117 3410 5158 et

1815 5186 2060 5262 discipuli
2089 5187 2286 5240 Christi
2315 5204 2329 5239 :
2358 5187 2423 5241 ad
2453 5202 2553 5242 nos
2580 5189 2664 5242 isti
2692 5191 2818 5259 quid
2847 5193 3151 5260 pertinent?
3176 5194 3409 5264 qttntsm-

1814 5257 1884 5332 do
1910 5280 2050 5333 inter
2078 5279 2173 5333 hos
2199 5294 2298 5331 nos
2331 5279 2689 5346 parturimus?
2715 5257 2906 5357 adhuc
2927 5297 3050 5338 sunt
3077 5287 3165 5356 qui
3193 5287 3408 5344 dicunt:

1813 5368 2061 5424 Christus
2089 5385 2194 5422 tum
2223 5377 2305 5423 est
2334 5367 2494 5424 Deus.
2527 5369 2640 5425 Hoc
2660 5371 2843 5426 dicunt
2870 5373 3064 5445 Pagani
3092 5377 3179 5445 qui
3204 5393 3412 5432 reman-

1811 5473 2030 5525 serunt;
2064 5463 2165 5515 hoc
2193 5460 2367 5529 ipsum
2397 5461 2581 5516 dicunt
2609 5464 2707 5532 ipsi
2736 5463 2929 5529 Judaei,
2960 5467 3050 5535 qui
3078 5466 3142 5520 ad
3169 5469 3412 5521 testium-

1816 5559 1963 5611 nium
2003 5555 2334 5610 confusionis
2359 5571 2470 5608 sua:
2495 5554 2692 5624 ubique
2716 5556 2892 5610 diffusi
2914 5569 3070 5622 sunt;
3103 5558 3201 5614 hoc
3223 5560 3410 5615 dicunt

1813 5658 1870 5704 et
1898 5647 2136 5703 haeretici
2178 5647 2348 5701 multi.
2396 5646 2636 5717 Namque
2675 5658 2729 5701 et
2757 5649 2940 5704 Ariani
2972 5650 3247 5706 dixerunt.
3288 5651 3410 5706 Non

1816 5749 1890 5795 est
1911 5738 2052 5793 Deus
2073 5753 2092 5793 :
2115 5738 2430 5793 Eunomiani
2453 5735 2722 5802 dixerunt,
2753 5738 2877 5795 Non
2902 5751 2975 5796 est
3002 5740 3159 5797 Deus.
3181 5742 3294 5798 Huc
3321 5762 3408 5802 ac-

1816 5830 1981 5900 cedit,
2015 5832 2238 5896 fratres,
2273 5830 2393 5900 quia
2421 5837 2477 5884 et
2504 5830 2575 5883 illi
2602 5829 2671 5886 de
2697 5830 2890 5902 quibus
2922 5835 3078 5903 paulo
3103 5843 3228 5888 ante
3255 5834 3367 5892 disi
3385 5875 3406 5906 ,
