3968 6324
468 324 576 380 (ἱ15

468 438 558 509 qui
605 435 745 492 male
778 433 998 495 vivunt,
1027 425 1158 483 nihil
1201 420 1347 478 aliud
1392 419 1577 476 dicunt
1603 428 1763 485 quam
1785 451 1801 476 ,
1836 405 1957 463 Non
1982 410 2060 509 est

475 497 634 584 Deus.
670 526 805 582 Cum
834 523 977 579 enim
1009 517 1239 574 dicimus
1263 514 1344 569 eis
1370 511 1644 567 Christum
1672 512 1952 560 venturum
1976 497 2066 567 ju-

470 622 645 676 dit-em
669 619 737 673 ad
759 614 1020 687 judicium
1042 652 1058 676 ,
1085 608 1229 680 quod
1256 605 1445 660 dicunt
1482 600 1775 668 Scriptura:
1804 606 1923 664 quae
1953 603 2061 687 non

471 714 666 769 fallunt
702 728 719 765 :
756 680 835 763 illi
866 715 1048 761 autem
1076 700 1248 770 magis
1277 709 1460 751 aurem
1489 690 1787 762 praebentes
1825 680 2064 752 serpenti

471 801 781 876 suggerenti
804 843 818 865 ,
849 797 992 853 Non'
1012 802 1174 848 morte
1215 787 1443 843 morieris
1472 781 1625 855 (Cen.
1661 796 1755 843 ιιι,
1785 776 1858 846 Δ»)
1880 817 1894 839 ,
1921 772 2063 872 quod

474 862 682 950 «£th
703 891 755 944 in
783 862 1033 959 paradiso
1058 891 1243 938 contra
1267 877 1543 931 veritatem
1578 871 1671 925 Dei
1690 862 2065 937 constituentis

472 1000 528 1045 et
570 957 832 1046 dicentis,
863 979 1031 1034 Morte
1072 972 1300 1029 morieris
1329 967 1441 1041 (Id.
1467 982 1507 1021 ιι
1531 1006 1547 1031 ,
1590 962 1722 1047 l‘i);
1756 961 1827 1015 ita
1866 957 2068 1013 faciunt

475 1080 636 1143 mala,
661 1087 722 1131 ut
744 1075 925 1129 dicant
953 1071 1051 1127 sibi
1082 1087 1096 1123 :
1124 1064 1315 1122 Veniet
1334 1061 1601 1125 Christus,
1632 1063 1687 1111 et
1713 1053 1860 1109 dabit
1890 1048 2069 1143 indul-

474 1139 707 1240 gentiam
737 1165 1009 1220 omnibus.
1062 1160 1134 1215 lla
1165 1171 1297 1229 ergo
1325 1152 1554 1208 mendax
1585 1158 1669 1202 est
1698 1146 1787 1201 ille
1811 1144 1900 1213 qui
1929 1139 2068 1196 dixit

476 1236 598 1332 quia
630 1257 901 1330 separabit
924 1254 1137 1323 iniquos
1161 1249 1229 1304 ad
1258 1247 1531 1302 sinistram
1551 1282 1567 1305 ,
1595 1238 1867 1310 separabit
1891 1236 2068 1303 justus

478 1326 544 1408 ad
566 1326 883 1411 dexteram;
906 1347 1066 1415 justis
1091 1343 1256 1408 dicet,
1271 1332 1723 1398 Venite,benetlicti
1744 1327 1920 1382 Patris
1948 1326 2065 1389 mei,

481 1443 720 1516 percipite
760 1455 974 1511 regnum
1018 1435 1151 1503 quod
1196 1440 1430 1503 paratum
1475 1437 1548 1479 est
1576 1421 1713 1477 vobis
1770 1419 1833 1473 ab
1870 1417 2072 1516 origine

479 1507 691 1599 mundi;
719 1507 914 1600 iniquis
944 1526 1123 1590 dicet,
1153 1521 1232 1577 Ite
1255 1521 1309 1575 in
1335 1519 1503 1590 ignem
1526 1521 1770 1568 aeternum
1797 1507 1883 1580 qui

479 1640 562 1682 tus
587 1596 894 1693 estrdiabolo
917 1628 966 1673 et
1002 1614 1197 1686 angelis
1227 1612 1336 1679 eius
1375 1604 1604 1681 (Matth.
1642 1616 1779 1665 xxv,
1816 1599 1886 1693 ὄρ
1906 1638 1923 1662 ,
1952 1596 2069 1667 41).

481 1690 763 1784 Quomodo
782 1725 911 1781 ergo
935 1707 1181 1765 omnibus
1209 1701 1359 1758 dabit
1387 1694 1813 1767 indulgentiam?
1839 1690 2076 1784 Quomo-

480 1780 555 1866 do
595 1780 866 1864 neminem
913 1796 1225 1857 damnabit?
1265 1795 1406 1865 Ergo
1434 1790 1712 1846 mentitur.
1742 1786 1857 1840 lloc
1879 1790 1964 1837 est
1986 1780 2074 1835 di-

483 1918 611 1957 cere
637 1918 652 1955 :
681 1897 803 1952 Non
829 1905 903 1950 est
930 1893 1091 1947 Deus.
1113 1887 1247 1944 Vide
1274 1900 1405 1957 ergo
1434 1898 1502 1938 ne
1528 1880 1665 1936 forte
1691 1888 1745 1933 tu
1773 1873 2071 1931 mentiaris.

485 1993 568 2049 Tu
587 1990 728 2046 enim
752 1988 916 2043 homo
935 1998 1017 2051 es,
1040 1983 1131 2037 ille
1148 1980 1293 2036 Deus
1315 1996 1330 2033 :
1356 1977 1500 2031 Deus
1524 1972 1667 2028 enim
1688 1983 1871 2029 veras,
1900 1965 2076 2020 omnis

486 2090 667 2137 autem
715 2079 879 2134 homo
925 2072 1155 2130 mendax
1208 2067 1380 2141 (Psal.
1412 2078 1541 2130 ειν,
1580 2062 1696 2133 ll).
1721 2058 1827 2115 Sed
1854 2055 1982 2127 quid
2009 2055 2078 2110 de

486 2176 640 2241 istis,
681 2188 715 2225 ο
760 2184 959 2240 corpus
998 2162 1231 2222 Christi?
1272 2161 1474 2231 Separa
1504 2164 1560 2212 te
1586 2152 1803 2210 interim
1833 2148 1998 2206 corde
2025 2152 2082 2202 et

490 2265 619 2330 vita,
647 2278 747 2317 nec
772 2257 1018 2324 imiteris,
1046 2271 1146 2312 nec
1168 2264 1472 2314 assuescas,
1495 2261 1597 2302 nec
1617 2256 1842 2309 annuas,
1866 2254 1966 2295 nec
1986 2254 2083 2309 ap-

491 2357 685 2426 probes
708 2375 721 2409 :
751 2353 918 2421 magis
938 2358 1116 2406 autem
1141 2357 1198 2403 et
1219 2344 1501 2413 redarguo.
1524 2337 1662 2408 Quid
1685 2335 1827 2391 enim
1849 2330 2084 2387 atten’dis

489 2421 558 2503 ad
586 2449 719 2502 istos
744 2444 837 2516 qui
868 2444 981 2497 hmc
1009 2438 1224 2495 dicunt?
1253 2432 1493 2503 Corrupti
1522 2438 1660 2493 sunt,
1697 2436 1743 2482 et
1769 2421 2085 2516 abominabi-

489 2540 565 2594 les
584 2520 726 2609 (facti
763 2511 886 2591 sunt
924 2533 980 2587 in
1007 2528 1354 2603 iniquitatibus
1382 2527 1489 2580 suis
1517 2537 1537 2577 :
1561 2536 1667 2575 non
1695 2524 1771 2573 est
1797 2515 1883 2587 qui
1922 2511 2105 2584 faciat.

492 2634 699 2686 bonum.

564 2722 622 2779 5.
670 2718 824 2794 [vers.
850 2716 936 2790 5.]
956 2714 1209 2769 Dominus
1237 2711 1302 2766 de
1322 2706 1450 2764 caelo
1486 2704 1745 2777 proth
1769 2716 1923 2772 super
1949 2697 2089 2794 filios

496 2790 793 2871 hominum,
832 2817 886 2862 ut
931 2798 1119 2861 videret
1162 2804 1207 2857 si
1249 2812 1327 2856 est
1363 2800 1648 2869 intelligens
1692 2804 1783 2849 aut
1828 2790 2088 2858 requirens

495 2906 685 2959 Deum.
714 2900 851 2968 Quid
890 2906 973 2953 est
1012 2895 1115 2951 hoc
1136 2936 1150 2962 ,
1177 2892 1418 2963 Corrupti
1457 2897 1611 2953 sunt,
1639 2896 1685 2941 et
1726 2880 2089 2940 abominabiles

498 2996 621 3052 facti
658 3001 776 3049 sunt
816 2991 905 3047 isti
946 3003 1135 3043 omnes
1174 2986 1270 3057 qui
1302 2984 1527 3038 dicunt:
1557 2979 1681 3034 Non
1701 2985 1772 3032 est
1796 2974 1983 3029 Deus?
2026 2973 2091 3026 Et

495 3088 658 3158 quid?
684 3087 787 3140 hoe
811 3068 1013 3139 latebat
1040 3081 1232 3144 Deum,
1265 3076 1402 3131 tales
1430 3088 1553 3130 esse
1578 3069 1791 3127 factos?
1829 3077 1923 3121 aut
1960 3078 2091 3119 vero

499 3155 652 3233 nobis
680 3190 865 3231 eorum
898 3170 1123 3227 interior
1151 3166 1404 3238 cogitatio
1431 3164 1751 3234 aperiretur,
1770 3159 1872 3215 nisi
1898 3156 1966 3211 ah
1996 3155 2091 3209 illo

496 3267 804 3325 diceretur?
829 3264 884 3321 Si
908 3280 1037 3331 ergo
1064 3267 1322 3324 noverat,
1351 3259 1396 3313 si
1427 3256 1665 3320 sciebat,
1697 3252 1823 3322 quid
1862 3260 1947 3305 est
1987 3248 2092 3304 hoc

496 3359 638 3430 quod
664 3358 865 3414 dictum
891 3364 971 3410 est
992 3395 1008 3420 ,
1031 3352 1174 3426 quod
1213 3350 1276 3405 de
1313 3348 1437 3423 ctelo
1479 3345 1737 3418 prospecit
1766 3357 1917 3414 super
1955 3340 2093 3412 ﬁlios

500 3452 786 3513 hominum,
828 3458 884 3503 ut
925 3446 1115 3501 videret
1158 3444 1205 3499 si
1251 3452 1324 3497 est
1365 3440 1656 3511 intelligens
1702 3446 1791 3490 aut
1833 3437 2093 3505 requirens

500 3542 710 3598 Deum?
737 3539 1041 3609 Qumrentis
1083 3537 1229 3593 enim
1274 3535 1433 3589 verba
1480 3542 1641 3596 sunt,
1684 3545 1788 3585 non
1837 3530 2091 3584 seientis:

506 3635 643 3689 Deus
671 3633 733 3687 de
752 3607 876 3686 caelo
908 3630 1168 3701 prospexit
1192 3644 1345 3697 super
1364 3625 1502 3695 filios
1524 3624 1807 3686 hominum,
1834 3630 1888 3675 ut
1908 3607 2097 3674 videret

499 3727 545 3779 si
583 3733 654 3780 est
690 3723 974 3793 intelligens
1000 3729 1090 3773 aut
1117 3720 1374 3788 requirens
1398 3716 1578 3770 Deum.
1618 3713 1686 3768 Et
1721 3722 1969 3783 tanquam
2009 3711 2094 3763 in-

503 3818 712 3874 veniret
737 3815 879 3887 quod
907 3812 1152 3884 quaesivit
1182 3807 1542 3881 inspiciendo,
1562 3817 1616 3863 et
1637 3806 1704 3862 de
1724 3807 1862 3861 etnlo
1889 3802 2099 3874 prOSpi-

504 3910 717 3972 ciendo,
744 3907 875 3962 dicit
896 3904 1221 3961 sententiam
1251 3919 1265 3957 :
1299 3898 1918 3963 Omnestleclinaverunt,
1942 3894 2097 3949 simul

504 4000 708 4054 inutiles
740 3997 862 4069 facti
893 4005 1013 4053 sunt
1040 4010 1061 4050 :
1085 4010 1190 4047 non
1215 4001 1288 4047 est
1322 3990 1409 4063 qui
1452 3990 1604 4059 faciat
1630 3987 1815 4042 bonum
1837 4028 1853 4051 ,
1883 4003 1986 4040 non
2025 3994 2098 4040 est

504 4110 662 4163 usque
686 4091 756 4145 ad
781 4105 959 4143 unum.
990 4088 1120 4142 Dum
1147 4080 1744 4156 quaestionesorimttur
1766 4080 2095 4148 aliquantum

504 4184 770 4240 difﬁciles.
801 4180 857 4237 Si
884 4180 1029 4236 enim
1056 4178 1274 4249 respicit
1300 4176 1368 4231 de
1389 4175 1531 4231 cmlo
1556 4175 1733 4240 Dens,
1764 4182 1821 4226 ut
1845 4170 2025 4225 videat
2050 4169 2098 4224 si

506 4284 588 4331 est
614 4273 916 4343 intelligens
942 4281 1034 4326 aut
1062 4270 1341 4342 requirens
1370 4268 1536 4323 Deum
1557 4308 1571 4333 ,
1603 4265 1869 4321 subintrat
1896 4264 2100 4334 cogitato

507 4370 582 4423 tio
606 4366 954 4437 imprudenti,
982 4364 1104 4436 quia
1133 4379 1240 4418 non
1268 4362 1445 4416 omnia
1477 4361 1624 4414 novit
1656 4359 1813 4414 Deus.
1842 4356 1967 4411 llaec
1991 4370 2097 4410 una

505 4460 730 4529 qumstio
756 4465 840 4512 est
865 4474 877 4510 :
902 4471 1023 4526 quae
1049 4463 1133 4509 est
1158 4452 1359 4508 altera?
1387 4450 1441 4507 Si
1466 4460 1673 4504 nonest
1700 4449 1789 4519 qui
1820 4442 1982 4501 faciat
2005 4446 2101 4500 bo-

510 4565 639 4605 num
658 4590 673 4614 ,
704 4564 809 4603 non
839 4557 923 4601 est
952 4562 1119 4615 usque
1147 4544 1214 4599 ad
1246 4558 1409 4597 tinum
1433 4583 1447 4607 ,
1479 4542 1598 4611 quis
1625 4549 1705 4593 est
1737 4540 1826 4593 ille
1850 4538 1941 4607 qui
1973 4552 2101 4606 par-

509 4641 637 4696 turit
665 4640 807 4695 inter
831 4638 1036 4693 malos?
1070 4636 1163 4690 Illa
1184 4649 1316 4705 ergo
1342 4635 1421 4688 sic
1449 4634 1673 4688 solvitur
1699 4631 1946 4700 quaestio,
1975 4628 2100 4698 quia

509 4717 824 4802 plerumque
853 4730 924 4783 ita
956 4728 1189 4797 loquitur
1218 4724 1491 4792 Scriptura
1513 4762 1529 4787 ,
1562 4720 1784 4790 utquod
1825 4718 1968 4773 dono
2006 4718 2099 4773 Dei

506 4831 752 4879 creatura
782 4820 925 4884 facit,
956 4818 1096 4873 Deus
1128 4815 1303 4871 facere
1331 4815 1575 4868 dicatur:
1607 4824 1683 4875 ut,
1714 4810 1858 4864 verbi
1890 4809 2097 4883 gratia,

506 4929 630 4969 cum
670 4911 945 4967 misereris
989 4908 1271 4978 pauperis,
1302 4907 1427 4976 quia
1459 4905 1601 4958 dono
1632 4902 1723 4957 Dei
1754 4901 1922 4964 facis,
1957 4901 2100 4955 Deus

509 5003 828 5058 misereatur
852 5015 1011 5064 :_cum
1032 4998 1312 5068 cognoscis
1338 4996 1424 5065 qui
1446 4996 1543 5056 sis,
1570 4994 1689 5063 quia
1720 4988 1815 5047 illo
1834 4994 2100 5047 allucente

510 5095 677 5157 facis,
705 5092 751 5147 si
796 5093 842 5146 is
888 5107 947 5146 es
992 5091 1083 5161 qui
1138 5089 1319 5152 dicas,
1364 5086 1441 5141 Tu
1483 5086 1793 5140 illuminabis
1841 5086 2102 5139 lucernam

512 5204 708 5249 meam,
742 5184 953 5238 Domine
985 5182 1121 5239 Deus
1147 5199 1287 5235 meus
1306 5221 1322 5243 ,
1353 5178 1662 5234 illuminabis
1703 5177 1933 5233 tenebras
1965 5194 2103 5232 meas

510 5278 685 5349 (Psal.
716 5290 819 5328 xvu
838 5315 852 5335 ,
883 5272 1008 5344 9.9);
1037 5272 1178 5341 quod
1209 5285 1277 5325 eo
1302 5268 1537 5323 donante
1564 5276 1617 5323 et
1645 5267 1875 5323 faciente
1904 5283 2103 5338 cogno-

515 5372 677 5430 veris,
708 5368 796 5419 ille
820 5366 1113 5435 cognoscit.
1142 5361 1273 5416 Nam
1301 5360 1440 5413 unde
1467 5368 1567 5422 est,
1594 5358 1778 5412 Tentat
1808 5375 1891 5411 ros
1923 5358 2103 5411 Domi-

514 5476 608 5511 nus
639 5457 777 5512 Deus
802 5469 959 5512 vester
988 5464 1041 5507 ut
1076 5453 1200 5506 sciat
1240 5452 1281 5505 si
1324 5451 1551 5520 diligatis
1588 5450 1733 5502 illum
1772 5448 1948 5519 (Deut.
1982 5464 2125 5512 χιιι..

513 5550 613 5618 5)?
641 5547 779 5617 Quid
807 5558 925 5612 est,
958 5555 1012 5597 ut
1042 5543 1204 5597 sciat?
1244 5541 1312 5597 Ut
1339 5542 1482 5595 dono
1512 5555 1609 5594 suo
1634 5539 1769 5594 seire
1797 5556 1889 5593 vos
1923 5540 2097 5594 faciat.

516 5640 607 5699 Sic
639 5655 765 5710 ergo
791 5647 845 5693 et
871 5636 977 5701 hic,
1015 5636 1149 5688 Deus
1176 5635 1237 5687 de
1261 5636 1385 5687 caelo
1408 5633 1662 5704 prospexit
1686 5650 1838 5702 super
1862 5632 1997 5700 ﬁlios
2020 5632 2105 5685 Ito-

515 5734 730 5802 miuum,
760 5741 815 5784 ut
841 5728 1027 5784 videret
1051 5730 1094 5783 si
1123 5738 1192 5783 cst
1222 5727 1501 5798 intelligens
1522 5735 1611 5779 aut
1635 5726 1891 5796 requirens
1915 5726 2096 5781 Deum.

1708 296 1769 355 S.
1809 285 2174 350 AUGUSTlNl
2215 286 2520 345 EPISCOPI

3656 283 3763 340 616

2170 401 2324 457 Adsit
2351 401 2503 471 ipse,
2529 410 2584 457 et
2611 398 2777 459 donet
2801 402 2958 459 nobis
2985 399 3210 474 utquod
3238 415 3337 457 cor
3366 408 3612 455 nostrum
3640 398 3761 453 fecit

2168 498 2474 567 concipere,
2504 498 2663 563 faciat
2688 506 2746 554 et
2770 513 2979 569 parere.
3010 495 3298 569 Apostolus
3323 493 3457 549 dicit
3483 510 3497 546 :
3522 490 3640 546 Nos
3664 507 3761 542 au-

2172 598 2271 641 tem
2298 605 2400 642 non
2425 588 2842 669 spiritumhujus
2864 586 3042 641 mundi
3061 585 3366 654 accepimus,
3389 582 3481 645 sed
3509 581 3762 651 Spiritum

2170 680 2258 748 qui
2277 695 2340 735 ea:
2362 678 2471 733 Deo
2494 689 2587 744 est,
2618 688 2671 731 ut
2694 680 2921 734 sciamus
2931 694 3042 747 gnte
3061 694 3092 729 a
3116 675 3224 729 Deo
3244 674 3436 729 donata
3458 684 3572 726 sunt
3596 672 3759 726 nobis.

2174 767 2286 822 lloc
2308 768 2505 838 Spiritu
2537 760 2666 839 ergo
2693 785 2799 839 quo
2822 768 3197 838 cognoscimus
3222 780 3340 833 qua:
3367 780 3396 817 a
3427 764 3538 817 Deo
3564 763 3761 815 donata

2172 870 2300 916 sunt
2326 862 2501 927 nobis,
2530 863 2883 917 discernimus
2918 861 3055 914 inter
3086 872 3183 912 nos
3210 866 3267 911 et
3296 870 3391 911 eos
3420 856 3614 925 quibus
3645 853 3762 908 lure

2174 952 2369 1007 donata
2396 968 2502 1007 non
2531 964 2681 1019 sunt,
2708 963 2761 1007 et
2788 967 2850 1005 ex
2879 951 3033 1004 nobis
3060 949 3177 1003 illos
3206 946 3597 1018 cognoscimus.
3628 944 3762 1011 Quia

2172 1048 2219 1103 si
2246 1063 2344 1104 nos
2372 1050 2587 1120 aliquod
2617 1050 2818 1105 bonum
2862 1050 3060 1105 habere
3090 1065 3195 1104 non
3240 1052 3479 1120 potuisse
3506 1046 3763 1118 intelligi.

2174 1157 2318 1208 mus,
2348 1144 2450 1198 nisi
2481 1144 2574 1199 illo
2601 1144 2834 1200 donante
2862 1155 2917 1200 et
2944 1145 3204 1214 largiente
3232 1161 3263 1199 a
3291 1161 3398 1214 quo
3427 1152 3549 1199 sunt
3579 1143 3760 1197 omnia

2174 1232 2345 1299 bona;
2374 1236 2531 1290 simul
2555 1236 2794 1292 videmus
2817 1237 2949 1291 nihil
2979 1238 3087 1293 tale
3115 1253 3275 1306 posse
3304 1236 3500 1292 habere
3524 1250 3619 1291 eos
3647 1236 3765 1305 qui.

2176 1324 2276 1378 bus
2302 1324 2417 1379 haec
2462 1326 2602 1379 Deus
2630 1343 2733 1380 non
2764 1326 3004 1382 donavit.
3048 1327 3151 1382 Ista
3196 1327 3561 1397 dignoscentia
3609 1326 3766 1381 nobis

2176 1430 2243 1468 ex
2272 1414 2471 1485 Spiritu
2506 1417 2598 1470 Dei
2627 1425 2739 1483 est;
2772 1426 2827 1473 et
2851 1434 2916 1472 eo
2940 1434 3048 1489 quo
3078 1418 3319 1473 videmus
3348 1417 3481 1483 hoc,
3516 1417 3654 1471 Deus
3680 1416 3764 1468 vi-

2177 1504 2295 1571 det;
2327 1504 2449 1576 quia
2480 1507 2532 1562 id
2576 1509 2714 1564 Deus
2740 1509 2868 1564 facit
2900 1520 2955 1564 ut
2985 1509 3277 1565 videamus.
3326 1510 3460 1565 Hine
3495 1508 3638 1563 enim
3678 1508 3766 1563 di-

2176 1609 2320 1653 ctum
2348 1610 2506 1655 estet
2535 1601 2687 1667 illud,
2712 1602 2937 1673 Spiritus
2958 1604 3091 1657 enim
3113 1604 3284 1658 omnia
3308 1613 3585 1666 scrutatur,
3611 1602 3767 1656 etiam

2178 1691 2499 1745 altitudinem
2528 1691 2621 1745 Dei
2649 1692 2697 1763 (Ι
2726 1692 2844 1747 Cor.
2869 1710 2926 1753 ιι,
2959 1693 3048 1761 12,
3073 1693 3163 1767 10)
3190 1711 3203 1747 :
3234 1693 3483 1763 nonquia
3512 1693 3603 1748 ille
3623 1708 3768 1746 seru-

2182 1789 2323 1835 tatur
2346 1781 2436 1852 qui
2465 1782 2612 1836 novit
2639 1784 2849 1849 munia,
2884 1783 2978 1839 sed
3004 1784 3128 1853 quia
3157 1782 3249 1838 tibi
3279 1783 3507 1838 donatus
3533 1791 3617 1837 est
3638 1781 3768 1852 Spi-

2180 1869 2313 1927 ritus
2333 1913 2350 1940 ,
2382 1874 2470 1953 qui
2497 1883 2551 1929 et
2582 1883 2633 1928 te
2662 1876 2888 1930 scrutari
2916 1874 3076 1931 facit:
3099 1884 3156 1931 et
3179 1875 3320 1946 quod
3346 1853 3487 1930 dono
3515 1874 3687 1943 ipsius
3712 1883 3769 1927 tu

2184 1963 2333 2029 facis,
2367 1966 2458 2020 ille
2484 1966 2660 2020 facere
2680 1966 2875 2020 dicitur
2889 2009 2903 2031 ,
2933 1968 3055 2037 quia
3078 1968 3194 2021 sine
3221 1967 3311 2022 illo
3332 1978 3389 2020 tu
3408 1981 3513 2020 non
3537 1964 3766 2029 faceres.

2186 2054 2327 2125 Ergo
2359 2057 2497 2111 Deus
2526 2056 2705 2112 facere
2728 2057 2943 2123 dicitur,
2970 2073 3092 2112 cum
3120 2065 3178 2112 tu
3205 2056 3359 2113 facis.
3384 2057 3460 2112 De
3484 2056 3630 2112 dono
3658 2055 3772 2124 Spi-

2182 2146 2321 2202 ritus
2363 2146 2593 2202 liliorum
2615 2189 2629 2212 ,
2657 2149 2850 2219 quibus
2876 2149 3033 2203 datus
3058 2159 3141 2207 est
3169 2148 3401 2219 Spiritus
3427 2149 3560 2216 Dei,
3596 2150 3775 2218 respi-

2183 2238 2502 2309 ciuntsuper
2521 2240 2655 2309 ﬁlios
2677 2241 2961 2309 hominum,
2990 2250 3044 2295 ut
3071 2241 3284 2296 videant
3309 2241 3356 2295 si
3382 2251 3459 2296 est
3485 2240 3775 2311 intelligens

2186 2341 2275 2385 aut
2306 2332 2563 2403 requirens
2595 2333 2756 2387 Deum
2780 2349 2799 2387 :
2819 2334 2913 2387 sed
2955 2333 3077 2404 quia
3118 2332 3172 2387 id
3196 2332 3341 2387 dono
3371 2333 3465 2388 Dei
3493 2332 3775 2402 etSpiritu

2188 2423 2283 2478 Dei
2311 2421 2530 2490 faciunt,
2561 2426 2701 2481 Deus
2723 2425 2828 2481 hoc
2854 2427 3029 2482 facere
3047 2426 3270 2491 dicitur;
3299 2426 3442 2481 velut
3469 2427 3779 2495 prospicere

2189 2523 2244 2569 et
2280 2514 2480 2569 videre.
2530 2514 2708 2583 Quare
2732 2524 2908 2571 autem
2936 2516 2999 2570 de
3028 2516 3189 2584 ctelo,
3217 2517 3262 2570 si
3292 2517 3395 2572 hoc
3419 2515 3666 2572 homines
3695 2515 3787 2577 [εον

2189 2607 2371 2662 ciunt?
2400 2607 2531 2675 Quia
2559 2606 2692 2662 dicit
2713 2607 3023 2678 Aposwlus,
3057 2607 3253 2662 Nostra
3277 2616 3445 2663 autem
3468 2607 3780 2661 conversatio

2190 2697 2245 2752 in
2267 2697 2403 2752 caelis
2426 2707 2499 2752 est
2526 2695 2784 2769 (Philipp.
2809 2714 2901 2762 ιιι,
2922 2697 2995 2754 20
3014 2698 3055 2769 ).
3084 2697 3236 2755 Unde
3260 2698 3401 2754 enim
3428 2697 3531 2753 hoc
3560 2697 3695 2753 facis
3724 2706 3781 2752 ut

2194 2788 2401 2851 videas,
2431 2788 2572 2844 unde
2592 2790 2854 2861 prospicis
2879 2799 2937 2845 ut
2962 2789 3269 2861 intelligas?
3295 2805 3474 2845 nonne
3498 2790 3698 2846 corde?
3722 2790 3782 2846 Si

2191 2879 2354 2941 corde
2378 2878 2481 2935 hoc
2507 2880 2640 2937 facis
2658 2922 2674 2947 ,
2705 2881 3032 2948 christiano,
3060 2881 3183 2938 vide
3221 2882 3266 2936 si
3304 2896 3517 2937 sursum
3546 2896 3642 2937 cor
3680 2881 3782 2936 ha-

2192 2971 2342 3029 beas.
2392 2971 2450 3029 Si
2488 2989 2701 3029 sursum
2729 2989 2826 3029 cor
2860 2973 3057 3037 habes,
3086 2975 3151 3028 tle
3176 2975 3302 3029 calo
3341 2974 3396 3029 in
3427 2984 3625 3031 terram
3650 2990 3781 3045 pro.

2150 3088 2159 3093 <
2192 3062 2377 3133 apicis.
2400 3064 2469 3135 Et
2491 3064 2614 3136 quia
2643 3067 2746 3119 hoc
2768 3066 2910 3120 dono
2938 3066 3032 3121 Dei
3068 3064 3219 3130 facis,
3248 3064 3390 3121 Deus
3409 3066 3622 3139 degetelo
3651 3082 3782 3138 pro-

2192 3154 2352 3225 spicit
2389 3171 2541 3227 super
2581 3156 2717 3226 ﬁlios
2758 3158 3043 3229 hominum.
3089 3157 3184 3213 Illa
3230 3158 3391 3229 igitur
3425 3159 3653 3229 quaestio
3684 3175 3784 3231 pro

2195 3245 2413 3301 modulo
2438 3255 2624 3305 nostro
2647 3247 2727 3301 sic
2754 3248 2927 3303 soluta
2953 3258 3055 3304 est.

2267 3338 2321 3395 6.
2351 3338 2501 3415 [vers.
2525 3337 2605 3412 4.]
2646 3340 2783 3408 Quid
2812 3349 2897 3397 est
2920 3341 3061 3412 quod
3103 3341 3490 3411 prospicientes
3531 3343 3785 3412 agnosci-

2195 3432 2351 3489 mus?
2374 3432 2513 3502 Quid
2542 3443 2623 3487 est
2648 3433 2793 3504 quod
2819 3433 3150 3504 prospiciens
3177 3433 3321 3490 Deus
3341 3434 3614 3505 agnoscit?
3631 3435 3782 3505 quid,

2196 3527 2320 3594 quia
2348 3524 2437 3580 hic
2461 3524 2645 3591 donat,
2677 3524 2955 3594 agnoscit?
2980 3523 3118 3579 Audi
3145 3524 3274 3596 quid
3298 3541 3313 3579 :
3340 3523 3473 3593 Quia
3505 3504 3676 3580 omnes
3695 3527 3789 3581 tle-

2197 3612 2533 3680 clinaverunt,
2563 3615 2717 3669 simul
2738 3614 2940 3669 inutiles
2968 3614 3093 3686 facti
3120 3623 3281 3669 sunt:
3299 3631 3400 3669 non
3426 3624 3499 3670 est
3521 3615 3609 3684 qui
3631 3614 3787 3687 faciat

2198 3708 2417 3773 bonum,
2459 3725 2562 3763 non
2602 3718 2675 3762 est
2712 3724 2869 3779 usque
2905 3707 2975 3762 ad
3002 3723 3182 3763 unum.
3221 3707 3352 3775 Qua:
3382 3708 3544 3778 igitur
3565 3708 3655 3763 illa
3680 3708 3786 3764 alia

2198 3801 2426 3869 quaestio
2453 3809 2556 3866 est,
2586 3800 2689 3854 nisi
2715 3815 2876 3871 quam
2904 3800 3064 3870 paulo
3089 3807 3214 3855 ante
3237 3800 3684 3856 commemoravi?
3727 3801 3786 3856 Si

2199 3908 2301 3945 non
2322 3900 2394 3945 est
2422 3891 2509 3961 qui
2536 3891 2692 3961 faciat
2718 3891 2923 3955 bonum,
2945 3908 3048 3945 non
3068 3902 3140 3944 est
3158 3907 3314 3961 usque
3332 3892 3402 3944 ad
3420 3908 3599 3958 unum,
3626 3907 3787 3946 nemo

2201 3990 2369 4037 restat
2392 3982 2481 4052 qui
2508 3992 2687 4052 gemat
2718 3981 2859 4037 inter
2881 3982 3075 4037 malos.
3107 3982 3391 4052 Ex‘speeta,
3416 3982 3588 4051 inquit
3616 3982 3789 4037 Domi-

2202 4089 2333 4137 nus;
2366 4074 2472 4126 noli
2515 4073 2622 4127 cito
2671 4072 2812 4129 ferre
2850 4074 3212 4129 sententiam:
3240 4074 3433 4130 donavi
3480 4075 3787 4130 hominibus

2202 4167 2340 4220 bene
2365 4166 2558 4233 facere,
2581 4166 2676 4222 scd
2696 4182 2760 4221 ex
2789 4181 2898 4232 me,
2926 4166 3116 4237 inquit,
3140 4182 3245 4223 non
3265 4182 3334 4222 ex
3353 4183 3413 4222 se
3431 4184 3454 4233 ςΔ
3470 4182 3537 4223 ex
3558 4183 3619 4224 se
3643 4169 3787 4224 enim

2202 4260 2328 4315 mali
2353 4269 2481 4314 sunt
2503 4276 2519 4314 :
2542 4258 2638 4315 lilii
2667 4258 2946 4316 hominum
2978 4268 3124 4324 sunt,
3146 4259 3361 4331 quando
3385 4260 3525 4317 male
3551 4260 3785 4327 faciunt;

2202 4349 2415 4419 quando
2444 4349 2600 4417 bene,
2630 4349 2723 4405 lilii
2752 4349 2878 4405 mei.
2906 4349 3020 4405 Hoc
3045 4351 3186 4405 enim
3216 4349 3345 4407 facit
3375 4350 3535 4413 Deus.
3570 4368 3637 4407 ex
3664 4352 3789 4407 filiis

2204 4441 2479 4511 hominum
2507 4441 2645 4496 ﬁlios
2676 4441 2770 4497 Dei
2796 4459 2809 4496 :
2835 4441 2955 4511 quia
2977 4456 3045 4495 es
3075 4441 3114 4494 F
3120 4442 3210 4495 ilio
3241 4443 3328 4496 Dei
3353 4441 3476 4498 fecit
3501 4442 3669 4498 ﬁlium
3695 4444 3793 4498 ho-

2204 4532 2383 4588 minis.
2407 4504 2603 4588 ‘Videte
2627 4548 2748 4601 quae
2772 4504 2963 4586 sit-illa
3012 4531 3344 4603 participatio
3372 4550 3386 4587 :
3413 4534 3677 4603 promissa
3704 4542 3789 4589 est

2205 4623 2361 4677 nobis
2393 4623 2733 4692 participatio
2756 4622 3079 4687 divinitatis;
3110 4624 3368 4679 mentitur
3391 4625 3478 4694 qui
3505 4625 3798 4693 promisit,

2204 4714 2251 4768 si
2277 4729 2382 4767 non
2410 4725 2493 4768 est
2521 4714 2667 4782 prior
2704 4712 2876 4768 factus
2920 4715 3187 4783 particeps
3224 4713 3583 4769 mortalitatis.
3622 4714 3793 4770 Filius

2204 4805 2349 4861 enim
2378 4804 2473 4859 Dei
2503 4805 2770 4874 particeps
2798 4806 3138 4858 mortalitatis
3161 4792 3385 4861 allectus
3406 4813 3520 4870 est,
3554 4815 3613 4861 ut
3639 4822 3786 4861 mor-

2208 4895 2325 4950 talis
2356 4897 2518 4949 bomo
2543 4895 2633 4949 ﬁat
2664 4895 2929 4964 particeps
2955 4895 3268 4951 divinitatis.
3296 4896 3397 4964 Qui
3427 4897 3519 4952 tibi
3548 4898 3791 4967 promisit

2205 4988 2703 5041 communicandum
2747 4997 2919 5061 tecum
2964 4988 3161 5042 bonum
3208 5004 3397 5055 suum,
3428 4989 3575 5059 prius
3617 4998 3788 5046 tecum

2206 5080 2619 5133 communicavit
2648 5077 2847 5131 malum
2881 5086 3029 5132 tuum
3056 5095 3070 5130 :
3095 5078 3184 5147 qui
3213 5078 3305 5132 tibi
3334 5079 3575 5146 promisit
3602 5079 3789 5134 divini-

2211 5180 2369 5225 tatem
2386 5212 2401 5233 ,
2425 5169 2660 5224 ostendit
2687 5168 2738 5222 in
2767 5180 2818 5223 te
2839 5170 3178 5223 charitatem.
3214 5169 3355 5240 Ergo
3377 5168 3505 5224 tolle
3527 5170 3671 5238 quod
3695 5170 3791 5223 ho-

2208 5262 2380 5316 mines
2426 5262 2515 5315 (ilii
2565 5259 2659 5315 Dei
2705 5270 2862 5320 sunt.
2902 5269 3142 5315 remanet
3186 5262 3327 5330 quod
3374 5261 3467 5314 lilii
3516 5261 3790 5314 hominum

2209 5365 2334 5411 sunt
2357 5372 2372 5409 :
2397 5353 2515 5408 Non
2536 5353 2716 5425 estqui
2736 5354 2890 5425 faciat
2912 5354 3116 5414 bonum,
3139 5362 3330 5408 nonest
3352 5369 3506 5421 usque
3525 5354 3593 5407 ad
3615 5370 3789 5408 unum.

2282 5451 2334 5501 7.
2378 5447 2527 5520 [vers.
2552 5447 2631 5519 5.]
2678 5444 2866 5500 Nonne
2892 5448 3051 5500 scient
3077 5462 3249 5499 omnes
3275 5446 3360 5515 qui
3383 5456 3659 5514 operantur
3695 5446 3793 5497 ini-

2210 5541 2447 5609 quitatem
2466 5581 2481 5604 ,
2510 5539 2596 5608 qui
2636 5539 2876 5593 devorant
2910 5537 3156 5606 papulunt
3193 5553 3359 5589 meum
3388 5536 3440 5589 in
3465 5537 3576 5589 cibo
3606 5535 3793 5605 panis?

2213 5631 2401 5686 Nonne
2427 5632 2583 5685 scient
2601 5631 2628 5685 .’
2653 5644 2832 5685 nonne
2868 5629 2974 5683 illis
3010 5627 3356 5684 ostendetur?
3389 5627 3484 5683 Dic
3504 5669 3520 5694 ,
3549 5629 3756 5682 minare
3774 5668 3791 5689 .

2216 5726 2438 5796 loquere
2468 5738 2532 5780 ex
2560 5722 2886 5793 parturientc
2906 5730 2961 5777 et
2986 5720 3221 5777 dolente.
3245 5718 3479 5791 Populus
3505 5720 3646 5777 enim
3672 5728 3794 5775 tntis
