3968 6376
82 378 184 432 617

84 496 374 552 devoratur
395 494 448 548 in
476 494 595 549 cibo
627 494 798 564 panis.
827 493 921 548 Est
943 508 1069 562 ergo
1093 491 1179 556 hic
1208 491 1434 562 populus
1466 490 1555 544 Dei
1587 489 1675 556 qui

83 586 396 642 devoratur.
429 586 586 640 Certe
626 603 724 638 non
772 595 843 638 est
872 585 958 656 qui
999 586 1156 655 faciat
1199 587 1402 644 bonum,
1452 599 1553 634 non
1609 589 1680 634 est

82 697 240 749 usque
264 681 335 734 ad
359 696 537 734 unum.
569 678 942 748 neSpondctur
981 694 1044 732 ex
1089 676 1176 731 illa
1215 677 1417 745 regula.
1453 674 1557 728 Sed
1582 674 1680 726 iste

80 773 312 842 populus
333 773 422 841 qui
442 771 752 834 devoratur,
785 770 884 823 isle
905 770 1131 837 papulus
1153 767 1240 835 qui
1271 767 1465 834 patitur
1489 765 1674 826 malos,

80 865 186 919 iste
229 865 320 935 qui
366 863 532 932 gemit
573 871 627 916 et
671 862 900 930 parturit
929 861 1070 913 inter
1097 859 1287 920 malos,
1317 859 1426 925 jam
1459 873 1522 908 ex
1558 855 1678 907 [iliis

78 956 363 1009 hominum
395 953 488 1007 lilii
523 953 614 1007 Dei
645 952 767 1006 facti
798 962 923 1006 sunt
953 969 967 1003 :
997 950 1117 1005 ideo
1147 949 1453 1002 devoratur.
1483 947 1676 999 Consi-

80 1048 211 1101 lium
239 1047 383 1100 enim
416 1045 588 1115 inopis
617 1043 958 1106 confudistis,
983 1042 1237 1112 quoniam
1268 1040 1526 1094 Dominus
1555 1053 1678 1106 Spes

75 1140 198 1205 ejus
227 1145 316 1193 est
339 1136 511 1210 (Psal.
537 1153 652 1199 IIII,
679 1136 758 1203 6).
791 1136 1111 1204 Plerumque
1131 1133 1274 1188 enim
1308 1141 1365 1186 nt
1389 1133 1678 1186 devoretur

75 1230 313 1300 populus
345 1231 458 1295 Dei,
490 1229 593 1284 hoc
621 1230 797 1300 ipsum
827 1229 878 1282 in
908 1227 1000 1281 illo
1026 1229 1410 1289 contemnitur,
1435 1227 1557 1295 quia
1586 1240 1678 1293 po-

74 1322 240 1392 pulus
273 1322 367 1377 Dei
396 1328 500 1377 est.
528 1321 776 1390 Rapiam,
807 1320 999 1389 inquit,
1029 1327 1085 1373 et
1110 1319 1437 1388 exspoliem;
1464 1320 1507 1372 si
1531 1317 1677 1372 chri-

73 1414 288 1469 stianus
313 1424 417 1480 est,
446 1413 571 1481 quid
601 1413 728 1466 mihi
757 1411 996 1467 facturus
1015 1410 1135 1466 est?
1159 1410 1420 1478 Loquitur
1440 1423 1539 1480 pro
1563 1408 1673 1474 illo,

73 1505 168 1574 qui
195 1504 432 1574 loquitur
454 1520 550 1573 pro
574 1519 634 1571 pa
645 1499 921 1568 rturiente,
944 1510 997 1555 et
1020 1501 1252 1554 minatur
1272 1499 1673 1564 devorantibus,

74 1597 286 1661 dicens,
319 1594 507 1650 Nonne
533 1596 689 1648 scient
713 1609 886 1648 omnes
912 1595 997 1664 qui
1026 1603 1302 1662 operantur
1325 1593 1678 1662 iniquitatem?

73 1689 210 1743 Nam
243 1697 299 1744 et
328 1688 418 1743 ille
442 1689 530 1759 qui
558 1686 770 1741 videbat
810 1685 1015 1749 furem,
1050 1694 1103 1740 et
1145 1685 1506 1740 concurrebat
1553 1699 1676 1738 cum

73 1795 160 1843 eo,
186 1791 242 1836 et
269 1793 390 1834 cum
414 1779 673 1834 adulteris
697 1779 995 1846 portionem
1024 1787 1177 1830 suam
1205 1775 1433 1845 ponebat
1449 1816 1462 1839 ,
1482 1775 1676 1830 sedens

71 1871 339 1926 adversus
365 1869 581 1924 fratrem
605 1881 758 1922 suum
780 1866 1116 1930 detrahebat,
1136 1878 1190 1920 et
1219 1865 1479 1920 adversus
1510 1864 1676 1918 lilium

73 1965 268 2018 matris
294 1977 403 2017 sua:
435 1962 666 2032 ponebat
693 1959 1002 2014 scandalum
1029 2001 1042 2020 ,
1077 1959 1206 2012 dixit
1252 1959 1304 2011 in
1353 1958 1505 2010 corde
1544 1971 1636 2011 suo
1658 1972 1676 2007 :

74 2053 202 2108 Non
231 2064 307 2107 est
333 2051 492 2107 Deus.
525 2052 653 2106 Ideo
675 2051 778 2105 hoc
805 2051 878 2104 illi
907 2049 1122 2110 dicitur,
1160 2047 1286 2103 llaec
1311 2048 1495 2118 fecisti,
1523 2057 1570 2101 et
1599 2058 1674 2100 ta-

72 2147 158 2200 cui
182 2164 200 2199 :
221 2145 509 2214 suspicatus
531 2159 584 2198 es
605 2145 938 2213 iniquitatem,
962 2142 1097 2210 quod
1118 2155 1208 2216 gero
1235 2142 1306 2193 tui
1335 2141 1516 2194 similis
1536 2156 1554 2192 :
1573 2140 1676 2194 hoc

73 2247 175 2300 est,
204 2251 314 2290 non
339 2250 432 2290 ero
461 2234 618 2299 Deus,
647 2234 690 2288 si
719 2249 813 2288 cro
841 2229 935 2287 tibi
961 2231 1174 2286 similis.
1200 2230 1308 2287 Sed
1336 2230 1463 2302 quid
1492 2230 1675 2300 sequi-

73 2332 198 2383 tur?
227 2328 456 2398 Arguam
491 2339 557 2389 te,
592 2336 637 2379 et
668 2334 888 2377 statuam
915 2333 962 2376 te
986 2331 1105 2377 mue
1130 2322 1312 2393 faciem
1339 2311 1670 2390 tuant(Psal.

75 2438 228 2484 χιιι.
261 2420 468 2491 18-21).
497 2419 587 2474 Sic
612 2428 664 2473 et
691 2417 793 2482 hic,
824 2418 1048 2487 Arguam
1072 2423 1138 2476 te,
1167 2423 1214 2468 et
1236 2423 1457 2468 statuam
1484 2424 1530 2466 te
1557 2424 1674 2467 ante

72 2516 261 2582 faciem
293 2522 451 2566 tuam.
497 2510 613 2565 Non
651 2511 732 2562 vis
768 2508 926 2562 modo
965 2520 1127 2561 nosse
1154 2513 1210 2559 ut
1237 2505 1334 2561 tibi
1363 2507 1666 2575 displicens,

72 2610 270 2660 nosces
299 2612 357 2657 ut
387 2604 623 2672 plangas.
647 2601 764 2654 Non
791 2600 934 2654 enim
962 2613 1065 2653 non
1095 2598 1564 2654 demonstraturus
1588 2605 1672 2653 est

74 2699 218 2752 Deus
245 2696 442 2767 iniquis
472 2694 802 2765 iniquitatem
826 2707 997 2747 suam.
1023 2691 1078 2747 Si
1109 2708 1212 2745 non
1241 2701 1321 2746 est
1342 2691 1674 2746 demonstra-

71 2801 228 2845 turus
249 2832 264 2853 ,
293 2791 565 2858 quierunt
588 2786 680 2856 qui
709 2785 901 2840 dicturi
932 2793 1058 2837 sunt
1091 2802 1104 2838 :
1135 2783 1274 2850 Quid
1299 2783 1443 2836 nobis
1473 2785 1670 2853 profuit

70 2880 347 2952 superbia,
389 2889 436 2932 et
482 2878 773 2931 divitiarum
819 2876 1064 2942 iactantia
1103 2874 1229 2945 quid
1269 2874 1482 2927 contulit
1529 2875 1674 2928 nobis

71 2973 231 3041 (Sap.
258 2987 314 3033 v,
343 2967 436 3038 8)?
465 2967 616 3023 Tunc
642 2983 770 3037 ergo
797 2969 966 3021 scient
988 2967 1076 3034 qui
1111 2965 1269 3019 modo
1293 2967 1431 3019 seire
1459 2966 1667 3020 nolunt.

71 3062 269 3116 Nonne
291 3063 447 3115 scient
474 3072 645 3112 omnes
671 3059 760 3127 qui
786 3067 1062 3125 operantur
1089 3047 1404 3128 iniquitatem
1421 3098 1434 3118 ,
1458 3057 1542 3126 qui
1577 3055 1669 3110 de-

71 3163 253 3209 uorant
281 3152 524 3224 populum
555 3167 719 3203 meum
745 3149 800 3202 in
827 3148 935 3201 cibo
964 3147 1150 3217 panis?
1173 3146 1308 3214 Quid
1342 3146 1582 3213 addidit,
1616 3146 1671 3200 in

68 3248 184 3300 cibo
233 3243 436 3312 panis?
481 3241 755 3310 Tanquam
804 3255 996 3310 panem
1043 3240 1370 3294 manducent
1418 3240 1672 3308 populum

69 3356 276 3395 meum.
323 3339 533 3392 Cmtera
577 3336 723 3391 enim
765 3349 884 3404 quae
923 3332 1338 3401 manducamus,
1387 3346 1672 3402 possumus

69 3434 239 3490 modo
270 3433 381 3492 illa.
410 3429 571 3486 modo
600 3428 718 3493 illa;
749 3444 852 3482 non
878 3426 1213 3498 semperhoc
1232 3427 1372 3492 olus,
1398 3441 1501 3479 non
1531 3441 1672 3480 Sem-

69 3544 171 3596 pcr
198 3526 341 3579 hanc
359 3537 600 3584 carnem,
631 3537 736 3575 non
760 3535 971 3589 semper
995 3518 1113 3573 haec
1135 3533 1290 3587 poma
1315 3535 1330 3571 :
1355 3533 1567 3586 semper
1587 3531 1672 3570 au-

70 3630 180 3672 tem
228 3630 441 3686 panem.
488 3613 624 3679 Quid
649 3621 733 3667 est
759 3626 889 3682 ergo
907 3650 924 3675 ,
952 3610 1196 3663 deuorant
1224 3610 1469 3678 populum
1506 3625 1672 3661 meum

65 3711 124 3762 in
155 3707 270 3760 cibo
299 3706 484 3775 panis!
511 3703 640 3759 Sine
668 3701 1088 3766 intermissione,
1115 3700 1234 3754 sine
1259 3701 1561 3753 cessatione
1579 3699 1673 3751 do-

65 3806 305 3863 vorant,
329 3797 419 3870 qui
447 3797 687 3850 deuorant
717 3793 964 3864 populum
992 3808 1154 3845 meum
1182 3792 1236 3845 in
1260 3791 1369 3844 cibo
1396 3792 1562 3860 panis.

143 3892 198 3947 8.
234 3888 404 3962 [6313.
434 3887 487 3952 6,
519 3885 597 3958 7.]
629 3884 799 3938 Deum
825 3901 924 3938 non
950 3884 1325 3936 inuacauemnt.
1356 3883 1676 3935 Consolatnr

66 3990 398 4054 gementem,
425 3987 480 4033 et
508 3979 736 4032 maxime
766 3992 828 4030 ex
852 3976 1362 4029 commemoratione
1388 3976 1425 4039 ',
1457 3990 1523 4027 ne
1551 3974 1671 4026 imi-

68 4075 239 4128 tando
275 4071 444 4124 malos
485 4070 572 4139 qui
627 4069 941 4138 plertunque
996 4075 1396 4135 prosperantur.
1444 4066 1690 4118 delectet‘

69 4165 191 4220 lieri
215 4165 435 4218 malum.
457 4163 721 4216 Servatur
761 4159 852 4213 tibi
883 4158 1023 4227 quod
1052 4157 1144 4210 tibi
1195 4157 1513 4225 promissum
1543 4166 1623 4209 γε(
1656 4175 1670 4208 -.

66 4273 201 4328 spes
224 4257 436 4310 illorum
465 4262 706 4322 praesens-
725 4261 828 4315 est,
874 4261 960 4304 tua
997 4250 1167 4303 futura
1197 4259 1312 4311 est;
1341 4249 1432 4301 sed
1462 4250 1672 4302 illorum

68 4353 240 4416 ﬂuxa,
275 4357 361 4402 tua
416 4355 593 4410 certa;
649 4345 860 4399 illorum
908 4343 1058 4407 falsa,
1087 4352 1172 4394 tua
1223 4356 1370 4395 vera.
1417 4341 1493 4394 llli
1529 4341 1673 4395 enim

71 4443 240 4498 Deum
268 4455 370 4493 non
400 4437 774 4491 invocaverunt.
820 4433 1012 4487 Nonne
1046 4431 1286 4502 quotidie
1328 4432 1459 4485 tales
1487 4440 1677 4501 rogant

69 4530 286 4589 Deum?
315 4529 430 4583 Non
480 4534 667 4596 rogant
714 4525 899 4578 Deum.
932 4522 1223 4586 Adtendite,
1254 4522 1298 4574 si
1329 4536 1541 4588 possum
1571 4523 1673 4574 hoc

70 4627 262 4683 dicere
280 4622 564 4692 adjuvante
591 4620 706 4688 ipso
737 4617 864 4671 Deo.
901 4615 1040 4669 Dens
1064 4614 1228 4684 gratis
1276 4628 1335 4667 sc
1384 4613 1499 4665 vult
1545 4611 1673 4677 coli,

69 4718 244 4792 gratis
264 4730 326 4770 se
352 4712 463 4766 vult
485 4710 653 4781 diligi,
673 4709 776 4762 hoc
791 4714 873 4762 est
901 4714 1047 4760 caste
1066 4704 1266 4765 amari;
1297 4719 1401 4756 non
1434 4711 1676 4772 propter-

72 4827 137 4868 ea
191 4824 254 4864 se
283 4805 475 4868 amari,
498 4801 620 4872 quia
648 4799 741 4855 dat
767 4798 967 4866 aliquid
996 4805 1189 4866 prtetcr
1216 4811 1295 4858 se,
1323 4798 1415 4848 sed
1443 4794 1563 4863 quia
1584 4794 1677 4847 dat

71 4918 156 4958 se.
189 4895 301 4966 Qui
333 4904 464 4964 ergo
487 4894 699 4947 invocat
738 4886 913 4944 Deum
939 4897 997 4941 ut
1025 4887 1176 4940 dives
1203 4887 1313 4950 liat,
1367 4887 1529 4939 Deum
1572 4898 1678 4940 non

76 4997 329 5054 invocat;
363 4989 464 5042 hoc
503 4985 648 5039 enim
693 4985 904 5036 invocat
956 4981 1099 5049 quod
1142 4979 1209 5033 ad
1243 4995 1302 5032 sc
1327 4979 1438 5032 vult
1472 4979 1675 5035 venire.

74 5085 221 5158 Quid
246 5081 397 5141 enim
421 5089 506 5136 est
531 5080 801 5140 invocare,
828 5075 928 5128 nisi
959 5088 1151 5129 vocare
1180 5074 1232 5127 in
1257 5073 1351 5126 se?
1387 5073 1442 5124 ln
1470 5090 1528 5126 sc
1551 5088 1679 5144 ergo

77 5192 298 5240 vocare,
332 5173 435 5228 hoc
457 5171 652 5226 dicitur
695 5169 963 5221 invocare.
987 5165 1120 5219 Nam
1162 5180 1283 5220 cum
1330 5163 1484 5228 dicis,
1537 5160 1722 5225 Deus,

75 5272 144 5326 da
174 5262 313 5323 mihi
350 5262 595 5319 divitias:
637 5275 742 5313 non
777 5258 856 5312 vis
901 5267 957 5311 ut
985 5258 1099 5326 ipse
1129 5257 1269 5310 Deus
1297 5254 1361 5309 ad
1393 5265 1443 5309 te
1481 5255 1678 5317 veniat,

77 5362 175 5419 sed
225 5354 311 5414 vis
352 5365 413 5414 ut
439 5354 640 5411 divitia:
684 5351 898 5406 veniant
926 5348 996 5403 ad
1037 5359 1108 5404 te.
1136 5349 1288 5414 Quod
1316 5347 1396 5400 vis
1436 5356 1494 5400 ut
1533 5346 1599 5400 ad
1630 5358 1680 5401 te

77 5453 285 5516 veniat,
317 5442 420 5503 hoc
462 5447 702 5500 invocas.
732 5443 790 5497 Si
815 5451 991 5495 autem
1024 5442 1188 5494 Dcttm
1239 5440 1535 5497 invocat-cs,
1567 5437 1681 5506 ipse

77 5548 146 5603 ad
175 5557 231 5601 te
259 5542 488 5600 veniret,
521 5539 635 5607 ipse
671 5546 816 5590 esset
844 5535 1041 5588 divitia:
1071 5543 1195 5586 tuzc.
1224 5532 1375 5585 Nunc
1396 5540 1574 5584 autem
1600 5530 1682 5583 vis

79 5639 286 5694 habere
316 5647 496 5688 arcam
519 5631 749 5700 plenam,
775 5637 828 5680 ct
848 5626 1059 5680 inanem
1079 5623 1462 5678 Con-cientium
1495 5641 1507 5674 :
1540 5622 1681 5676 Deus

144 5802 161 5828 ¹
204 5796 395 5859 Αιίιιιιοι
409 5803 539 5854 Mss,
561 5807 624 5844 ea:
662 5785 1029 5848 comparatione.
1062 5782 1301 5843 Nonnulli,
1325 5792 1389 5831 ea:
1413 5790 1682 5830 conunora-

77 5868 224 5912 mm.
328 5913 604 5973 Pamoc.
639 5909 694 5967 Χ
709 5911 758 5967 Χ
776 5909 821 5966 Χ
840 5908 883 5962 \'
897 5910 940 5967 l.

1214 373 1609 431 ΕΝΑΠΒΑἹΊΘ
1640 372 1700 427 ΙΝ
1743 372 2063 429 PSALML‘M
2105 375 2213 430 LII.

3284 380 3388 442 618

1791 505 1894 542 non
1921 490 2103 561 implet
2131 507 2330 556 arcam,
2363 493 2455 547 scd
2477 505 2678 564 pectus.
2708 495 2843 564 Quid
2868 495 2962 551 tibi
2992 502 3212 567 prosunt
3237 503 3386 552 eue-

1789 581 1959 635 riores
1989 584 2189 637 divitize
2217 585 2260 638 si
2286 595 2334 638 te
2358 585 2578 640 interior
2615 588 2810 657 premit
2836 587 3084 657 egestas?
3113 588 3255 659 Ergo
3294 588 3381 643 isti

1787 672 1878 743 qui
1903 683 2118 741 propter
2152 676 2426 728 saacularia
2465 676 2769 738 commoda,
2807 681 2895 749 qui
2927 689 3142 748 propter
3171 684 3382 734 terrena

1790 763 1946 826 bona,
1973 766 2058 834 qui
2095 775 2310 835 propter
2334 768 2495 821 vitam
2523 779 2839 838 pr:cscntem
2873 779 2926 824 et
2953 781 3218 825 terrenam
3261 771 3381 826 feli-

1787 857 2000 908 citatem
2030 856 2279 912 invocant
2311 859 2500 924 Deum,
2535 876 2639 913 non
2664 860 2913 915 invocant
2944 863 3130 916 Deum.

1857 948 1911 1003 9.
1941 949 2228 1017 Propterea
2255 952 2381 1021 quid
2406 953 2474 1008 de
2506 953 2611 1008 illis
2651 954 2934 1024 sequitur?
2981 954 3063 1008 Ibi
3110 957 3383 1009 timuerunt

1787 1040 1984 1104 timore,
2007 1040 2092 1092 ubi
2117 1056 2219 1094 non
2246 1051 2355 1095 erat
2381 1043 2549 1098 timor.
2576 1044 2842 1115 Numquid
2877 1045 3020 1100 enim
3071 1047 3230 1100 titnor
3273 1060 3380 1108 εει,

1785 1131 1828 1184 si
1859 1133 1977 1200 quis
2006 1133 2190 1203 perdat
2209 1135 2461 1191 divitias?
2485 1137 2598 1192 Non
2627 1145 2710 1192 est
2738 1139 2808 1194 ibi
2833 1139 3010 1204 timor,
3035 1145 3090 1194 et
3132 1140 3202 1194 ibi
3230 1141 3385 1194 time-

1784 1230 1889 1276 tur.
1921 1222 2118 1294 Siquis
2142 1235 2322 1282 autem
2347 1228 2535 1298 perdat
2559 1230 2898 1301 sapientiam,
2934 1231 3236 1285 Veretimor
3262 1240 3379 1295 est;

1783 1325 1840 1369 et
1864 1316 1934 1370 ibi
1979 1332 2086 1371 non
2121 1319 2360 1376 timetur.
2393 1321 2554 1387 Audi,
2594 1323 2869 1392 dignosce,
2916 1323 3050 1377 tales
3102 1315 3378 1392 intelligo:

1783 1409 2191 1464 commendatur
2212 1412 2391 1468 nescio
2419 1414 2502 1468 cui
2522 1415 2812 1480 saccellus;
2843 1429 2948 1469 non
2979 1416 3098 1470 vult
3128 1417 3375 1478 reddere.

1785 1513 1882 1566 pro
1906 1514 2002 1553 suo
2031 1512 2325 1572 computat,
2362 1520 2467 1559 non
2515 1515 2661 1574 putat
2689 1522 2846 1576 posse
2886 1508 3080 1577 repeti,
3117 1509 3226 1578 jam
3283 1518 3378 1577 pro

1783 1606 1880 1643 suo
1929 1592 2157 1656 habebit,
2215 1594 2437 1650 reddere
2479 1598 2756 1651 detrectat.
2799 1599 2981 1652 Videat
3023 1600 3149 1668 quid
3191 1601 3378 1653 timeat

1783 1684 2050 1747 amittere,
2093 1693 2148 1738 et
2189 1687 2314 1756 quid
2346 1689 2479 1742 nolit
2511 1689 2710 1744 habere
2744 1708 2756 1742 :
2793 1691 2843 1743 in
2889 1691 3107 1744 dubium
3159 1692 3379 1745 veniunt

1785 1776 2003 1842 pecunia
2033 1786 2086 1830 et
2116 1777 2280 1844 ﬁdes;
2315 1796 2432 1848 qua:
2457 1781 2738 1848 pretiosior
2766 1792 2870 1842 est,
2906 1783 2973 1835 ibi
2997 1784 3208 1853 gravius
3224 1783 3377 1836 dam-

1783 1880 1908 1917 num
1940 1865 2232 1920 titnendum
2259 1877 2358 1921 est.
2389 1865 2467 1926 Tu
2498 1880 2675 1922 autem
2703 1880 2758 1923 ut
2779 1887 2964 1923 aurum
2990 1881 3191 1936 teneas,
3218 1871 3374 1925 Iidem

1784 1955 1961 2021 perdis
1997 1975 2010 2010 :
2040 1959 2284 2026 graviore
2333 1960 2529 2014 damno
2580 1961 2895 2029 perculeris,
2938 1971 2992 2015 et
3042 1973 3094 2015 tu
3121 1962 3187 2016 de
3231 1963 3377 2015 lucro

1782 2046 1989 2100 lmtatus
2014 2063 2073 2103 es
2108 2065 2120 2100 :
2153 2049 2222 2103 ibi
2275 2052 2495 2105 timuisti
2542 2053 2739 2116 timore,
2777 2053 2861 2105 ubi
2900 2071 2999 2107 non
3045 2063 3151 2107 erat
3204 2055 3372 2108 timor.

1781 2139 1966 2195 Redde
1997 2143 2275 2209 pecuniam
2307 2161 2321 2194 :
2355 2159 2540 2213 parum
2569 2143 2712 2208 dico,
2748 2144 2964 2210 Redde;
2996 2147 3159 2215 perde
3207 2161 3371 2215 pecu-

1781 2230 1954 2294 niam,
1995 2246 2062 2285 ne
2115 2232 2273 2287 ﬁdem
2319 2233 2536 2302 perdas:
2567 2234 2643 2287 Tu
2697 2233 2922 2289 reddere
2973 2236 3251 2304 pecuniam
3306 2236 3373 2287 ti-

1781 2322 1957 2375 muisti
1980 2364 1994 2384 ,
2022 2331 2077 2377 et
2105 2321 2262 2378 Iidem
2289 2325 2517 2394 perdere
2544 2324 2790 2378 voluisti!
2816 2324 3073 2396 Martyres
3105 2340 3208 2378 non
3245 2327 3373 2379 alie~

1780 2429 1901 2467 nam
1941 2414 2196 2481 tulerunt,
2226 2416 2319 2470 sed
2351 2417 2509 2470 etiam
2545 2432 2694 2470 suam
2751 2416 2906 2472 ﬁdem
2947 2433 3014 2472 ne
3044 2419 3370 2479 amitterent.

1777 2514 2333 2573 contempseruntzet
2388 2523 2572 2577 parum
2620 2507 2717 2562 fuit
2785 2508 3008 2577 perdere
3069 2512 3368 2578 pecuniam,

1774 2593 1990 2665 quando
2006 2597 2284 2666 proscripti
2302 2608 2456 2661 sunt;
2490 2597 2837 2666 perdiderunt
2862 2607 2916 2653 et
2937 2599 3170 2652 animam
3193 2610 3368 2665 suam,

1777 2686 1991 2756 quando
2020 2688 2160 2756 passi
2184 2697 2307 2742 sunt
2335 2707 2348 2743 :
2379 2689 2731 2760 perdiderunt
2759 2691 3015 2749 animam,
3045 2701 3103 2744 ut
3127 2690 3177 2743 io
3205 2692 3367 2744 vitam

1777 2790 2031 2833 arternam
2063 2781 2360 2835 invenirent
2389 2798 2505 2836 eam
2538 2781 2750 2855 (Matth.
2779 2799 2833 2848 ι,
2860 2781 2972 2854 59).
3000 2784 3137 2854 Ergo
3183 2784 3252 2838 ibi
3303 2785 3372 2837 ti-

1777 2883 2028 2927 muerunt
2072 2873 2160 2927 ubi
2200 2875 2492 2929 timendum
2525 2873 2630 2931 c'st.
2660 2877 2737 2931 Illi
2788 2893 2917 2932 vero
2960 2878 3048 2946 qui
3101 2878 3370 2933 Christum

1777 2965 2046 3029 dixerunt,
2075 2960 2195 3020 Non
2221 2978 2292 3021 est
2316 2967 2475 3031 Deus,
2504 2969 2572 3022 ibi
2602 2970 2873 3023 timuerunt
2916 2971 3000 3023 ubi
3033 2987 3135 3024 non
3169 2981 3275 3024 erat
3309 2973 3373 3023 ti-

1777 3071 1910 3109 mor.
1944 3057 2202 3112 Dixerunt
2223 3059 2364 3112 enim
2402 3077 2414 3111 :
2447 3060 2506 3114 Si
2529 3061 2865 3114 dimiserimus
2890 3077 3027 3124 eum,
3055 3061 3246 3115 venient
3273 3061 3374 3115 llo-

1777 3147 1935 3208 mani,
1965 3157 2015 3200 et
2041 3149 2215 3200 tollent
2235 3149 2376 3203 nobis
2394 3162 2438 3202 ct
2467 3148 2630 3202 locum
2659 3159 2705 3203 et
2726 3168 2936 3221 regnum
2953 3149 3128 3222 (Joan.
3155 3168 3229 3216 XI,
3256 3152 3372 3223 48).

1775 3238 1820 3294 Ο
1850 3241 2070 3294 stultitia
2103 3249 2157 3295 et
2180 3241 2557 3310 imprudentia,
2607 3242 2792 3296 dicens
2821 3242 2873 3296 in
2902 3244 3054 3296 corde
3082 3260 3174 3297 suo
3203 3260 3222 3296 :
3251 3243 3375 3297 Non

1776 3339 1850 3384 est
1876 3329 2013 3383 Deus
2032 3331 2050 3382 .'
2069 3331 2314 3385 Timuisti
2335 3331 2558 3401 perdere
2581 3343 2801 3400 terram,
2825 3332 3105 3403 perdidisti
3135 3336 3330 3388 cmlum
3357 3353 3370 3386 :

1779 3421 1998 3474 timuisti
2027 3439 2092 3476 ne
2125 3424 2367 3476 venirent
2397 3423 2644 3486 Romani,
2674 3433 2728 3478 et
2771 3423 3023 3480 tollerent
3052 3425 3145 3480 tibi
3195 3425 3369 3480 locum

1776 3521 1829 3565 et
1857 3528 2077 3582 regnum
2100 3529 2114 3576 ;
2149 3513 2403 3582 numquid
2430 3514 2519 3566 tibi
2573 3515 2818 3568 tollerent
2845 3507 3050 3569 Deum?
3073 3515 3210 3582 Quid
3247 3531 3376 3586 ergo

1778 3605 1979 3657 restat?
2003 3603 2160 3670 Quid,
2194 3605 2293 3657 nisi
2326 3612 2381 3656 ut
2423 3604 2641 3658 fatearis
2681 3607 2800 3673 quia
2844 3616 3027 3661 tenere
3063 3607 3273 3662 voluisti
3321 3617 3375 3662 ct

1779 3698 2010 3753 tenendo
2039 3699 2176 3752 male
2201 3699 2468 3752 amisisti?
2511 3677 2796 3753 Perdidisti
2839 3701 2982 3754 enim
3016 3712 3070 3755 et
3114 3703 3287 3756 locum
3320 3713 3375 3758 et

1777 3801 1989 3858 gentem
2036 3790 2332 3844 occidendo
2383 3789 2675 3845 Christum.
2720 3791 2976 3846 Maluistis
3015 3793 3158 3847 enim
3214 3794 3376 3849 Chri-

1778 3892 1917 3934 stuut
1949 3882 2215 3947 occidere,
2248 3898 2408 3951 quam
2449 3884 2623 3935 locum
2666 3883 2924 3953 perdere;
2972 3895 3027 3939 et
3069 3884 3376 3954 perdidistis

1779 3973 1952 4027 locum
1991 3985 2044 4026 et
2076 3984 2287 4043 gentem
2342 3984 2396 4026 et
2431 3973 2726 4029 Christum.
2757 3975 3019 4029 Timendo
3061 3976 3378 4033 occiderunt

1777 4063 2046 4119 Christum
2081 4064 2215 4118 :sed
2245 4079 2414 4134 quare
2460 4065 2601 4118 hoc?
2635 4065 2888 4132 Quoniam
2933 4066 3067 4120 Deus
3109 4068 3377 4137 dissipavit

1778 4174 1892 4209 ossa
1914 4157 2195 4210 hominibus
2224 4156 2552 4226 placentium.
2589 4155 2843 4210 Volcntes
2880 4159 3091 4225 placere
3136 4160 3373 4213 homini-

1777 4249 1898 4306 bus.
1930 4249 2216 4300 timuerunt
2248 4247 2474 4316 perdere
2523 4246 2720 4300 locum.
2754 4245 2998 4301 Christus
3039 4262 3215 4302 autem
3265 4251 3379 4318 ipse

1780 4339 1845 4392 dc
1871 4353 1978 4407 quo
2006 4339 2274 4403 dixerunt,
2309 4335 2428 4389 Non
2454 4347 2527 4389 est
2555 4337 2713 4401 Deus,
2746 4338 2930 4390 maluit
2959 4339 3248 4410 displicere
3277 4342 3378 4393 Ito-

1781 4433 2012 4486 ntiuibus
2044 4432 2257 4490 talibus,
2315 4431 2500 4499 quales
2541 4431 2616 4482 illi
2671 4441 2859 4493 erant;
2917 4431 3039 4485 {iliis
3078 4433 3375 4496 hominum,

1783 4541 1888 4578 non
1936 4524 2056 4577 tiliis
2099 4523 2190 4577 Dei
2219 4521 2406 4575 maluit
2440 4520 2746 4588 displicere.
2778 4521 2904 4575 lude
2957 4523 3210 4592 dissipata
3253 4533 3379 4577 sunt

1780 4632 1901 4672 ossa
1931 4632 2140 4675 eorum,
2173 4614 2312 4668 illius
2341 4629 2462 4668 assa
2495 4629 2654 4666 nemo
2680 4612 2964 4682 confregit.
2992 4612 3205 4684 Confusi
3233 4627 3375 4675 sunt.

1780 4707 2020 4778 quoniam
2048 4697 2186 4758 Deus
2206 4705 2390 4774 sprevit
2431 4720 2534 4757 cos.
2589 4703 2812 4764 Revera,
2859 4702 3070 4765 fratres,
3118 4715 3376 4774 quantum

1781 4802 1846 4855 ad
1875 4801 1995 4854 illos
2020 4799 2232 4864 attinet,
2278 4813 2466 4866 magna
2498 4793 2605 4850 illis
2631 4796 2860 4850 accessit
2884 4794 3147 4850 confusio.
3185 4797 3241 4852 ln
3273 4812 3380 4868 qUo

1784 4894 1901 4946 loco
1930 4891 2309 4959 crneiiixeruut
2331 4888 2638 4955 Dominum,
2669 4903 2827 4957 quem
2857 4887 2975 4942 ideo
2998 4889 3381 4945 crt'tcitixerunt

1785 5003 1851 5040 ne
1884 4985 2168 5054 perderent
2202 4994 2255 5036 ct
2287 4985 2462 5036 locum
2500 4992 2555 5037 et
2596 4997 2837 5050 regnum,
2870 4997 2976 5034 non
3020 4983 3089 5036 ibi
3119 4992 3244 5036 sunt
3285 4983 3377 5037 Ju-

1783 5080 1906 5134 dtei.
1936 5077 2078 5132 Deus
2098 5093 2226 5144 ergo
2251 5076 2436 5146 sprevit
2473 5090 2557 5128 eos
2577 5090 2596 5127 :
2629 5084 2681 5128 ct
2722 5084 2895 5126 tmnen
2946 5076 3250 5143 spernendo
3287 5069 3381 5128 ad-

1787 5172 1991 5226 monuit
2040 5169 2159 5224 illos
2231 5177 2292 5222 ut
2344 5174 2747 5222 convertantur.
2799 5164 2994 5217 Modo‘
3045 5167 3381 5234 cognoscant

1786 5262 2079 5322 Christum,
2127 5267 2181 5311 et
2218 5258 2416 5320 dicunt,
2444 5258 2584 5311 Deus
2625 5265 2740 5320 est;
2772 5271 2930 5324 quem
2957 5253 3225 5314 dixerunt.
3262 5254 3384 5311 Non

1786 5368 1859 5410 est
1892 5356 2051 5409 Deus.
2077 5351 2323 5408 Redeunt
2346 5352 2411 5404 ad
2437 5348 2806 5404 luereditatem
2841 5358 3135 5416 paternam,
3174 5349 3239 5402 ad
3274 5347 3381 5402 lue--

1787 5448 2067 5501 reditatem
2104 5444 2354 5506 Abrahae,
2383 5441 2530 5496 Isaac
2578 5451 2632 5494 et
2668 5439 2870 5500 JaCob;
2916 5439 3221 5507 possideant
3259 5419 3382 5494 cum

1787 5539 1917 5609 ipsis
1945 5540 2109 5592 vitam
2137 5548 2416 5599 aeternam,
2450 5534 2549 5588 etsi
2599 5532 2761 5585 vitam
2801 5531 3149 5599 temporalem
3188 5531 3382 5584 amise-

1853 5715 1867 5745 ¹
1905 5714 2062 5761 tvoSIri
2100 5723 2274 5760 attines
2306 5717 2432 5767 3111s.,
2456 5715 2501 5756 et
2534 5713 2692 5756 tamen
2728 5702 2997 5770 frangendo
3029 5700 3290 5770 admonuit.
3335 5712 3384 5756 Fs

1789 5777 2018 5839 plerique
2045 5779 2404 5836 prosequuntur
2427 5773 2496 5820 sic
2522 5784 2535 5820 :
2565 5783 2657 5832 quo
2674 5769 3026 5824 convertantur,
3051 5769 3284 5830 quomodo
3313 5781 3386 5816 to-

1790 5845 2040 5902 gnoscatu,
2067 5846 2162 5886 etc.

2687 5910 2986 5993 (VingtJ
