3968 6330
524 329 628 389 619

526 455 669 501 rtmt.
699 442 876 508 Quare
920 435 1058 492 hoc?
1082 434 1215 502 Quia
1236 450 1302 489 ex
1334 431 1456 485 filiis
1485 426 1768 483 hominum
1818 422 1942 477 facti
1992 430 2115 474 sunt

526 539 616 593 filii
646 538 752 590 Dei.
788 532 918 608 Nam
948 526 1198 598 quamdiu
1227 531 1445 580 manent
1472 530 1528 575 et
1551 518 1760 583 nolunt,
1797 531 1899 569 non
1920 522 1994 608 est
2031 511 2118 582 qui

525 628 681 700 faciat
704 602 912 687 bonum,
955 636 1057 673 non
1101 627 1172 671 est
1208 628 1369 681 usque
1413 611 1479 665 ad
1523 623 1724 664 unum:
1749 602 1946 675 confusi
1980 611 2116 664 sunt,

523 698 766 789 quoniam
790 715 922 767 Deus
941 711 1128 781 sprevit
1154 723 1253 760 eos.
1275 705 1343 765 Et
1372 712 1621 772 tauquam
1639 698 1706 789 ad
1733 698 2118 789 ipsosAconv-er:

525 781 617 866 sus
647 810 742 875 ait,
777 803 903 870 Quis
937 800 1074 855 dabit
1123 814 1185 852 ea:
1216 796 1343 850 Sion
1380 794 1605 847 salutare
1632 786 1840 843 Israel?
1860 781 2117 875 Oisrtulti!

532 872 843 969 increpatis,
902 889 1191 950 insultatis.
1251 882 1622 955 colaphizatis,
1676 877 1848 969 sputis
1891 872 2119 969 illinitis,

529 962 701 1065 spinis
727 986 1019 1050 coronatis,
1065 984 1118 1036 in
1147 992 1363 1035 crucem
1393 972 1632 1065 erigitis:
1655 967 1850 1041 quem?
2029 962 2121 1065 da-

533 1053 602 1136 bit
621 1098 684 1137 ea:
706 1080 833 1135 Sion
852 1082 1076 1131 salutare
1099 1068 1269 1125 Israel
1283 1067 1309 1122 2
1332 1065 1521 1121 Nonne
1562 1063 1675 1133 ipse
1698 1073 1857 1130 quem
1886 1053 2119 1117 dixistis,

535 1175 658 1229 Non
684 1180 755 1226 est
792 1166 973 1226 Deus?
998 1164 1024 1218 Ι
1033 1182 1064 1218 ιι
1093 1157 1362 1216 avertendo
1393 1156 1532 1212 Deus
1555 1151 1895 1224 captivitatem
1943 1144 2121 1219 pepuli

527 1271 628 1324 sui.
658 1266 771 1322 Non
798 1263 942 1318 enim
969 1258 1162 1314 avertit
1182 1254 1543 1324 captivitatem
1571 1246 1751 1321 populi
1775 1244 1881 1310 sui,
1904 1240 2007 1295 nisi
2029 1237 2121 1308 qui

533 1361 704 1416 voluit
747 1359 887 1412 inter
930 1362 1136 1408 vestras
1191 1360 1379 1402 manus
1414 1359 1535 1399 esse
1578 1341 1843 1411 captivus.
1874 1336 1981 1392 Sed
2032 1331 2124 1401 qui

532 1451 633 1505 hoc
667 1443 1000 1515 intelligent?
1025 1436 1315 1495 Exsultabit
1340 1433 1525 1495 Iacob.
1549 1441 1598 1486 et
1643 1428 1901 1485 laetabitur
1934 1422 2121 1480 Israel.

531 1543 670 1598 Vere
697 1539 864 1595 Jacob
892 1544 945 1591 et
992 1548 1119 1589 vere
1172 1529 1356 1595 Israel,
1400 1526 1580 1582 minor
1632 1523 1722 1578 ille
1770 1521 1855 1576 cui
1907 1516 2127 1574 servivit

531 1633 703 1702 major
729 1628 879 1702 (Gen.
908 1643 1039 1692 xxv,
1071 1624 1189 1692 2’5),
1235 1622 1352 1692 ipse
1393 1614 1705 1679 exsultabit,
1732 1613 1857 1683 quia
1890 1610 2004 1679 ipse
2029 1623 2125 1661 co-

528 1730 769 1795 gnoscct.

560 1851 2117 1889 __________________________.__..._.__..

532 1912 535 1915 ⁵
965 1966 1045 2027 IN
1090 1956 1474 2024 PSALMUM
1516 1954 1656 2015 Llll

1106 2082 1193 2137 EN
1202 2078 1526 2139 ARRA'I'IO.

1040 2231 1213 2271 SERIIO
1258 2231 1324 2265 Alt
1364 2221 1629 2264 ιηιιδυωιι.

609 2340 661 2394 Ι.
691 2336 845 2409 luere.
872 2333 925 2396 i,
951 2326 1035 2401 2.]
1068 2323 1261 2381 Psahni
1312 2322 1469 2390 hujus
1497 2316 1682 2371 titulus
1711 2314 1871 2368 habet
1898 2312 2126 2366 fructum

538 2404 856 2502 prolixitatis
881 2438 1016 2487 suae,
1045 2421 1089 2474 si
1119 2415 1443 2485 intelligatur
1466 2427 1480 2466 :
1506 2419 1560 2465 et
1580 2408 1706 2502 quia
1733 2406 1977 2502 Psalmus
2005 2404 2129 2502 brea

534 2494 616 2580 vis
641 2532 744 2585 est,
776 2525 1189 2585 compensemus
1218 2509 1268 2562 in
1300 2520 1449 2561 mora
1478 2499 1613 2557 tituli
1642 2497 1784 2570 quod
1816 2498 1868 2552 in
1916 2494 2130 2551 Psalmo

535 2630 645 2671 non
692 2587 1118 2666 immorabimur.
1149 2598 1277 2653 Inde
1306 2596 1448 2651 enim
1475 2592 1673 2664 pendet
1722 2587 1899 2643 omnis
1942 2596 2131 2640 versus

532 2706 624 2777 qui
651 2710 917 2759 cantatur.
948 2696 1006 2750 Si
1035 2691 1157 2773 quis
1184 2691 1366 2760 itaque
1406 2691 1663 2777 agnoscat
1694 2678 1839 2750 quod
1863 2678 1915 2731 in
1936 2676 2131 2777 domus

543 2768 716 2851 ιγυιιιθ
742 2790 1016 2861 ρηηιιιιη
1061 2768 1164 2848 est,
1196 2792 1421 2836 securus
1456 2774 1708 2839 intrabit;
1738 2786 1837 2826 nec
1879 2785 2001 2825 cum
2044 2768 2129 2822 in-

535 2884 777 2945 traverit,
804 2872 1026 2935 errabit.
1053 2873 1165 2930 Hoc
1188 2870 1331 2927 enim
1364 2869 1416 2922 in
1451 2867 1570 2936 ipso
1599 2862 1749 2933 poste
1776 2869 2130 2931 pramotatnm

533 2988 637 3039 est,
668 2971 939 3045 quomodo
960 2966 1185 3023 interius
1209 2978 1315 3017 non
1337 2968 1569 3016 erretur.
1590 2955 1817 3045 Titulus,
1832 2954 2053 3045 ejusAsic
2073 2969 2132 3045 se

536 3043 697 3123 habet
725 3084 741 3122 :
770 3063 839 3118 In
879 3062 1056 3133 (hiem,
1100 3057 1154 3111 in
1193 3052 1416 3125 hymnis,
1480 3045 1765 3111 intellectus
1803 3044 1903 3133 ipsi
1945 3043 2129 3107 David,

534 3176 652 3215 rum
677 3132 914 3210 venerunt
932 3146 1154 3220 Zipltaai,
1181 3154 1227 3199 et
1253 3141 1488 3196 dixerunt
1515 3137 1583 3191 ad
1605 3136 1736 3190 Saiil
1761 3150 1780 3189 :
1802 3132 1990 3188 Nonne
2022 3147 2136 3186 ecce

536 3249 705 3307 David
726 3232 1050 3303 absconditus
1074 3245 1148 3293 est
1194 3234 1334 3305 apud
1360 3249 1451 3287 nos
1473 3232 1499 3286 ?
1527 3228 1679 3297 Quod
1713 3226 1842 3282 Sat'tl
1881 3239 2135 3296 persecu-

534 3355 621 3398 tor
644 3350 760 3397 erat
808 3332 982 3407 sancti
1026 3329 1129 3385 viri
1176 3324 1370 3387 David,
1422 3323 1627 3393 optime
1662 3319 1915 3373 novimus
1947 3334 1962 3370 :
1990 3315 2133 3404 quod

535 3422 756 3506 ligni-am
780 3401 994 3507 gerebat
1026 3422 1150 3479 Saﬁl
1175 3410 1688 3507 tetnporalisregni,
1724 3424 1831 3462 non
1853 3401 2131 3507 ald-vitam,

532 3495 626 3581 sed
647 3524 715 3579 ad
745 3495 972 3590 nionem
1019 3508 1357 3584 pertinentis,
1404 3514 1458 3559 ct
1497 3502 1600 3556 hoc
1628 3499 1835 3554 Vestrae
1875 3495 2135 3552 Cbaritati

538 3633 639 3675 nos
667 3586 1079 3669 commendasse
1102 3597 1443 3657 meminimus
1470 3591 1833 3666 (a)._llemque
1858 3586 2002 3659 quod
2019 3587 2134 3657 ipse
2214 3606 2217 3609 λ

538 3706 702 3764 David
738 3683 962 3774 figuram
993 3693 1213 3767 gerebat
1256 3684 1480 3749 Christi,
1509 3684 1593 3739 vel
1631 3679 1889 3774 corporis,
1911 3676 2132 3774 Christi,

535 3812 590 3856 et
630 3769 1045 3853 nosse‘debetis,
1082 3796 1137 3841 et
1164 3782 1406 3838 recolere
1443 3778 1532 3848 qui
1587 3775 1697 3844 jam
1753 3772 1944 3828 nostis.
1997 3769 2135 3837 Quid

537 3906 667 3958 ergo
689 3882 924 3955 liphtni?
954 3880 1114 3935 Vicus
1153 3872 1367 3945 quidam
1394 3877 1509 3924 erat
1535 3860 1693 3958 Zipli,
1736 3863 1889 3958 cujus
1928 3861 2137 3958 habita-

539 3951 931 4049 toiazsliphazi,
961 3972 1014 4024 in
1036 3981 1265 4037 quorum
1294 3961 1515 4031 regione
1559 3972 1617 4010 se
1643 3951 1999 4008 absconderat
2030 3951 2133 4004 Da-

541 4076 656 4142 vid,
681 4044 802 4124 cum
850 4080 972 4121 eum
1003 4060 1175 4129 vellet
1212 4057 1339 4111 Sahl
1365 4049 1605 4115 invenire
1633 4057 1689 4104 et
1735 4046 2000 4142 occidere.
2023 4044 2137 4099 .lsti

539 4136 669 4236 ergo
691 4157 893 4231 Zipbzei
922 4171 1045 4211 cum
1073 4152 1180 4206 hoc
1200 4144 1595 4217 cognovissent,
1639 4136 1991 4210 prodiderunt
2014 4152 2137 4190 eum

542 4228 652 4326 regi
679 4228 1027 4325 perSecutori,
1058 4242 1322 4305 dicentes,
1367 4233 1555 4289 Nonne
1594 4247 1707 4311 ecce
1724 4228 1893 4283 David
1930 4229 2139 4282 abson-

540 4317 696 4402 άιῖιιέ
721 4354 796 4399 est
848 4338 987 4411 apud
1026 4352 1118 4401 nos
1169 4333 1211 4405 (ι
1242 4331 1369 4397 Reg.
1399 4342 1549 4391 XXIII,
1594 4322 1804 4389 14,45,
1841 4320 1957 4395 19)}
1998 4317 2139 4411 ςιιιιίι

464 4444 468 4448 ’
542 4439 756 4508 quidem
815 4409 1011 4503 profuit
1052 4427 1158 4482 illis
1209 4415 1437 4494 proditio
1475 4433 1687 4483 eorum,
1719 4425 1789 4511 et
1828 4414 1943 4511 ipsi
1974 4409 2138 4511 {avid

545 4505 672 4586 nihil
700 4524 892 4583 obfuit.
922 4520 1166 4587 Namque
1189 4515 1399 4569 animus
1421 4525 1607 4564 eorum
1631 4508 1891 4577 malignus
1912 4505 2135 4559 deinon-

545 4634 743 4677 stratus
761 4627 884 4673 est:
916 4611 1043 4668 Stitl
1096 4622 1224 4661 vero
1268 4618 1369 4658 nec
1413 4610 1535 4671 post
1566 4615 1752 4653 eorum
1785 4596 1975 4667 proditi
1994 4607 2136 4646 metu

545 4711 715 4783 potuit
755 4699 1215 4774 comprehendere
1261 4693 1425 4749 David
1455 4708 1470 4757 ;
1500 4689 1619 4783 sed
1646 4688 1819 4783 potius
1844 4686 1924 4783 “in
1971 4684 2138 4783 ipsius

547 4774 1055 4872 regittllisqttztdttllt
1110 4788 1383 4860 spelunca,
1426 4798 1545 4837 cum
1572 4778 1695 4849 ejus
1717 4774 2138 4832 manibusdatus

546 4864 688 4946 esset
737 4864 1060 4941 occidendus
1106 4876 1253 4943 Sani,
1287 4872 1527 4945 pepercit
1576 4871 1645 4924 ibi
1690 4869 1875 4931 David,
1905 4874 1953 4921 et
1996 4864 2136 4934 quod

549 4982 779 5040 habebat
821 4978 874 5031 in
906 4982 1168 5046 potestate
1194 4986 1299 5023 non
1344 4966 1494 5049 fecit.
1523 4965 1543 5038 (
1575 4961 1660 5018 Id.
1706 4979 1852 5028 XXIV,
1877 4956 2013 5049 4-8).
2047 4957 2139 5011 llle

545 5082 725 5129 autem
747 5065 1022 5139 quaerebat
1048 5060 1226 5116 facere
1250 5056 1391 5128 quod
1435 5056 1487 5110 in
1513 5062 1775 5126 potestate
1806 5052 1909 5108 non
1932 5048 2136 5103 habuit.

550 5164 749 5235 Ziphwi
767 5138 908 5229 ergo
934 5153 1166 5210 viderint
1189 5150 1266 5205 illi
1282 5149 1371 5220 qui
1392 5147 1627 5203 fuerint:
1656 5160 1790 5223 quos
1819 5140 1969 5201 nobis
1994 5138 2144 5235 Psal-

553 5232 671 5313 tnus
699 5269 769 5310 ex
818 5252 1030 5306 illorum
1062 5244 1347 5301 occasione
1394 5238 1763 5310 intelligendos
1812 5236 2015 5297 omni,
2059 5232 2141 5286 vi-

550 5350 795 5403 deamus.
1770 5331 1774 5334 ⁴
2072 5396 2077 5401 ν

620 5438 676 5495 2.
706 5437 762 5492 Si
783 5442 1086 5503 qttarramus
1112 5441 1239 5495 ergo
1273 5423 1401 5493 quid
1448 5420 1865 5492 interpﬂtcntur
1915 5412 2138 5483 Ziphzei,

555 5528 853 5586 invenimus
884 5522 1181 5576 Florentes.
1216 5514 1496 5569 Florentes
1537 5527 1666 5581 ergo
1692 5513 1889 5566 nescio“
1907 5506 2002 5575 qui
2056 5505 2146 5558 ini-

558 5623 682 5680 mici
724 5628 878 5675 erant
904 5623 1089 5671 saneto
1120 5610 1307 5673 David,
1358 5609 1614 5664 ﬂorentes
1661 5604 1867 5661 latenti.
1902 5598 2145 5666 Invenia-

618 5775 693 5837 (ιι)
723 5782 889 5835 supra,
915 5771 963 5817 In
977 5772 1114 5817 utar.
1134 5766 1183 5814 in
1207 5766 1323 5813 Psal.
1348 5776 1411 5824 ιι,
1436 5740 1531 5811 ηςι
1559 5767 1610 5810 et
1634 5759 1683 5807 ‘2.

1771 311 1823 365 8.
1872 302 2233 363 .\I'CUSTlNl
2275 299 2575 360 EPISCON

3724 295 3828 353 ω

2228 433 2346 472 mus
2375 432 2468 471 eos
2510 416 2561 471 in
2606 430 2801 483 genere
2854 414 3105 477 humano,
3143 414 3186 469 si
3216 414 3490 471 Psalmum
3520 414 3827 484 intelligere

2228 509 2490 562 volumus.
2527 506 2868 562 lnveuiamus
2923 508 3008 561 hic
3038 506 3209 576 primo
3243 506 3410 561 David
3462 508 3747 567 latentem.
3774 516 3830 559 et

2231 600 2560 661 inveniemus
2604 600 2653 653 ei
2678 587 3015 654 adversarios
3061 597 3333 653 ﬂorentes.
3367 585 3602 653 Attende
3657 597 3827 651 David

2232 691 2481 746 latentem
2515 708 2529 743 :
2565 689 2758 758 Mortui
2780 690 2912 745 enim
2931 691 3064 752 estis,
3095 689 3224 745 dicit
3245 689 3540 759 Apostolus
3568 689 3831 745 membris

2229 781 2450 847 Christi,
2472 791 2519 835 et
2555 782 2655 834 vita
2682 791 2843 835 vestra
2865 765 3159 835 abscondita
3173 788 3244 834 est
3259 795 3376 833 cunt
3396 778 3601 842 Christo
3620 781 3675 832 in
3700 779 3827 834 Deo.

2233 873 2320 925 Isti
2347 888 2473 943 ergo
2505 874 2731 928 latentes
2758 872 2970 944 quando
3002 882 3160 927 erunt
3198 873 3490 928 ﬂorentes?
3516 872 3650 927 Cum
3678 871 3831 928 Citri-

2230 974 2329 1028 tus,
2359 965 2545 1032 inquit,
2570 964 2863 1035 apparuerit
2895 964 2998 1018 vita
3023 974 3208 1028 vestra,
3256 973 3376 1018 tunc
3395 973 3443 1018 et
3468 980 3711 1025 eoscum
3736 954 3829 1017 ille

2230 1058 2534 1128 apparebitis
2563 1059 2614 1111 in
2644 1056 2809 1127 gloria
2850 1055 3067 1127 (Coloss.
3099 1072 3179 1119 ιιι,
3206 1056 3260 1116 5.
3283 1053 3362 1127 4).
3404 1054 3633 1123 Quando
3669 1066 3831 1110 erunt

2233 1146 2318 1202 isti
2353 1149 2625 1213 ﬂorentes,
2660 1158 2784 1202 tunc
2806 1156 2967 1203 erunt
2992 1148 3065 1202 illi
3096 1146 3298 1215 Ziphtei
3337 1157 3671 1202 arescentes.
3725 1146 3828 1203 Cui

2232 1258 2460 1312 namque
2490 1232 2852 1297 ﬂori‘illornm
2908 1250 3247 1312 comparetur
3288 1241 3477 1311 gloria.
3517 1234 3785 1296 attendite
3813 1245 3837 1294 ε

2235 1333 2414 1388 Omnis
2448 1350 2567 1388 caro
2591 1335 2785 1403 fenum,
2824 1343 2870 1388 et
2904 1334 3066 1387 omnis
3094 1334 3258 1387 honor
3279 1333 3449 1387 comis
3477 1342 3533 1385 ut
3574 1334 3675 1401 ﬂos
3703 1333 3838 1403 feni.

2231 1423 2362 1488 Quis
2390 1424 2547 1477 linis?
2582 1423 2782 1479 Fenum
2817 1425 2974 1488 aruit,
3008 1434 3056 1478 et
3079 1424 3176 1493 ﬂos
3204 1424 3411 1477 decidit.
3438 1422 3537 1477 Ubi
3570 1433 3699 1477 tunc
3726 1425 3835 1478 erit

2236 1516 2436 1569 David?
2483 1515 2617 1571 Vide
2662 1514 2787 1585 quid
2835 1516 3119 1585 sequitur:
3153 1513 3367 1567 Verbum
3407 1524 3579 1568 autem
3618 1512 3835 1568 Domini

2233 1609 2487 1663 manetin.
2515 1617 2759 1663 aeternum
2806 1607 2963 1676 (Isai.
2994 1623 3077 1671 χι..
3107 1606 3162 1674 6,
3188 1606 3379 1673 8).,llla
3412 1622 3543 1677 ergo
3585 1606 3698 1661 duo
3738 1623 3837 1678 ge-

2235 1700 2665 1756 nera‘hominum
2701 1710 2844 1763 sunt,
2874 1714 2994 1771 quae
3031 1708 3088 1754 et
3123 1698 3454 1768 distinguere
3501 1697 3737 1767 debetis,
3780 1710 3837 1754 et

2234 1807 2417 1845 corum
2447 1791 2673 1845 alterum
2699 1791 2916 1859 eligere.
2942 1788 3079 1854 Quid
3101 1789 3247 1844 enim
3276 1788 3371 1842 tibi
3396 1787 3617 1857 prodest
3644 1804 3833 1851 nosse.

2235 1883 2279 1935 si
2306 1874 2502 1951 eligere
2530 1883 2678 1952 piger
2704 1881 2802 1935 es?
2830 1879 2894 1935 Et
2914 1879 3128 1951 quidem
3162 1893 3303 1933 nunc
3330 1873 3566 1947 eligendi
3591 1888 3838 1950 potestas

2236 1974 2443 2041 adjacet
2474 1990 2488 2027 :
2518 1973 2701 2027 veniet
2738 1980 2948 2040 tempus
2989 1969 3207 2041 quando
3261 1969 3351 2024 tibi
3382 1978 3618 2039 potestas
3659 1969 3839 2025 deerit

2235 2064 2484 2133 eligendi.
2508 2078 2628 2117 cum
2650 2063 2761 2133 jam
2804 2062 2944 2118 Deus
2970 2062 3289 2117 sententiam
3322 2077 3426 2113 non
3452 2058 3667 2137 diﬂ‘eret
3691 2062 3840 2130 judi—

2236 2155 2410 2209 randi.
2439 2155 2537 2221 Qui
2564 2163 2688 2209 sunt
2711 2154 2856 2211 enim
2888 2153 2972 2209 isti
3013 2151 3263 2208 ﬂorentes
3288 2150 3514 2223 Ziphaii,
3564 2153 3670 2207 nisi
3716 2169 3840 2207 cor-

2240 2263 2337 2315 pus
2364 2247 2493 2301 illud
2543 2245 2722 2301 Doech
2763 2238 3001 2309 ldnniasi,
3046 2244 3115 2300 de
3149 2261 3256 2313 quo
3292 2246 3402 2314 jam
3443 2246 3606 2299 locuti
3649 2262 3841 2302 sumus

2236 2339 2492 2393 Charitati
2527 2338 2730 2393 Vestra:
2759 2347 2883 2392 ante
2906 2351 3101 2406 pauens
3128 2338 3245 2391 dies
3261 2336 3342 2405 (a)
3370 2354 3385 2391 :
3413 2336 3483 2393 de
3503 2351 3613 2407 quo
3629 2336 3840 2392 dit'lttllt

2236 2440 2337 2494 est,
2368 2428 2501 2485 Ecce
2521 2430 2671 2484 homo
2694 2431 2781 2497 qui
2819 2445 2918 2483 non
2942 2429 3109 2499 posuit
3131 2428 3299 2482 Deum
3329 2428 3623 2498 adjutorent
3663 2446 3838 2492 suain,

2235 2521 2324 2576 sed
2346 2522 2562 2592 speravit
2594 2522 2646 2576 in
2672 2520 2998 2575 multitudine
3026 2520 3318 2573 diuitiarum
3341 2517 3577 2581 suarum,
3613 2530 3666 2574 et
3707 2536 3843 2590 prte-

2237 2612 2393 2665 oaluit
2416 2612 2712 2665 inmanitate
2739 2593 2876 2665 sua?
2906 2609 2996 2665 Isti
3030 2619 3155 2663 sunt
3191 2608 3445 2664 ﬂorentes
3493 2607 3587 2663 ﬂlii
3629 2612 3841 2675 smculi,

2238 2717 2372 2773 quos
2396 2702 2557 2756 modo
2578 2718 2643 2756 ex
2672 2700 2961 2771 Evangelio
2998 2700 3222 2761 audistis
3252 2700 3371 2768 quia
3402 2699 3453 2753 in
3474 2704 3571 2754 sua
3608 2713 3842 2771 genera-

2244 2795 2389 2849 tione
2422 2794 2437 2825 ί
2467 2794 2756 2868 astutiores
2784 2784 2907 2847 sunt
2937 2790 3058 2846 filiis
3079 2790 3488 2849 .lncis.-Etenim
3511 2790 3612 2859 ipsi
3648 2792 3841 2847 viden-

2242 2897 2327 2940 tur
2354 2886 2658 2956 prospicere
2700 2885 2750 2939 in
2783 2894 3080 2954 posterum,
3107 2898 3212 2952 quo
3241 2882 3491 2938 nesciunt
3528 2892 3716 2939 utrum
3754 2901 3844 2936 vo-

2241 2980 2409 3034 niant.
2438 2977 2675 3033 Audistis
2694 2975 2822 3049 quid
2848 2974 3039 3031 fecerit
3073 2974 3294 3030 domino
3336 2989 3439 3029 suo
3491 2974 3707 3031 villicus
3755 2976 3846 3030 ille

2244 3070 2444 3125 faciens
2483 3069 2584 3123 sibi
2613 3071 2635 3100 ί
2661 3069 2859 3124 benum
2880 3067 2949 3123 de
2973 3081 3034 3123 re
3057 3065 3259 3123 domini
3284 3065 3388 3130 sui,
3414 3074 3470 3121 et
3488 3066 3727 3134 largiens
3749 3066 3842 3122 dc-

2244 3159 2507 3216 bitoribus
2538 3159 2699 3224 illius,
2730 3167 2789 3213 ut
2818 3172 2939 3230 cum
2983 3166 3197 3212 amotus
3239 3163 3384 3211 esset
3412 3170 3444 3210 ιι
3488 3152 3839 3219 villicationc,

2240 3253 2601 3320 susciperetur
2628 3248 2696 3305 ab
2719 3252 2819 3304 eis.
2859 3248 2927 3303 Et
2951 3248 3198 3319 quamvis
3226 3244 3467 3302 fraudem
3510 3242 3709 3303 fecerit
3739 3251 3845 3301 tio—

2242 3346 2388 3401 mino
2417 3358 2535 3407 suo,
2567 3351 2742 3397 tamen
2763 3356 2859 3397 cor
2886 3340 3003 3411 ejus
3029 3339 3265 3395 laudavit
3291 3338 3543 3407 dominus
3562 3339 3709 3409 ejus,
3734 3357 3841 3399 non

2241 3436 2523 3490 attendens
2550 3434 2618 3489 ad
2662 3434 2913 3489 damnum
2959 3446 3136 3498 suum,
3168 3431 3264 3487 sed
3291 3431 3359 3485 ad
3400 3432 3518 3501 ejus
3544 3432 3841 3504 ingenium.

2244 3528 2452 3593 Quanto
2480 3526 2647 3595 magis
2670 3540 2776 3580 nos
2793 3524 3078 3586 debemus,
3104 3523 3220 3592 ipso
3239 3522 3465 3577 Domino
3498 3540 3688 3587 nostro
3714 3523 3844 3587 ἔδει,

2222 3620 2459 3675 Christo
2482 3618 2826 3683 admonente,
2858 3614 3035 3672 facere
3062 3617 3221 3673 nobis
3245 3618 3454 3674 amicos
3477 3619 3548 3676 de
3576 3636 3845 3677 mammo-

2245 3730 2310 3768 na
2333 3713 2626 3783 iniquitatis
2657 3709 2809 3784 (Lac.
2839 3727 2946 3776 xvi,
2972 3711 3027 3777 3,
3057 3709 3144 3782 9)?
3180 3712 3482 3771 Hammona
3521 3718 3665 3773 enim
3705 3719 3845 3775 divi.

2245 3807 2333 3861 tia:
2383 3805 2820 3872 interpretantur.
2862 3801 3071 3858 Nostra:
3107 3814 3287 3859 autem
3330 3805 3533 3863 divitia:
3580 3808 3652 3863 ibi
3692 3820 3839 3877 sunt,

2245 3897 2333 3952 ubi
2354 3906 2436 3950 est
2461 3894 2655 3949 domus
2682 3902 2863 3947 nostra
2888 3899 3092 3947 aeterna
3122 3895 3174 3949 in
3206 3895 3380 3950 ctelis.
3414 3896 3648 3954 Proinde
3676 3915 3843 3970 pecu-

2245 3988 2384 4041 niam
2410 3982 2757 4053 temporalem
2780 3981 2855 4036 illi
2879 3983 3150 4052 appellaut
3176 3984 3411 4051 divitias,
3431 4024 3434 4027 -
3456 3989 3546 4056 qui
3575 3990 3677 4042 nisi
3700 3998 3841 4045 tetu-

2246 4076 2503 4146 poraliter
2526 4074 2718 4131 ﬂorere
2745 4082 3124 4144 nonpossunt,
3152 4090 3252 4134 nec
3282 4077 3335 4130 in
3350 4087 3614 4152 teternum
3641 4081 3742 4135 sibi
3773 4097 3843 4137 ex

2247 4168 2329 4222 his
2351 4166 2554 4234 amicos
2584 4166 2759 4221 iacere
2787 4166 2990 4229 volunt,
3019 4164 3142 4236 quia
3169 4181 3326 4221 veras
3359 4167 3577 4224 divitias
3612 4187 3721 4225 non
3746 4188 3842 4226 uo-

2244 4266 2456 4312 verunt.
2494 4256 2598 4311 llas
2651 4270 2781 4326 ergo
2817 4255 3031 4311 divitias
3056 4257 3187 4323 sola
3216 4257 3245 4305 ⁸η
3264 4257 3512 4329 iniquitas
3550 4272 3723 4330 putat,
3742 4265 3841 4317 ﬂo-

2244 4365 2371 4417 rens
2414 4348 2477 4393 ad
2532 4358 2741 4417 tempus
2777 4360 2837 4402 ut
2859 4347 3061 4403 fenum.
3115 4348 3183 4404 Hi
3218 4360 3346 4406 sunt
3394 4351 3595 4423 Ziphzci
3642 4356 3840 4412 inimici

2249 4439 2434 4500 David.
2458 4435 2721 4492 ﬂorentes
2742 4438 2797 4492 in
2826 4438 3044 4494 smculo.

2316 4534 2369 4585 5.
2414 4530 2521 4585 Hos
2548 4529 2834 4599 aliquando
2852 4531 3135 4593 attendunt
3154 4536 3316 4588 etiam
3344 4534 3439 4589 ﬁlii
3462 4517 3593 4591 lucis
3617 4539 3837 4604 inﬁrmi,

2244 4632 2298 4676 et
2320 4631 2507 4675 nutant
2526 4620 2812 4689 eispedes,
2839 4636 2964 4683 eum
2994 4620 3227 4685 viderint
3255 4625 3425 4679 malos
3453 4624 3710 4684 felicitate
3741 4630 3838 4685 ﬂo-

2247 4727 2399 4779 rere;
2433 4720 2489 4765 et
2510 4697 2700 4767 tam:
2726 4711 2866 4779 apud
2903 4699 3111 4783 seipsos
3134 4729 3150 4765 :
3174 4711 3312 4779 Quid
3342 4715 3472 4773 mihi
3499 4718 3727 4786 prodest
3757 4721 3841 4773 in-

2249 4803 2531 4859 nocentia?
2557 4802 2696 4868 Quid
2736 4804 2866 4857 mihi
2908 4803 3116 4861 confert
3142 4806 3284 4875 quOd
3330 4807 3441 4863 Deo
3467 4809 3667 4875 servio,
3698 4814 3843 4883 qunti

2246 4896 2492 4949 mandata
2523 4894 2638 4963 ejus
2657 4894 2922 4959 custodio,
2954 4894 3096 4964 quod
3119 4898 3386 4953 neminem
3411 4913 3615 4967 premo,
3641 4906 3844 4958 nemini

2247 4987 2447 5056 aliquid
2469 4987 2637 5055 rapio,
2671 4986 2797 5040 nulli
2830 5001 3021 5054 noceo,
3044 4988 3182 5058 quod
3217 5003 3431 5057 possum
3456 5002 3656 5062 praesto
3674 4994 3700 5047 2
3717 5010 3848 5049 ecee

2240 5079 2365 5133 lucc
2418 5079 2596 5132 omnia
2636 5076 2792 5144 facio,
2846 5089 2902 5133 et
2951 5078 3143 5133 ﬂorent
3185 5079 3280 5143 illi,
3328 5094 3429 5151 ego
3472 5081 3678 5139 laboro.
3706 5084 3847 5153 Quid

2251 5169 2393 5221 enim
2414 5167 2439 5219 Ἰ
2463 5168 2525 5222 Et
2552 5176 2604 5221 tu
2632 5165 2883 5237 Ziphzeus
2906 5167 3073 5222 velles
3100 5167 3266 5223 esse?
3295 5168 3515 5224 Floreat
3537 5171 3591 5225 in
3617 5176 3847 5240 saeculo,

2251 5268 2495 5313 arescent
2518 5259 2569 5312 in
2596 5258 2822 5328 judicio,
2851 5267 2906 5313 et
2928 5268 3047 5329 post
3071 5259 3372 5314 ariditatetu
3401 5260 3453 5314 in
3484 5262 3662 5331 ignem
3691 5276 3850 5319 teter-

2252 5366 2376 5405 nutu
2408 5350 2687 5404 mittentur
2718 5367 2732 5403 :
2763 5348 2865 5404 hoc
2908 5349 3073 5405 velles
3096 5358 3152 5403 et
3197 5350 3293 5403 tu?
3337 5351 3551 5420 Ignoras
3591 5354 3719 5422 quid
3753 5355 3847 5407 tibi

2317 5506 2333 5534 ι
2371 5492 2534 5551 Probae
2552 5508 2681 5550 nota:
2701 5508 2826 5561 Mss,
2850 5497 2901 5549 in
2916 5511 3002 5550 suo
3024 5498 3290 5550 astatiores.
3315 5500 3512 5560 (nudam
3554 5499 3604 5552 in
3646 5510 3734 5554 suo
3766 5515 3850 5567 ge-

2253 5577 2550 5673 ncgebmncs
2568 5635 2721 5686 prope
2732 5629 2865 5686 μεθ,

2319 5689 2340 5720 ³
2372 5689 2445 5735 sic
2465 5683 2579 5734 uss;
2594 5683 2817 5737 At’Edd..
2839 5683 2983 5733 solas.

2322 5750 2396 5813 (a)
2431 5746 2546 5798 Vide
2568 5757 2732 5811 supra,
2757 5752 2895 5796 Enar.
2914 5744 3038 5797 Psal.
3061 5756 3122 5808 ιι,
3148 5758 3194 5803 ιι.
3224 5745 3298 5795 t3.
