3968 6346
171 338 268 392 8‘2!

171 451 484 519 promiserit
511 450 598 519 qui
626 449 692 505 ad
719 459 771 506 te
794 451 1004 515 venit’,
1031 448 1156 519 quid
1179 448 1230 502 in
1259 450 1439 518 seipso
1471 448 1556 502 hic
1581 459 1764 502 osten-

167 544 348 597 derit?
369 544 423 599 Si
449 543 546 598 llos
569 543 904 614 Ziphaaorum
938 542 1268 613 appetendus
1293 551 1458 601 esset,
1504 541 1616 610 ipse
1667 542 1770 594 Do-

167 637 348 691 minus
382 647 502 690 tuus
528 651 704 691 nonne
746 644 800 689 et
843 637 894 689 in
935 635 1038 689 hoc
1071 635 1268 688 saeculo
1315 632 1620 686 ﬂoruisset?
1669 635 1774 686 Ant

172 745 300 783 vero
326 729 510 785 deerat
540 730 613 784 illi
642 729 728 783 hic
751 743 905 798 posse
927 728 1123 782 florere
1141 727 1164 778 Ἰ
1183 726 1288 782 Sed
1322 728 1406 780 hic
1427 727 1611 778 maluit
1634 726 1774 780 inter

171 822 425 891 Zipha-os
455 823 718 889 latere,»et
752 822 933 875 dicere
967 821 1157 874 Pontio
1183 819 1353 874 Pilato
1395 819 1768 887 interroganti,

169 925 426 984 tanquam
476 923 530 968 et
574 914 672 985 ipsi
727 912 847 968 ﬂori
881 911 1252 981 Ziplneorum,
1299 918 1354 964 et
1398 917 1648 976 suspecto
1704 907 1773 962 de

168 1019 338 1074 regno
383 1004 497 1074 eius
527 1021 542 1058 :
575 1005 806 1075 Regnum
852 989 1017 1058 meum
1063 1019 1162 1056 non
1211 1011 1284 1057 est
1320 1002 1393 1075 Vde
1434 1001 1529 1054 hoc
1581 1000 1772 1054 mundo

167 1095 354 1164 (Joan.
385 1113 539 1161 svnt,
582 1096 697 1165 56).
731 1097 872 1165 Ecgo
913 1096 996 1149 hic
1044 1095 1244 1150 latebat
1275 1110 1287 1144 :
1318 1102 1373 1148 et
1411 1107 1600 1147 omnes
1645 1091 1770 1145 boni

169 1191 339 1246 latent
369 1190 474 1254 hic,
507 1191 627 1260 quia
653 1190 850 1244 bonum
879 1203 1065 1242 eorum
1095 1188 1234 1241 intus
1262 1197 1363 1250 est,
1395 1185 1770 1240 absconditum

165 1293 277 1346 est,
313 1284 364 1338 in
401 1283 565 1338 corde
592 1293 693 1349 cst,
727 1282 815 1336 ubi
862 1281 1016 1345 lides,
1047 1281 1138 1334 ubi
1185 1278 1440 1344 cbaritas,
1487 1277 1578 1330 ubi
1622 1291 1767 1344 spes,

169 1377 262 1431 ubi
308 1379 590 1432 thesaurus
621 1377 856 1429 illorum.
897 1371 1165 1443 Numquid
1201 1371 1317 1426 hate
1343 1372 1479 1426 bona
1509 1377 1770 1440 apparent

170 1469 226 1521 in
259 1468 502 1521 saeculo?
536 1469 599 1521 Et
627 1466 742 1521 haec
777 1467 913 1520 bona
945 1467 1132 1530 latent,
1175 1473 1230 1516 et
1271 1462 1462 1517 borum
1505 1462 1767 1516 bonorum

169 1575 386 1614 merces
417 1559 564 1614 latet.
589 1561 657 1613 At
689 1575 814 1612 vero
851 1558 1083 1627 dignitas
1123 1557 1304 1612 smculi
1331 1557 1602 1626 quomodo
1647 1555 1768 1609 alba

167 1651 295 1708 est?
316 1650 457 1705 Nitet
486 1650 552 1705 ad
580 1663 788 1718 tempus
823 1668 835 1704 :
862 1649 1117 1720 numquid
1149 1663 1360 1718 semper
1389 1647 1611 1702 nitebit?
1636 1647 1769 1701 Iler-

167 1744 238 1798 ba
271 1755 354 1799 est
375 1743 638 1804 hiemalis,
662 1759 830 1814 usque
850 1743 915 1797 ad
946 1752 1185 1798 aestatem
1207 1741 1360 1796 viret.
1385 1741 1500 1796 Neu
1529 1757 1656 1810 ergo
1679 1742 1772 1794 liat

170 1836 226 1890 in
267 1835 450 1888 animo
491 1834 630 1904 quod
669 1835 721 1888 io
752 1834 859 1889 alio
893 1835 1097 1904 psalmo
1118 1834 1438 1889 invenimus.
1472 1833 1770 1888 Conlitetur

167 1926 318 1979 enim
347 1925 562 1997 quidam
592 1939 758 1996 proin),
781 1939 842 1979 se
864 1923 1125 1980 cecidisse
1147 1934 1445 1986 nutantem.
1471 1933 1527 1980 et
1559 1925 1768 1978 labasse

165 2030 388 2086 gressus
417 2032 545 2079 suos
587 2017 920 2071 ambulantes
957 2016 1009 2070 in
1055 2017 1138 2069 via
1189 2017 1302 2080 Dei,
1344 2017 1469 2070 dum
1506 2017 1770 2086 aspiceret

169 2106 358 2163 liorem
385 2107 669 2177 quemdam
697 2106 1110 2177 felicitatemque
1139 2107 1438 2178 iniquorum
1487 2125 1502 2162 :
1547 2119 1602 2161 et
1625 2118 1771 2177 post-

166 2215 397 2269 eaquam
452 2203 702 2269 cognovit
763 2198 890 2270 quid
955 2198 1149 2268 iniquis
1203 2199 1253 2252 in
1313 2199 1470 2253 ﬁnem
1527 2210 1770 2253 servaret

171 2292 338 2357 Deus,
361 2303 417 2346 et
444 2290 570 2363 quid
613 2290 773 2360 jnstis
795 2290 1162 2344 laborantibus
1185 2290 1522 2361 promitteret
1549 2293 1637 2360 qui
1657 2290 1767 2343 [ιιι-

167 2383 280 2438 lcre
309 2397 414 2441 non
444 2391 638 2453 potest,
669 2395 833 2450 agens
859 2380 1059 2449 gratias
1087 2380 1156 2435 de
1181 2382 1280 2435 hac
1305 2381 1630 2450 cognitione,
1653 2383 1724 2434 ait
1751 2400 1765 2434 :

168 2471 340 2542 Quam
369 2473 526 2528 bonus
546 2471 679 2525 Deus
706 2469 870 2526 Israel
888 2472 1040 2525 rectis
1069 2472 1256 2526 corde!
1283 2472 1458 2537 Quare
1481 2472 1579 2526 hoc
1599 2473 1770 2527 diris!

168 2563 276 2618 Mei
321 2574 510 2627 autem,
553 2562 742 2632 inquit,
777 2577 902 2632 pene
939 2562 1171 2614 commoti
1217 2574 1334 2614 sunt
1373 2562 1541 2632 pedes.
1580 2563 1767 2622 Unde?

167 2654 307 2724 Quia
334 2654 490 2708 κιαιοὶ
515 2653 568 2707 in
596 2651 956 2723 peccatoribus,
983 2669 1155 2723 pacem
1184 2667 1501 2720 peccatorum
1545 2656 1765 2708 intuens.

164 2745 480 2802 Conﬁrmati
512 2755 636 2799 sunt
657 2754 833 2798 autem
856 2759 1073 2814 gressus
1103 2745 1240 2813 ejus,
1278 2756 1461 2814 postea
1493 2761 1650 2814 quam
1685 2748 1766 2799 in.

167 2838 374 2894 tellcsit
401 2838 452 2892 in
485 2836 800 2890 novissima.
842 2835 997 2901 Quod
1037 2837 1179 2890 enim
1232 2836 1285 2889 in
1317 2836 1506 2891 eodem
1558 2837 1767 2906 psalmo

163 2931 328 3002 paulo
362 2940 480 2999 post
509 2929 659 2994 dicit,
701 2929 809 2983 lloc
837 2928 981 2982 labor
1005 2938 1076 2983 est
1101 2940 1219 2983 ante
1242 2945 1322 2983 me
1343 2944 1364 2984 :
1409 2930 1462 2983 id
1509 2940 1608 2995 est,
1653 2946 1766 2985 ma-

162 3019 267 3096 gna
307 3023 436 3079 mihi
486 3024 714 3094 quzrstio
755 3022 990 3077 surrexit
1015 3022 1067 3076 in
1105 3021 1287 3089 corde,
1321 3038 1486 3093 quare
1522 3023 1767 3078 homines

163 3118 305 3172 male
348 3116 564 3175 faciunt.
594 3124 649 3169 et
675 3114 728 3168 in
759 3113 960 3170 smculo
987 3112 1213 3178 ﬂorent;
1246 3114 1395 3168 multi
1424 3126 1602 3168 autem
1628 3115 1766 3170 bene

162 3215 348 3278 agunt,
379 3217 430 3262 et
448 3207 504 3260 in
528 3207 627 3260 hac
650 3215 793 3260 terra
822 3205 1085 3260 laborant.
1105 3204 1342 3271 Qnmstio
1361 3221 1490 3276 ergo
1517 3206 1614 3260 ista
1638 3220 1763 3261 cum

159 3315 356 3370 magna
404 3305 549 3354 esset
581 3309 708 3353 ante
748 3297 933 3352 oculos
959 3306 1136 3361 meos,
1167 3307 1220 3352 et
1251 3297 1518 3352 laboriosa
1563 3297 1630 3351 ad
1678 3299 1764 3352 in-

162 3392 532 3463 vestigandum
555 3406 569 3456 ;
589 3389 759 3444 Labor
771 3400 864 3453 est,
885 3390 1074 3460 inquit,
1092 3401 1210 3443 ante
1225 3406 1322 3456 me,
1340 3390 1498 3442 donec
1519 3392 1764 3443 introeant

161 3487 212 3540 in
239 3485 589 3540 sanctuarium
633 3482 747 3550 Dei,
787 3492 834 3537 et
876 3480 1156 3553 intelligam
1178 3482 1236 3535 in
1279 3482 1548 3535 novissima
1587 3479 1760 3552 (Psol.

160 3593 343 3644 usu,
402 3577 575 3646 1-17).
624 3574 755 3644 Qua:
799 3581 928 3629 sunt
973 3573 1072 3628 ista
1105 3572 1438 3628 novissima?
1485 3573 1634 3636 Quze,
1661 3573 1762 3626 nisi

161 3685 282 3739 ane
307 3668 509 3722 scimus
534 3667 641 3736 jam
669 3667 720 3720 in
754 3664 1042 3734 Evangelio
1059 3662 1450 3734 przenuntiata?
1476 3661 1603 3717 Cum
1631 3665 1763 3716 enim

159 3761 352 3816 venerit
379 3757 545 3812 Filius
575 3758 810 3822 hominis,
837 3755 1276 3826 congregabantur
1302 3765 1417 3808 ante
1452 3769 1565 3807 eum
1592 3769 1764 3808 omnes

160 3867 372 3927 gentes;
397 3861 444 3907 et
479 3852 728 3920 separabit
754 3866 858 3913 eos,
899 3850 1026 3902 sicut
1068 3859 1240 3918 pastor
1282 3858 1507 3918 segregat
1548 3862 1662 3901 oues
1700 3848 1762 3899 ab

161 3950 326 4002 Ita'dis
358 3963 376 4002 :
405 3963 518 4001 oves
551 3953 702 4014 ponet
746 3943 814 3997 ad
867 3943 1147 4004 dexteram,
1175 3939 1349 3995 [caulas
1395 3941 1462 3992 ad
1505 3941 1762 3993 sinistram

164 4040 382 4112 (Matth.
432 4053 555 4098 xxv.
615 4035 831 4104 51-55).
882 4026 1018 4088 Ecce
1041 4033 1150 4103 jam
1193 4033 1265 4086 illi
1295 4031 1494 4100 Ziplnci
1544 4047 1762 4100 separa-

164 4133 365 4188 bantur
398 4147 411 4184 :
449 4128 659 4183 l'lainma
691 4127 931 4197 sequitur
953 4125 1367 4193 separationem.
1410 4123 1508 4178 Ubi
1540 4133 1621 4178 est
1664 4122 1764 4176 llas

162 4240 351 4283 eorum
381 4222 472 4294 qui
503 4220 614 4291 jam
643 4219 710 4273 ad
737 4219 1010 4272 sinistram
1033 4214 1286 4271 stabunt?
1311 4213 1501 4269 Nonne
1529 4223 1656 4292 tunc
1681 4216 1763 4267 in-

161 4314 500 4391 gemiscent?
519 4327 700 4368 nonne
727 4324 850 4366 tunc
873 4326 993 4387 sera
1022 4309 1330 4380 pmnitentia
1355 4309 1761 4379 torquebuntur,

161 4411 424 4468 etdicent
451 4426 464 4461 :
496 4407 634 4475 Quid
661 4406 803 4460 nobis
839 4403 1034 4476 profuit
1084 4403 1340 4472 superbia,
1379 4412 1429 4455 et
1474 4401 1766 4470 diuitiarum

157 4504 415 4580 iactantia
455 4501 576 4571 quid
623 4498 836 4554 contulit
876 4496 1056 4551 nobis?
1095 4495 1430 4549 Transierunt
1456 4494 1631 4548 omnia
1673 4495 1766 4547 illa

165 4607 411 4661 tanquam
439 4590 618 4645 umbra
651 4589 806 4662 (Sap.
838 4603 893 4655 v,
925 4587 979 4651 8,
1007 4587 1085 4657 9).
1117 4583 1376 4654 OZipliazi
1397 4585 1464 4639 ad
1493 4586 1764 4639 sinistram

163 4690 396 4753 stantes,
429 4701 551 4740 sero
581 4685 804 4755 panitet
833 4695 930 4735 vos
969 4681 1021 4734 in
1050 4680 1235 4733 umbra
1263 4677 1537 4732 lloruiSsel
1589 4678 1768 4744 Quare

166 4781 358 4844 David,
385 4793 542 4850 quem
572 4775 876 4847 prodebatis
897 4775 1035 4826 inter
1054 4786 1151 4825 vos
1180 4759 1363 4830 latere,
1393 4784 1497 4823 non
1510 4783 1769 4838 agnosce-

164 4875 349 4932 batis‘l
376 4871 532 4927 Tunc
553 4870 697 4925 ertim
718 4868 764 4924 si
796 4863 1219 4934 corrigeremini,
1253 4861 1410 4915 dolor
1462 4860 1563 4914 iste
1601 4859 1767 4914 infru-

163 4979 392 5024 cutosus
418 4981 522 5018 non
552 4969 714 5017 esset.
744 4960 837 5025 Est
865 4957 1005 5012 enim
1027 4955 1182 5011 dolor
1212 4954 1538 5016 fructuosus,
1575 4959 1659 5006 est
1680 4952 1766 5004 in-

164 5057 510 5116 fructuosus;
531 5051 833 5106 fructuosus
857 5036 1012 5102 dolor
1043 5035 1181 5099 nunc
1208 5053 1293 5097 cst
1308 5058 1432 5097 eum
1449 5052 1499 5096 te
1513 5056 1735 5096 accusas
1751 5082 1766 5104 ,

164 5166 295 5209 cum
313 5150 430 5203 inte
448 5144 794 5217 reprehendis
809 5141 975 5196 malos
987 5153 1166 5193 mores
1184 5147 1320 5198 tuos,
1338 5152 1458 5190 cum
1485 5134 1770 5204 reprehen-

165 5258 262 5298 sos
291 5239 646 5312 persequeris,
677 5242 984 5306 persecutos
1012 5229 1268 5292 excludis,
1299 5229 1507 5297 illisque
1539 5227 1768 5281 exclusis

167 5333 414 5394 niutaris,
430 5343 631 5385 exuens
646 5337 696 5383 te
709 5334 944 5381 veterem
960 5322 1227 5376 hominem
1241 5329 1293 5374 ct
1307 5319 1532 5373 induens
1550 5332 1767 5381 novum,

166 5419 377 5488 eligens
390 5415 564 5484 potius
575 5412 775 5467 Christi
787 5409 1134 5481 opprobrium
1147 5421 1304 5476 quam
1323 5405 1506 5458 liorem
1535 5403 1772 5471 Ziphcco-

167 5525 314 5566 rum.
338 5508 506 5561 Porro
543 5503 590 5559 si
628 5503 721 5558 tibi
749 5502 1031 5571 contigerit
1077 5499 1291 5552 habenti
1323 5497 1372 5549 in
1413 5495 1626 5549 occulto
1679 5495 1774 5548 bo-

169 5620 302 5658 num
355 5611 501 5654 tuum
527 5608 586 5656 et
619 5596 803 5653 latenti
852 5596 988 5648 inter
1028 5592 1308 5662 Ziplizeos,
1355 5587 1568 5643 babenti
1608 5586 1772 5642 etiam

170 5700 225 5753 in
252 5695 466 5749 occiilto
489 5689 897 5767 promissionem
937 5685 1200 5740 mercedis
1231 5692 1354 5748 tum,
1399 5679 1575 5750 aliqua
1605 5676 1771 5731 subli«

235 5793 249 5821 ¹
274 5791 347 5837 sic
371 5794 442 5835 Er.
464 5792 517 5834 et
541 5781 768 5846 plerique
789 5787 894 5830 mss.
920 5775 1141 5828 Nonnulli
1161 5787 1296 5836 vero,
1318 5787 1350 5824 α
1367 5780 1465 5824 Deo
1485 5775 1773 5831 tremunt"

167 5854 234 5902 ad
257 5859 305 5902 te
326 5849 492 5901 renitet.

1287 335 1682 391 ENARRATIO
1724 337 1786 391 ΙΝ
1831 337 2154 396 Ρδλιλιυλι
2199 342 2329 398 Llll.

3379 350 3483 406 6:22

1885 452 2043 506 mitas
2065 455 2268 519 szeeuli,
2288 453 2395 510 noli
2423 457 2601 512 extolli
2630 475 2642 511 :
2675 474 2794 514 nam
2820 461 2860 514 si
2891 462 3061 516 elatus
3090 477 3155 518 ex
3181 463 3263 517 illa
3296 466 3477 531 lueris,

1879 544 2038 598 cades
2082 547 2133 599 in
2175 546 2360 602 liorem
2389 549 2744 619 Ziplneorum.
2785 554 2878 607 Sic
2917 555 3060 608 enim
3103 557 3292 610 mulier
3333 575 3480 628 qna-

1879 634 1999 686 darn
2045 649 2230 690 sancta
2280 637 2472 693 Esther
2517 642 2569 693 in
2618 641 2707 694 illo
2756 651 2880 697 tunc
2924 645 3119 714 populo
3144 645 3475 712 Jlldﬂltifllm,

1879 741 1999 779 cum
2020 736 2162 781 esset
2189 744 2323 784 uxor
2346 731 2485 799 regis
2515 730 2849 802 alienigenze,
2877 746 3094 788 ventum
3123 746 3203 790 est
3242 737 3306 790 ad
3341 739 3480 806 peri-

1877 818 2053 872 culum
2106 820 2326 883 civium,
2384 830 2440 874 ut
2485 822 2863 898 deprecaretur
2911 841 3090 896 regem
3138 842 3233 896 pro
3274 829 3480 881 Cl\'llltl5

1878 910 2018 983 suis;
2050 912 2212 980 coepit
2238 928 2416 978 orare,
2448 916 2574 967 etin
2600 916 2710 984 ipsa
2735 917 2979 972 oratiOne
3000 916 3241 972 confessa
3283 932 3363 973 est
3389 920 3476 974 illa

1878 1003 2057 1056 omnia
2115 1005 2339 1072 insignia
2385 1006 2580 1074 regalia
2623 1008 2702 1061 sie
2748 1006 2847 1060 sibi
2895 1023 3015 1062 esse
3061 1008 3207 1062 velut
3244 1025 3477 1078 pannum

1879 1100 2221 1146 menstruam:
2255 1092 2463 1163 (Est/ter
2490 1092 2597 1155 xrv,
2635 1095 2748 1167 16).
2793 1095 2849 1152 Si
2891 1097 3005 1152 lirec
3047 1097 3297 1153 mulieres
3350 1114 3479 1166 pos-

1868 1181 2022 1244 sunt,
2053 1183 2151 1236 viri
2197 1199 2302 1237 non
2350 1180 2616 1253 possunt?
2649 1187 2714 1240 Et
2745 1185 2791 1240 si
2829 1187 2942 1241 haec
2971 1189 3144 1257 potuit
3168 1190 3358 1243 mulier
3381 1188 3474 1243 Jo-

1877 1271 2012 1336 dzea,
2039 1288 2141 1327 neu
2167 1277 2360 1343 poterit
2393 1277 2628 1332 Ecclesia
2658 1277 2990 1334 christiana?
3020 1280 3132 1334 lloc
3169 1295 3297 1350 ergo
3323 1281 3479 1336 dixe-

1877 1364 1976 1417 rim
2003 1364 2258 1420 Charitati
2292 1366 2497 1422 Vestra:
2525 1365 2764 1422 :Divitia:
2798 1370 2841 1423 si
2866 1371 3091 1440 aﬁluant,
3124 1387 3186 1423 ne
3206 1372 3476 1441 apportatis

1874 1473 1962 1509 cor
2007 1456 2179 1527 (Psal.
2222 1475 2328 1525 ut,
2377 1461 2486 1530 Η).
2518 1462 2802 1516 Abundent
2847 1457 2992 1530 licet,
3039 1471 3094 1518 et
3136 1473 3390 1534 sequatur
3421 1471 3474 1518 te

1876 1552 2204 1620 prosperitas
2232 1552 2434 1619 saeculi,
2471 1563 2523 1606 tu
2552 1553 2682 1606 mari
2708 1549 2816 1606 noli
2838 1553 3080 1618 credere,
3110 1568 3210 1608 nec
3252 1553 3469 1608 ridenti.

1881 1642 2084 1697 Divitiae
2116 1645 2160 1698 si
2187 1643 2429 1712 allluant,
2459 1646 2503 1701 si
2532 1645 2825 1711 abundent,
2854 1646 3000 1700 calca
3030 1662 3141 1711 eas,
3167 1654 3221 1701 et
3247 1663 3473 1716 suspen-

1874 1734 2004 1789 dere
2029 1750 2096 1790 ex
2142 1737 2252 1791 Deo
2280 1747 2390 1790 tuo.
2418 1737 2550 1792 Cum
2579 1737 2724 1792 enim
2768 1753 2859 1791 cas
2896 1738 3080 1792 subter
3110 1750 3163 1793 te
3199 1738 3472 1808 habueris,

1873 1836 1929 1881 et
1950 1818 2012 1881 ek
2047 1828 2136 1884 illo
2167 1830 2505 1898 pependeris,
2537 1845 2658 1884 cum
2687 1828 2886 1885 fuerint
2911 1832 3221 1896 subtractte,
3248 1846 3351 1883 non
3383 1846 3472 1886 ca-

1874 1919 1988 1976 des.
2040 1921 2116 1974 Ne
2167 1922 2302 1977 forte
2350 1938 2448 1992 per
2481 1924 2676 1978 malam
2720 1925 3097 1993 cogitationem
3145 1925 3474 1996 minimeque

1874 2012 2224 2078 christianum
2273 2016 2364 2068 liat
2405 2017 2456 2068 in
2490 2025 2541 2070 te
2579 2015 2722 2085 quod
2770 2016 2968 2069 dicitur
3010 2016 3062 2070 in
3109 2015 3216 2071 alio
3245 2016 3472 2085 psalmo,

1871 2119 2291 2161 Commemorato
2305 2108 2434 2162 llore
2449 2109 2785 2177 Zipbmorum
2809 2110 3029 2163 istorum
3049 2108 3259 2176 :Nimis,
3284 2110 3472 2180 inquit,

1876 2194 2148 2270 profunda:
2179 2205 2330 2272 facile
2367 2212 2483 2255 sunt
2530 2203 2858 2273 cogitationes
2905 2213 3024 2256 tuae.
3077 2203 3204 2257 Dico
3258 2203 3471 2269 dicitur,

1878 2289 2047 2343 Nimis
2096 2292 2367 2362 profunda:
2403 2297 2554 2362 facta!
2587 2302 2704 2346 sunt
2729 2293 3057 2362 cogitationes
3101 2303 3202 2347 tua:
3230 2310 3247 2347 :
3271 2296 3346 2347 vir
3374 2297 3472 2348 int-

1875 2381 2099 2450 prudens
2143 2400 2246 2436 non
2287 2393 2570 2453 cognoscet,
2614 2395 2661 2437 et
2706 2385 2889 2438 stultus
2929 2401 3031 2440 non
3070 2386 3314 2456 intelliget
3343 2389 3470 2440 Ita'c.

1874 2473 2010 2541 Quid
2057 2489 2161 2528 non
2208 2475 2503 2544 intelliget?
2544 2476 2672 2528 Cum
2712 2476 2998 2529 exorientur
3024 2487 3307 2546 peccatores
3344 2480 3474 2531 sicut

1874 2567 2066 2633 fenum,
2113 2575 2160 2618 et
2189 2566 2537 2634 prosper-crint
2562 2567 2574 2596 ¹
2605 2582 2778 2619 omnes
2807 2567 2893 2634 qui
2918 2579 3192 2638 operantur
3235 2568 3475 2637 iniquita-

1875 2664 1990 2717 tem,
2022 2666 2075 2708 ut
2121 2657 2364 2708 intereant
2414 2659 2464 2710 in
2504 2656 2746 2709 saeculum
2777 2658 2950 2710 saeculi
2981 2656 3150 2726 (Psal.
3185 2673 3292 2722 xei,
3323 2659 3470 2728 6-8).

1876 2744 2164 2799 Delectavit
2192 2760 2286 2799 eos
2313 2747 2413 2800 llos
2439 2745 2702 2800 malorum
2737 2764 2751 2800 :
2782 2745 3036 2802 dixerunt
3060 2747 3197 2816 apud
3229 2764 3307 2811 se,
3335 2748 3475 2804 Ecce

1873 2838 1999 2890 mali
2053 2837 2266 2902 ﬂorent,
2315 2838 2656 2906 puto,inalos
2699 2846 2843 2892 amat
2889 2840 3028 2893 Deus
3067 2857 3080 2892 :
3120 2847 3174 2895 et
3225 2840 3473 2895 delectati

1876 2929 2152 2999 temporali
2182 2930 2314 2985 llorc
2343 2929 2666 2999 iniquorum,
2697 2931 2946 2986 conversi
2979 2940 3097 2985 sunt
3125 2932 3188 2985 ad
3222 2932 3475 3003 iniquita-

1873 3033 2000 3088 tem,
2057 3032 2116 3077 ut
2162 3023 2461 3101 interirent.
2493 3021 2612 3078 Non
2655 3023 2720 3077 ad
2751 3032 2964 3093 tempus
2988 3023 3125 3078 sicut
3154 3024 3226 3078 illi
3257 3023 3469 3091 ﬂorent,

1871 3116 1965 3171 sed
2021 3117 2072 3169 in
2104 3115 2357 3170 sarculum
2407 3114 2609 3170 πρωί.
2638 3111 2794 3169 Unde
2819 3113 2960 3170 hoc?
2989 3114 3120 3182 Quia
3167 3116 3241 3169 vir
3267 3117 3471 3186 impru—

1871 3209 1994 3263 dens
2022 3225 2128 3264 non
2168 3216 2451 3278 cognoscet,
2481 3216 2529 3260 et
2557 3207 2744 3260 stultus
2783 3223 2885 3260 non
2932 3206 3175 3276 intelliget
3211 3207 3338 3267 Iiwe,
3365 3222 3468 3260 non

1871 3302 2076 3375 intrans
2119 3298 2480 3355 sanctuarinm
2529 3297 2643 3362 Dei,
2684 3306 2741 3350 ut
2783 3297 3043 3368 intelligat
3074 3298 3123 3350 in
3155 3298 3466 3350 novissima.

1873 3393 1939 3446 Et
1963 3392 2084 3462 quia
2108 3390 2343 3444 dil‘licilis
2368 3398 2452 3443 est
2469 3388 2859 3457 aliquantulum
2889 3388 3186 3442 intellectus
3229 3387 3314 3441 hic
3345 3387 3470 3442 inde

1869 3485 2033 3554 cmpit
2060 3484 2294 3553 psalmus
2321 3482 2442 3546 iste,
2492 3491 2552 3534 ut
2577 3480 2965 3536 David-lateret
3009 3481 3148 3534 inter
3195 3479 3466 3549 Zipliaeos,

1870 3593 1970 3632 nec
1995 3576 2358 3633 delectaretur
2397 3574 2527 3629 llore
2567 3572 2945 3643 Zipbworum;
2982 3572 3078 3628 sed
3105 3571 3325 3642 eligeret
3373 3588 3469 3642 po-

1873 3670 1977 3723 tius
2020 3669 2160 3723 inter
2201 3667 2320 3722 illos
2350 3666 2736 3730 humilitatem,
2771 3675 2829 3718 ut
2854 3665 3075 3720 haberet
3114 3664 3252 3734 apud
3301 3665 3468 3720 Deum

1870 3764 2236 3821 absconditam
2263 3763 2580 3818 claritatem.
2601 3760 2739 3827 Quid
2770 3775 2897 3831 ergo
2927 3761 2974 3814 ei
3003 3760 3250 3815 tribuitur
3283 3760 3335 3815 in
3367 3760 3469 3816 hoc

1872 3859 2064 3912 titulo?
2093 3847 2360 3926 Ini/inem,
2383 3855 2436 3908 in
2461 3855 2701 3925 hymnis:
2733 3853 2834 3907 hoc
2853 3862 2935 3907 est
2961 3853 3012 3906 in
3041 3852 3302 3906 laudibus.
3334 3850 3467 3921 Qni-

1871 3951 1970 4006 bus
1996 3949 2278 4004 laudibus?
2308 3946 2565 4001 Dominus
2584 3945 2751 4010 dedit,
2777 3944 3035 3999 Dominus
3056 3943 3306 4008 abstulit;
3330 3944 3472 3998 sicut

1872 4042 2098 4096 Domino
2138 4039 2354 4111 placuit,
2401 4039 2469 4094 ita
2501 4037 2697 4092 factum
2735 4046 2818 4093 est
2865 4055 2878 4089 :
2912 4037 2980 4090 sit
3017 4051 3210 4090 nomen
3257 4035 3468 4090 Domini

1872 4133 2206 4189 benedictum
2237 4131 2357 4203 (Job
2377 4146 2393 4183 r
2415 4171 2429 4191 ,
2459 4128 2576 4198 2i).
2599 4128 2760 4195 Quasi
2787 4129 2993 4182 arnisse
3016 4126 3314 4192 videbatur,
3348 4141 3467 4193 pcr-

1872 4223 2156 4289 ditaomni
2186 4220 2526 4276 substantia?
2562 4219 2738 4274 Absit.
2770 4218 2916 4272 Folia
2961 4217 3286 4281 ceciderant,
3314 4219 3466 4270 radix

1871 4315 2103 4369 vivebat.
2135 4314 2296 4384 Ergo,
2330 4310 2413 4365 -In
2438 4311 2610 4380 ﬁnem,
2652 4309 2706 4364 in
2733 4309 2953 4382 hymnis.
2983 4294 3141 4377 Quid,
3173 4307 3468 4362 Intellectus

1873 4407 1970 4476 ipsi
2017 4404 2222 4459 David?
2263 4403 2556 4458 Intellectus
2599 4413 2784 4458 contra
2829 4401 2999 4458 illud:
3035 4400 3124 4454 Vir
3174 4401 3469 4471 imprudens

1874 4519 1975 4556 non
2005 4509 2289 4574 cognoscet,
2318 4509 2365 4555 et
2393 4499 2582 4570 stultus.
2616 4515 2718 4554 non
2741 4498 2982 4569 intelliget
3010 4497 3137 4551 lucc.
3170 4495 3470 4550 Intellectus

1872 4595 1975 4662 ipsi
1998 4591 2183 4659 David,
2205 4609 2320 4646 cum
2340 4598 2578 4646 venerunt
2606 4587 2827 4660 Zipluei,
2859 4597 2906 4642 et
2934 4589 3168 4644 dixerunt
3203 4588 3270 4640 ad
3299 4587 3431 4643 Saftl
3453 4603 3470 4638 :

1878 4683 2065 4738 Nonne
2089 4699 2201 4736 ecce
2231 4681 2401 4736 David
2446 4680 2772 4737 absconditus
2826 4691 2897 4735 est
2937 4681 3078 4749 apud
3105 4679 3234 4734 nos?
3279 4680 3347 4734 Et
3398 4682 3474 4734 sit

1873 4774 2219 4843 absconditus
2271 4773 2411 4841 apud
2457 4789 2570 4833 vos,
2620 4771 2912 4826 dummodo
2959 4787 3066 4827 non
3107 4772 3294 4826 ﬂoreat
3333 4772 3473 4828 sicut

1874 4880 1991 4920 vos.
2020 4865 2152 4920 Audi
2181 4880 2312 4936 ergo
2341 4881 2526 4920 vocem
2546 4864 2682 4933 ejus.

1947 4960 2000 5011 4.
2040 4955 2188 5027 iners.
2235 4953 2314 5028 5.]
2347 4956 2480 5009 Deus
2525 4957 2576 5008 in
2607 4956 2808 5008 nomine
2831 4964 2918 5008 tuo
2943 4955 3140 5008 salvum
3163 4971 3240 5008 me
3268 4959 3372 5025 fac,
3424 4969 3474 5012 et

1875 5052 1928 5103 in
1950 5049 2130 5102 virtute
2146 5057 2232 5100 tua
2258 5047 2440 5117 judico
2480 5063 2576 5101 me.
2611 5047 2722 5101 Hoc
2747 5046 2889 5100 dicat
2915 5047 3152 5102 Ecclesia
3188 5048 3357 5100 latens
3388 5045 3474 5100 in-

1879 5155 1962 5198 ter
1988 5141 2252 5211 Ziphazos.
2282 5141 2393 5194 Iloc
2425 5140 2566 5194 dicat
2588 5155 2782 5210 corpus
2805 5139 3154 5194 christianum
3187 5139 3391 5194 habens
3420 5140 3471 5192 in

1880 5237 2090 5291 occolto
2119 5236 2316 5287 bonum
2347 5249 2554 5286 morum
2584 5247 2824 5296 suorum,
2871 5246 3096 5302 sperans
3147 5231 3214 5286 de
3261 5231 3474 5286 occulto

1881 5328 2180 5383 mercedem
2205 5327 2511 5381 meritorum
2531 5340 2780 5388 suorum;
2809 5323 2910 5377 hoc
2937 5323 3079 5379 (licat
3104 5341 3118 5374 :
3151 5322 3289 5377 Deus
3308 5324 3360 5376 in
3387 5341 3476 5376 no-

1880 5421 2015 5472 mine
2051 5429 2136 5472 tuo
2162 5418 2355 5471 salvum
2389 5434 2463 5468 ine
2497 5420 2613 5484 fac,
2658 5425 2701 5469 et
2728 5416 2780 5468 in
2818 5416 2995 5467 virtute
3026 5425 3111 5468 tua
3144 5413 3328 5484 judico
3373 5430 3470 5466 me.

1885 5509 2112 5574 Venisti,
2141 5523 2174 5562 ο
2198 5507 2432 5570 Christe,
2459 5506 2675 5560 humilis
2695 5505 3007 5574 apparuisti,
3036 5508 3374 5574 contemptus
3395 5517 3474 5568 es,

1885 5603 2178 5670 llagellatus
2193 5617 2270 5665 es,
2301 5587 2587 5654 cruciﬁxus
2613 5615 2692 5664 es,
2715 5599 2924 5652 occisus
2954 5614 3012 5650 cs
3043 5615 3054 5649 :
3089 5595 3183 5651 sed
3212 5597 3367 5652 tertio
3387 5595 3477 5653 die

1885 5693 2242 5757 resurrexisti,
2281 5691 2690 5762 quadragesimo
2727 5690 2814 5744 die
2842 5690 2892 5742 in
2937 5689 3133 5742 caelum
3168 5685 3479 5756 asecndistl,

1951 5810 1966 5840 ³
2002 5807 2075 5856 sic
2098 5819 2270 5884 omnes
2293 5815 2396 5856 Mss.
2417 5812 2473 5858 At
2487 5805 2628 5866 Μὰ,
2649 5802 2917 5871 prolongati
2938 5800 3132 5866 fuerint.
