3968 6356
531 348 633 402 6‘23

528 464 685 519 sedes
724 457 789 511 ad
828 454 1103 509 dexteram
1148 439 1346 501 Patris,
1387 443 1443 488 rt
1470 449 1627 491 nemo
1662 433 1825 519 videt.
1867 429 2122 499 Spiritum

529 518 679 611 tuum
707 548 831 604 inde
871 540 1086 605 misisti,
1115 552 1276 611 quem
1304 534 1632 600 acceperunt
1676 523 1818 593 digni
1848 538 1863 585 ς
1919 518 2122 589 impleti

524 662 710 703 amore
724 653 836 705 tuo,
856 635 1067 692 tandem
1090 630 1260 707 ipsius
1275 620 1587 680 humilitatis
1604 629 1708 671 tuae
1742 630 1843 707 per
1865 611 2121 707 mundum

525 702 833 812 gentesque
851 702 1274 801 praedicaverunt
1304 736 1319 773 :
1352 730 1547 770 nomen
1588 721 1735 812 tuum
1748 705 1918 812 "video
1942 702 2124 812 exect-

527 794 640 887 lere
684 794 747 881 ἱιι⁸
784 794 983 896 genere
1029 818 1279 874 humano,
1325 806 1418 863 sed
1468 815 1644 858 tamen
1688 800 1929 896 infirmus
1972 794 2124 894 nobis

527 886 847 992 praedii-atus
874 930 954 969 es.
997 908 1183 978 Neque
1228 902 1370 957 enim
1423 906 1478 952 et
1519 895 1605 947 ille
1645 891 1833 944 doctor
1872 886 2121 942 Gentium

529 980 661 1071 dixit
680 1008 880 1081 aliquid
919 1006 1059 1061 inter
1088 1015 1187 1056 nos
1215 1011 1275 1052 se
1302 994 1461 1054 scire,
1494 988 1593 1044 nisi
1622 985 1893 1081 Cbristu-m
1914 980 2119 1041 Jesmn,

530 1119 586 1165 et
614 1108 756 1161 hunc
771 1074 1097 1157 cruciﬁxum
1129 1092 1173 1159 (l
1200 1089 1316 1143 Cor.
1346 1101 1406 1149 ιι,
1451 1081 1529 1149 Ξ),
1558 1088 1616 1133 ιιι
1637 1077 1755 1147 ejus
1801 1074 2123 1165 eligerenms

526 1162 896 1273 opprobrium,
927 1188 1095 1258 magis
1123 1196 1279 1254 quam
1305 1177 1525 1250 gloriam
1552 1167 1855 1273 ﬂorentium
1878 1162 2124 1234 Ziplueo-

694 1289 1072 1343 Verumtamen
1100 1278 1167 1331 de
1212 1272 1304 1327 illo
1330 1267 1458 1339 quid
1505 1262 1617 1317 ait?
1645 1260 1755 1315 Etsi
1792 1266 2023 1313 mortuus
2050 1263 2124 1349 est

523 1344 926 1451 exittﬁrntitatc,
957 1370 1047 1427 sed
1085 1368 1201 1423 vivit
1228 1381 1293 1419 ea:
1315 1363 1493 1417 virtute
1525 1355 1617 1451 Dei
1644 1352 1710 1425 (ll
1737 1350 2007 1451 Coraxut,
2038 1344 2118 1451 Ι).

522 1446 682 1529 Venit
710 1482 839 1539 ergo
859 1474 916 1521 ut
945 1467 1242 1525 moreretur
1270 1469 1336 1509 ex
1378 1448 1709 1539 infirmitate,
1737 1449 2013 1539 venturus
2037 1446 2121 1538 est

521 1576 580 1618 ut
602 1532 809 1633 iudicet
849 1557 904 1611 in
932 1552 1126 1606 virtute
1152 1547 1245 1602 Dei
1277 1562 1290 1600 :
1313 1540 1407 1597 sed
1433 1555 1528 1633 per
1556 1532 1918 1633 inﬁrmitatem
1943 1532 2122 1633 erucis

519 1622 871 1711 claritieatum
895 1654 978 1701 est
1002 1655 1198 1698 nomen
1222 1637 1357 1707 ejus.
1401 1629 1655 1701 Quisquis
1680 1639 1786 1681 non
1831 1622 2121 1678 crediderit

520 1748 574 1801 in
619 1758 817 1797 nomen
856 1735 1202 1794 clariﬁcatum
1249 1743 1344 1799 per
1385 1722 1771 1784 inﬁrmitatem,
1800 1721 2121 1786 expavescet

518 1839 585 1892 ad
612 1834 847 1905 judicent
875 1843 995 1883 cum
1020 1822 1227 1879 venerit
1245 1821 1297 1873 in
1323 1818 1536 1871 virtute.
1564 1812 1641 1868 Ne
1848 1805 2117 1905 quondam

522 1895 916 1988 ille-inﬁrmus,
960 1933 1086 1974 cum
1134 1911 1339 1969 venerit
1370 1907 1544 1971 fortis,
1574 1902 1875 1959 ventilabro
1906 1899 1998 1953 illo
2047 1895 2117 1951 ad

520 2021 791 2074 sinistram
820 2029 918 2068 nos
940 2011 1147 2070 mittat;
1180 2003 1349 2060 salvet
1375 2015 1473 2055 nos
1496 1998 1547 2052 io
1576 1994 1792 2050 nomine
1818 2006 1937 2057 suo,
1960 1999 2016 2044 et
2031 1990 2116 2059 ju-

518 2112 659 2164 dicet
693 2124 789 2161 nos
838 2106 890 2156 in
926 2102 1122 2155 virtute
1147 2110 1264 2151 sua.
1291 2092 1423 2161 Quis
1443 2088 1583 2144 enim
1606 2087 1707 2140 hoc
1750 2093 1859 2138 tam
1890 2092 2116 2137 temerac

517 2206 630 2254 rius
675 2193 962 2266 Optaverit,
1008 2198 1066 2242 ut
1089 2187 1229 2243 dicat
1257 2185 1387 2245 Deo,
1406 2178 1596 2233 Judica
1640 2192 1720 2230 me
1738 2176 1764 2229 ?
1782 2174 1970 2266 Nonne
1991 2185 2118 2266 pro

519 2261 806 2345 tttztledieto
836 2283 937 2338 dici
969 2279 1109 2335 solet
1128 2273 1433 2331 hominibus
1461 2287 1476 2325 :
1505 2265 1717 2324 iudicet
1759 2274 1814 2319 te
1830 2263 2013 2319 Deus?
2040 2261 2113 2315 Ita

519 2383 672 2452 plane
715 2385 800 2433 est
842 2370 1205 2432 maledictum,
1250 2364 1294 2419 si
1323 2362 1540 2456 .judicat
1569 2369 1620 2414 te
1650 2357 1701 2411 in
1735 2357 1929 2410 virtute
1974 2368 2070 2453 sua
2096 2368 2111 2417 ;

515 2451 613 2525 sed
641 2468 683 2523 si
718 2481 825 2521 non
846 2474 900 2518 te
927 2456 1215 2515 salvaverit
1244 2454 1297 2509 in
1319 2451 1537 2507 nomine
1574 2462 1672 2502 suo
1703 2463 1716 2500 :
1741 2460 1863 2501 eum
1890 2458 2018 2499 vero
2058 2451 2110 2495 in

518 2560 733 2616 nomine
756 2553 1088 2627 prmcedeute
1107 2544 1393 2603 salvaverit
1420 2550 1492 2606 te,
1526 2538 1812 2595 salubriter
1838 2536 1891 2591 in
1919 2535 2115 2627 virtute

438 2632 443 2633 ί
514 2625 877 2718 consequente
912 2639 1192 2713 iudicabit.
1221 2637 1454 2693 Securus
1480 2642 1595 2687 esto
1637 2647 1653 2685 :
1681 2628 1942 2701 judicium
1984 2625 2116 2681 illud

515 2761 620 2799 non
654 2743 749 2799 tibi
773 2742 875 2795 erit
895 2734 1119 2811 punitio,
1151 2732 1246 2790 sed
1269 2727 1541 2807 discretio.
1558 2723 1692 2782 Nam
1721 2724 1853 2779 etin
1879 2720 2114 2793 quodam

517 2838 722 2909 psalmo
744 2836 817 2889 ita
837 2832 1031 2887 dicitur
1060 2845 1074 2881 :
1103 2826 1294 2880 Judica
1321 2838 1418 2886 me,
1447 2821 1601 2885 Deus,
1630 2828 1678 2872 et
1718 2817 1946 2885 dist-erue

512 2906 622 2986 sum
652 2942 818 2981 meant
862 2923 925 2978 de
948 2930 1093 2995 gente
1126 2934 1228 2972 non
1274 2923 1449 2971 sancta
1479 2911 1651 2981 (Psal.
1678 2925 1809 2966 xui.
1854 2909 1927 2980 l).
1973 2906 2111 2993 Quid

514 3030 618 3083 est.
663 3017 854 3073 Indica
902 3030 982 3067 nte
1003 3013 1030 3068 ξ)
1078 3011 1330 3069 Discat-ne
1370 3020 1457 3070 me
1490 3020 1521 3059 a
1550 3000 1785 3072 Zipbtcis
1809 3000 1950 3055 inter
1976 3012 2112 3069 quos

515 3116 657 3170 lateo
682 3132 697 3167 :
727 3109 923 3180 pertuli
941 3119 1129 3161 eorum
1158 3102 1367 3161 ﬂorem,
1391 3095 1501 3168 jam
1534 3095 1711 3149 veniat
1730 3102 1787 3149 et
1806 3090 1907 3148 llos
1935 3102 2109 3147 meus.

515 3208 581 3263 Et
608 3205 819 3261 illorum
856 3198 1072 3272 quidem
1102 3196 1201 3250 llos
1246 3191 1340 3246 fuit
1367 3188 1699 3259 temporalis,
1731 3194 1785 3242 et
1830 3192 2111 3239 arescente

513 3297 641 3352 leno.
668 3292 869 3349 decidit
902 3307 916 3343 :
949 3288 1049 3343 llos
1085 3295 1264 3339 autem
1296 3294 1447 3336 meus
1472 3280 1592 3350 quis
1617 3276 1757 3332 erit?
1799 3274 2029 3329 Plautati
2056 3274 2111 3329 in

511 3390 662 3443 domo
692 3382 920 3443 Domini,
946 3379 999 3434 in
1022 3379 1167 3432 atriis
1182 3376 1361 3428 domus
1385 3372 1476 3426 Dei
1491 3370 1652 3425 nostri
1669 3369 1918 3440 florebunt
1935 3365 2106 3438 (Psal.

510 3495 618 3544 xei.
655 3475 767 3546 M).
797 3475 1058 3528 Remanet
1082 3484 1209 3536 ergo
1236 3475 1291 3519 et
1317 3463 1469 3517 nobis
1495 3461 1615 3527 llos,
1645 3460 1738 3514 sed
1766 3459 1857 3529 qui
1885 3474 1990 3512 non
2015 3473 2109 3510 ca-

509 3569 790 3637 dat,sicut
819 3563 1003 3620 folium
1044 3557 1265 3638 plantati
1316 3555 1456 3608 illius
1487 3553 1609 3621 ligni
1638 3552 1787 3619 juxta
1812 3562 1997 3617 aquas,
2039 3548 2109 3602 de

509 3680 617 3735 quo
642 3662 842 3720 dictqu
879 3665 963 3710 est
995 3671 1009 3707 :
1044 3651 1107 3705 Et
1142 3649 1323 3721 folium
1360 3647 1471 3715 ejus
1500 3660 1598 3699 non
1626 3643 1820 3696 decidet
1864 3640 2032 3710 (Psal.
2069 3656 2105 3703 t,

510 3734 586 3828 3).
616 3754 749 3808 Deus
771 3764 899 3820 ergo
921 3748 974 3801 in
998 3744 1200 3800 nomine
1228 3753 1311 3795 tuo
1333 3738 1527 3794 salvum
1550 3754 1626 3791 mc
1655 3736 1757 3806 fac,
1787 3736 1907 3789 etin
1929 3734 2109 3788 rirtutc

511 3858 598 3902 tua
613 3843 792 3916 judica
814 3855 913 3896 nte.

583 3915 636 3992 5.
664 3934 815 4008 [rem
846 3928 927 4001 4.]
957 3927 1114 3989 Dens,
1143 3923 1333 3978 exaudi
1356 3920 1636 3974 orationem
1670 3933 1868 3982 meum;
1896 3915 2107 3971 auribus

512 4028 716 4101 percipe
741 4022 890 4079 verba
912 4022 1016 4075 oris
1038 4018 1153 4071 mei.
1184 4012 1501 4071 Perveniunt
1522 4010 1589 4065 ad
1618 4026 1777 4064 aures
1798 4019 1915 4064 tuas
1943 4008 2104 4064 verba

511 4120 623 4175 oris
652 4119 777 4183 inci,
804 4114 933 4185 quia
957 4127 1063 4165 non
1102 4109 1289 4163 liorem
1317 4104 1659 4175 Ziplueorum
1686 4117 1718 4157 a
1759 4112 1812 4157 te
1833 4101 2102 4157 desidem.

512 4210 733 4268 Auribus
768 4207 969 4277 percipe
1006 4201 1154 4257 verba
1182 4199 1284 4253 oris
1324 4197 1421 4251 mei
1444 4210 1464 4250 :
1492 4206 1545 4250 tu
1573 4193 1787 4265 percipe
1814 4211 1829 4260 ;
1854 4209 1975 4279 nam
2018 4192 2107 4248 Zi-

514 4301 681 4375 plut-is
708 4300 808 4355 etsi
839 4301 995 4351 sonet
1032 4291 1205 4347 oratio
1236 4304 1353 4343 mea
1379 4329 1394 4352 ,
1426 4302 1537 4340 non
1562 4285 1818 4347 audiunt,
1846 4286 1969 4356 quia
1997 4298 2104 4339 non

514 4393 837 4463 intelligunt.
909 4381 1319 4453 Temporalibus
1381 4378 1580 4448 quippe
1643 4376 1909 4446 gaudent,
1965 4378 2103 4433 bona

512 4498 715 4544 attcrna
741 4479 1051 4537 desiderare
1078 4491 1183 4529 non
1209 4480 1426 4529 nerunt.
1462 4470 1556 4525 'Ad
1597 4479 1649 4525 te
1677 4470 1950 4539 perveniat
1972 4479 2103 4523 ora-

514 4580 591 4636 tio
614 4591 733 4632 mea
761 4616 779 4642 ,
803 4588 873 4629 ex
896 4568 1166 4625 desiderio
1200 4575 1527 4619 arternorum
1559 4572 1771 4617 tuorum
1812 4562 2103 4617 beneﬁcio—

514 4688 632 4729 rum
662 4681 885 4725 excussa
914 4672 969 4719 ct
986 4661 1215 4729 iaculata
1245 4676 1257 4712 :
1294 4658 1362 4712 ad
1392 4672 1552 4712 aures
1581 4666 1701 4710 tuas
1725 4656 1919 4710 emitto
1945 4670 2101 4719 eam;

512 4757 702 4833 adjuva
731 4772 849 4813 eam
875 4764 933 4810 ut
962 4732 1237 4823 perveniat
1261 4791 1279 4811 ,
1308 4765 1375 4804 ne
1402 4747 1616 4802 deficiat
1657 4747 1709 4800 in
1757 4748 1950 4803 itinere
1991 4763 2105 4801 tne—

511 4853 624 4915 dio,
664 4862 721 4906 et
764 4848 914 4921 quasi
963 4846 1194 4915 collapsa
1233 4850 1472 4897 corruat.
1512 4839 1619 4896 Sed
1666 4840 1770 4895 etsi
1811 4857 1920 4894 non
1970 4842 2102 4895 mihi

510 4942 765 4999 eveniunt
789 4937 950 4994 modo
970 4937 1105 4993 bona
1132 4950 1252 5003 qua:
1278 4932 1508 5003 postulo,
1537 4946 1759 4986 securus
1778 4947 1897 4987 smn
1925 4942 2102 4987 tamen

510 5037 635 5107 quia
659 5040 841 5102 postea
886 5027 1116 5082 venient.
1148 5024 1281 5080 Nam
1325 5033 1380 5079 et
1423 5024 1475 5077 in
1522 5022 1732 5078 delictis
1757 5023 1953 5077 dicitur
1979 5024 2102 5092 qui-

513 5126 636 5189 dam
663 5134 882 5192 rogasse
912 5119 1077 5172 Deum
1103 5157 1117 5179 ,
1148 5124 1202 5169 et
1230 5129 1334 5169 non
1380 5114 1662 5169 exauditus
1690 5115 1830 5168 bono
1855 5128 1974 5167 suo.
2000 5114 2106 5168 lie-
2154 5142 2157 5146 -

514 5217 713 5274 sideria
755 5213 899 5267 enim
945 5208 1219 5265 saecularia
1265 5206 1620 5261 incitaverant
1658 5203 1807 5259 illum
1845 5202 1913 5258 ad
1939 5219 2103 5259 oran-
2136 5246 2139 5251 .

514 5310 683 5373 dum;
726 5315 783 5361 et
838 5305 891 5357 in
942 5299 1373 5360 tribulationibus
1413 5296 1799 5366 temporalibus
1852 5298 2056 5366 positus
2084 5336 2104 5365 ,

511 5406 791 5472 optaverat
834 5404 891 5450 ιιι
930 5391 1224 5449 transirent
1266 5389 1640 5444 tribulationcs
1682 5389 2006 5458 temporales
2048 5397 2105 5445 et

512 5492 713 5548 rediret
738 5488 835 5543 ﬂos
862 5485 967 5540 leni
990 5525 1006 5549 ,
1038 5492 1093 5539 et
1117 5483 1187 5537 ait
1216 5499 1231 5537 :
1267 5481 1405 5536 Deus
1454 5498 1615 5543 meus.
1652 5480 1785 5535 Deus
1818 5498 1959 5537 meus
1980 5524 1997 5545 ,
2018 5492 2105 5536 stt-

516 5582 639 5645 attid
676 5596 755 5633 me
789 5576 1100 5646 dereliquiin
1113 5576 1139 5628 1’
1166 5573 1277 5629 Vox
1314 5574 1426 5641 ipsa
1470 5572 1666 5628 Christi
1714 5582 1835 5637 est.
1869 5573 1963 5629 sed
2006 5588 2107 5643 pro

513 5673 771 5728 membris
815 5669 947 5724 suis.
1006 5664 1205 5731 Verba,
1240 5665 1443 5735 inquit.
1488 5665 1788 5719 delictorum
1826 5681 2055 5719 meorum
2084 5709 2097 5722 .

517 5764 728 5821 clamosi
755 5761 821 5817 ad
851 5773 898 5816 te
927 5775 1017 5831 per
1035 5758 1191 5824 diem,
1219 5773 1308 5814 nec
1334 5757 1619 5825 exaudiui,-
1641 5765 1689 5810 et
1715 5767 1891 5823 nocte,
1922 5768 1968 5811 et
2001 5774 2102 5812 non

1776 317 1834 374 S.
1878 312 2239 373 AUGUSTI?"
2280 314 2587 372 EPISCOPI
3728 322 3821 380 εει

2236 427 2305 481 ad
2324 428 2665 498 insipientiam
2691 430 2814 483 milii
2854 427 3025 504 (Psal.
3059 446 3173 495 xxi,
3203 430 3237 484 9.
3256 473 3271 499 ,
3296 428 3352 502 5)
3383 450 3397 488 :
3428 432 3479 487 id
3509 441 3614 500 ost,
3649 443 3702 487 ct
3728 452 3819 489 uo—

2230 529 2315 574 cte
2344 519 2609 588 clamavi,
2632 530 2687 575 et
2723 535 2830 576 non
2876 521 3177 587 exaudisti;
3207 531 3265 577 et
3288 534 3464 579 tamen
3504 522 3610 578 hoc
3647 524 3816 593 ipsum

2235 610 2377 678 quod
2422 628 2526 666 non
2566 613 2866 677 exautlisti,
2895 615 3094 670 nonad
3128 614 3488 684 insipientiam
3530 616 3663 671 mibi
3714 633 3817 672 non

2230 705 2515 767 exaudisti.
2549 708 2643 762 sed
2665 709 2832 778 magis
2858 708 2927 764 ad
2952 710 3268 779 sapientiam
3297 725 3401 765 non
3428 710 3701 767 exaudisti
3720 752 3739 778 ,
3768 720 3822 765 ut

2232 799 2584 871 intelligerem
2610 802 2736 872 quid
2763 818 2793 857 a
2822 812 2874 857 te
2902 812 3086 872 petere
3112 804 3390 860 deberem.
3437 805 3512 861 Ea
3544 806 3692 860 enim
3729 821 3821 875 pe-

2232 892 2405 945 tebant
2436 908 2557 963 qua:
2584 894 2725 949 malo
2752 910 2874 950 meo
2914 895 3156 952 fortassis
3200 898 3529 968 acciperem.
3560 899 3708 954 Petis
3735 899 3822 953 di-

2230 983 2405 1047 vitias,
2433 999 2468 1036 o
2494 982 2693 1039 homo!
2736 985 2918 1062 quanti
2944 993 3071 1043 sunt
3103 988 3276 1042 eversi
3301 1002 3398 1057 per
3418 988 3633 1043 divitias
3663 987 3818 1045 suas!

2230 1071 2518 1142 L‘ndescis
2551 1085 2726 1130 utrum
2772 1077 2862 1132 tibi
2894 1077 3003 1132 sint
3027 1076 3322 1148 profuturas
3361 1077 3600 1136 divitiae?
3629 1079 3818 1135 Nonne

2230 1166 2382 1219 multi
2405 1181 2670 1237 pauperes
2695 1170 2861 1225 tutius
2904 1168 3180 1236 latebant;
3206 1170 3396 1228 divites
3425 1170 3550 1227 facti
3570 1213 3586 1237 ,
3610 1188 3738 1228 mox
3764 1180 3821 1229 ut

2229 1256 2411 1313 lucere
2440 1267 2744 1328 emperunt,
2776 1261 2956 1331 prada
3001 1260 3309 1319 fortioribus
3328 1263 3581 1319 fuerunt?
3604 1265 3819 1332 Quanto

2228 1351 2421 1404 melius
2450 1350 2679 1406 laterent
2699 1394 2714 1418 ,
2738 1364 2944 1423 quanto
2972 1354 3164 1409 melius
3186 1355 3524 1410 oescireutur
3551 1397 3567 1418 ,
3589 1357 3684 1426 qui
3705 1370 3820 1412 cte-

2229 1443 2609 1514 peruutquteri
2633 1485 2649 1509 ,
2677 1460 2784 1499 non
2807 1457 3025 1515 propter
3056 1446 3197 1515 quod
3245 1458 3431 1513 erant,
3462 1447 3558 1502 sed
3597 1459 3821 1517 prepter

2226 1534 2370 1604 quod
2415 1533 2721 1592 habebant!
2752 1536 2809 1592 In
2846 1536 2930 1593 bis
2962 1553 3092 1607 ergo
3128 1540 3510 1609 temporalibus
3533 1580 3552 1606 ,
3585 1539 3818 1605 fratres,

2225 1626 2576 1682 admonemus
2612 1643 2709 1683 vos
2746 1638 2802 1683 et
2837 1629 3186 1685 exhortamur
3230 1631 3284 1686 in
3329 1631 3594 1696 Domino,
3622 1642 3684 1688 ut
3712 1649 3820 1688 non

2227 1718 2419 1787 petatis
2445 1719 2641 1790 aliquid
2670 1720 2825 1791 quasi
2850 1720 3009 1777 lixum
3029 1764 3045 1788 ,
3078 1721 3172 1777 sed
3201 1722 3341 1793 quod
3382 1723 3537 1778 vobis
3565 1724 3705 1779 Dens
3723 1740 3821 1779 exs

2226 1810 2410 1881 pedire
2432 1812 2553 1866 scit.
2600 1812 2739 1882 Quid
2780 1815 2925 1868 enim
2965 1814 3116 1869 vobis
3150 1815 3423 1883 expediat,
3457 1815 3684 1870 omnino
3722 1831 3823 1871 nea

2224 1903 2393 1959 scitis.
2442 1905 2746 1975 Aliquando
2786 1905 2929 1977 quod
2964 1907 3161 1977 putatis
3204 1907 3496 1977 prodesse.
3527 1907 3723 1973 obest;
3762 1917 3819 1963 et

2224 1995 2366 2064 quod
2399 1997 2594 2065 putatis
2637 1996 2830 2053 obesse
2849 2039 2865 2063 ,
2900 1998 3002 2053 hoc
3025 1998 3264 2069 prodest.
3292 1996 3443 2069 Egri
3472 1996 3619 2053 enim
3642 1998 3775 2054 estis
3799 2041 3816 2062 .

2225 2090 2391 2146 nolite
2432 2089 2641 2147 medico
2681 2090 2888 2146 dictare
2921 2107 3040 2161 quat
3068 2091 3224 2147 vobis
3261 2091 3650 2147 medicamenta
3690 2093 3822 2147 velit

2221 2195 2517 2251 apponere.
2544 2181 2599 2237 Si
2626 2181 2817 2237 doctor
2846 2183 3087 2252 gentium
3114 2182 3309 2237 Paulus
3336 2182 3613 2252 apostolus
3642 2182 3777 2236 dicit
3794 2224 3811 2245 ,

2224 2270 2362 2335 Quid
2394 2274 2526 2327 enim
2564 2288 2765 2327 oremus
2786 2273 2915 2328 sicut
2948 2283 3143 2341 oportet
3164 2314 3181 2339 ,
3214 2273 3461 2328 nescimus
3491 2272 3671 2343 (Nam.
3702 2290 3816 2338 vin,

2220 2363 2350 2437 96);
2383 2374 2583 2441 quanto
2613 2365 2783 2435 magis
2823 2366 3080 2431 titis'lQui
3114 2374 3290 2419 tamen
3329 2379 3449 2419 cum
3482 2364 3584 2419 sibi
3608 2365 3819 2419 viden:-

2222 2465 2309 2509 tnr
2334 2456 2450 2525 ipse
2473 2454 2762 2523 prudenter
2776 2472 2954 2521 orare,
2980 2466 3037 2511 ιιι
3064 2455 3133 2510 ab
3157 2472 3224 2511 eo
3248 2454 3549 2512 auferretur
3564 2456 3821 2512 stimulus

2219 2546 2419 2611 carnis,
2449 2545 2677 2616 angelus
2712 2554 2914 2602 satanas
2954 2547 3043 2617 qui
3075 2562 3199 2601 eum
3227 2544 3633 2617 colapltizabat,
3667 2563 3737 2602 ne.
3765 2548 3818 2602 in

2219 2636 2586 2707 magnitudine
2611 2634 2997 2693 revelatiouum
3024 2639 3374 2694 extollerctur
3394 2680 3411 2705 ,
3442 2639 3569 2708 quid
3610 2641 3820 2695 audivit

2217 2743 2247 2781 a
2274 2728 2538 2783 Domino?
2558 2728 2824 2798 Numquid
2853 2728 3050 2784 factum
3074 2730 3323 2800 estquod
3353 2730 3602 2786 volebat?
3621 2729 3742 2787 Non
3760 2735 3813 2796 ¹ς;

2218 2827 2278 2871 ιιι
2303 2818 2454 2873 tierct
2494 2818 2638 2888 quod
2672 2819 3012 2888 expediebat.
3046 2819 3184 2886 Quid
3223 2834 3352 2890 ergo
3395 2819 3599 2876 audivit
3636 2837 3675 2875 ιι
3706 2823 3815 2876 Do.

2174 2952 2177 2955 η
2214 2908 2400 2964 mino?
2426 2907 2546 2973 Ter,
2581 2910 2772 2979 inquit,
2803 2910 2977 2980 rogavi
3007 2904 3285 2965 Dominum
3309 2950 3326 2977 ,
3354 2920 3410 2966 ut
3433 2914 3661 2984 auferret
3690 2930 3813 2967 eum

2220 3018 2387 3066 ante;
2412 3013 2457 3055 et
2483 3000 2613 3055 dixit
2643 3002 2769 3055 mihi
2792 3044 2809 3063 ,
2838 3001 3035 3073 Suﬂicit
3060 3002 3150 3055 tibi
3174 3002 3340 3073 gratia
3375 3019 3487 3058 mea
3517 3020 3537 3058 :
3562 3021 3686 3058 nam
3709 3007 3815 3059 uir-

2211 3104 2298 3147 tus
2340 3094 2395 3147 in
2436 3093 2733 3160 inﬁrmitate
2778 3093 3041 3162 perﬁcitur
3088 3093 3157 3165 (ll
3184 3093 3306 3149 Cor.
3360 3110 3468 3158 xtl,
3504 3094 3650 3169 7-9).
3697 3096 3817 3165 Ego

2216 3185 2667 3241 medicamentum
2710 3184 2779 3239 ad
2795 3185 3002 3242 vulnus
3046 3186 3247 3256 posui:
3284 3186 3500 3257 quando
3530 3191 3811 3258 posuerim

2215 3279 2359 3341 novi,
2390 3279 2605 3350 quando
2628 3278 2978 3334 auferendum
2999 3280 3071 3335 sit
3092 3280 3236 3341 novi.
3261 3278 3376 3334 Non
3404 3280 3619 3336 recedat
3634 3297 3814 3352 tegm-

2215 3380 2302 3425 tus
2326 3387 2355 3423 a
2387 3371 2633 3426 manibus
2661 3372 2874 3434 medici,
2906 3387 3010 3426 non
3040 3372 3130 3428 det
3156 3371 3437 3428 consilium
3461 3373 3698 3429 malico.
3734 3375 3813 3429 Ita

2214 3474 2335 3519 sunt
2370 3465 2469 3519 ista
2509 3465 2690 3529 omnia
2729 3466 3059 3535 temporalia.
3118 3465 3521 3522 Tribulationes
3553 3477 3710 3533 sunt;
3760 3470 3813 3523 si

2216 3557 2350 3610 bene
2395 3556 2530 3611 colis
2565 3556 2767 3617 Deum,
2801 3557 3014 3612 noveris
3049 3558 3170 3628 quia
3231 3559 3379 3613 novit
3430 3558 3566 3629 quid
3607 3560 3813 3631 cuique

2212 3647 2462 3716 expediat
2502 3665 2518 3702 :
2561 3648 2945 3717 prosperitates
2983 3658 3149 3713 sunt;
3182 3650 3350 3719 magis
3396 3664 3530 3706 cave
3575 3666 3645 3708 ne
3676 3652 3810 3722 ipszc

2211 3752 2557 3811 corrumpant
2605 3743 2842 3797 animum
2894 3751 3073 3806 tuutn,
3102 3751 3163 3798 ut
3202 3743 3271 3799 ab
3297 3758 3363 3799 eo
3390 3745 3480 3814 qui
3534 3744 3653 3801 bare
3707 3747 3809 3801 de.

2211 3834 2291 3888 tlit
2335 3835 2568 3889 recedat.
2629 3835 2766 3905 Ergo
2806 3834 2907 3890 iste
2958 3835 3265 3907 intelligens
3325 3837 3449 3905 quid
3472 3837 3579 3891 ait?
3626 3838 3809 3901 Deus,

2210 3928 2394 3981 exaudi
2438 3927 2720 3980 orationem
2761 3942 2965 3993 meam;
3008 3927 3217 3983 auribus
3263 3927 3467 4000 percipe
3505 3928 3655 3984 verba
3699 3930 3810 3986 oris

2211 4017 2326 4072 mei.

2282 4110 2336 4165 6.
2395 4110 2545 4182 locrs.
2574 4111 2654 4181 5.]
2688 4110 2943 4177 Quoniam
2966 4110 3807 4167 alieniinsurrexerunt’adsersum

2210 4220 2309 4256 me.
2339 4204 2438 4270 Qui
2479 4203 2683 4258 alicui?
2708 4202 2898 4257 Nanne
2949 4203 3064 4273 ipse
3113 4202 3280 4258 David
3316 4202 3532 4260 .ludtcus
3574 4216 3697 4260 erat
3722 4207 3808 4261 de

2210 4296 2354 4351 tribu
2382 4295 2561 4351 .lnda?
2590 4295 2708 4363 Ipse
2735 4305 2926 4350 -antcm
2972 4294 3120 4351 locus
3152 4294 3287 4364 Ziph
3330 4294 3395 4349 ad
3441 4296 3637 4351 tribum
3667 4295 3808 4351 Juda

2208 4390 2538 4460 pertinebat.
2572 4374 2890 4444 .lutl;eorunt
2923 4396 3060 4444 erat.
3110 4388 3393 4456 Quomodo
3427 4404 3563 4459 ergo
3601 4390 3809 4445 alieni?

2210 4480 2327 4535 Non
2372 4481 2588 4535 civitate
2612 4522 2629 4546 ,
2663 4495 2768 4534 non
2792 4479 2936 4534 tribu
2958 4518 2977 4546 ,
3002 4496 3109 4534 non
3148 4480 3465 4547 cognatione
3481 4521 3496 4544 ,
3527 4481 3624 4535 sed
3648 4481 3805 4535 ﬂore.

2208 4571 2340 4627 Nam
2370 4572 2450 4625 vis
2483 4586 2643 4626 nosse
2668 4570 2874 4625 alienos
2899 4569 3071 4625 istos?
3097 4570 3154 4625 In
3180 4570 3289 4625 alio
3305 4571 3511 4641 psalmo
3532 4570 3623 4625 lilii
3643 4571 3809 4627 alieni

2207 4666 2335 4723 dicti
2365 4675 2511 4730 sunt,
2540 4681 2756 4735 quorum
2775 4680 2833 4719 os
2856 4664 3077 4719 locutum
3111 4675 3184 4719 est
3207 4665 3501 4731 vanitatem,
3532 4667 3813 4722 etdextcra

2208 4774 2383 4817 eorum
2424 4756 2631 4811 dextera
2678 4754 2981 4826 iniquitatis.
3017 4754 3087 4811 Et
3129 4763 3411 4815 enumerat
3465 4755 3656 4813 liorem
3711 4758 3811 4814 Zi-

2209 4848 2484 4919 plta-orum
2510 4865 2526 4903 :
2553 4848 2781 4913 Quorum
2802 4847 2895 4914 ﬁlii
2918 4862 3092 4901 eorum
3117 4848 3249 4902 velut
3269 4848 3480 4902 novella:
3509 4854 3813 4905 constabit.»

2210 4952 2276 4995 ιω
2299 4941 2349 4994 in
2367 4941 2628 5013 juventute
2652 4954 2746 4992 sua
2768 4954 2788 4992 :
2807 4938 2933 5007 ﬁlia:
2963 4955 3135 4993 eorum
3178 4939 3471 5011 composita:
3501 4951 3549 4996 et
3572 4952 3808 5013 ornata,

2207 5036 2337 5089 sicut
2364 5032 2646 5088 similitudo
2675 5030 2887 5102 templi;
2912 5031 3121 5086 cellaria
3146 5047 3320 5087 eorum
3340 5031 3493 5103 plena
3512 5072 3529 5095 ,
3558 5045 3815 5090 eructari-

2211 5127 2282 5179 tia
2306 5142 2372 5179 ea:
2395 5125 2491 5179 Iwc
2512 5124 2564 5178 in
2594 5124 2689 5176 hoc
2715 5140 2737 5178 :
2759 5138 2875 5177 oves
2914 5138 3089 5177 eorum
3107 5124 3339 5196 fecunda:
3358 5164 3375 5191 ,
3404 5124 3815 5197 multiplicantes

2210 5219 2263 5272 in
2304 5218 2519 5272 exitibus
2559 5216 2701 5282 suis;
2737 5216 2885 5270 bores
2913 5231 3088 5270 eorum
3128 5218 3287 5271 crassi
3326 5221 3349 5273 .‘
3388 5234 3492 5272 non
3530 5229 3604 5273 est
3654 5222 3818 5275 ruina

2211 5302 2366 5378 cepis,
2395 5324 2489 5363 nec
2524 5308 2721 5374 exitus,
2746 5324 2904 5377 neque
2929 5306 3125 5364 clamor
3152 5309 3207 5364 in
3248 5309 3437 5380 plateis
3468 5327 3665 5366 eorum.
3696 5311 3817 5369 Sed

2214 5402 2337 5456 vide
2362 5400 2634 5470 Ziphteos,
2662 5400 2783 5455 vide
2804 5399 2870 5454 ad
2894 5409 3104 5471 tempus
3131 5399 3410 5457 ﬂorentes.
3427 5401 3638 5458 Beatam
3660 5405 3813 5460 dixe.

2212 5503 2332 5548 runt
2379 5492 2622 5564 populum
2664 5493 2747 5545 cui
2789 5493 2898 5548 lucc
2942 5501 3081 5547 sunt.
3124 5492 3315 5548 Merito
3344 5479 3449 5549 lilii
3492 5495 3677 5551 alieni.
3728 5497 3818 5554 Tu

2213 5583 2381 5656 quid,
2424 5585 2593 5637 latens
2632 5583 2772 5637 inter
2812 5581 3105 5654 Ziphreos?
3148 5581 3335 5639 Beatus
3383 5582 3602 5656 papulas
3654 5590 3821 5659 cujus

2277 5766 2295 5798 ι
2319 5749 2483 5827 Abest,
2508 5772 2627 5823 Non,
2652 5776 2681 5813 a
2698 5768 2805 5815 Mss.
