3968 6332
219 433 332 491 6‘35

222 565 475 624 Dominus
517 563 655 618 Deus
682 558 840 631 ipsius
865 555 1034 630 (Psut.
1067 571 1249 619 cxun,
1277 554 1452 622 ’ῖ-ιῦ).
1484 552 1562 607 Ex
1599 551 1701 606 hoc
1731 549 1812 601 ai-

216 662 362 716 l'ectu
393 659 508 718 lure
532 655 705 710 oratio
735 653 960 708 mittitur
981 651 1046 704 ad
1069 664 1226 702 aures
1261 646 1492 708 Domini,
1520 659 1642 698 cum
1672 643 1807 696 diei-

220 765 346 808 tnr:
375 751 590 805 Auribus
637 747 840 818 percipe
885 744 1031 797 verba
1066 743 1166 796 oris
1194 740 1332 806 mei;
1370 740 1611 808 quoniam
1655 736 1808 789 alieni

217 847 602 899 insurrexerunt
628 839 892 892 adversum
916 851 1012 887 me.

301 939 352 992 7.
387 936 453 990 Et
501 945 724 1004 potentes
776 931 1081 1002 quassierunt
1145 925 1368 979 animum
1419 939 1600 977 nteant.
1657 919 1811 976 Novo

217 1033 364 1087 enim
393 1028 570 1093 modo,
596 1026 785 1078 l'ratres
830 1020 933 1075 tnei
957 1061 972 1086 ,
1006 1019 1187 1073 volunt
1216 1015 1441 1080 perdere
1479 1027 1648 1083 genus
1679 1029 1805 1066 san-

213 1135 426 1180 ctorum
453 1119 600 1175 etab
635 1116 794 1186 hujus
834 1112 1015 1168 seculi
1061 1125 1156 1181 Spe
1191 1108 1569 1164 ahstiuentium
1613 1121 1804 1160 omnes

213 1215 311 1285 qui
335 1227 484 1284 spem
513 1209 710 1264 habent
739 1207 790 1260 in
820 1206 923 1260 isto
948 1201 1166 1258 sacculo.
1198 1200 1360 1263 Certe
1387 1196 1627 1284 concreti
1651 1203 1798 1259 sunt,

212 1314 364 1360 certe
391 1298 546 1358 simul
568 1302 772 1354 vivunt.
800 1294 1159 1352 Vehementer
1181 1291 1281 1348 sibi
1303 1285 1526 1347 adversa
1550 1297 1676 1345 sunt
1701 1287 1802 1342 ista

213 1383 324 1452 duo
351 1409 546 1466 genera
573 1411 585 1446 :
610 1407 773 1446 unum
805 1404 990 1444 eorum
1018 1384 1106 1457 qui
1134 1400 1240 1440 non
1272 1391 1474 1452 ponunt
1497 1397 1649 1452 spem
1701 1379 1826 1461 nisi

213 1491 272 1544 in
298 1488 457 1542 rebus
483 1481 830 1539 surcularibus
868 1490 922 1534 et
947 1475 1225 1546 temporali
1261 1473 1550 1537 felicitate,
1582 1480 1635 1526 et
1663 1472 1800 1525 alte-

211 1598 333 1638 rum
363 1593 548 1634 eorum
578 1572 669 1646 qui
712 1589 860 1643 spem
899 1583 1048 1626 suam
1088 1568 1140 1622 in
1182 1567 1411 1621 Domino
1444 1565 1552 1618 Deo
1575 1577 1671 1615 suo
1704 1562 1799 1614 tir—

210 1674 374 1728 ntiter
420 1678 643 1740 ponunt.
685 1665 751 1722 Et
788 1681 911 1720 cum
954 1659 1250 1718 concordes
1279 1670 1401 1713 sunt
1434 1659 1521 1712 isti
1555 1656 1754 1725 Zipltati
1781 1697 1797 1718 ,

207 1764 320 1819 noli
350 1764 575 1817 multum
619 1757 842 1815 credere
879 1753 1177 1811 concordiae
1219 1766 1437 1814 eorum;
1469 1751 1799 1804 tcutationcs

207 1856 444 1910 desunt:
479 1852 566 1906 ubi
595 1849 798 1904 venerit
841 1848 1016 1916 aliqua
1046 1844 1266 1898 tentatio
1289 1884 1301 1906 ,
1337 1851 1397 1895 ιιι
1419 1849 1673 1910 arguatur
1700 1841 1800 1893 ali-

206 1946 332 2016 quis
359 1959 454 2015 pro
486 1944 618 1998 ﬂore
661 1937 843 1995 δεηθειιί
870 1978 886 2000 ,
915 1953 1018 1990 non
1051 1936 1139 1989 tibi
1168 1935 1290 1987 dico
1328 1931 1562 2011 ollettdet
1585 1933 1798 2000 episeo-

207 2056 279 2109 po
302 2039 342 2102 ',
374 2031 467 2093 sed
503 2050 605 2090 nec
627 2033 694 2088 ad
727 2034 894 2102 ipsam
934 2027 1223 2084 Ecclesium
1266 2025 1523 2080 accedere
1555 2025 1665 2078 vult
1687 2065 1701 2088 ,
1734 2038 1800 2104 ne

203 2129 365 2185 cadat
380 2126 578 2197 aliquid
601 2123 730 2181 fetti.
749 2125 924 2192 Quare
949 2120 1047 2175 ista
1066 2119 1194 2185 dixi,
1231 2118 1459 2173 fratres?
1481 2113 1614 2186 Quia
1640 2117 1800 2171 modo

202 2222 435 2277 libenter
462 2217 656 2274 auditis
696 2231 884 2271 omnes
908 2218 960 2268 ln
998 2213 1213 2268 nomine
1255 2209 1490 2277 Christi,
1514 2220 1568 2265 et
1609 2226 1798 2281 quem-

201 2305 490 2368 admodum
516 2306 833 2376 intelligitis,
864 2306 935 2360 ita
961 2303 1272 2359 exclatnatis
1291 2301 1357 2356 ad
1389 2300 1607 2357 verbum
1634 2317 1648 2365 ;
1684 2317 1788 2354 non

201 2404 388 2473 utique
438 2399 838 2464 acclamaretis,
889 2396 988 2450 nisi
1035 2395 1416 2464 intelliget-etis.
1489 2389 1794 2447 intellectus

199 2497 306 2550 iste
335 2501 509 2549 vester
530 2492 832 2546 fructuosus
860 2503 982 2543 esse
1021 2485 1198 2542 debet.
1236 2485 1424 2541 Utrum
1461 2497 1640 2538 autem
1685 2484 1794 2537 irit-

199 2601 425 2645 ctuosus
455 2587 544 2649 sit,
575 2582 797 2638 tentatio
846 2581 1177 2649 interrogat;
1207 2594 1273 2632 ne
1307 2578 1482 2630 subito
1509 2594 1628 2629 eum
1660 2578 1795 2629 «Νι-ἰ-

201 2678 335 2736 tnini
377 2675 542 2732 nostri
569 2716 584 2737 ,
617 2690 710 2743 per
752 2669 1102 2728 tentationetn
1150 2668 1492 2724 inveniamini
1520 2669 1675 2722 alieni
1697 2709 1712 2732 ,
1741 2679 1794 2722 et

200 2775 432 2833 dicatur,
469 2768 630 2822 Alieni
655 2768 1037 2820 insurrexerunt
1057 2763 1324 2816 adversum
1352 2779 1430 2813 me
1454 2802 1468 2824 ,
1495 2772 1543 2814 et
1567 2771 1792 2829 potentes

199 2864 509 2936 qua'sicrunt
555 2860 778 2912 anintam
803 2871 1085 2919 meam;ne
1114 2853 1479 2922 dicaturqnod
1519 2853 1790 2921 sequitur,

205 2953 327 3012 Non
347 2959 712 3025 proposuerunt
733 2946 894 3001 Deum
916 2955 1032 2999 ante
1051 2953 1369 3014 conspectuin
1383 2959 1550 2997 suum.
1570 2943 1794 3012 Quando

204 3049 348 3103 enim
381 3053 539 3113 ponet
557 3051 680 3096 ante
698 3049 1043 3109 conspectum
1067 3055 1219 3092 suum
1257 3040 1419 3092 Deum
1444 3079 1456 3099 ,
1491 3047 1614 3091 ante
1639 3037 1789 3106 cujus

203 3147 549 3209 conspectum
573 3151 678 3189 non
703 3143 785 3189 est
811 3133 911 3187 nisi
935 3132 1232 3187 szeenlutn?
1259 3131 1525 3200 quomodo
1545 3132 1612 3184 sit
1638 3149 1795 3186 nutu-

204 3248 327 3288 ntns
374 3245 532 3298 super
579 3242 893 3290 nummum,
922 3219 1194 3295 quomodo
1234 3233 1527 3294 augeantur
1559 3238 1750 3294 greges
1772 3263 1788 3289 ,

201 3322 473 3396 quomodo
520 3317 840 3390 impleantur
880 3317 1195 3386 apotltectn,
1249 3315 1519 3384 quomodo
1581 3315 1792 3370 dicatur

199 3415 397 3470 anima:
425 3430 438 3464 :
467 3410 644 3466 [labes
683 3409 846 3464 multa
878 3408 1012 3462 bona
1035 3423 1050 3470 ς
1077 3406 1373 3475 jncundare
1397 3447 1411 3472 ,
1434 3407 1672 3478 epulare,
1705 3421 1794 3461 sa-

202 3509 357 3564 tiare.
404 3501 667 3574 Numquid
715 3502 863 3573 ponit
904 3513 1030 3555 ante
1059 3509 1404 3569 conspectum
1451 3514 1605 3553 suum
1636 3499 1788 3555 illum

201 3598 290 3668 qui
320 3597 400 3652 sic
419 3593 671 3666 glorianti
696 3600 753 3648 et
782 3591 851 3646 ita
884 3591 1014 3645 ﬂore
1037 3589 1377 3659 Ziphteorn‘nt
1401 3589 1589 3644 nitenti
1611 3589 1740 3644 dicit
1769 3606 1786 3643 :

200 3691 406 3753 Stulte,
455 3686 558 3742 hoc
582 3693 664 3740 est
711 3678 815 3740 non
853 3683 1191 3752 intelligens.
1223 3683 1306 3736 vir
1328 3682 1660 3750 imprudens,
1693 3684 1789 3737 hac

197 3793 347 3836 nocte
368 3782 627 3850 auferetur
662 3777 833 3830 anima
874 3786 997 3838 tua;
1029 3777 1135 3828 ltwc
1164 3775 1334 3828 omnia
1373 3791 1485 3844 qua:
1521 3793 1788 3846 praepara.

117 3937 130 3941 ﬁ
194 3872 263 3926 sti
291 3872 439 3942 cujus
468 3878 608 3923 erunt
634 3867 783 3940 (Luc.
812 3883 905 3931 xu,
931 3866 1058 3937 20)?
1085 3863 1206 3919 Non
1229 3876 1596 3937 proposuerunt
1625 3865 1788 3921 Deum

195 3973 317 4018 ante
338 3972 660 4032 conspectum
688 3977 859 4016 suum.

268 4053 326 4107 8.
354 4050 506 4125 [ινα-ε.
532 4050 610 4124 6.]
640 4050 766 4105 Ecce
788 4051 919 4105 enim
943 4049 1078 4104 Deus
1097 4051 1304 4119 adjuvat
1325 4067 1422 4104 me.
1458 4049 1524 4105 Et
1553 4053 1650 4120 ipsi
1689 4069 1786 4108 ne-

195 4147 375 4200 sciunt
421 4143 559 4198 inter
601 4157 736 4212 quos
781 4143 937 4196 lateo.
987 4142 1042 4196 Si
1086 4152 1265 4195 autem
1305 4153 1360 4197 et
1387 4143 1485 4213 ipsi
1524 4155 1787 4212 ponerent

199 4235 368 4290 Deum
413 4244 536 4288 ante
576 4243 921 4302 conspectum
963 4247 1156 4297 suum,
1187 4233 1486 4288 invenirent
1528 4237 1785 4305 quemad-

192 4328 416 4383 modum
457 4341 544 4381 me
580 4325 793 4395 adjuvat
825 4326 981 4379 Dens.
1027 4325 1226 4380 Omnes
1264 4327 1406 4380 cnitn
1430 4328 1597 4381 sancti
1629 4328 1784 4398 adju-

193 4427 392 4473 vantur
417 4433 446 4470 a
476 4413 617 4480 Deo,
647 4416 740 4471 sed
787 4417 929 4471 intus
971 4416 1059 4470 ubi
1104 4432 1263 4472 nemo
1306 4418 1469 4472 videt.
1505 4418 1787 4485 Quomodo

192 4507 339 4564 enim
364 4523 553 4576 magna
580 4515 665 4562 est
693 4521 850 4576 poena
877 4507 1156 4576 impiorum
1185 4509 1532 4575 conscientia,
1561 4512 1638 4565 sic
1669 4528 1784 4564 nta-

189 4615 357 4670 gnum
382 4597 632 4669 gaudium
664 4599 870 4668 piorum
911 4598 1022 4668 ipsa
1052 4599 1402 4655 conscientia.
1438 4601 1577 4656 Nam
1620 4602 1787 4674 gloria

192 4701 370 4745 nostra
396 4689 506 4746 lucc
524 4698 619 4755 est,
644 4690 720 4745 ait
748 4689 1036 4758 Apostolus
1052 4731 1068 4755 ,
1099 4691 1435 4745 testimonium
1469 4695 1789 4748 conscientia!

189 4793 385 4838 nostris
415 4781 479 4853 (ll
504 4781 623 4837 Cor.
656 4798 696 4848 t,
729 4781 838 4851 l2).
866 4783 919 4836 ln
950 4783 1049 4837 hac
1077 4784 1450 4854 gloriaturiste
1485 4787 1647 4852 intus,
1678 4804 1784 4841 non

189 4876 246 4932 in
280 4875 413 4930 ﬂore
439 4871 780 4946 Ziphteorum
825 4875 990 4942 foris,
1015 4879 1106 4946 qui
1143 4877 1302 4930 modo
1338 4879 1455 4932 ait:
1490 4878 1623 4934 Ecce
1653 4881 1786 4934 enim

187 4962 337 5022 Deus
356 4961 567 5036 adjuvat
603 4981 702 5020 me.
744 4964 971 5022 Prorsus
1014 4969 1257 5037 quamvis
1298 4969 1454 5039 longe
1482 4969 1654 5026 futura
1679 4971 1788 5026 sint

185 5073 314 5128 qua:
345 5053 624 5127 promittit,
648 5056 809 5112 hodie
834 5058 962 5112 mihi
990 5058 1146 5114 dulce
1169 5068 1225 5113 et
1258 5074 1495 5128 praesens
1524 5070 1606 5115 est
1627 5062 1785 5130 adju-

188 5150 388 5206 torinm
417 5190 432 5213 ,
464 5145 623 5204 hodie
644 5148 697 5204 in
717 5148 894 5204 cordis
920 5149 1023 5204 mei
1044 5148 1238 5221 gaudio
1269 5151 1482 5206 invenio
1517 5154 1638 5223 quia
1669 5154 1786 5208 sine

183 5260 350 5300 causa
390 5242 576 5298 dicunt
613 5243 869 5314 quidam:
906 5245 1033 5312 Quis
1059 5246 1278 5298 ostendit
1316 5247 1456 5300 nobis
1501 5248 1668 5300 bona?
1699 5248 1787 5301 Si-

183 5345 402 5408 gnatum
426 5345 500 5389 est
539 5328 684 5390 enim
709 5351 862 5405 super
899 5353 989 5390 nos
1021 5339 1189 5412 (unum
1220 5337 1385 5392 vultus
1412 5339 1512 5400 tui:
1529 5339 1784 5402 Domine;

182 5427 376 5484 dedisti
379 5428 758 5500 jucunditatem
773 5430 824 5483 in
841 5446 930 5483 cor
955 5447 1121 5484 meum
1149 5425 1319 5500 (Psat.
1352 5447 1422 5496 tv,
1453 5432 1506 5493 6,
1535 5433 1592 5501 7)
1627 5450 1637 5484 :
1672 5449 1777 5486 non

180 5520 239 5577 in
273 5507 486 5574 vineam
515 5534 711 5582 meam,
742 5535 846 5573 non
876 5520 928 5573 in
959 5536 1176 5591 gregem
1207 5537 1404 5581 meum,
1436 5538 1538 5576 non
1570 5524 1619 5575 in
1649 5538 1780 5590 cup-

182 5623 314 5680 pani
340 5625 539 5676 meam,
565 5625 670 5664 non
699 5608 750 5664 in
782 5625 1019 5665 mensam
1049 5627 1242 5675 meam,
1272 5613 1366 5666 sed
1408 5615 1458 5666 in
1487 5629 1573 5666 cor
1593 5629 1780 5665 meum.

187 5701 325 5758 Ecce
365 5702 500 5755 enim
541 5701 677 5756 Deus
713 5704 920 5772 adjuvat
963 5721 1058 5758 me.
1099 5703 1379 5771 Quomodo
1424 5714 1473 5760 te
1527 5706 1781 5775 adjuvat?

188 5793 260 5850 Et
290 5793 544 5848 Dominus
569 5804 825 5862 susceptor
846 5806 918 5849 est
948 5795 1132 5849 unione
1164 5812 1303 5850 mete.

250 5909 265 5941 ⁸
306 5914 382 5956 fx.
411 5915 464 5957 et
486 5906 670 5968 aliquot
694 5915 821 5964 Mss,
845 5909 1132 5969 episcopium

1329 431 1726 490 l‘LNAﬂtlATlO
1766 431 1831 488 IN
1871 432 2198 495 ιιδΑιιιωι
2237 446 2371 497 thl.

3402 466 3507 524 6‘26

1994 553 2046 606 9.
2080 553 2228 610 iners.
2259 558 2336 632 7.]
2369 561 2543 616 Averte
2569 566 2702 618 mala
2724 567 2936 624 inimicis
2966 577 3102 629 mets.
3134 575 3221 632 Sic
3237 581 3512 650 quomodo

1917 645 2094 702 virent
2115 690 2127 710 .
2160 651 2239 704 sic
2279 654 2548 722 quomodo
2575 655 2797 721 ﬂorent,
2833 661 2936 730 igni
2975 645 3277 723 servantur:
3307 671 3373 726 In
3403 692 3505 727 vir-

1916 745 2020 792 tute
2040 751 2126 793 tua
2151 743 2387 810 disperde
2429 735 2564 800 illos.
2600 747 2727 802 Puta
2772 753 2892 818 quia
2933 753 3124 812 ﬂorent
3161 761 3342 823 modo,
3377 776 3504 832 puta

1914 833 2035 900 quia
2064 835 2378 890 esuriuutur
2403 838 2540 891 sicut
2573 839 2751 894 fenum
2785 859 2798 893 :
2830 852 2883 896 tu
2909 845 3018 901 noli
3049 864 3169 904 esse
3202 853 3500 922 virlmpnr

1914 919 2047 976 deus
2066 933 2120 976 et
2148 926 2358 990 stultus,
2391 938 2447 982 ut
2475 929 2589 984 hsnc
2620 935 2944 989 attendendo
2972 939 3202 996 intereas
3247 944 3298 997 in
3328 919 3502 1000 salcu-

1913 1012 2024 1069 lum
2053 1019 2228 1071 saeculi
2253 1019 2425 1086 (Psal.
2451 1038 2557 1085 χοι,
2583 1025 2633 1088 7,
2665 1026 2740 1096 8).
2773 1028 2955 1083 Averle
2976 1032 3118 1086 cnhn
3159 1035 3294 1089 mola
3323 1036 3496 1091 inimi-

1913 1107 1985 1160 cis
2015 1107 2156 1162 meis.
2189 1107 2320 1163 Nam
2351 1112 2396 1165 si
2424 1121 2480 1168 tu
2510 1113 2672 1171 fueris
2713 1119 2764 1171 in
2795 1134 3020 1188 corpore
3047 1124 3210 1192 ipsius
3239 1126 3423 1194 David,
3450 1129 3504 1185 in

1913 1199 2107 1254 virtute
2146 1218 2239 1255 sua
2271 1203 2541 1276 dispertlet
2589 1209 2732 1264 illos.
2769 1209 2854 1265 Isti
2899 1213 3092 1269 ﬂorent
3119 1199 3372 1275 felicitate
3400 1239 3498 1275 ste—

1911 1291 2044 1354 culi,
2074 1304 2295 1362 pereunt
2337 1296 2389 1350 in
2435 1300 2631 1355 virtute
2658 1301 2774 1357 Dei.
2810 1304 2925 1358 Non
2959 1310 3230 1377 quomodo
3271 1311 3486 1367 ﬂorent.

1911 1386 1989 1440 sic
2047 1398 2313 1454 pereunt:
2353 1391 2543 1448 ﬂorent
2576 1396 2718 1450 enim
2773 1399 2838 1452 ad
2894 1409 3123 1470 tempus,
3178 1415 3399 1472 pereunt
3443 1407 3496 1462 in

1910 1486 2168 1532 aeternum
2198 1499 2211 1544 ;
2247 1481 2437 1538 ﬂorent
2466 1486 2611 1540 falsis
2634 1488 2806 1554 bonis,
2835 1502 3062 1561 pereunt
3092 1497 3232 1550 veris
3263 1506 3493 1554 tormen-

1913 1569 1998 1622 tis.
2031 1569 2094 1623 In
2114 1573 2297 1628 virtute
2335 1585 2422 1628 tua
2461 1577 2699 1647 disperde
2732 1581 2848 1634 illos
2876 1598 2896 1637 :
2924 1593 3060 1654 quos
3102 1585 3153 1639 in
3183 1587 3492 1645 infirmitate

1911 1673 1998 1718 tua
2030 1665 2285 1720 tolerasti.

1983 1749 2066 1811 l0.
2144 1754 2294 1828 [vers.
2346 1759 2434 1832 8.]
2513 1757 2808 1819 Voluntarie
2843 1768 3140 1835 sacriﬁcabo
3181 1770 3290 1825 tibi.
3356 1773 3488 1839 Quis

1909 1845 2011 1902 hoc
2058 1846 2257 1902 bonum
2325 1851 2505 1905 cordis
2553 1853 2634 1906 vel
2689 1853 2738 1909 iu
2763 1855 2990 1926 clligere
3031 1868 3204 1927 potest
3247 1861 3355 1916 alio
3404 1862 3492 1918 di-

1906 1947 2100 2004 cente,
2172 1940 2214 1994 si
2267 1954 2370 1996 non
2434 1942 2486 1995 in
2549 1958 2607 1998 se
2679 1946 2794 2013 ipso
2865 1949 3128 2016 gustarit?
3193 1950 3331 2020 Quid
3377 1962 3490 2021 est,

1917 2027 2213 2083 Voluntarie
2255 2033 2555 2098 sacriﬁcabo
2621 2034 2748 2088 tibi?
2815 2035 3001 2092 Dicam
3040 2046 3249 2106 tamen;
3315 2042 3488 2112 capiat

1905 2122 1994 2190 qtti
2041 2130 2254 2192 potest,
2296 2127 2566 2196 quomodo
2605 2134 2826 2194 potest:
2875 2130 3058 2185 credat
3106 2133 3195 2200 qui
3247 2150 3350 2186 non
3407 2150 3499 2202 po-

1907 2222 2030 2282 test,
2072 2221 2125 2268 et
2163 2223 2278 2281 oret
2334 2227 2388 2268 ιιι
2447 2218 2630 2285 possit.
2661 2218 2925 2288 Numquid
2964 2231 3139 2275 tamen
3188 2223 3345 2279 istum
3373 2243 3493 2280 ver-

1905 2319 2021 2360 smn
2043 2308 2120 2378 ita
2151 2309 2424 2376 praeterire
2450 2309 2728 2375 debemus,
2768 2321 2825 2366 ιιι
2855 2329 2977 2368 enm
3022 2315 3172 2369 vobis
3203 2333 3307 2373 non
3346 2334 3496 2372 com-

1905 2381 2715 2466 mendemus!Dico'Cltaritati
2756 2403 2978 2462 Vestne.
3019 2405 3203 2460 invitat
3234 2423 3320 2462 me
3365 2411 3496 2465 satis

1903 2507 2055 2543 antur
2087 2491 2252 2559 ipsius
2282 2494 2476 2562 aliquid
2510 2494 2575 2547 de
2602 2493 2691 2549 illo
2728 2495 2905 2562 loqui:
2949 2506 3002 2550 et
3028 2499 3225 2564 gratias
3254 2515 3354 2568 ago
3381 2499 3496 2554 Deo

1904 2586 2043 2653 quod
2078 2587 2279 2640 intente
2307 2587 2523 2641 auditis.
2553 2585 2607 2642 Si
2636 2598 2813 2643 autem
2831 2603 2927 2641 vos
2958 2587 3285 2645 {astitlicntes
3310 2593 3496 2647 audire

1904 2677 2290 2744 conspicerem,
2323 2678 2517 2732 invitus
2543 2678 2611 2733 ab
2643 2679 2744 2733 hoc
2771 2695 2925 2734 verso
2953 2681 3203 2747 silerem;
3233 2692 3286 2737 et
3315 2695 3493 2738 tamen

1905 2766 1954 2819 in
1986 2767 2144 2820 corde
2186 2784 2326 2830 meo,
2356 2779 2610 2839 quantum
2654 2769 2908 2824 Dominus
2937 2771 3250 2841 dignaretur
3291 2791 3489 2828 conre-

1903 2857 2053 2919 dere,
2076 2874 2180 2912 non
2199 2859 2432 2913 silerem.
2458 2859 2648 2914 Veniat
2665 2877 2790 2932 ergo
2809 2863 2859 2915 in
2883 2863 3113 2933 linguam
3136 2865 3275 2933 quod
3330 2869 3493 2921 corde

1902 2957 2221 3018 conceptum
2248 2959 2329 3005 est
2353 2967 2369 3017 ;
2399 2962 2671 3021 promatur
2691 2970 2821 3007 voce
2845 2954 2984 3022 quod
3011 2956 3188 3009 incute
3216 2969 3490 3013 servatur:

1902 3040 2144 3094 dicamus
2174 3049 2231 3094 nt
2258 3057 2562 3111 possumus,
2590 3044 2714 3112 quid
2743 3045 2834 3111 sit,
2876 3044 3171 3100 Voluntarie
3193 3049 3493 3117 sacriﬁcabo

1903 3131 2010 3184 tibi.
2043 3131 2195 3198 Quod
2222 3132 2362 3186 enim
2388 3132 2706 3187 sacriﬁcium
2739 3134 2826 3187 hic
2845 3135 3122 3204 accipiam,
3148 3137 3377 3193 fratres?
3401 3150 3494 3193 aut

1901 3223 2025 3292 quid
2055 3224 2214 3294 digne
2255 3223 2476 3279 olTeram
2524 3225 2753 3280 Domino
2791 3242 2888 3295 pro
2935 3227 3297 3283 misericordia
3339 3230 3494 3298 ejus?

1902 3315 2158 3371 \‘ictimas
2195 3332 2434 3387 quaeram
2463 3309 2529 3372 de
2569 3331 2730 3388 grege
2756 3320 2957 3384 ovium,
3003 3323 3225 3374 arietem
3274 3323 3490 3391 eligam.

1903 3416 2112 3462 taurum
2141 3407 2370 3478 aliquem
2406 3408 2463 3463 in
2507 3410 2764 3463 armentis
2789 3411 3129 3479 prospiciam,
3163 3411 3315 3466 thura
3345 3423 3492 3468 certe

1902 3498 1970 3554 de
2003 3511 2143 3570 terra
2185 3499 2494 3555 Sabaeorum
2524 3500 2785 3556 aﬂ'eram?
2811 3501 2947 3569 Quid
2982 3501 3213 3556 faciam?
3249 3503 3384 3572 Quid
3411 3504 3492 3559 oi-

1898 3591 2093 3655 l'eram,
2123 3592 2225 3646 nisi
2251 3592 2394 3663 quod
2435 3595 2530 3656 ait,
2579 3593 2906 3662 Sacriﬁcium
2938 3595 3105 3650 laudis
3135 3595 3490 3665 Itonoriﬁcabit

1899 3700 1979 3737 me
2007 3682 2182 3752 (Psal.
2230 3700 2373 3746 xm,
2402 3683 2534 3753 25)?
2577 3685 2752 3752 Quare
2795 3702 2945 3755 ergo,
2991 3687 3315 3743 voluntarie?
3357 3689 3490 3756 Quia

1898 3776 2066 3846 gratis
2091 3791 2212 3828 amo
2243 3775 2381 3844 quod
2409 3775 2584 3828 laudo.
2611 3775 2791 3830 Laudo
2819 3778 3009 3843 Deum,
3036 3788 3090 3833 et
3116 3778 3169 3832 in
3201 3779 3311 3848 ipsa
3337 3781 3491 3834 laude

1899 3868 2110 3937 gaudeo
2147 3884 2160 3920 :
2191 3868 2356 3937 ipsius
2396 3867 2550 3920 laude
2579 3867 2804 3936 gaudeo,
2844 3885 2951 3938 quo
2981 3869 3191 3923 laudato
3219 3856 3334 3924 non.
3369 3888 3489 3924 cru-

1898 3958 2081 4014 besco.
2114 3958 2229 4013 Non
2273 3958 2415 4012 enim
2442 3957 2887 4027 quemadmodum
2919 3959 3160 4013 laudatur
3186 3962 3252 4014 ab
3281 3961 3489 4014 studio-

1899 4050 1974 4104 sis
1994 4050 2370 4104 theatricarnm
2399 4064 2656 4117 nugarum
2683 4048 2770 4103 vel
2797 4051 2999 4118 auriga,
3030 4051 3111 4104 vel
3137 4061 3379 4113 venator,
3403 4051 3488 4105 vel

1899 4125 2123 4210 quilibet
2154 4141 2361 4205 histrio,
2393 4150 2446 4195 et
2476 4157 2504 4193 a
2539 4140 2904 4195 laudatoribus
2933 4143 3042 4196 suis
3074 4142 3363 4197 invitantur
3397 4144 3486 4196 alii

1898 4234 2222 4299 laudatores,
2269 4232 2620 4288 exhortantur
2649 4243 2704 4287 ut
2736 4235 2931 4302 pariter
2968 4232 3237 4298 clament;
3276 4247 3329 4289 et
3365 4253 3486 4290 cu-n

1898 4345 2085 4384 omnes
2112 4331 2479 4397 clamaverint,
2524 4331 2837 4402 plerumque
2864 4333 2953 4387 illo
2975 4335 3114 4387 victo
3144 4349 3331 4387 omnes
3359 4350 3486 4386 ern-

1899 4422 2162 4477 bcscnut:
2195 4440 2298 4478 non
2343 4423 2412 4478 ita
2454 4432 2538 4479 est
2580 4423 2722 4478 Deus
2771 4435 2982 4491 noster;
3031 4427 3273 4480 laudetur
3300 4427 3486 4480 volnu-

1900 4524 2029 4581 tate,
2058 4523 2268 4570 ametur
2310 4513 2606 4581 charitate;
2649 4519 2939 4587 gratuitum
2982 4519 3051 4572 sit
3077 4519 3220 4588 quod
3257 4528 3486 4584 amatur,

1895 4617 1950 4661 et
1977 4607 2115 4675 quod
2155 4607 2417 4661 laudatur.
2464 4606 2600 4673 Quid
2642 4618 2726 4662 est
2767 4610 3093 4677 gratuitum?
3126 4609 3239 4678 Ipse
3274 4619 3490 4678 propter

1898 4714 1976 4756 se.
2012 4717 2114 4752 non
2155 4709 2369 4768 propter
2397 4698 2558 4753 aliud.
2610 4699 2664 4754 Si
2710 4702 2851 4753 enim
2886 4701 3069 4754 laudas
3103 4704 3268 4754 Deum
3303 4713 3356 4754 ut
3397 4702 3487 4754 det

1899 4790 1993 4842 tibi
2026 4785 2228 4859 aliquid
2263 4788 2427 4853 aliud,
2454 4784 2564 4857 jam
2608 4805 2712 4843 non
2743 4789 2910 4860 gratis
2958 4806 3106 4843 antas
3137 4791 3322 4843 Deum.
3357 4791 3484 4843 Ern-

1898 4883 2147 4938 besceres
2191 4882 2234 4936 si
2264 4891 2316 4938 te
2355 4899 2490 4936 uxor
2523 4894 2608 4937 tua
2656 4892 2873 4952 propter
2907 4883 3119 4936 divitias
3165 4893 3402 4947 amaret;
3434 4893 3490 4936 et

1896 4972 2036 5029 forte
2067 4975 2110 5028 si
2144 4973 2234 5028 tibi
2264 4985 2550 5044 paupertas
2589 4973 2876 5038 accideret,
2906 4974 2971 5026 de
2995 4974 3260 5027 adulterio
3284 4973 3486 5042 cogita—

1897 5077 1995 5122 ret.
2046 5068 2176 5120 Cum
2222 5083 2351 5136 ergo
2382 5076 2433 5120 te
2475 5081 2504 5120 ιι
2554 5067 2780 5134 conjuge
2825 5067 2989 5134 gratis
3029 5066 3195 5118 amari
3231 5065 3377 5125 velis,
3431 5075 3486 5117 tu

1885 5157 2064 5214 Deum
2097 5169 2315 5228 propter
2351 5158 2494 5212 aliud
2537 5158 2784 5212 amabis?
2827 5156 2975 5224 Quod
3013 5159 3285 5227 pru'ttlittttt
3332 5168 3488 5210 aece-
3561 5198 3565 5203 .

1899 5261 2083 5320 pturus
2112 5267 2170 5305 es
2209 5266 2238 5303 a
2273 5250 2405 5312 Deo,
2435 5266 2470 5302 o
2495 5251 2693 5302 avare?
2736 5249 2848 5303 Non
2879 5250 2970 5303 tibi
3005 5262 3221 5310 terram.
3255 5249 3349 5302 sed
3402 5264 3489 5302 sc-

1898 5347 2070 5414 ipsum
2110 5353 2286 5398 servat
2327 5346 2415 5413 qui
2444 5341 2783 5399 fecitctnlnm
2828 5351 2879 5397 ct
2918 5353 3135 5396 terram.
3190 5342 3488 5394 l’otuntarie

1896 5438 2193 5506 sacriﬁcabo
2220 5436 2307 5490 tibi
2336 5452 2355 5489 :
2385 5436 2495 5491 noli
2535 5452 2600 5490 ex
2645 5437 2981 5491 necessitate.
3012 5429 3067 5490 Si
3097 5436 3238 5489 enim
3271 5443 3488 5502 propter

1895 5529 2036 5583 aliud
2062 5528 2246 5582 laudas
2280 5529 2465 5592 Deum,
2497 5542 2562 5582 ex
2597 5528 2920 5582 necessitate
2952 5526 3154 5580 laudas.
3187 5525 3239 5580 Si
3274 5525 3491 5578 adesset

1899 5619 1992 5673 libi
2033 5617 2177 5689 quod
2208 5603 2378 5683 amas,
2412 5633 2516 5672 non
2546 5618 2792 5672 laudares
2841 5619 3026 5670 Dctttn.
3067 5617 3194 5671 Vide
3224 5616 3346 5687 quid
3401 5615 3487 5668 di-

1897 5729 2013 5767 cam
2047 5732 2059 5764 :
2093 5709 2275 5765 laudas
2305 5712 2492 5775 Deum,
2524 5711 2668 5765 verbi
2713 5711 2902 5781 gratia,
2935 5720 2990 5763 ut
3019 5711 3108 5764 tibi
3140 5711 3222 5764 det
3258 5710 3491 5778 amplam

1902 5805 2212 5875 pecuniam;
2245 5804 2288 5856 si
2313 5803 2538 5856 haberes
2559 5802 2772 5856 aliunde
2791 5802 3022 5869 amplam
3053 5803 3354 5870 pecuniam,
3385 5816 3491 5852 non

1905 5914 1933 5952 a
1964 5897 2094 5961 Deo,
2124 5894 2375 5964 numquid
2401 5893 2644 5966 laudares
2678 5895 2884 5947 Deum?
2912 5894 2966 5948 Si
2999 5909 3126 5962 ergo
3156 5905 3370 5960 propter
3405 5907 3490 5960 pc-
