3968 6328
499 393 604 448 69⁸7

498 507 715 565 ennium
753 506 940 570 laudas
969 508 1157 571 Deum,
1197 520 1302 560 non
1337 504 1633 559 voluntarie
1664 502 1935 563 sacriﬁcas
1965 506 2091 563 Dm,

497 601 591 656 scd
611 616 675 654 ex
705 601 1025 655 necessitate
1048 598 1354 655 sacrificas:
1382 600 1504 670 quia
1531 599 1892 669 prteterillnm
1918 612 2101 651 lleSt'IO

497 690 624 761 quid
656 690 800 746 aliud
828 706 1000 746 amas.
1029 691 1157 746 Inde
1194 691 1396 745 dictum
1424 701 1527 757 est,
1579 689 1878 744 Voluntarie
1902 691 2103 756 sacriﬁ-

500 786 633 842 eabo
657 785 764 839 tibi.
808 786 1110 841 Contemne
1161 787 1361 846 omnia,
1391 785 1564 854 ipsum
1607 773 1843 840 attende.
1891 784 1958 838 Et
1988 784 2103 837 h:ec

503 892 623 946 que
653 875 820 940 dedit,
850 886 1069 945 propter
1096 876 1311 930 dantem
1338 877 1472 930 bona
1499 885 1642 930 sunt.
1672 874 1806 930 Nam
1837 875 1928 929 dat
1954 890 2104 944 pror-

505 981 620 1029 sus,
643 965 736 1020 dat
765 967 866 1020 ista
899 965 1247 1036 temporalia;
1296 975 1350 1021 et
1375 965 1693 1035 quibusdam
1725 965 1867 1020 bono
1892 980 2102 1028 eorum,

506 1056 827 1127 quibusdam
872 1057 1020 1111 malo
1058 1073 1267 1120 eorum,
1315 1058 1610 1112 secundum
1662 1058 2006 1117 altitudinem
2054 1067 2109 1113 et

508 1145 924 1214 profunditatem
949 1148 1279 1218 judiciorum‘
1319 1161 1562 1204 Suorum.
1604 1147 1661 1202 In
1699 1163 1931 1218 quorum
1958 1148 2106 1217 judi-

503 1237 711 1292 ciorum
747 1239 943 1311 abysso
970 1239 1186 1309 expavit
1211 1241 1503 1308 Apostolus
1534 1240 1720 1295 dicens
1753 1259 1770 1295 :
1804 1241 1854 1294 0
1888 1240 2107 1297 altitudo

507 1328 796 1382 diuitiarum
818 1330 1081 1399 sapientia:
1105 1341 1151 1384 et
1176 1332 1399 1384 scientite
1425 1329 1540 1395 Dei,
1570 1347 1724 1403 quam
1752 1331 2110 1384 inscrutabilia

504 1427 620 1471 sunt
628 1417 833 1490 judicia
859 1421 988 1489 ejus,
1019 1430 1065 1476 et
1087 1419 1457 1492 investigabiles
1487 1422 1582 1476 via:
1603 1422 1765 1491 ipsius
1783 1422 1804 1475 .'
1824 1423 1952 1489 Quis
1977 1424 2110 1476 enim

501 1505 824 1580 iwestigabit
864 1513 977 1564 vias
1014 1513 1146 1581 ejus,
1190 1523 1281 1566 aut
1322 1514 1436 1585 quis
1478 1515 1867 1585 comprehendet
1895 1516 2111 1570 consilia

503 1601 614 1665 eius
645 1599 824 1669 (Rom.
856 1618 935 1666 XI,
966 1604 1056 1668 33,
1085 1603 1221 1672 34)?
1267 1603 1424 1658 Novit
1467 1605 1684 1673 quando
1711 1603 1820 1669 det,
1862 1607 1947 1658 cui
1979 1605 2106 1670 det;

507 1692 724 1760 quando
748 1692 977 1758 auferat,
1019 1705 1074 1747 et
1099 1695 1183 1750 cui
1216 1695 1444 1748 auferat.
1479 1695 1609 1752 Pete
1655 1706 1710 1750 tu
1738 1698 1792 1752 in
1839 1698 1942 1752 hoc
1973 1711 2108 1752 tem-

505 1797 636 1854 pore
667 1785 808 1854 quod
853 1786 946 1840 tibi
989 1787 1158 1855 prosit
1196 1786 1248 1841 in
1281 1797 1577 1857 posterum,
1610 1799 1733 1860 pete
1759 1790 1900 1860 quod
1933 1800 1987 1846 te
2011 1793 2110 1845 ad-

500 1873 653 1942 juvet
694 1875 746 1928 in
788 1884 1070 1930 aeternum.
1107 1877 1284 1944 Ipsum
1331 1888 1510 1932 autem
1543 1876 1710 1948 gratis
1750 1879 1912 1952 dilige
1943 1901 1956 1936 :
1985 1884 2108 1952 quia

506 1967 701 2022 melius
735 1968 804 2022 ab
835 1992 903 2032 eo
944 1993 1048 2031 non
1088 1971 1298 2030 invenis
1330 1971 1472 2042 quod
1511 1975 1601 2030 det
1637 1989 1803 2046 quam
1841 1977 2106 2045 seipsum;

504 2078 597 2122 aut
618 2070 662 2121 si
696 2068 906 2122 invenis
931 2067 1144 2131 melius,
1170 2066 1273 2121 hoc
1302 2075 1446 2134 pete.
1479 2064 1784 2120 Volantarie
1808 2067 2110 2136 sacriﬁcabo

487 2159 611 2213 ~tibi.
636 2157 814 2228 Quare
838 2157 1162 2217 voluntarie?
1190 2156 1328 2223 Quia
1352 2157 1536 2226 gratis.
1574 2156 1718 2222 Qttid
1763 2166 1870 2218 est,
1896 2157 2111 2228 gratis?

504 2248 572 2302 Iit
597 2247 876 2319 conﬁtebor
893 2247 1088 2302 nomini
1118 2258 1224 2313 tuo,
1249 2246 1488 2313 Domine,
1519 2247 1977 2319 quoniambonum
2000 2260 2071 2303 est
2090 2265 2111 2305 :

501 2339 573 2395 ob
612 2340 743 2394 nihil
797 2339 966 2404 aliud,
1006 2339 1258 2410 nisi'quia
1305 2337 1507 2393 bonum
1551 2347 1654 2393 est.
1688 2335 1954 2408 Numquid
1991 2340 2105 2395 ait:

502 2429 808 2486 Conlitebor
837 2430 1042 2484 nomini
1088 2439 1202 2495 tuo,
1237 2429 1482 2496 Domine,
1520 2429 1643 2498 quia
1685 2427 1789 2483 das
1823 2427 1955 2483 mihi
1999 2427 2112 2485 fru-

503 2533 688 2577 ctuosa
730 2523 949 2592 prmdia,
993 2521 1117 2592 quia
1158 2521 1257 2575 das
1297 2520 1429 2575 mibi
1477 2536 1666 2575 aurum
1707 2531 1762 2577 et
1804 2531 2105 2592 argentum,

506 2614 631 2683 quia
661 2611 759 2668 das
808 2611 937 2666 mihi
967 2613 1103 2666 latas
1129 2607 1369 2676 divitias,
1400 2612 1635 2682 amplam
1676 2614 1984 2683 pecuniam,
2011 2629 2108 2669 ex-

499 2705 938 2761 cellentissimam
967 2703 1319 2774 dignitatem?
1341 2701 1482 2757 Non.
1514 2703 1620 2759 Sed
1653 2703 1819 2774 quid?
1849 2704 2105 2772 Quonim

498 2799 686 2853 bonum
710 2807 806 2852 est.
843 2782 1053 2852 Melius
1075 2793 1206 2849 nihil
1238 2793 1453 2848 invenio
1479 2809 1641 2864 quam
1682 2805 2060 2850 nomentuum
2088 2815 2104 2851 :

500 2891 622 2946 ideo
651 2888 925 2954 conﬁtebor
950 2886 1141 2941 nomini
1170 2895 1281 2952 tuo,
1314 2885 1550 2949 Domine,
1581 2885 1701 2948 quia
1726 2884 1910 2940 bonum
1930 2900 2026 2940 est.

572 2981 661 3035 ll.
704 2972 856 3051 [vers
884 2975 966 3050 9.]
1009 2958 1265 3045 Quoniam
1291 2992 1355 3030 ea:
1380 2975 1520 3029 omni
1555 2975 1883 3031 tribulatione
1900 2977 2102 3048 eripui-

500 3076 566 3130 sti
592 3090 691 3128 me.
719 3071 846 3128 ideo
883 3070 1124 3126 intellexi
1164 3069 1286 3140 quia
1318 3070 1517 3124 bonum
1555 3078 1642 3125 est
1681 3085 1877 3124 nomen
1906 3081 2052 3124 tuum
2086 3088 2101 3124 :

502 3183 624 3222 nam
646 3166 688 3221 si
714 3165 816 3220 hoc
845 3178 1056 3235 possem
1082 3164 1208 3218 ante
1228 3161 1605 3217 tribulationes
1629 3176 1942 3232 agnoscere,
1964 3161 2104 3219 forte

499 3258 630 3313 mihi
655 3257 971 3326 necessariae
1001 3269 1107 3310 non
1139 3253 1388 3309 fuissent.
1415 3251 1525 3309 Sed
1552 3250 1794 3308 adhibita
1819 3260 1905 3308 est
1933 3253 2106 3309 tribu-

500 3350 629 3405 latio
657 3350 725 3405 ad
751 3347 1197 3414 admonitionem,
1229 3345 1530 3401 admonitio
1555 3344 1696 3400 facta
1726 3353 1812 3401 est
1847 3344 1916 3400 ad
1957 3354 2102 3401 tuam

500 3439 885 3512 laudationem.
916 3437 1032 3493 Nor.
1063 3437 1208 3493 enim
1237 3436 1595 3507 intelligerem
1643 3435 1731 3491 ubi
1772 3449 1973 3502 essem,
2001 3437 2105 3492 nisi

500 3531 568 3586 de
610 3529 921 3585 inﬁrmitate
963 3543 1083 3585 mea
1121 3527 1438 3582 admonitus
1480 3541 1682 3583 essem.
1727 3527 1806 3582 Ex
1850 3527 2106 3584 omnibus

501 3640 632 3693 ergo
662 3619 1096 3679 tribulationibus
1137 3618 1388 3693 eripuisti
1428 3632 1536 3673 me.
1585 3617 1653 3672 Et
1681 3635 1835 3687 super
1873 3619 2106 3676 inimicos

503 3732 639 3769 meos
682 3713 903 3785 respexit
930 3711 1106 3766 oculus
1150 3727 1290 3765 meus
1316 3726 1337 3764 :
1365 3724 1530 3781 super
1557 3709 1679 3764 illos
1721 3708 1971 3780 Ziplneos
2010 3727 2104 3766 re-

503 3803 684 3877 spexit
719 3805 909 3860 oculus
951 3817 1127 3858 meus.
1160 3801 1380 3857 Florem
1421 3802 1619 3872 quippe
1666 3804 1883 3858 illorum
1916 3805 2105 3860 transii

504 3895 786 3951 altitudine
811 3894 1010 3961 cordis,
1042 3892 1108 3948 ad
1150 3901 1202 3948 te
1231 3892 1474 3963 perveni,
1511 3902 1566 3948 et
1601 3892 1728 3948 inde
1753 3893 1970 3963 reSpexi
2008 3909 2106 3949 su-

507 4005 603 4058 per
623 3988 765 4054 illos,
794 3996 851 4042 et
874 3986 981 4041 vidi
1009 3987 1132 4058 quia
1163 3984 1328 4039 omnis
1352 4001 1472 4038 caro
1501 3988 1698 4057 fenum,
1724 3995 1772 4038 et
1805 3986 1968 4040 omnis
1997 3989 2104 4040 cla-

504 4080 629 4133 ritas
644 4076 872 4132 “hominis
913 4076 1042 4131 sicut
1080 4075 1179 4147 ﬂos
1204 4076 1309 4147 [cui
1341 4071 1493 4148 (Isai.
1529 4091 1622 4142 XL,
1651 4073 1744 4148 6):
1791 4075 1929 4131 sicut
1965 4092 2104 4148 quo-

506 4169 632 4224 dam
665 4170 784 4223 loco
826 4168 956 4224 item
995 4167 1214 4230 dicitur,
1250 4163 1369 4219 Vidi
1411 4165 1624 4235 impium
1657 4163 2103 4236 superexaltari‘et

509 4260 698 4315 elevari
735 4262 863 4319 sicut
897 4260 1076 4315 cedros
1104 4258 1288 4313 Libani
1314 4275 1334 4313 :
1358 4259 1558 4326 transii,
1596 4270 1643 4314 et
1687 4276 1803 4314 ecce
1829 4278 1932 4316 non
1971 4273 2099 4316 erat.

502 4359 702 4424 Quare,
729 4372 832 4410 non
859 4365 965 4408 erat
983 4351 1458 4422 ?Quia_transisti?
1483 4352 1619 4421 Quid
1649 4362 1752 4417 est,
1779 4353 1902 4422 quia
1921 4364 2102 4410 trans-

503 4449 614 4504 isti.
662 4447 796 4516 Quia
825 4463 932 4502 non
961 4447 1078 4502 sine
1106 4460 1289 4510 causa,
1311 4447 1534 4500 Sursum
1556 4460 1671 4510 cor,
1696 4446 1949 4511 audisti‘,
1979 4449 2101 4518 quia

503 4555 609 4594 non
644 4540 695 4595 in
725 4549 864 4594 terra
896 4538 984 4594 ubi
1012 4548 1354 4609 putresceres
1384 4538 1713 4605 remansisti,
1745 4541 1866 4609 quia
1914 4539 2100 4595 levasti

500 4631 733 4699 animam
762 4638 907 4683 tuam
944 4629 1009 4683 ad
1043 4630 1230 4692 Deum,
1270 4637 1326 4683 et
1365 4629 1742 4685 transcendisti
1782 4631 1975 4686 cedrus
2008 4633 2099 4686 Li-

500 4721 648 4785 bani,
691 4730 746 4775 ct
782 4720 850 4774 de
899 4719 987 4795 illa
1035 4717 1355 4774 celsitudine
1409 4718 1796 4776 attendisti:et
1838 4738 1948 4776 ecce
1999 4740 2102 4785 non

499 4824 629 4873 erat,
659 4822 713 4867 et
740 4811 978 4882 quaesisti
1023 4826 1167 4872 eum,
1214 4820 1262 4864 et
1306 4827 1407 4864 non
1451 4820 1523 4864 est
1552 4811 1783 4867 inventus
1809 4813 1951 4868 locus
1991 4815 2102 4884 ejus

503 4901 886 4973 (Psal.xxxvt,
917 4901 1007 4965 '55,
1040 4901 1152 4971 '50).
1201 4899 1318 4955 Jam
1367 4901 1521 4954 labor
1566 4917 1672 4956 non
1713 4911 1798 4958 est
1841 4913 1965 4959 ante
2011 4915 2097 4968 te;

499 4995 622 5064 quia
666 4993 872 5046 intrasti
926 4992 976 5046 in
1024 4992 1389 5046 sanctuarium
1423 4993 1537 5054 Dei,
1589 5002 1644 5048 et
1685 4993 1999 5049 intellexisti
2047 4998 2098 5050 in

501 5085 791 5141 novissima
818 5083 994 5154 (Psal.
1028 5100 1193 5145 Lxxtt,
1227 5084 1313 5146 -16,
1351 5085 1459 5153 l7).
1504 5081 1592 5140 Sic
1638 5095 1693 5140 et
1742 5087 1829 5141 hic
1869 5089 1939 5142 ita
1971 5105 2101 5143 eon-

498 5177 702 5232 cludit:
737 5175 802 5229 Et
843 5193 994 5247 super
1022 5173 1252 5230 inimicos
1289 5191 1428 5229 meos
1469 5179 1689 5246 respexit
1718 5180 1895 5235 oculus
1935 5199 2096 5235 meas.

502 5269 615 5322 lloe
638 5268 780 5335 agite
815 5281 966 5334 ergo,
998 5265 1215 5331 fratres,
1248 5281 1371 5321 eum
1419 5269 1614 5323 animis
1645 5261 1836 5325 vestris
1862 5284 1874 5323 :
1905 5272 2097 5341 erigite

495 5360 658 5414 corda
705 5369 903 5425 vestra,
935 5358 1174 5426 expolite
1215 5360 1384 5414 aciem
1426 5363 1624 5416 mentis
1656 5375 1870 5429 vestrae,
1903 5365 2097 5421 discite

499 5452 667 5521 gratis
711 5450 937 5520 diligere
990 5451 1180 5515 Deum,
1231 5451 1423 5506 discite
1459 5468 1697 5522 prmsens
1743 5467 2095 5512 contemnere

496 5541 775 5608 ueniam,
811 5541 1002 5600 discite
1032 5541 1337 5597 voluntarie
1375 5545 1680 5600 sacriﬁcare
1710 5546 1942 5601 hosﬁam
1975 5550 2088 5602 lau-

494 5636 609 5698 dis;
641 5641 699 5686 ut
725 5633 1165 5710 transcende‘utcs
1202 5625 1388 5690 liorem
1419 5633 1550 5704 feni,
1584 5638 1883 5709 reSpiciatis
1934 5655 2096 5710 super

493 5723 740 5782 inimicos
764 5734 994 5778 vestros.

555 5878 570 5906 ⁸
609 5885 679 5925 sxc
695 5883 796 5924 uss.
821 5884 874 5925 At
891 5878 1025 5936 ωιι..
1042 5889 1234 5927 sursum
1257 5889 1337 5926 cor
1362 5877 1584 5928 habuisti.

1733 392 1786 447 S.
1833 387 2206 448 AUGUSTINI
2248 389 2554 446 EPISCOP!
3709 405 3808 461 628

2205 521 3796 556 Ἥ

2651 615 2731 677 IN
2777 617 3158 681 PSALMUM
3209 622 3347 682 LIV

2807 759 2938 814 ENA
2951 761 3230 818 HRATIO.

2720 887 2899 927 εειωιο
2952 891 3021 930 ΔΙ)
3070 892 3293 932 Ριειιειι.

2287 1007 2340 1061 1.
2383 1005 2532 1078 [vei-s.
2568 1006 2646 1080 1.]
2687 1007 2883 1063 Psalmi
2915 1011 3072 1080 hujus
3096 1013 3281 1069 titulus
3307 1026 3388 1070 est
3417 1036 3430 1070 :
3467 1016 3528 1073 In
3559 1022 3736 1090 ﬁnem,
3757 1023 3810 1075 in

2218 1097 2437 1168 hymnis,
2469 1099 2750 1154 intellectus
2777 1100 2877 1171 ipsi
2916 1100 3101 1156 David.
3133 1105 3264 1173 Quis
3307 1109 3378 1162 sit
3402 1108 3522 1166 linis
3572 1127 3815 1170 commc-

2216 1209 2489 1247 tnoramus
2528 1194 2796 1260 breviter,
2855 1197 2977 1265 quia
3029 1200 3218 1254 nostis.
3281 1199 3428 1256 Finis
3479 1206 3615 1258 enim
3665 1205 3815 1279 chis

2216 1284 2448 1339 Christus
2479 1295 2581 1351 est,
2631 1287 2700 1340 ad
2715 1287 2972 1357 justitiam
3000 1291 3139 1344 omni
3166 1292 3391 1348 credenti
3427 1295 3604 1367 (Rom.
3642 1315 3698 1364 ι,
3735 1303 3813 1370 4).

2215 1375 2446 1433 intentio
2485 1392 2614 1452 ergo
2655 1377 2916 1448 dirigatur
2958 1381 3010 1435 ln
3042 1381 3228 1443 finem.
3265 1383 3528 1456 dirigatur
3564 1390 3619 1444 in
3650 1391 3812 1447 Chri-

2216 1478 2381 1524 stum.
2406 1468 2585 1536 Quare
2606 1469 2729 1524 linis
2753 1470 2981 1526 dicitur?
3006 1472 3270 1540 Quoniam
3299 1479 3554 1550 quidquid
3579 1481 3814 1554 agimus,

2215 1563 2281 1615 ad
2315 1564 2464 1618 illum
2507 1564 2818 1628 referimus;
2851 1575 2907 1620 et
2943 1580 3065 1620 cum
3109 1567 3176 1622 ad
3221 1585 3344 1626 eum
3390 1569 3816 1646 pervencrimus,

2217 1654 2354 1708 ultra
2385 1654 2528 1725 quod
2555 1671 2861 1724 quazramus
2901 1673 3006 1712 non
3055 1657 3391 1717 habebimus.
3425 1666 3630 1723 Dicitur
3668 1672 3814 1725 enim

2217 1744 2340 1798 ﬁnis
2378 1745 2467 1812 qui
2510 1747 2802 1812 consumit,
2843 1747 3046 1803 dicitur
3091 1749 3210 1805 linis
3251 1754 3340 1822 qui
3372 1755 3598 1824 perlicit.
3642 1760 3820 1817 Aliter

2215 1835 2414 1905 quippe
2443 1837 2792 1906 intelligimus
2831 1840 3259 1908 cum'audimus,
3303 1842 3509 1900 Finitus
3548 1857 3633 1904 est
3661 1852 3817 1908 cibus

2215 1928 2305 1996 qui
2333 1927 2794 1996 m'andueabatur;
2826 1940 2882 1985 et
2916 1931 3073 1987 aliter
3109 1933 3456 2006 intelligimus
3483 1953 3607 1994 cum
3657 1943 3815 1997 audi-

2215 2033 2355 2084 mus,
2387 2018 2561 2074 Fiuita
2591 2030 2675 2075 est
2700 2021 2863 2076 vestis
2888 2038 3007 2093 quas
3033 2025 3348 2082 texebatur:
3377 2029 3429 2084 in
3460 2044 3688 2103 utroque
3714 2051 3816 2090 au-

2214 2107 2412 2172 dimus,
2443 2108 2678 2165 Finitum
2709 2123 2826 2176 est;
2856 2113 2950 2167 sed
2979 2114 3130 2170 cibus
3152 2127 3210 2170 ut
3232 2117 3342 2187 jam
3385 2135 3488 2176 non
3518 2136 3687 2192 esset,
3721 2143 3816 2182 ve-

2215 2202 2316 2258 stis
2359 2212 2420 2257 ut
2463 2200 2698 2273 perfecta
2746 2215 2909 2261 esset.
2962 2205 3112 2263 Finis
3153 2225 3282 2280 ergo
3323 2223 3506 2268 noster
3553 2218 3816 2287 perfectio

2217 2302 2401 2347 nostra
2433 2309 2554 2348 esse
2593 2293 2783 2359 debet;
2826 2295 3086 2365 perfectio
3123 2312 3304 2357 nostra
3332 2304 3602 2362 Christus.
3633 2307 3694 2366 In
3723 2313 3814 2368 illo

2215 2383 2359 2438 enim
2389 2384 2720 2453 perticimur,
2749 2387 2871 2456 quia
2914 2388 3081 2457 ipsius
3111 2392 3302 2463 capitis
3329 2397 3569 2454 membra
3599 2417 3812 2458 sumus.

2215 2475 2285 2529 Et
2309 2473 2486 2531 dictus
2510 2486 2595 2530 est
2621 2475 2744 2531 ﬁnis
2773 2477 2951 2547 chis,
2989 2481 3112 2550 quia
3142 2483 3260 2538 sine
3289 2485 3384 2541 illo
3411 2503 3574 2545 nemo
3603 2493 3816 2560 perlicit

2213 2566 2433 2636 Legem.
2461 2566 2592 2639 Cum
2620 2583 2750 2639 ergo
2775 2570 2972 2626 auditis
2995 2571 3050 2626 in
3078 2573 3324 2643 Psalmis,
3354 2576 3421 2632 In
3437 2580 3615 2649 finem,
3651 2586 3809 2640 multi

2211 2659 2356 2713 enim
2382 2659 2571 2730 psalmi
2599 2661 2670 2714 ita
2696 2663 3044 2734 superscripti
3066 2677 3212 2733 sunt,
3242 2683 3347 2723 non
3371 2672 3440 2724 sit
3458 2684 3637 2730 vestra
3667 2678 3815 2748 cogi-

2213 2750 2346 2805 tatio
2371 2750 2425 2804 in
2448 2751 2935 2819 consumptionem,
2968 2753 3064 2808 sed
3095 2754 3149 2810 in
3173 2763 3720 2821 consummationem.

2280 2843 2336 2898 9..
2376 2841 2445 2897 In
2472 2843 2674 2914 hymnis
2703 2859 2724 2898 :
2750 2845 2802 2898 iu
2830 2845 3096 2903 laudibus.
3142 2847 3268 2906 Sive
3310 2853 3453 2908 enim
3492 2856 3816 2918 t'ribulemur

2209 2942 2266 2988 et
2293 2943 2659 3003 anguslemur,
2702 2935 2815 2990 sive
2842 2936 3084 2992 laetemur
3110 2948 3165 2994 et
3193 2943 3544 3012 exsultemus,
3578 2947 3674 3003 ille
3698 2950 3811 3004 lau-

2211 3025 2418 3081 dandus
2439 3033 2538 3089 est,
2565 3027 2652 3094 qui
2679 3027 2808 3081 etin
2833 3028 3266 3087 tribulationibus
3290 3035 3490 3104 erudit,
3517 3041 3646 3096 etin
3679 3041 3814 3098 lati-

2213 3119 2282 3172 tia
2308 3117 2638 3172 consolatur.
2668 3116 2811 3172 Laus
2851 3119 2994 3174 enim
3040 3120 3133 3175 Dei
3171 3137 3202 3178 a
3238 3125 3402 3181 corde
3440 3138 3495 3182 et
3521 3112 3619 3186 ore
3660 3132 3810 3189 chri-

2209 3210 2370 3264 stiani
2420 3209 2677 3264 recedere
2725 3223 2830 3263 non
2864 3209 3069 3266 debet:
3103 3227 3209 3268 non
3261 3225 3318 3269 ut
3358 3216 3540 3289 laudet
3591 3224 3644 3275 in
3688 3238 3811 3292 pro-

2210 3301 2405 3371 speris,
2447 3310 2502 3356 et
2527 3300 2806 3356 maledicat
2845 3302 2896 3356 in
2926 3302 3170 3369 adversis
3194 3323 3210 3372 ;
3234 3307 3329 3362 sed
3358 3313 3808 3377 quemadmodum

2213 3379 2450 3465 psalmus
2473 3392 2566 3447 ille
2597 3393 2916 3462 praescribit,
2939 3381 3248 3451 Benedicam
3276 3397 3546 3454 Dominum
3578 3404 3633 3457 in
3671 3409 3808 3461 οηιηὶ

2210 3494 2454 3555 tempore,
2481 3493 2679 3554 semper
2705 3484 2821 3538 laus
2845 3486 2954 3554 ejus
2977 3486 3147 3540 inore
3171 3503 3280 3542 meo
3301 3489 3477 3559 (Psal.
3504 3508 3703 3562 χχχιιι,
3731 3498 3807 3568 ί).

2211 3576 2458 3640 Gaudes,
2505 3591 2737 3646 agnosce
2791 3587 2996 3646 patrem
3055 3579 3451 3650 blandientem;
3503 3587 3808 3657 tribularis,

2210 3684 2442 3740 agnosce
2490 3678 2695 3739 patrem
2733 3670 3141 3729 emendantem.
3175 3671 3301 3731 Sive
3339 3676 3661 3749 blandiatur,
3699 3685 3811 3740 sive

2211 3759 2478 3824 emendet,
2510 3776 2634 3816 eum
2659 3761 2837 3816 erudit
2865 3762 2950 3816 cui
2979 3774 3129 3832 parat
3154 3764 3542 3825 ltarreditatem.

2238 3841 2241 3843 ’
2284 3853 2342 3907 3.
2379 3851 2520 3919 Quid
2556 3861 2638 3906 est
2665 3853 2824 3922 ergo,
2845 3851 3142 3909 Intellectus
3167 3857 3267 3927 ipsi
3292 3857 3504 3931 David?
3531 3862 3662 3919 Erat
3689 3867 3810 3936 qni-

2211 3940 2337 3996 dem
2361 3943 2549 4006 David,
2573 3951 2632 3997 ut
2652 3945 2922 4020 novimus,
2950 3947 3208 4016 propheta
3233 3961 3471 4018 sanctus,
3501 3950 3592 4008 rex
3622 3955 3806 4024 Israel,

2213 4033 2352 4088 filius
2372 4033 2528 4090 Jesse
2552 4034 2594 4106 (Ι
2617 4034 2748 4106 Reg.
2775 4050 2888 4099 χιιι,
2920 4035 3012 4108 18)
3044 4055 3059 4093 :
3089 4038 3184 4094 sed
3214 4040 3335 4110 quia
3364 4057 3430 4098 ex
3461 4044 3578 4114 ejus
3605 4050 3810 4105 semine

2211 4125 2359 4180 venit
2379 4125 2446 4178 ad
2474 4124 2701 4180 salutem
2730 4134 2967 4182 nostram
2993 4130 3285 4185 secundmn
3314 4148 3531 4189 carnem
3553 4136 3809 4196 Dominus

2209 4217 2369 4272 Jesns
2398 4217 2648 4276 Christus,
2675 4216 2852 4287 (Rom.
2880 4235 2917 4282 ι,
2951 4219 3028 4290 5).
3053 4236 3196 4289 stupe
3235 4225 3337 4279 isto
3366 4228 3584 4285 nomine
3624 4230 3712 4286 ille
3741 4233 3807 4286 li-

2209 4322 2451 4381 gnratur,
2482 4320 2538 4365 et
2570 4311 2735 4365 David
2764 4328 2860 4381 pro
2887 4295 3101 4368 Christo
3128 4315 3180 4370 in
3213 4319 3374 4386 tigura
3414 4320 3653 4388 ponitur,
3681 4339 3810 4395 pro-

2209 4413 2332 4476 pter
2366 4405 2626 4476 originem
2654 4406 2844 4460 ‘earuis
2871 4405 3057 4475 ipsius.
3098 4407 3230 4461 Nam
3273 4413 3566 4468 secundum
3606 4417 3808 4487 aliquid

2213 4496 2354 4550 [ilius
2383 4505 2468 4550 est
2496 4497 2682 4560 David,
2723 4498 3018 4553 secundum
3064 4500 3265 4571 aliquid
3311 4499 3566 4561 Dominus
3593 4520 3677 4564 est
3709 4511 3810 4579 Da.

2211 4588 2302 4642 vid
2330 4588 2505 4643 :lilius
2536 4588 2699 4641 David
2744 4590 3037 4644 secundum
3072 4603 3309 4659 Carnem,
3353 4595 3612 4652 Dominus
3643 4601 3811 4668 David

2210 4681 2504 4735 secundum
2530 4679 2886 4736 divinitatem.
2925 4679 2980 4737 Si
3010 4683 3151 4736 enim
3181 4699 3275 4753 per
3301 4685 3471 4757 ipsum
3509 4689 3649 4745 facta
3683 4703 3812 4751 sunt

2210 4770 2591 4843 Omnia(.loan.
2619 4787 2658 4836 I,
2679 4769 2760 4841 ὅ),
2782 4786 2879 4842 per
2901 4773 3070 4842 ipsum
3093 4785 3148 4829 et
3177 4775 3288 4845 ipse
3313 4777 3480 4834 David
3510 4779 3683 4839 factus
3702 4797 3804 4852 est,

2211 4878 2276 4916 ex
2308 4863 2462 4931 cujus
2497 4864 2704 4917 semine
2742 4865 2887 4919 venit
2915 4864 2982 4919 ad
3025 4865 3290 4922 homines.
3315 4869 3548 4927 Proinde
3581 4888 3708 4932 cum
3735 4877 3811 4934 in-

2210 4967 2537 5027 tcrt'ogasset
2572 4958 2832 5013 Dominus
2865 4959 3100 5027 Judmos,
3141 4962 3290 5032 cujus
3337 4964 3502 5020 ﬁlium
3533 4968 3806 5026 Christum

2210 5065 2331 5105 esse
2359 5048 2636 5114 dicerent;
2659 5052 3068 5122 responderunt:
3097 5052 3278 5109 David.
3307 5056 3449 5111 Vidit
3475 5074 3571 5114 eos
3603 5077 3811 5116 reman-

2208 5141 2345 5195 sisse
2374 5140 2424 5193 in
2453 5155 2636 5208 carne,
2664 5152 2718 5195 et
2746 5142 2989 5198 amisisse
3005 5144 3333 5202 divinitatem
3356 5165 3369 5211 ;
3393 5159 3446 5203 et
3472 5152 3693 5223 corrigit
3711 5170 3810 5209 eos

2207 5233 2523 5310 quznstioue
2551 5234 2820 5302 proposita
2856 5252 2870 5287 :
2907 5234 3173 5302 Quomodo
3221 5254 3340 5309 ergo
3380 5242 3490 5310 ipse
3527 5240 3702 5298 Dauid
3756 5249 3810 5300 in

2209 5327 2394 5397 spiritu
2432 5307 2556 5381 dicit
2600 5345 2715 5381 eum
2762 5328 3051 5393 Dominum,
3098 5331 3243 5386 Dixit
3292 5333 3544 5391 Dominus
3586 5336 3809 5394 Domino

2209 5435 2340 5483 meo,
2372 5419 2507 5473 Sede
2531 5421 2598 5470 ad
2622 5420 2882 5474 dexteram
2910 5437 3093 5486 meam,
3121 5425 3451 5496 quoadusque
3487 5419 3676 5497 ponam
3705 5434 3809 5487 im'-

2207 5511 2362 5564 micas
2391 5520 2503 5565 tuos
2531 5511 2622 5565 sub
2654 5512 2863 5581 pedibus
2888 5515 2990 5567 tuis
3007 5515 3035 5568 .’
3063 5516 3125 5570 Si
3149 5512 3267 5588 ergo
3295 5519 3382 5574 ille
3404 5521 3456 5574 in
3487 5523 3672 5591 spiritu
3695 5525 3809 5579 Do-

2208 5600 2400 5654 minam
2423 5619 2533 5656 eum
2560 5603 2704 5668 dicit,
2725 5607 2978 5672 quomodo
3007 5608 3145 5676 ﬁlius
3171 5615 3281 5678 ejus
3305 5621 3378 5664 est
3420 5611 3635 5678 (Matth.
3663 5633 3804 5682 nu,

2205 5692 2433 5758 42-45)?
2457 5693 2818 5761 Qumstionem
2870 5699 3164 5766 proposuit,
3207 5715 3310 5754 non
3353 5702 3519 5756 filium
3569 5711 3805 5777 negavit.

2203 5783 2442 5838 Audistis
2485 5785 2766 5839 Dominum
2792 5803 2809 5852 ;
2843 5787 3004 5844 dicite
3032 5791 3304 5857 quomodo
3343 5791 3484 5846 [ilius
3509 5796 3579 5849 sit
3609 5815 3621 5847 :
3652 5801 3807 5854 audi-

2202 5877 2300 5930 stis
2339 5876 2539 5943 tilium;
2573 5877 2736 5933 dicite
2781 5879 3048 5946 quomodo
3079 5881 3332 5938 Dominus
3361 5885 3449 5940 sit.
3483 5886 3636 5942 lianc
3658 5905 3804 5962 qua:-
