3968 6336
174 421 282 477 8‘29

172 539 404 590 Stiunem
449 530 608 587 solvit
651 530 784 586 ﬁdes
825 529 1104 584 catholica.
1148 528 1427 594 Quomodo
1472 529 1766 584 Dominus?

172 629 309 695 Quia
337 629 390 682 in
429 627 679 698 principio
720 635 824 680 erat
872 622 1111 689 Verbum,
1156 633 1202 676 et
1243 621 1458 676 Verbum
1495 633 1606 678 erat
1630 623 1771 686 apud

178 719 367 784 Deum,
402 729 448 774 et
490 717 626 772 Deus
669 726 777 770 erat
819 714 1051 768 Verbum.
1098 714 1378 780 Quomodo
1423 716 1605 770 illius?
1637 715 1767 780 Quia

188 811 406 864 Verbum
433 825 553 863 caro
582 813 769 880 factum
805 815 896 871 est,
925 817 971 860 et
1002 806 1244 859 habitauit
1270 807 1324 858 in
1355 806 1495 860 nobis
1522 805 1766 875 (Joan..t,

177 905 231 966 1-,
270 900 380 972 Μ).
422 901 553 968 Quia
593 915 720 969 ergo
749 897 912 952 David
939 898 991 952 in
1017 899 1181 968 tigura
1212 897 1457 954 Christus
1485 906 1587 961 est,
1617 896 1770 950 Chri-

174 1002 294 1046 stus
330 1003 530 1052 autem,
581 1001 641 1045 ut
676 992 820 1060 Smpc
860 988 1398 1043 commemoravimus
1446 988 1768 1041 Charitatem

179 1083 448 1144 Vestram.
483 1094 537 1138 ει
573 1091 733 1152 caput
772 1091 829 1137 et
854 1096 1051 1151 corpus
1075 1090 1195 1136 est:
1227 1096 1327 1134 nec
1353 1097 1451 1134 nos
1491 1097 1518 1133 a
1556 1079 1773 1135 Christo

172 1178 385 1232 alienos
423 1176 602 1230 dicere
641 1174 918 1239 debemus,
963 1172 1114 1242 cujus
1158 1172 1394 1226 membra
1432 1185 1632 1234 sunms,
1675 1187 1772 1226 nec

175 1285 280 1324 nos
304 1268 452 1338 quasi
473 1265 698 1321 alterum
729 1273 1074 1334 computare;
1101 1265 1222 1333 quia
1253 1273 1395 1316 erant
1418 1266 1519 1316 duo
1548 1264 1598 1315 in
1619 1279 1772 1316 carne

178 1375 304 1412 sna.
332 1357 720 1411 Sacramentnm
750 1356 844 1408 lwc
870 1371 1108 1424 magnum
1137 1364 1225 1413 est,
1253 1353 1324 1406 ait
1347 1355 1652 1425 Apostolus,
1681 1371 1771 1423 ego

174 1461 354 1503 autem
378 1450 490 1502 dico
512 1431 569 1501 in
596 1447 794 1502 Christo
817 1457 864 1499 ct
894 1448 943 1499 in
976 1445 1206 1499 Ecclesia
1227 1443 1445 1514 (Epltes.
1465 1461 1515 1509 ν,
1541 1445 1629 1508 5i,
1654 1443 1768 1500 52).

180 1541 321 1605 Quia
363 1555 492 1609 ergo
535 1547 676 1592 totus
704 1536 950 1592 Christus
988 1544 1146 1605 caput
1179 1545 1233 1590 et
1275 1550 1471 1604 corpus
1499 1546 1620 1600 est;
1650 1549 1770 1588 cum

176 1632 446 1696 audimus,
471 1627 776 1684 Intellectus
795 1629 894 1700 ipsi
927 1627 1109 1688 David,
1134 1625 1496 1696 intelligamus
1516 1636 1571 1682 et
1591 1641 1688 1680 nos
1719 1626 1770 1679 in

177 1723 369 1780 David.
419 1721 715 1792 Intelligant
762 1719 996 1774 membra
1042 1719 1264 1778 Christi,
1313 1727 1367 1772 et
1416 1719 1466 1772 in
1519 1717 1774 1772 membris

176 1817 296 1871 suis
316 1797 578 1884 intelligat
603 1813 870 1885 Christus,
900 1821 953 1866 ct
984 1809 1219 1864 membra
1251 1809 1447 1863 Christi
1477 1807 1775 1877 intelligant

177 1909 236 1963 in
282 1907 536 1959 Christo:
564 1907 685 1974 quia
735 1913 894 1972 caput
937 1911 991 1956 et
1036 1901 1276 1955 membra
1327 1916 1464 1953 unus
1499 1899 1768 1954 Christus.

177 1999 355 2066 Caput
385 1999 435 2050 iu
466 1996 604 2051 οωιυ
647 2003 780 2059 erat,
827 2003 880 2047 et
919 1993 1147 2057 diccbat,
1186 1993 1326 2059 Quid
1361 2008 1438 2043 me
1467 1991 1776 2061 persequeris

181 2091 324 2159 (Act.
357 2105 429 2152 Ix,
459 2089 556 2157 4)?
578 2087 683 2141 Nos
711 2103 830 2141 cum
866 2085 955 2138 illo
983 2085 1031 2138 in
1055 2086 1193 2139 cmlo
1216 2099 1309 2152 per
1338 2099 1508 2153 spem,
1537 2085 1649 2152 ipse
1676 2100 1774 2136 no-

178 2181 390 2237 biscum
423 2181 472 2235 iu
507 2189 645 2233 terra
673 2194 771 2248 per
799 2177 1134 2231 cbaritatem.
1169 2176 1328 2246 Ergo,
1363 2175 1646 2228 intellectus
1679 2175 1778 2243 ipsi

181 2270 376 2326 Dauid.
404 2270 800 2326 Admoneamur
827 2283 946 2321 cum
989 2266 1253 2330 audimus,
1305 2275 1358 2320 et
1388 2266 1645 2332 intelligat
1678 2265 1779 2318 Ec-

110 2403 114 2406 .
178 2361 346 2416 clesia
377 2379 392 2415 :
423 2360 652 2430 pertinet
678 2359 820 2412 enim
850 2358 914 2410 ad
945 2372 1042 2410 nos
1069 2371 1258 2425 magna
1283 2371 1409 2408 cura
1443 2355 1774 2423 intelligendi

181 2453 235 2508 in
262 2468 372 2523 quo
411 2451 553 2506 malo
584 2464 724 2504 nunc
766 2464 971 2512 sunms,
1021 2456 1076 2501 et
1105 2447 1172 2500 de
1202 2434 1306 2515 quo
1334 2447 1477 2501 malo
1504 2456 1559 2500 ut
1587 2447 1778 2500 libere-

180 2562 306 2601 mur
327 2553 594 2615 Optamus,
637 2541 1040 2596 reminiscentes
1078 2541 1334 2594 orationis
1360 2539 1662 2604 domiuiem,
1688 2541 1776 2594 ubi

180 2639 236 2693 in
271 2639 378 2691 line
407 2636 652 2698 dicimus,
697 2632 879 2686 Libera
923 2649 1015 2685 nos
1056 2649 1088 2684 a
1115 2630 1250 2683 malo
1283 2630 1496 2702 (Matth.
1541 2646 1615 2692 vt,
1664 2629 1772 2700 l3).

181 2729 330 2783 Inter
355 2727 547 2783 multas
576 2742 704 2796 ergo
731 2725 1102 2779 tribulationes
1141 2723 1299 2790 hujus
1343 2723 1548 2787 saeculi,
1579 2723 1777 2793 plangit

180 2818 382 2890 aliquid
425 2818 658 2888 psalmus
696 2817 794 2870 iste
818 2815 885 2869 de
929 2814 1220 2868 intellectu.
1253 2813 1345 2867 llle
1374 2830 1495 2867 cmn
1539 2813 1642 2867 isto
1670 2828 1774 2867 non

185 2911 380 2982 plorat,
409 2909 499 2979 qui
530 2923 633 2963 non
664 2906 821 2961 habet
855 2907 1204 2961 intellectum.
1233 2906 1399 2959 Porro
1423 2915 1622 2968 autem,
1649 2905 1778 2959 cha-

183 2981 407 3066 rissimi,
448 2999 753 3055 meminisse
794 2981 1053 3052 debemus
1095 2996 1161 3050 ad
1213 2996 1494 3063 imaginem
1545 2997 1635 3049 Dei
1679 3011 1778 3050 nos

182 3110 306 3150 esse
325 3093 512 3156 factos,
537 3106 635 3146 nec
660 3090 785 3144 alibi
815 3105 974 3160 quam
1017 3087 1068 3141 in
1099 3089 1214 3156 ipso
1246 3088 1536 3141 intellectu.
1562 3087 1695 3141 Nam
1724 3089 1775 3142 in

185 3182 377 3239 multis
400 3183 561 3237 rebus
593 3197 623 3236 a
651 3180 834 3236 bestiis
861 3193 1178 3249 superamur
1198 3178 1214 3209 ¹
1251 3196 1265 3233 :
1295 3177 1382 3232 ubi
1409 3186 1588 3232 autem
1617 3179 1778 3231 homo

183 3279 250 3332 ad
281 3275 562 3347 imaginem
594 3273 688 3327 Dei
729 3271 924 3326 factum
969 3285 1028 3325 se
1077 3270 1244 3330 novit,
1289 3269 1362 3323 ibi
1389 3267 1586 3338 aliquid
1621 3268 1670 3320 in
1718 3283 1777 3322 se

183 3367 429 3439 agnoscit
469 3365 698 3435 amplius
741 3378 861 3418 esse
906 3377 1064 3433 quam
1111 3361 1293 3416 datum
1343 3371 1426 3415 est
1472 3360 1774 3429 pecoribus.

180 3459 550 3527 Consideratis
576 3470 706 3511 vero
734 3453 983 3508 munibus
1025 3453 1186 3508 rebus
1225 3468 1360 3522 quas
1404 3452 1564 3506 habet
1593 3451 1775 3520 homo,

185 3552 388 3606 invenit
417 3564 477 3604 se
513 3563 579 3604 eo
607 3547 824 3619 proprie
847 3545 1135 3600 discretum
1181 3559 1211 3598 a
1249 3558 1466 3613 pecore,
1493 3543 1635 3611 quod
1667 3543 1779 3611 ipsc

185 3645 381 3700 habeat
418 3641 764 3697 intellectum.
796 3637 948 3694 Unde
985 3636 1242 3707 quosdam
1286 3645 1697 3690 contemnentes
1725 3635 1775 3688 in

182 3741 244 3792 se
269 3728 410 3808 quod
443 3735 714 3806 proprium
745 3741 799 3786 et
825 3732 1148 3800 praecipuum
1179 3745 1206 3782 a
1243 3729 1532 3783 Conditore
1557 3743 1779 3797 accepe-

184 3841 332 3894 runt,
361 3830 598 3896 increpat
627 3826 739 3897 ipse
763 3823 1021 3879 Conditor
1049 3822 1233 3874 dicens
1266 3839 1278 3873 :
1317 3819 1493 3873 Nolite
1518 3821 1626 3887 ﬁeri
1651 3821 1777 3872 sicut

182 3935 343 3993 equus
381 3930 426 3977 et
449 3920 638 3982 mulus,
665 3918 844 3986 quibus
871 3932 973 3968 non
1007 3923 1079 3968 est
1109 3913 1395 3966 intellectus
1421 3909 1592 3979 (Psal.
1623 3927 1775 3976 xxxi;

183 4015 268 4084 9).
297 4013 363 4066 Et
389 4011 492 4064 alio
519 4011 635 4062 loco
666 4007 793 4061 dicit
819 4023 832 4058 :
866 4003 1032 4058 Homo
1055 4003 1106 4056 in
1135 4003 1323 4055 honore
1351 4001 1563 4071 positus.
1591 4001 1647 4054 In
1674 4018 1779 4069 quo

186 4108 417 4170 honOre,
456 4101 557 4157 nisi
583 4102 701 4170 quia
731 4099 898 4152 factus
940 4097 1028 4151 ad’
1056 4097 1338 4165 imaginem
1369 4093 1500 4148 Dei?
1537 4094 1695 4163 Ergo,
1727 4095 1778 4146 in

185 4200 381 4252 honore
411 4200 600 4263 positus
643 4209 743 4266 non
786 4189 1054 4252 intellexit,
1096 4189 1189 4250 ait,
1232 4195 1556 4255 comparatus
1596 4195 1666 4240 est
1683 4186 1778 4256 ju-

186 4293 371 4346 mentis
397 4288 685 4350 insensatis,
711 4296 753 4338 et
784 4283 963 4338 similis
985 4286 1152 4353 factus
1174 4289 1245 4334 est
1269 4279 1375 4333 illis
1403 4277 1574 4351 (Psal.
1597 4294 1778 4340 XLVIII,

181 4382 303 4454 Si).
337 4383 702 4451 Agnoscamns
740 4390 868 4445 ergo
895 4373 1153 4427 honorem
1185 4381 1452 4436 nostrum,
1483 4379 1541 4425 et
1583 4369 1781 4424 intelli-

155 4466 400 4545 gamus.
428 4469 484 4526 Si
529 4467 895 4536 intelligimus,
940 4463 1179 4518 videmus
1223 4478 1329 4516 non
1359 4475 1482 4516 esse
1511 4461 1665 4516 ismtn
1698 4477 1783 4516 rc:-

183 4567 401 4638 gionem
427 4560 714 4632 gaudendi,
745 4557 838 4612 sed
874 4554 1155 4626 gemendi;
1193 4568 1298 4608 non
1326 4553 1436 4621 jam
1458 4552 1793 4614 exsultandi,

185 4655 284 4712 sed
329 4652 507 4707 adhuc
549 4645 856 4720 plangcudi.
907 4644 1012 4700 Sed
1063 4643 1161 4698 etsi
1206 4641 1492 4698 exsultatio
1541 4641 1781 4711 qumdam

181 4744 396 4803 habitat
425 4743 475 4796 in
499 4723 749 4794 cordibus
778 4736 994 4800 nostris,
1029 4732 1264 4788 nondum
1294 4741 1377 4787 est
1405 4731 1456 4785 in
1496 4745 1576 4793 re,
1608 4732 1701 4784 sed
1731 4732 1780 4783 iu

183 4854 307 4911 spe.
341 4837 417 4892 Ex
445 4835 708 4904 promisso
735 4832 996 4892 lwtamur,
1027 4827 1150 4897 quia
1179 4826 1378 4880 scimus
1407 4840 1510 4878 non
1555 4838 1649 4876 nos
1683 4823 1777 4878 lal-

183 4916 304 4987 lere
342 4925 763 4999 promittentem.
797 4919 996 4975 Verum
1038 4917 1179 4987 quod
1223 4916 1419 4999 attinet
1452 4913 1518 4968 ad
1549 4929 1784 4982 prmsens

183 5034 422 5090 tempus,
456 5018 508 5072 in
548 5031 654 5085 quo
685 5015 848 5077 malo,
900 5011 951 5064 in
988 5009 1180 5079 quibus
1210 5007 1473 5076 angustiis
1503 5007 1673 5059 simus
1699 5021 1784 5058 au-

180 5117 333 5171 dite;
367 5122 422 5166 et
451 5110 497 5163 si
527 5109 666 5162 viam
698 5107 851 5160 istam
889 5104 1106 5163 tenetis,
1138 5099 1276 5170 quod
1319 5099 1513 5152 auditis
1555 5098 1607 5152 in
1636 5099 1785 5151 vobis

179 5204 482 5276 agno-scite.
508 5199 757 5267 Quisquis
788 5197 929 5252 enim
980 5194 1211 5247 nondum
1247 5199 1393 5244 tenet
1421 5189 1521 5244 iter
1549 5189 1780 5258 pietatis,

183 5301 416 5353 miratur
437 5293 557 5364 quia
587 5291 710 5344 talia
748 5295 966 5360 genmnt
995 5284 1232 5339 membra
1276 5281 1442 5336 David
1470 5298 1482 5333 :
1508 5293 1612 5334 non
1640 5281 1790 5334 enim.

179 5391 334 5444 videt
363 5388 416 5453 in
445 5400 503 5439 se
533 5384 652 5439 ista.
677 5378 940 5448 Quamdiu
962 5386 1015 5431 et
1041 5378 1092 5429 in
1129 5390 1188 5429 se
1219 5375 1318 5428 ista
1353 5389 1458 5427 non
1480 5373 1625 5426 videt
1653 5387 1786 5425 non-

181 5484 317 5537 dum
341 5489 428 5538 est
450 5477 520 5530 ibi
548 5494 561 5530 :
590 5467 696 5529 non
723 5473 886 5526 sentit
905 5470 1046 5539 quod
1072 5483 1266 5536 corpus
1287 5465 1481 5528 sentit;
1507 5464 1628 5534 quia
1660 5476 1784 5530 pra:-

181 5586 266 5630 ter
296 5582 495 5639 ait-pus
538 5575 622 5622 est
653 5583 664 5619 :
696 5563 1089 5630 incorporetur,
1139 5568 1194 5612 et
1221 5557 1434 5612 sentiet.
1471 5556 1621 5609 Dicat
1651 5569 1783 5624 ergo

179 5675 235 5722 et
261 5657 564 5724 audiamus,
591 5654 868 5716 audiamus
896 5663 948 5705 et
976 5652 1214 5709 dicantur»
1242 5665 1254 5701 :

254 5757 310 5812 4,
341 5753 496 5825 (vers.
523 5744 672 5820 φιτ-5.]
705 5745 930 5807 Exaudi,
966 5744 1102 5795 Deus
1153 5741 1553 5793 damnationem
1581 5752 1740 5789 nteant
1765 5776 1777 5798 ,

243 5867 266 5900 ο
299 5869 375 5914 Sic
396 5858 503 5912 Iis.
528 5869 581 5911 At
595 5857 734 5917 an,
756 5854 959 5912 abestiis
977 5867 1067 5904 non
1090 5862 1386 5914 separamur.

1348 413 1743 470 ΕΝΑΒΒᾹΤΙΟ
1785 414 1852 470 ΙΝ
1893 417 2212 475 PSALMUM
2256 420 2388 474 LIV.

3356 429 3465 481 630

1878 543 1925 585 et
1952 551 2015 586 ne
2042 536 2328 604 despexeris
2357 553 2551 602 precem
2580 555 2740 592 meam
2768 555 2786 594 :
2813 541 3012 596 infer-de
3035 540 3181 608 mihi,
3207 550 3253 596 et
3278 543 3462 594 emeriti

1877 640 1972 676 me.
2001 623 2332 694 Satagentis,
2381 629 2616 693 solliciti,
2645 630 2695 683 in
2727 629 3064 686 tribulatione
3095 632 3270 701 positi.
3302 634 3463 686 verba

1877 725 2003 770 sunt
2033 718 2150 770 ista.
2181 716 2309 772 Orat
2338 719 2501 773 multa
2532 723 2767 788 patiens,
2809 723 2876 777 de
2915 724 3055 777 male
3082 723 3292 778 liberari
3322 722 3466 776 desi-

1877 806 2072 862 derans
2107 828 2121 862 :
2151 821 2394 878 superest
2435 820 2491 864 ut
2533 812 2812 866 audiamus
2853 814 2903 866 in
2944 829 3050 882 quo
3093 815 3237 872 malo
3264 815 3366 877 sit;
3414 825 3467 866 et

1877 913 1996 952 cum
2025 900 2206 955 dicere
2226 905 2468 972 coeperit.
2489 920 2840 970 agnoscamus
2860 907 2929 960 ibi
2960 921 3056 960 nos
3081 919 3294 968 esse,ut
3321 922 3469 960 com-

1878 992 2144 1046 municata
2163 993 2520 1052 tribulatione.
2538 997 2921 1066 conjnngamns
2947 997 3446 1052 orationerationtri
3456 1025 3473 1036 -

1875 1091 2036 1136 status
2062 1099 2171 1136 sum
2193 1086 2244 1137 in
2270 1087 2622 1140 exercitatione
2645 1104 2775 1152 mea,
2799 1097 2843 1140 et
2863 1087 3188 1141 conturbatus
3209 1103 3337 1141 sum.
3367 1084 3470 1142 Ubi

1876 1175 2260 1232 contristatus?
2299 1175 2387 1229 ubi
2427 1178 2810 1231 conturbatus?
2849 1177 2914 1229 In
2954 1178 3308 1232 exercitatione
3338 1192 3472 1238 mea,

1878 1263 2066 1333 inquit.
2102 1265 2354 1320 Homines
2380 1269 2547 1321 malos
2572 1283 2707 1338 quos
2738 1270 2934 1336 patitur
2953 1277 3476 1322 commemoraturus

1877 1366 1960 1410 est
1982 1358 2022 1422 ‘,
2040 1357 2392 1424 eamdemque
2412 1359 2711 1427 passionem
2732 1360 2991 1412 malorum
3016 1358 3291 1412 hominum
3311 1372 3474 1408 exer-

1877 1445 2183 1500 citationem
2214 1463 2363 1501 suam
2392 1446 2542 1501 dixit.
2571 1449 2648 1502 Ne
2679 1450 2874 1517 putetis
2899 1449 3061 1516 gratis
3085 1463 3203 1502 esse
3226 1449 3394 1501 malos
3418 1449 3470 1500 in

1880 1536 1980 1591 hoc
2003 1538 2220 1602 mundo,
2254 1547 2310 1591 et
2337 1537 2465 1592 niltil
2489 1539 2612 1593 boni
2637 1533 2703 1593 de
2734 1540 2835 1594 illis
2861 1555 3019 1609 agerc
3049 1539 3235 1592 Deum.
3281 1537 3469 1592 Omnis

1879 1628 2050 1682 malus
2091 1636 2184 1682 aut
2222 1628 2342 1682 ideo
2369 1627 2495 1682 vivit
2537 1641 2592 1682 ut
2633 1631 2950 1698 corrigatur,
2983 1640 3074 1682 aut
3100 1629 3222 1682 ideo
3257 1628 3384 1681 vivit
3416 1638 3472 1680 ut

1881 1735 1978 1789 per
2023 1720 2166 1774 illum
2214 1720 2386 1774 bonus
2429 1729 2761 1775 exerceatur.
2809 1719 3024 1776 Utinam
3064 1735 3192 1789 ergo
3238 1721 3326 1789 qui
3374 1733 3472 1772 nos

1880 1812 2039 1866 modo
2067 1821 2342 1874 exercent.
2372 1822 2770 1877 convt-rtantur,
2794 1823 2846 1866 et
2878 1812 3154 1867 nobiScmn
3180 1825 3474 1868 exerceatis

1883 1912 2006 1957 tur:
2037 1915 2212 1957 tamen
2243 1903 2495 1971 quamdiu
2535 1905 2604 1957 ita
2649 1915 2772 1958 sunt
2811 1915 2867 1958 ut
2901 1912 3218 1970 exerceant,
3250 1918 3354 1958 non
3381 1918 3477 1957 eo;

1881 1996 2182 2061 oderimus;
2226 1998 2347 2064 quia
2393 1996 2442 2049 in
2481 2011 2547 2050 eo
2588 1995 2731 2064 quod
2771 1996 2940 2050 malus
2984 2006 3066 2050 est
3107 1996 3227 2066 quis
3265 2010 3474 2060 eorum,

1884 2096 2059 2140 utrum
2082 2102 2249 2154 usque
2277 2088 2328 2141 iu
2359 2089 2516 2141 linem
2550 2096 2984 2156 perseveraturus
3011 2087 3100 2148 sit,
3135 2078 3472 2154 ignoramus;

1883 2185 1935 2230 et
1963 2177 2272 2247 plerumque
2290 2193 2410 2232 cum
2442 2177 2534 2232 tibi
2563 2177 2759 2233 videris
2797 2178 2976 2232 odisse
3017 2178 3324 2240 inimicum,
3365 2175 3474 2230 frn-

1885 2279 2018 2323 trem
2045 2269 2226 2331 odisti,
2258 2279 2309 2322 et
2341 2270 2534 2324 nescis.
2563 2269 2814 2324 Diabolus
2832 2278 2884 2323 et
2905 2271 3079 2340 angeli
3103 2268 3221 2338 ejus
3248 2269 3298 2322 in
3325 2268 3474 2322 Scri-

1885 2360 2052 2429 pturis
2080 2361 2279 2418 sanctis
2306 2359 2626 2415 manifestati
2666 2370 2792 2416 sunt
2829 2361 3005 2425 nobis,
3037 2358 3176 2428 quod
3204 2360 3276 2414 ad
3295 2360 3470 2430 ignem

1883 2458 2140 2505 a-ternum
2167 2452 2276 2506 sint
2303 2450 2574 2506 destinati.
2618 2451 2854 2520 Ipsorum
2898 2460 3102 2506 tantum
3130 2451 3475 2526 desperanda

1882 2551 1964 2596 est
1992 2545 2256 2598 correctio
2276 2561 2288 2595 :
2309 2555 2494 2598 contra
2519 2559 2656 2611 quos
2681 2544 2938 2598 habemus
2967 2544 3230 2603 occultam
3255 2531 3474 2605 laetam,

1882 2635 1948 2689 ad
1977 2652 2138 2705 quam
2166 2636 2358 2689 luctam
2388 2651 2486 2690 nos
2524 2646 2696 2690 armat
2725 2637 3014 2706 Apostolus
3033 2677 3049 2700 ,
3091 2625 3316 2691 dicens:
3354 2635 3476 2690 Non

1882 2737 1952 2781 est
1991 2726 2132 2780 nobis
2159 2728 2446 2781 colluctatio
2474 2729 2716 2782 adversus
2751 2744 2955 2781 carnem
2983 2738 3029 2782 et
3058 2729 3354 2798 sanguinem
3378 2769 3392 2792 ,
3424 2729 3476 2782 id

1881 2830 1963 2872 est
1985 2818 2241 2873 adversus
2268 2818 2514 2880 homines
2534 2834 2670 2888 quos
2693 2819 2914 2882 videtis;
2945 2819 3035 2873 sed
3063 2821 3304 2873 adversus
3330 2820 3475 2887 prin-

1880 2913 2018 2980 cipes
2051 2922 2097 2965 ct
2123 2919 2392 2983 potestates
2419 2922 2464 2965 et
2490 2921 2706 2965 rectores
2728 2911 2926 2976 mundi,
2949 2912 3267 2966 tenebrarum
3294 2912 3479 2963 harum

1883 3003 2100 3074 (lfpltes.
2126 3019 2200 3068 Vl,
2235 3001 2343 3073 12).
2378 3003 2455 3058 Νε
2481 3004 2616 3057 forte.
2637 3019 2757 3057 cum
2780 3003 3018 3063 dixisset,
3053 3003 3252 3066 mundi,
3285 3003 3480 3057 intelli-

1881 3111 2037 3166 geres
2078 3096 2352 3150 daemones
2392 3110 2512 3149 esse
2551 3107 2789 3150 rectores
2816 3094 2938 3148 cmli
2977 3105 3030 3148 et
3071 3094 3480 3160 terrmpbaundi

1883 3187 2049 3252 dixit,
2098 3186 2414 3241 tenebrarum
2461 3187 2676 3247 harant;
2731 3186 2907 3238 mundi
2957 3185 3125 3246 dixit,
3177 3195 3476 3239 amatorum

1884 3279 2101 3341 mumli;
2134 3278 2309 3330 mundi
2339 3277 2500 3341 dixit,
2537 3277 2819 3344 impiorum
2849 3286 2902 3329 et
2931 3277 3269 3344 iniquorum;
3298 3277 3478 3328 mundi

1881 3371 2036 3435 dixit,
2059 3369 2130 3424 de
2152 3384 2258 3439 quo
2283 3370 2412 3423 dicit
2437 3369 2783 3436 Evangeliutn
2815 3384 2834 3434 ¹ε
2864 3366 2932 3420 Et
2967 3371 3190 3421 mundus
3225 3386 3337 3421 eunt
3377 3386 3478 3422 non

1883 3462 2111 3532 cognovit
2145 3459 2334 3532 (Joan.
2365 3476 2402 3524 t,
2425 3459 2550 3524 10).
2579 3458 2636 3513 Si
2664 3457 2806 3513 enim
2840 3459 3068 3512 nmndus
3095 3474 3201 3512 non
3226 3461 3476 3528 cognovit

1885 3554 2055 3606 lucem
2079 3593 2092 3614 ,
2139 3551 2260 3620 quia
2301 3551 2390 3604 lux
2423 3550 2473 3603 in
2497 3549 2750 3604 tenebris
2779 3549 2957 3610 lucet.
2986 3561 3039 3604 et
3081 3551 3315 3604 tenebrae
3355 3566 3475 3602 eam

1884 3658 1987 3695 non
2014 3639 2556 3710 comprehenderunt,
2581 3650 2634 3693 et
2655 3639 2784 3708 ipsa
2807 3640 3040 3693 tenebne
3066 3657 3185 3709 qua:
3207 3655 3310 3694 nou
3332 3654 3479 3694 com-

1884 3731 2284 3802 prehenderunt
2331 3731 2502 3785 lucem
2545 3739 2888 3800 prmsentem,
2922 3731 3104 3785 mundi
3133 3732 3350 3786 nomine
3376 3749 3473 3800 ap-

1886 3825 2183 3892 pellantur;
2215 3824 2399 3876 harum
2432 3823 2778 3878 tenebrarum
2819 3832 2942 3876 sunt
2977 3823 3048 3876 illi
3094 3832 3350 3876 rectores.
3391 3822 3477 3877 De

1886 3919 2014 3988 ipsis
2039 3934 2167 3988 ergo
2195 3917 2492 3973 rectoribus
2514 3915 2774 3970 habemus
2797 3915 3208 3970 determinatam
3240 3915 3477 3984 Scriptu-

1885 4027 2061 4066 rarum
2088 4010 2433 4077 sententiam,
2461 4009 2602 4079 quod
2629 4009 2850 4063 omnino
2871 4009 2994 4066 inde
3022 4009 3227 4063 reditus
3253 4009 3478 4079 alicujus

1883 4117 2070 4157 eorum
2109 4101 2407 4170 sperandus
2438 4115 2543 4154 non
2573 4110 2675 4154 est.
2709 4101 2776 4153 At
2808 4114 2936 4153 vero
2963 4099 3030 4153 de
3062 4099 3190 4178 ipsis
3239 4101 3478 4156 tenebris

1884 4210 2110 4264 quarum
2149 4193 2226 4247 illi
2266 4202 2503 4247 rectores
2532 4201 2678 4256 sunt,
2706 4209 2810 4245 non
2847 4207 3032 4245 sumus
3060 4174 3191 4247 certi
3233 4209 3298 4246 ne
3341 4194 3478 4248 torte

1884 4285 1976 4354 qui
2013 4291 2169 4338 erant
2211 4283 2481 4346 tenebrae,
2517 4282 2643 4336 ﬂant
2682 4271 3113 4336 lux.'Fidelibus
3141 4283 3335 4352 quippe
3367 4281 3477 4351 jam

1887 4378 2038 4430 lactis
2061 4376 2202 4430 dicit.
2220 4376 2530 4444 Apostolus,
2569 4373 2759 4428 Fuistis
2780 4373 3057 4442 aliquando
3078 4372 3314 4441 tenebris,
3344 4389 3480 4426 nunc

1886 4480 2053 4524 autem
2075 4470 2164 4525 lux
2184 4471 2236 4523 in
2266 4468 2480 4523 Domino
2507 4466 2726 4538 (Ep/tes.
2755 4483 2808 4529 ν,
2833 4465 2888 4536 8)
2920 4482 2933 4519 :
2960 4465 3196 4521 ttinebra
3223 4467 3277 4521 in
3308 4465 3478 4524 vobis.

1888 4565 1978 4620 lux
2008 4566 2059 4618 in
2090 4564 2337 4619 Domino.
2373 4563 2530 4631 Ergo,
2564 4559 2774 4622 fratres,
2804 4573 2994 4613 omut-s
3025 4559 3174 4624 mali,
3194 4575 3320 4614 cum
3354 4561 3478 4613 mali

1889 4668 2010 4712 sunt
2033 4698 2049 4720 ,
2079 4661 2332 4711 exercent
2360 4653 2547 4706 bonos.
2593 4651 2732 4706 Ecce
2755 4651 2897 4705 enim
2928 4649 3159 4707 breviter
3181 4651 3362 4702 audite
3381 4691 3394 4712 ,
3432 4662 3484 4703 et

1891 4748 2184 4818 intelligite.
2226 4745 2284 4798 Si
2332 4745 2503 4798 bonus
2546 4759 2624 4804 es,
2669 4741 2940 4795 inimicum
2983 4757 3087 4793 ron
3133 4740 3354 4794 habebis
3385 4739 3484 4792 nisi

1890 4840 2109 4894 malum.
2153 4838 2319 4892 Porro
2351 4835 2440 4889 tibi
2472 4849 2534 4889 ea
2565 4833 2745 4904 regula
2775 4833 3029 4886 bonitatis
3055 4832 3268 4900 praeﬁxa
3296 4841 3396 4890 est,
3432 4841 3487 4882 ut

1891 4933 2112 4987 imiteris
2133 4929 2424 4984 bonitatem
2450 4926 2623 4983 Patris
2646 4926 2740 4989 tui,
2765 4927 2852 4996 qui
2873 4925 2995 4994 facit
3015 4925 3171 4979 solent
3191 4931 3338 4978 suum
3359 4924 3486 4975 oriri

1889 5041 2042 5088 super
2080 5023 2238 5076 bonos
2272 5031 2318 5074 et
2361 5021 2554 5088 malos,
2585 5028 2634 5071 et
2669 5016 2798 5088 pluit
2825 5033 2978 5086 super
2999 5016 3170 5085 justas
3196 5025 3242 5071 et
3270 5015 3488 5084 injustas.

1891 5117 1908 5186 (
1937 5115 2118 5169 Matth.
2149 5129 2198 5176 v,
2232 5110 2354 5184 45).
2402 5109 2582 5182 Neque
2625 5111 2767 5164 enim
2810 5118 2863 5161 tu
2908 5107 3074 5160 babes
3110 5107 3403 5166 inimicum,
3432 5114 3484 5157 et

1894 5209 2033 5261 Deus
2058 5221 2165 5260 non
2191 5205 2365 5259 habet.
2392 5201 2470 5257 Tu
2501 5201 2716 5274 quidem
2744 5215 2866 5256 eum
2897 5200 3062 5253 habes
3089 5199 3365 5252 inimicum
3391 5198 3480 5264 qui

1893 5307 2069 5354 tecum
2100 5290 2311 5352 crea'tus
2335 5305 2451 5358 est;
2495 5293 2582 5347 ille
2613 5307 2744 5347 vero
2769 5305 2891 5345 eum
2915 5304 3076 5358 quem
3103 5289 3326 5344 creavit.
3377 5287 3481 5341 lni-

1893 5394 2062 5445 micos
2100 5404 2230 5460 ergo
2273 5387 2366 5442 Dei
2413 5387 2578 5440 mans
2607 5395 2655 5441 et
2688 5383 2897 5452 iniquos
2935 5396 3080 5451 saepe
3109 5380 3162 5434 in
3191 5381 3482 5444 Scripturis

1892 5484 2119 5554 legimus
2147 5459 2240 5536 ξει
2262 5481 2430 5550 parcit
2457 5478 2646 5532 eis-ille
2673 5475 2763 5546 qui
2791 5491 2897 5529 non
2929 5473 3087 5528 habet
3113 5470 3256 5542 quod
3279 5471 3349 5524 illi
3378 5468 3480 5522 im-

1891 5587 2040 5649 putet
2078 5575 2325 5630 inimicus
2347 5614 2363 5636 ,
2395 5572 2480 5646 cui
2520 5569 2698 5624 omnis
2725 5567 2973 5624 inimicus
3006 5565 3244 5633 ingratus
3267 5573 3384 5625 eet;
3413 5559 3492 5615 ab.

1954 5779 1970 5808 ¹
2007 5776 2079 5825 sic
2101 5779 2174 5820 se.
2202 5776 2253 5819 et
2277 5767 2640 5824 prastautiores
2681 5769 2790 5813 mss.
2837 5769 2891 5810 At
2926 5765 3058 5813 ιον..
3090 5741 3504 5806 omnemi-atus.

1891 5847 1974 5891 εει.
