3968 6378
481 415 583 477 631

479 531 572 593 illo
598 527 745 590 enim
771 526 929 586 hbet
972 526 1229 603 quidquid
1270 526 1393 587 boui
1434 525 1613 587 habet.
1654 527 1737 584 Ab
1781 528 1895 597 ipso
1928 528 2073 584 enim

481 622 642 687 habet
666 620 1121 687 misericordiam,
1151 620 1409 693 quidquid
1437 630 1520 676 est
1546 622 1709 675 etiam
1738 621 1877 681 unde
1907 622 2073 677 tribu-

480 716 640 781 iutur.
668 715 749 775 Ad
777 715 880 782 hoc
918 715 1061 771 enim
1109 714 1411 777 tribulatur,
1444 730 1511 771 ne
1536 713 1836 783 superbiat;
1873 713 1939 767 ad
1972 713 2072 768 hoc

480 808 785 874 tribuistur,
810 817 867 861 ut
888 805 1107 862 humilis
1126 805 1684 876 agnoscatcxcelsum.
1717 805 1796 859 Tu
1822 819 1953 874 ergo
1972 805 2073 859 ini-

478 902 621 955 mico
653 910 765 964 tuo,
793 915 952 973 quem
984 898 1390 954 intolerabiliter
1418 898 1639 968 pateris,
1669 898 1793 967 quid
1818 899 2071 968 ιιι-ωειιίιί-

478 992 580 1045 sti?
603 989 661 1046 Si
690 990 780 1046 illc
805 1006 928 1045 eum
958 989 1117 1044 habet
1144 988 1414 1044 inimicum
1443 991 1531 1062 qui
1559 990 1611 1044 ei
1632 1000 1775 1044 tanta
1803 990 2067 1059 pmstitit,

477 1095 535 1138 et
560 1085 683 1155 facit
704 1082 862 1142 solens
886 1099 1036 1137 suum
1073 1083 1196 1139 oriri
1218 1099 1373 1152 super
1396 1084 1553 1137 bonos
1578 1094 1627 1138 et
1646 1082 1841 1147 malos,
1867 1092 1912 1139 et
1940 1083 2072 1153 pluit

478 1190 633 1246 super
656 1175 826 1246 justo:
855 1183 903 1229 et
930 1174 1179 1244 injustas;
1209 1182 1265 1229 tu
1289 1174 1379 1244 qui
1410 1188 1511 1228 nec
1534 1174 1703 1230 solem
1740 1181 1897 1243 potes
1940 1173 2070 1229 oriri

480 1265 675 1333 facere,
703 1282 803 1329 nec
826 1282 986 1340 super
1014 1279 1183 1328 terras
1210 1267 1414 1337 pluere,
1442 1267 1639 1338 aliquid
1670 1284 1832 1323 unum
1854 1284 2072 1325 servare

480 1359 697 1418 inimico
718 1375 824 1424 non
852 1371 1005 1430 potes
1021 1400 1040 1427 ,
1072 1369 1132 1416 ut
1151 1361 1222 1419 sit
1245 1360 1337 1418 tibi
1365 1377 1467 1433 pax
1494 1361 1547 1418 in
1575 1370 1719 1418 terra
1740 1361 1942 1417 homini
1973 1361 2071 1418 bo-

480 1467 563 1507 me
584 1451 875 1512 voluntatis
900 1452 919 1521 (
947 1450 1072 1507 Luc.
1108 1468 1164 1519 ιι,
1195 1451 1265 1510 ﬂ
1283 1451 1341 1526 )3
1377 1452 1522 1525 Ergo
1548 1454 1802 1523 quoniam
1830 1453 1948 1510 hinc
1974 1454 2069 1511 tibi

471 1542 778 1603 dilectionis
823 1543 1005 1617 regula
1052 1544 1252 1613 ﬁgitur,
1278 1554 1338 1600 ut
1374 1544 1589 1603 imitans
1630 1545 1843 1602 Patrem
1877 1546 2071 1616 diligas

476 1634 750 1695 inimicum
783 1652 798 1699 ξ
831 1634 1042 1707 Diligile
1065 1639 1227 1700 enim,
1251 1636 1443 1709 inquit,
1461 1636 1695 1693 inimicos
1716 1638 1949 1706 κεινοί(
1976 1636 2066 1693 Id.

474 1740 525 1778 vi
542 1767 557 1789 ,
605 1725 699 1791 2⁸1,
737 1725 808 1782 55
832 1725 852 1797 )
876 1743 891 1781 :
917 1727 968 1782 in
992 1727 1095 1782 hoc
1120 1735 1388 1799 prmeepto
1410 1728 1680 1798 quomodo
1699 1730 2030 1785 exercereris
2049 1771 2066 1796 ,

475 1818 519 1870 si
560 1817 763 1879 nullum
811 1817 1085 1873 inimicum
1122 1819 1418 1889 patereris?
1448 1818 1609 1874 Vides
1644 1834 1776 1890 ergo
1813 1820 2072 1890 prodesse

481 1909 576 1963 tibi
613 1908 813 1979 aliquid
839 1927 856 1967 :
883 1919 939 1967 et
959 1908 1105 1981 quod
1134 1911 1273 1966 Deus
1298 1910 1467 1981 parcit
1490 1912 1666 1977 malis,
1691 1913 1857 1981 prosit
1886 1913 1981 1967 tibi
2001 1913 2069 1969 ad

479 1998 777 2064 habendam
806 1998 1263 2067 misericordiam;
1304 2003 1430 2074 quia
1466 2013 1524 2060 et
1550 2012 1609 2059 tu
1649 2004 1786 2060 forte
1821 2006 1867 2060 si
1896 2004 2070 2060 bonus

479 2106 558 2155 es,
588 2107 654 2146 ex
680 2092 827 2149 malo
852 2091 1022 2147 factus
1046 2107 1106 2152 es
1133 2092 1336 2160 bonus;
1369 2102 1423 2151 et
1447 2094 1494 2151 si
1524 2094 1669 2151 Deus
1692 2110 1798 2151 non
1828 2107 2071 2167 parceret

478 2186 655 2252 malis,
686 2201 787 2242 nec
822 2195 880 2243 tu
918 2187 1009 2260 qui
1045 2187 1245 2258 gratias
1281 2202 1493 2259 ageres,
1526 2204 1835 2261 apparares.
1880 2190 2070 2246 Pareat

476 2293 607 2349 ergo
624 2279 741 2337 aliis
763 2280 854 2351 qui
886 2281 1126 2350 pepercit
1147 2290 1201 2336 et
1227 2277 1344 2336 tibi.
1371 2276 1490 2336 Non
1517 2280 1663 2337 enim
1684 2296 1814 2338 cum
1843 2282 2072 2338 transie-

475 2372 572 2435 ris,
602 2372 1003 2436 intercludenda
1029 2382 1111 2428 est
1129 2372 1215 2430 via
1242 2371 1479 2443 pietatis.

547 2465 603 2523 5.
626 2463 780 2525 Unde
798 2481 927 2537 ergo
952 2464 1055 2522 iste
1078 2475 1199 2521 orat
1222 2466 1427 2536 positus
1452 2467 1594 2523 inter
1619 2466 1814 2533 malos,
1840 2483 2069 2540 quorum

477 2556 769 2617 inimicitiis
798 2557 1185 2615 exercebatur?
1208 2558 1336 2630 quid
1362 2558 1476 2615 ait?
1514 2557 1853 2618 Contr-istaut
1878 2579 1992 2619 sum
2016 2564 2070 2618 in

475 2648 831 2708 exercitatione
866 2666 997 2715 mea,
1036 2659 1083 2705 et
1123 2651 1451 2707 conturbatus
1476 2667 1610 2708 sunt.
1653 2651 1792 2708 Cum
1830 2655 2073 2711 extendit

475 2742 819 2801 dilectionem
864 2751 924 2798 ut
961 2742 1147 2813 diligat
1189 2742 1458 2810 inimicos,
1494 2744 1718 2802 sli‘ectus
1760 2753 1846 2802 est
1888 2747 2065 2814 tmdio,

476 2835 768 2890 multorum
794 2834 1105 2902 inimicitiis,
1123 2832 1412 2890 multorum
1438 2835 1586 2893 rabie
1609 2834 2063 2905 circumluit-atus,

473 2935 532 2980 et
579 2926 807 2997 quadam
852 2924 1081 2984 humana
1127 2924 1438 2983 inﬁrmitate
1471 2929 1769 2983 succubuit.
1816 2928 1956 2985 Vidit
2011 2944 2073 2986 se

376 3032 379 3035 ·
472 3020 583 3088 jqu
628 3016 863 3086 incipere
901 3016 1168 3088 penetrari
1208 3017 1347 3072 mala
1386 3018 1732 3086 persuasione
1769 3018 2065 3088 diabolica,

476 3124 535 3164 ιιι
554 3110 736 3169 odium
756 3110 972 3167 inducat
992 3110 1011 3143 ¹
1034 3109 1318 3167 adversum
1345 3110 1589 3169 inimicos
1611 3131 1627 3167 :
1650 3113 1922 3171 reluctans
1940 3115 2072 3191 podio

476 3212 538 3257 ut
563 3203 845 3273 perliceret
868 3203 1037 3272 ipsam
1074 3201 1439 3266 dilectionem.
1466 3202 1521 3260 in
1561 3203 1677 3275 ipsa
1702 3220 1882 3277 pugna
1899 3216 1956 3263 et
1983 3207 2070 3263 lu-

475 3305 560 3350 cta
583 3293 825 3351 turbatus
846 3302 949 3350 est.
976 3292 1101 3365 Ejus
1123 3294 1269 3352 enim
1295 3309 1396 3351 vos
1422 3303 1579 3351 estet
1606 3293 1660 3350 in
1688 3296 1797 3353 alio
1819 3298 2027 3369 psalmo
2050 3316 2069 3354 :

479 3387 731 3443 Turbatus
757 3397 831 3442 est
849 3402 958 3458 pro:
972 3387 1053 3442 ira
1071 3387 1249 3444 oculus
1266 3403 1426 3443 meus.
1456 3387 1527 3444 Et
1550 3388 1678 3462 quid
1703 3389 1775 3446 ibi
1794 3391 2076 3464 sequitur'l

477 3481 762 3538 Inveteravi
784 3479 841 3537 in
868 3479 1100 3536 omnibus
1122 3479 1343 3537 inimicis
1366 3481 1534 3553 msis(
1562 3481 1708 3539 Psal.
1735 3498 1810 3549 vt,
1841 3483 1943 3558 8).
1968 3485 2072 3541 Vc—

480 3574 574 3630 luti
618 3574 671 3629 in
715 3581 1032 3644 tempestate
1066 3581 1121 3629 et
1166 3570 1417 3628 ﬂuctibus
1455 3574 1622 3646 mergi
1649 3584 1906 3646 coeperat,
1934 3577 2074 3633 sicut

478 3664 709 3735 Ρειιιιε(
740 3662 924 3719 Matth.
953 3677 1065 3729 xiv,
1094 3661 1168 3719 30
1184 3662 1225 3735 ).
1277 3662 1370 3721 ille
1387 3666 1532 3721 enim
1557 3665 1732 3723 calcat
1754 3665 1950 3725 ﬂuctus
1976 3668 2075 3724 hu-

473 3758 564 3823 jus
590 3755 794 3821 saeculi,
816 3754 909 3825 qui
932 3753 1103 3826 diligit
1126 3754 1392 3811 inimicos.
1433 3755 1682 3812 Christus
1707 3754 1762 3813 in
1792 3759 1927 3814 mari
1956 3774 2075 3813 sm-

478 3846 697 3901 lmlaliat
743 3844 1061 3916 intrepidus,
1104 3845 1259 3916 cujus
1295 3848 1515 3906 omnino
1555 3848 1625 3904 de
1669 3849 1835 3906 corde
1874 3848 2072 3907 auferri

478 3952 588 3991 non
630 3945 839 4007 poterat
882 3936 1082 3993 inimici
1128 3936 1387 3994 dilectio:
1418 3938 1506 4010 qui
1539 3938 1779 4009 pendens
1819 3937 1874 4017 iu
1911 3954 2075 3997 cruce

477 4027 706 4093 diccbat,
738 4025 915 4094 Pater,
946 4028 1149 4099 ignosce
1174 4026 1297 4091 illis,
1327 4030 1449 4101 quia
1472 4029 1703 4085 nesciunt
1727 4030 1853 4103 quid
1876 4031 2074 4100 faciunt

481 4119 644 4186 (Luc.
670 4135 828 4186 χχιιι,
857 4121 926 4176 34
945 4120 986 4191 ).
1015 4122 1081 4176 Ει
1109 4120 1299 4177 Petrus
1320 4121 1485 4199 voluit
1507 4120 1807 4178 ambulare.
1832 4120 1931 4179 Ille
1956 4131 2075 4179 tan-

475 4224 635 4283 quam
660 4221 838 4282 caput,
856 4211 1048 4269 Petrus
1072 4219 1321 4285 utiquam
1343 4228 1541 4285 corpus
1568 4230 1582 4268 :
1612 4214 1733 4284 quia
1758 4230 1914 4285 super
1940 4216 2074 4271 lianc

476 4313 671 4373 petram
693 4345 710 4370 ,
737 4304 928 4376 inquit,
953 4306 1219 4375 aediﬁcabo
1248 4304 1529 4363 Ecclesium
1559 4324 1745 4363 meatu.
1769 4308 1961 4365 Jussus
1988 4320 2073 4367 est

476 4395 783 4463 ambulare,
812 4406 869 4452 et
904 4396 1214 4453 ambulabat
1246 4398 1418 4466 gratia
1447 4398 1708 4469 iubentis,
1734 4415 1841 4456 non
1871 4401 2071 4460 viribus

473 4488 606 4543 suis.
650 4486 759 4545 Sed
798 4504 924 4545 cum
970 4489 1180 4545 videret
1220 4497 1441 4546 ventum
1478 4488 1737 4558 validum,
1783 4492 1986 4558 timuit;
2017 4502 2074 4549 et

475 4578 642 4650 mergi
667 4579 778 4647 jam
804 4588 1065 4652 cmperat,
1092 4580 1445 4637 conturbatus
1465 4580 1518 4635 in
1541 4582 1930 4640 exercitatione
1949 4576 2069 4640 sua.

474 4674 515 4726 Α
547 4686 655 4741 quo
682 4682 841 4727 vento
867 4670 1044 4728 valido
1062 4671 1088 4722 τ
1118 4672 1165 4726 Α
1189 4687 1309 4727 uoce
1336 4672 1566 4738 inimici,
1605 4682 1653 4727 et
1680 4689 1713 4727 a
1744 4674 2073 4732 tribulatione

472 4764 767 4831 peccatoris.
813 4762 955 4833 Ergo
991 4762 1262 4833 quomodo
1288 4763 1375 4819 ille
1412 4763 1663 4819 clamavit
1704 4764 1759 4820 in
1800 4764 2067 4837 ﬂuctibus,

472 4852 708 4919 Domine,
739 4871 906 4924 perm.
934 4855 1076 4908 salva
1100 4871 1179 4909 me
1203 4853 1419 4928 (Matth.
1445 4870 1562 4923 xtv,
1594 4856 1715 4928 30);
1744 4858 1866 4914 talis
1888 4871 1941 4915 et
1966 4860 2068 4917 bu-

465 4946 555 5016 jus
582 4963 681 5001 vox
715 4945 1010 5017 priecessit,
1025 4946 1253 5010 Exaudi,
1276 4946 1435 5013 Deus,
1457 4947 1862 5019 deprecationem
1880 4969 2065 5021 meum,

468 5049 519 5093 et
547 5056 611 5094 ne
631 5040 922 5109 despexeris
951 5056 1147 5109 precem
1173 5056 1337 5094 ιιιεαιιι
1359 5056 1380 5095 :
1402 5040 1608 5097 intende
1632 5043 1783 5111 mihi,
1806 5056 1857 5099 et
1878 5048 2066 5102 medi

469 5146 566 5184 me.
614 5130 831 5197 Quare?
869 5130 994 5201 quid
1020 5131 1163 5185 enim
1193 5132 1430 5199 pateris?
1471 5132 1596 5201 quid
1621 5135 1832 5205 gemis?
1858 5137 2066 5191 Contri-

467 5231 625 5275 status
659 5238 771 5275 sunt
795 5222 851 5276 in
886 5222 1242 5277 aret-citatione
1265 5238 1396 5277 mea.
1429 5222 1684 5282 Exerccri
1722 5242 1810 5283 me
1846 5229 2061 5295 quidem

470 5311 609 5369 inter
633 5315 803 5369 malos
830 5314 1088 5384 posuisti,
1127 5314 1221 5370 sed
1262 5314 1421 5371 nimis
1453 5332 1874 5375 exsurrexeruut
1900 5337 2060 5392 supra

466 5405 612 5457 vires
638 5417 820 5460 meas:
851 5404 1131 5475 tranquilla
1166 5404 1554 5474 perturbatum,
1586 5425 1802 5465 manum
1831 5415 2061 5468 extemle

468 5492 747 5561 mergenti.
770 5492 1104 5549 Coutristatus
1123 5511 1237 5549 sunt
1259 5496 1314 5550 in
1332 5498 1691 5554 exercitatione
1708 5518 1839 5566 mea,
1861 5514 1910 5559 et
1936 5521 2061 5559 eou-

466 5586 693 5638 turbatus
711 5600 824 5638 sum
847 5601 879 5637 a
897 5600 1018 5640 voce
1039 5584 1251 5651 inimici.
1268 5596 1319 5642 et
1336 5604 1371 5644 ιι
1396 5588 1721 5647 tribulatione
1742 5596 2019 5664 mutaris
2036 5611 2059 5653 :

410 5720 427 5757 Δ,
461 5678 700 5742 quoniam
723 5675 1097 5731 declinaverunt
1121 5677 1175 5732 in
1197 5693 1279 5735 me
1295 5678 1609 5752 iniquitatem
1634 5685 1677 5753 ³,
1708 5688 1826 5742 etin
1852 5688 1930 5742 ira
1957 5689 2056 5742 ad-

526 5790 545 5822 ⁸
581 5788 762 5851 Aliquot
788 5796 913 5849 llas,
934 5789 1123 5844 induat.

525 5851 548 5882 ¹
580 5853 651 5902 Sic
674 5855 887 5912 [mlieres
908 5860 1011 5903 Mss.
1032 5856 1173 5915 juxta
1197 5857 1497 5911 Graecum.
1519 5866 1576 5911 At
1597 5862 1730 5923 est,
1756 5859 2053 5927 in'qaritatts.

1722 414 1781 468 S.
1824 412 2194 473 AUGUSTINI
2233 415 2534 475 EPISCOPI

3680 423 3782 481 633

2182 529 2482 585 umbrabant
2521 546 2619 586 me.
2670 532 2909 592 Audistis
2954 534 3145 592 ﬂuctus
3187 548 3244 593 et
3274 547 3777 609 ventosumque.

2178 620 2457 678 humiliato
2482 623 2829 692 insultabant,
2851 635 2907 683 et
2925 627 3014 684 ille
3033 628 3250 693 orabat;
3276 630 3507 701 undique
3534 632 3610 687 illi
3635 640 3775 688 stre.

2178 710 2289 783 pitu
2336 713 2693 769 insultationis
2719 717 3030 786 szeviebant,
3076 716 3132 775 at
3171 718 3265 777 ille
3301 720 3446 775 intus
3490 722 3771 779 invocabat

2176 818 2334 873 quem
2363 819 2472 861 non
2498 804 2769 864 videbant.

2248 892 2303 948 6.
2331 893 2464 949 Cum
2497 896 2699 967 aliquid
2736 897 2843 954 tale
2879 899 3079 970 patitur
3101 900 3448 969 christianus,
3479 919 3587 960 non
3609 903 3771 964 debet

2177 981 2335 1040 facile
2371 985 2518 1041 velut
2549 986 2675 1043 odio
2719 991 2890 1045 irein
2929 1006 3058 1048 eum
3098 1008 3132 1048 ι
3169 1008 3277 1065 quo
3306 996 3524 1065 patitur,
3552 1007 3610 1053 et
3633 998 3771 1054 velle

2176 1085 2392 1131 ventum
2423 1077 2674 1147 vincere;
2704 1080 2799 1135 sed
2833 1093 3149 1140 convertere
3168 1099 3229 1140 se
3250 1086 3317 1141 ad
3346 1090 3671 1156 orationem,
3702 1105 3771 1148 ne

2174 1167 2381 1223 amittat
2405 1168 2766 1226 dilectionem.
2788 1171 2973 1244 Neque
2993 1175 3137 1230 enim
3160 1175 3454 1234 timendum
3479 1188 3563 1235 est
3583 1195 3653 1236 ne
3671 1180 3768 1236 sli-

2175 1258 2303 1327 quid
2331 1258 2489 1315 faciat
2514 1262 2678 1317 homo
2702 1264 2969 1321 inimicus.
3011 1265 3151 1335 Quid
3178 1266 3323 1325 enim
3361 1268 3615 1327 facturus
3637 1272 3769 1328 est?

2174 1347 2335 1404 Multa
2364 1352 2505 1406 mala
2530 1351 2795 1423 dicturus,
2822 1356 3111 1426 opprobria
3126 1358 3478 1431 jaculaturus,
3501 1363 3555 1418 in
3584 1363 3771 1422 eonvi-

2174 1441 2273 1497 ciis
2295 1443 2577 1502 serviturus
2606 1462 2623 1500 :
2650 1446 2745 1503 sed
2773 1448 2899 1519 quid
2928 1449 3061 1506 tibi?
3105 1449 3351 1521 Gaudete,
3383 1454 3569 1525 inquit,
3601 1465 3650 1510 et
3674 1472 3768 1511 ea:-

2172 1534 2606 1606 sttttatequoniam
2626 1549 2986 1596 utercumtra
3008 1557 3196 1615 magna
3219 1544 3363 1598 estin
3387 1546 3527 1600 cretis
3546 1545 3764 1615 (Matth.

2176 1637 2233 1687 v,
2264 1624 2391 1696 ιι).
2431 1625 2523 1683 Ille
2549 1627 2602 1683 in
2630 1639 2769 1684 terra
2792 1632 3035 1702 geminat
3062 1634 3326 1704 convicia,
3356 1643 3411 1692 tu
3442 1638 3495 1693 in
3523 1641 3662 1701 equo
3688 1640 3771 1696 lu-

2174 1729 2287 1770 cra.
2318 1716 2433 1773 Sed
2461 1721 2647 1776 saeviat
2672 1723 2923 1792 amplius,
2959 1724 3127 1795 possit
3163 1734 3219 1781 et
3254 1726 3451 1798 aliquid
3480 1730 3715 1799 amplius
3746 1749 3762 1785 :

2174 1809 2301 1877 quid
2331 1818 2386 1867 te
2412 1814 2673 1879 securius,
2695 1817 2779 1871 cui
2803 1816 3003 1873 dictum
3030 1827 3113 1873 est
3136 1861 3152 1883 ,
3181 1819 3356 1875 Nolite
3373 1820 3551 1877 tium
3572 1838 3660 1879 eos
3679 1826 3768 1895 qui

2172 1915 2359 1972 corpus
2402 1904 2661 1967 occidunt,
2688 1907 2914 1962 animans
2948 1919 3117 1965 autem
3157 1926 3260 1965 non
3301 1923 3511 1982 possunt
3538 1914 3768 1969 occidere

2174 1990 2287 2065 (Id.
2316 2009 2369 2060 x,
2391 1994 2529 2068 ειν
2564 1997 2700 2066 Quid
2729 2009 2814 2053 est
2843 2015 2972 2071 ergo
2996 2000 3291 2059 timendum
3326 2004 3542 2075 quando
3566 2007 3767 2078 pateris

2174 2083 2448 2143 inimicum
2465 2087 2491 2142 ι
2507 2085 2589 2144 Ne
2614 2091 2964 2147 conturhctur
2984 2092 3078 2148 tibi
3101 2092 3319 2150 dilectio
3342 2111 3443 2166 qua
3469 2096 3647 2164 diligis
3666 2112 3768 2148 ιιιι-

2174 2178 2396 2235 micum.
2427 2180 2637 2237 Etenim
2664 2182 2910 2241 inimicus
2936 2185 3024 2241 ille
3059 2184 3254 2252 homo,
3290 2202 3414 2241 caro
3443 2199 3498 2242 et
3525 2189 3763 2260 sanguis,

2173 2271 2316 2339 quod
2346 2270 2489 2326 videt
2528 2272 2582 2328 in
2618 2281 2672 2329 te
2704 2274 2926 2345 appetit.
2970 2277 3122 2331 Alius
3161 2285 3338 2333 autem
3385 2278 3633 2336 inimicus
3665 2294 3763 2336 oc-

2174 2360 2351 2415 cultus
2371 2403 2388 2427 ,
2430 2374 2608 2418 rector
2642 2362 2831 2444 harum
2861 2365 3202 2423 tenebrarum
3237 2382 3369 2440 quas
3398 2375 3453 2424 tu
3485 2371 3685 2440 pateris
3709 2371 3763 2427 in

2174 2466 2335 2507 carne
2358 2461 2417 2508 et
2441 2454 2721 2525 sanguine,
2743 2457 2971 2513 alterum
2996 2459 3264 2513 occultum
3294 2468 3440 2515 tuum
3473 2461 3629 2531 petit,
3652 2461 3767 2518 the-

2173 2555 2364 2598 sam-os
2390 2553 2511 2600 tuos
2537 2545 2823 2603 interiores
2860 2548 3157 2620 deprmdari
3193 2561 3246 2606 et
3288 2562 3500 2608 vastare
3528 2554 3766 2612 molitur.

2174 2633 2321 2689 Duos
2342 2649 2473 2708 ergo
2507 2637 2753 2694 inimicos
2778 2640 3043 2697 constitue
3073 2642 3167 2698 tibi
3202 2651 3327 2698 ante
3355 2644 3575 2710 oculos;
3608 2661 3767 2701 unum

2174 2734 2441 2794 apertum,
2468 2735 2524 2781 et
2550 2726 2781 2786 alterum
2806 2729 3078 2786 occultum
3110 2748 3123 2782 :
3155 2741 3420 2801 apertum,
3454 2733 3764 2799 hominem;

2174 2815 2461 2884 occultum,
2489 2817 2782 2874 diabolum.
2811 2819 2984 2877 Homo
3004 2820 3093 2876 ille
3120 2822 3221 2878 hoc
3236 2833 3319 2878 est
3336 2823 3475 2893 quod
3498 2834 3554 2879 tu
3574 2839 3768 2881 secun-

2173 2906 2302 2962 dum
2346 2918 2588 2964 naturam
2633 2910 2940 2977 humanam,
2972 2912 3263 2969 secundum
3292 2914 3450 2970 fidem
3497 2924 3677 2972 autem
3715 2927 3771 2973 et

2175 3000 2514 3059 dilectionem
2532 3004 2767 3061 nondum
2787 3006 2929 3077 quod
2948 3015 3024 3068 tu.
3045 3007 3138 3062 sed
3169 3007 3362 3078 poterit
3379 3024 3500 3066 esse
3523 3010 3667 3080 quod
3691 3019 3765 3068 tu.

2174 3089 2310 3145 Cum
2352 3107 2484 3163 ergo
2514 3093 2623 3148 sint
2655 3094 2786 3163 duo,
2818 3112 2979 3151 unum
3026 3097 3171 3165 vide,
3216 3099 3440 3153 alterum
3488 3097 3764 3171 lntellige;

2176 3199 2342 3241 unum
2371 3185 2553 3257 dilige,
2580 3186 2807 3243 alterum
2832 3203 2983 3245 cave.
3030 3189 3268 3260 Namque
3310 3201 3363 3246 et
3406 3192 3648 3248 inimicus
3683 3193 3769 3248 ille

2174 3291 2335 3347 quem
2362 3277 2533 3347 vides,
2564 3279 2668 3336 hoc
2704 3281 2758 3336 in
2800 3288 2855 3338 te
2888 3281 3002 3337 vult
3037 3283 3319 3340 humiliare
3349 3284 3490 3339 unde
3518 3286 3764 3341 vincitur.

2180 3368 2336 3426 Verbi
2361 3370 2552 3441 gratia,
2569 3372 2614 3426 si
2631 3370 2832 3427 divitiis
2855 3372 2960 3429 tuis
2987 3374 3235 3436 vincitur,
3262 3390 3550 3446 pauperem
3580 3386 3635 3433 te
3655 3377 3762 3432 vult

2177 3458 2383 3527 facere;
2410 3460 2455 3515 si
2477 3460 2682 3517 honore
2703 3470 2795 3518 tuo
2810 3462 3060 3531 vincitur,
3081 3463 3334 3521 humilem
3351 3474 3404 3521 te
3424 3467 3538 3520 vult
3555 3466 3763 3533 facere;

2176 3551 2222 3606 si
2246 3551 2450 3607 viribus
2478 3551 2584 3607 tuis
2610 3552 2883 3622 vincitur,
2921 3554 3153 3611 debilem
3198 3565 3251 3612 te
3292 3556 3403 3612 vult
3454 3556 3633 3614 facere
3662 3576 3678 3614 :
3705 3575 3765 3615 ea

2176 3658 2308 3714 ergo
2351 3644 2578 3699 attendit
2618 3644 2672 3701 in
2720 3652 2776 3701 te
2818 3648 2903 3702 vel
2948 3646 3184 3717 dejicere
3210 3648 3293 3705 vel
3331 3650 3545 3706 auferre
3572 3651 3763 3723 quibus

2168 3734 2426 3811 vincitur.
2466 3734 2537 3791 Et
2572 3734 2663 3792 ille
2695 3737 2938 3793 occultus
2962 3737 3211 3795 iuisuicus
3245 3740 3377 3797 illud
3403 3741 3494 3819 tibi
3520 3742 3638 3799 vult
3664 3744 3765 3798 tol-

2177 3824 2290 3879 lere
2314 3825 2456 3881 unde
2490 3826 2738 3883 vincitur.
2794 3827 2967 3885 Homo
3003 3832 3145 3886 enim
3188 3832 3456 3889 hominem
3478 3835 3648 3891 vincis
3670 3836 3749 3891 bu.

2177 3930 2332 3971 mana
2377 3915 2631 3975 felicitate
2651 3960 2670 3986 ,
2709 3918 2979 3976 diabolum
3007 3932 3183 3977 autem
3209 3924 3377 3981 vincis
3398 3925 3600 3982 inimici
3630 3927 3760 3983 dile-

2174 4006 2375 4063 ctione.
2416 4006 2698 4076 Quomodo
2740 4024 2873 4082 ει·εο
2913 4010 3077 4068 homo
3105 4012 3276 4072 ambit
3314 4014 3528 4072 aulerre
3571 4016 3688 4087 tibi,
3715 4027 3768 4075 ct

2177 4096 2519 4163 detruncare,
2548 4110 2638 4155 aut
2677 4104 2957 4159 evertere‘
3006 4104 3311 4162 felicitatem
3351 4123 3453 4179 qua
3497 4108 3763 4179 vincitur,

2175 4188 2256 4243 sic
2280 4199 2336 4243 et
2362 4189 2609 4246 diabolus
2636 4191 2910 4249 hominem
2937 4195 3047 4250 vult
3070 4194 3283 4253 vincere
3305 4198 3601 4255 auferendo
3626 4202 3765 4258 unde

2175 4278 2427 4335 vincitur.
2468 4280 2576 4336 Sed
2612 4297 2741 4338 cura
2771 4283 2823 4337 iu
2857 4284 3021 4339 corde
3048 4301 3263 4343 servare
3292 4287 3488 4346 inimici
3520 4290 3762 4347 dilectio-

2176 4388 2323 4440 nem,
2347 4390 2450 4445 qua
2474 4375 2746 4431 diabolum
2767 4378 2955 4433 vincis.
2986 4378 3183 4435 Smiut
3208 4380 3369 4436 homo
3392 4393 3647 4454 quantum
3674 4401 3766 4455 po-

2176 4471 2319 4524 test.
2349 4467 2556 4523 auferat
2578 4468 2832 4539 quidquid
2859 4480 3069 4540 potest;
3111 4473 3155 4527 si
3185 4471 3423 4543 diligitur
3445 4482 3632 4544 aperte
3659 4491 3763 4532 ste-

2175 4557 2347 4626 viens,
2377 4558 2549 4614 victus
2576 4569 2663 4614 cst
2688 4561 2897 4623 occulte
2924 4563 3171 4618 saivicns.

2245 4651 2302 4707 7.
2340 4652 2412 4708 At
2440 4652 2542 4707 iste
2564 4653 2911 4709 conturbatum
2950 4665 3005 4709 et
3028 4657 3376 4711 contristatus
3396 4657 3604 4725 orabat,
3646 4668 3764 4716 uno

2173 4761 2333 4816 quam
2375 4745 2585 4818 turbato
2616 4763 2726 4818 prte
2749 4747 2826 4803 ira
2851 4748 3011 4804 oculo
3056 4764 3177 4803 suo.
3222 4749 3302 4805 ira
3329 4765 3463 4807 vero
3497 4750 3673 4810 fratris
3719 4754 3765 4812 si

2174 4836 2334 4893 fuerit
2362 4839 2677 4905 inveterata,
2716 4839 2828 4910 jam
2855 4840 3038 4897 odium
3066 4851 3171 4898 est.
3217 4840 3298 4897 Ira
3328 4842 3503 4899 turbat
3527 4845 3761 4912 oculum,

2171 4929 2355 4986 odium
2395 4917 2732 5002 exstinguit:
2765 4932 2841 4986 ira
2870 4931 3068 4988 festuca
3094 4943 3197 5001 est,
3238 4933 3419 4989 odium
3449 4934 3635 4991 trabes
3660 4948 3761 4992 est.

2172 5019 2477 5090 Aliquando
2512 5022 2674 5076 odisti
2726 5032 2783 5078 et
2834 5022 3061 5093 corripis
3104 5023 3454 5092 lrasceutem;
3502 5025 3557 5083 in
3594 5036 3650 5083 te
3684 5038 3761 5085 est

2170 5114 2377 5179 odium,
2406 5113 2459 5169 iu
2500 5112 2593 5169 illo
2625 5115 2704 5169 ira
2729 5131 2889 5186 quem
2914 5116 3178 5187 corripis:
3210 5118 3401 5174 merito
3427 5118 3522 5174 tibi
3546 5118 3758 5186 dicitur,

2170 5207 2316 5279 Ejice
2336 5209 2557 5279 primum
2588 5211 2778 5264 trabem
2805 5210 2869 5263 de
2890 5210 3038 5264 oculo
3063 5221 3171 5277 tuo,
3202 5220 3250 5265 et
3275 5212 3349 5266 sic
3376 5210 3563 5266 videbis
3586 5212 3762 5284 ejicere

2169 5301 2411 5370 festucam
2437 5298 2500 5353 de
2523 5299 2672 5353 oculo
2695 5299 2873 5370 fratris
2901 5302 2975 5355 tui
3000 5300 3216 5372 (Matth.
3244 5301 3299 5369 7,
3327 5302 3409 5374 5).
3436 5302 3569 5359 Nam
3586 5312 3644 5358 ut
3669 5320 3763 5360 no.

2168 5390 2351 5443 veritis
2378 5399 2635 5459 quantum
2664 5390 2874 5445 intersit
2902 5390 3042 5446 inter
3082 5392 3217 5447 iram
3250 5399 3306 5448 et
3329 5392 3515 5449 odium
3542 5411 3559 5447 :
3589 5397 3735 5465 quoii

2164 5484 2252 5537 die
2282 5484 2528 5538 homines
2558 5485 2861 5540 irascuntur
2898 5484 3025 5541 filiis
3065 5486 3219 5551 suis;
3267 5485 3398 5543 date
3431 5487 3525 5560 qui
3548 5487 3760 5543 oderint

2165 5573 2307 5630 filios
2332 5588 2482 5629 suos.
2532 5574 2891 5631 Conturbatus
2931 5576 3031 5630 iste
3075 5575 3266 5631 orabat
3305 5586 3360 5631 et
3396 5578 3756 5643 contristatus,

2163 5665 2371 5720 luctans
2411 5665 2671 5721 adversus
2709 5668 2888 5722 omnia
2937 5669 3175 5723 convicia
3213 5669 3452 5723 omnium
3488 5670 3755 5726 convicia-

2163 5765 2378 5820 torum;
2410 5772 2517 5812 non
2547 5768 2605 5811 ut
2633 5757 2867 5828 aliquem
2912 5772 3100 5814 eorum
3145 5760 3446 5816 convicium
3478 5759 3753 5819 reici-endo

2227 5868 2245 5899 ⁸
2280 5865 2414 5929 ωτι..
2437 5877 2672 5924 avertere.
2698 5876 2756 5921 st
2777 5876 2911 5934 uss.
2926 5876 3158 5924 euertere.
