3968 6424
195 523 290 581 635

195 646 439 710 vinceret,
489 643 585 701 sed
625 659 694 701 ne
732 643 964 716 aliquem
991 659 1176 700 eorum
1214 641 1438 698 odisset.
1474 638 1607 696 Hinc
1631 643 1768 698 orat,

196 735 310 791 hinc
345 736 492 804 petit.
522 736 568 790 Δ
594 751 711 791 uoce
732 734 942 799 inimici,
991 746 1038 789 et
1061 752 1094 788 a
1118 733 1437 788 tribulatione
1464 727 1739 801 peccatoris
1758 740 1777 777 :

191 828 420 897 quoniam
463 826 840 884 declinaverunt
889 827 944 880 in
985 842 1064 880 me
1109 824 1443 894 iniquitatem,
1507 833 1554 875 et
1598 821 1650 873 in
1698 818 1776 871 ira

191 918 549 972 adumbrabant
586 933 685 971 me.
733 915 834 973 Cor
875 932 1040 970 meum
1090 914 1444 969 conturbatum
1478 922 1551 966 est
1580 913 1633 964 in
1674 927 1772 963 me.

195 1009 298 1064 Hoc
322 1019 401 1064 est
432 1008 558 1064 illud
581 1009 706 1062 alibi
735 1007 934 1062 dictum
960 1025 977 1061 :
1008 1005 1263 1060 Turbatus
1282 1016 1352 1060 est
1373 1018 1480 1074 pra:
1501 1007 1575 1056 ira
1602 1001 1776 1055 oculus

194 1119 326 1157 sicas
347 1103 516 1176 (Psal.
549 1116 624 1167 vr,
654 1100 732 1172 8).
756 1100 825 1156 Et
848 1101 892 1155 si
919 1099 1105 1156 oculus
1137 1099 1375 1153 turbatus
1396 1104 1494 1156 est,
1527 1094 1652 1165 quid
1688 1109 1778 1146 se-

191 1196 404 1266 quitur?
432 1194 502 1251 Et
525 1205 685 1251 metus
711 1196 886 1249 mortis
922 1193 1102 1247 cecidit
1139 1207 1287 1262 super
1311 1207 1410 1246 me.
1452 1189 1568 1242 Vita
1598 1194 1776 1240 nostra

191 1288 399 1344 dilectio
440 1297 569 1343 est:
613 1286 661 1342 si
686 1287 791 1342 vita
821 1286 1059 1351 dilectio,
1109 1298 1256 1340 mors
1282 1281 1464 1338 odium
1500 1291 1601 1336 est.
1644 1279 1775 1332 Cum

189 1380 409 1451 eruperit
432 1381 594 1435 homo
621 1378 810 1434 timere
846 1393 913 1433 ne
933 1377 1107 1432 oderit
1133 1390 1292 1446 quem
1315 1373 1589 1444 diligebat,
1629 1387 1778 1424 mor-

191 1480 294 1526 tem
324 1473 507 1538 timet;
548 1480 603 1526 et
629 1471 889 1526 acriorem
929 1477 1180 1530 mortem,
1214 1475 1267 1521 et
1295 1466 1604 1520 interiorem
1637 1477 1779 1515 inor.

190 1572 320 1630 tem,
361 1578 462 1634 qua
501 1561 764 1618 occiditur
805 1560 1003 1627 anima,
1045 1574 1150 1613 non
1184 1573 1399 1626 corpus.
1453 1554 1781 1612 Attendebas

191 1653 458 1709 hominem
489 1654 796 1708 saevientem
821 1652 874 1705 in
895 1661 946 1706 te
971 1668 982 1702 :
1015 1649 1141 1719 quid
1163 1659 1276 1703 erat
1309 1646 1566 1714 factm-us,
1594 1653 1780 1699 contra

189 1762 344 1816 quem
374 1745 465 1799 tibi
489 1743 830 1800 securitatem
859 1752 979 1797 tuus
1009 1741 1266 1795 Dominus
1297 1737 1537 1800 dederat,
1570 1734 1779 1797 dicens,

192 1838 366 1896 Nolite
399 1838 574 1892 timere
603 1852 688 1890 eos
723 1835 808 1904 qui
837 1851 1023 1903 corpus
1050 1832 1286 1887 occidunt
1324 1829 1538 1900 (Matth.
1567 1843 1622 1892 ι,
1649 1824 1784 1896 28)?

194 1931 289 1988 llle
313 1928 584 1985 sawiendo
598 1943 793 1998 corpus
809 1925 1023 1990 occidit,
1050 1933 1107 1980 tu
1131 1923 1256 1978 odio
1275 1921 1526 1978 habendo
1547 1920 1781 1974 animam

187 2019 472 2086 occidisti;
510 2029 567 2074 et
595 2018 682 2073 ille
705 2031 900 2087 corpus
939 2016 1198 2078 alienum.
1247 2023 1304 2072 tu
1341 2013 1572 2068 animam
1614 2023 1784 2065 tuam.

191 2113 359 2169 Metus
377 2126 509 2183 ergo
535 2110 712 2164 mortis
734 2108 911 2164 cecidit
937 2122 1088 2188 super
1111 2122 1212 2160 me.

261 2204 314 2259 8.
357 2203 508 2277 [rem
540 2198 689 2273 6-8.]
731 2198 908 2254 Timor
936 2209 984 2252 et
1023 2207 1211 2251 tremor
1232 2204 1472 2252 venerunt
1509 2210 1662 2262 super
1683 2209 1782 2257 me,

189 2307 237 2350 et
259 2302 585 2349 coniecerunt
617 2309 694 2345 me
732 2291 966 2344 tenebrte.
997 2287 1065 2344 Et
1092 2288 1220 2342 dimi.
1251 2287 1351 2355 Qui
1380 2285 1528 2340 audit
1565 2284 1784 2338 fratrem

189 2404 370 2454 suum,
403 2389 454 2443 in
486 2383 721 2440 tenebris
748 2391 832 2437 est
857 2396 1027 2450 usque
1057 2378 1254 2434 adhuc.
1279 2378 1334 2433 Si
1363 2377 1577 2432 dilectio
1607 2377 1782 2429 lumen

190 2493 297 2544 est,
328 2478 509 2534 odium
557 2475 790 2532 tenebrat
819 2475 864 2546 (l
897 2472 1054 2527 Joan.
1087 2487 1145 2536 ιι,
1179 2469 1359 2539 9-H).
1411 2468 1480 2523 Et
1522 2466 1646 2537 quid
1687 2465 1786 2519 sibi

191 2576 270 2630 ait
296 2574 348 2627 in
377 2573 463 2627 illa
504 2570 812 2624 inllrmitate
849 2566 1073 2635 positus,
1119 2572 1178 2618 et
1206 2563 1260 2618 in
1293 2560 1380 2616 illa
1407 2559 1789 2615 exercitatione

191 2664 475 2723 turbatus?
520 2662 647 2730 Quis
685 2660 823 2714 dabit
866 2658 992 2713 mihi
1036 2672 1228 2728 pennas
1266 2654 1395 2708 sicut
1437 2651 1701 2714 columbat,
1743 2657 1789 2703 et

189 2757 395 2823 volabo,
421 2765 466 2809 et
484 2754 790 2822 requiescam
805 2751 832 2804 7
855 2752 957 2804 Aut
981 2757 1207 2802 mortem
1228 2744 1465 2814 optabat,
1492 2750 1583 2795 aut
1603 2741 1785 2797 solitu-

189 2853 375 2908 durem
392 2846 748 2904 desiderabat.
769 2841 1052 2913 Quamdiu,
1074 2838 1265 2910 inquit.
1288 2837 1340 2891 id
1363 2850 1570 2892 mecum
1594 2835 1788 2902 agitur,

193 2944 248 2999 id
279 2942 408 2996 mihi
439 2938 742 3009 pru‘cipitur
763 2945 820 2988 ut
843 2933 1087 2990 inimicos
1111 2930 1351 3000 diligam,
1381 2927 1623 2982 corivicia
1659 2926 1792 2979 isto-

189 3054 317 3095 rum
367 3030 760 3089 crebrescentia
802 3037 857 3083 et
905 3025 1274 3080 adumbrantia
1321 3037 1427 3086 me,
1454 3026 1794 3075 commovent

188 3127 412 3184 oculum
459 3138 661 3188 meum,
703 3117 1016 3191 perturbant
1056 3117 1231 3171 lumen
1273 3129 1487 3179 meum,
1538 3116 1795 3179 appetunt

189 3236 294 3276 cur
340 3231 542 3280 meum,
596 3210 922 3266 interﬁciunt
971 3208 1204 3263 animam
1254 3220 1450 3260 meam.
1493 3201 1697 3258 Vellem
1739 3209 1797 3254 ut

189 3310 424 3374 abirem,
454 3305 548 3360 sed
577 3305 820 3359 inllrmus
839 3317 979 3366 sum,
1017 3317 1084 3356 ne
1117 3297 1380 3353 manendo
1408 3310 1631 3366 augeam
1662 3307 1794 3364 pec-

187 3413 315 3458 cata
340 3399 607 3470 peccatis:
637 3406 728 3451 aut
745 3405 892 3453 certe
913 3408 1196 3463 separarer
1229 3391 1498 3461 paululum
1535 3402 1569 3445 a
1595 3402 1797 3458 genere

190 3498 458 3557 lnuuano,
486 3507 555 3548 ne
583 3489 815 3561 patiatur
832 3488 1027 3543 vulnus
1051 3501 1228 3541 meum
1257 3485 1476 3540 crebras
1503 3483 1703 3552 plagas,
1739 3491 1798 3536 ut

187 3595 446 3643 sanatum
488 3579 851 3637 exercitationi
893 3577 1169 3634 reddatur.
1210 3575 1295 3631 Fit
1337 3575 1459 3634 hoc.
1498 3573 1712 3640 fratres,
1742 3582 1797 3628 et

189 3678 370 3747 surgit
400 3677 715 3745 plerumque
755 3671 808 3727 in
837 3670 1018 3724 animo
1046 3668 1186 3723 servi
1217 3666 1313 3722 Dei
1349 3664 1673 3721 desiderium
1702 3678 1797 3718 so-

189 3769 462 3831 litudinis,
510 3781 619 3821 non
647 3765 718 3820 ob
745 3762 886 3817 aliud
929 3761 1031 3816 nisi
1064 3767 1282 3830 propter
1326 3759 1532 3811 turbam
1577 3755 1798 3810 tribula-

191 3867 407 3920 tionum
433 3871 487 3915 et
511 3857 908 3922 scaudalorum,
935 3865 990 3910 et
1011 3854 1139 3908 dicit
1164 3867 1178 3904 :
1208 3851 1334 3917 Quis
1363 3851 1488 3903 mihi
1517 3848 1654 3902 dabit
1677 3866 1796 3918 pen-

189 3954 336 4008 uas?
366 3950 522 4005 Videt
556 3963 617 4003 se
655 3948 771 4001 sine
797 3945 1012 4016 pennis,
1052 3958 1122 3997 an
1156 3942 1334 4011 potius
1369 3938 1544 4009 ligatis
1573 3938 1798 4006 pennis?

190 4048 256 4103 Si
288 4046 511 4108 desunt,
539 4041 772 4104 dentur;
820 4037 865 4093 si
904 4037 1077 4106 ligatae
1117 4041 1263 4099 sunt,
1309 4033 1633 4087 solvantur:
1677 4030 1797 4097 quia

193 4141 375 4196 etiam
418 4136 509 4206 qui
551 4133 710 4189 solvit
747 4145 950 4202 pennas
985 4128 1092 4190 ari,
1140 4135 1230 4181 aut
1259 4125 1351 4179 dat
1382 4134 1474 4180 aut
1520 4123 1695 4179 reddit
1722 4122 1798 4178 illi

193 4243 414 4302 pennas
439 4241 585 4284 suas.
637 4224 754 4280 Non
791 4223 934 4278 etaim
969 4219 1200 4276 habebat
1231 4234 1323 4273 eas
1363 4225 1616 4288 tanquam
1648 4231 1796 4282 suas,

181 4324 402 4395 quibus
429 4319 609 4376 volare
649 4331 756 4371 non
797 4322 1023 4384 poterat.
1070 4311 1272 4381 Ligatae
1317 4325 1505 4378 penna:
1542 4323 1681 4363 onus
1719 4307 1801 4361 fa-

172 4416 375 4471 ciunt.
409 4410 558 4480 Quis,
593 4407 786 4479 inquit,
817 4403 955 4461 dabit
987 4403 1111 4458 mihi
1142 4417 1333 4473 pennas
1369 4399 1497 4454 sicut
1531 4399 1798 4465 columbae,

181 4518 241 4562 et
266 4503 477 4568 validm,
515 4511 562 4556 et
585 4498 932 4574 requiescam?
960 4495 1299 4564 Requiescet,
1343 4492 1476 4547 ubi?
1517 4492 1662 4547 Duos
1692 4491 1800 4546 dixi

187 4610 402 4657 sensus
426 4595 513 4652 hic
548 4607 673 4651 esse
700 4610 715 4647 :
739 4599 831 4647 aut
863 4589 1003 4649 sicut
1031 4585 1435 4656 aitApostolus,
1479 4581 1719 4648 Dissolvi,
1754 4593 1802 4639 et

182 4709 320 4748 esse
338 4707 454 4744 cum
478 4686 700 4749 Christo,
730 4683 890 4737 multo
913 4681 1046 4735 enim
1078 4679 1241 4748 magis
1279 4677 1544 4746 optimum.
1587 4675 1801 4732 Etenim

188 4795 258 4839 et
300 4785 418 4851 ipse
455 4778 702 4849 quamvis
745 4774 916 4839 fortis,
963 4770 1211 4843 quamvis
1261 4784 1506 4838 magnus,
1558 4767 1804 4838 quamvis

183 4877 373 4936 corde
397 4869 817 4932 robustissimus,
861 4865 1111 4937 quamvis
1151 4864 1204 4916 in
1226 4859 1441 4920 Christo
1471 4861 1626 4915 miles
1665 4861 1798 4917 invi-

175 4982 348 5031 ctus.
375 4966 429 5020 in
455 4960 836 5020 exercitatione
863 4971 981 5023 sua,
1009 4962 1264 5027 quantum
1288 4951 1533 5022 legimus,
1575 4960 1802 5011 contur.

180 5062 363 5118 batus
411 5065 514 5116 est,
547 5063 603 5110 et
633 5052 752 5110 ait:
797 5047 877 5104 De
904 5058 1084 5103 cetera
1121 5059 1267 5100 nemo
1304 5043 1431 5096 mihi
1474 5045 1712 5115 molestus
1737 5045 1804 5098 sit

226 5152 355 5206 Gut.
380 5164 455 5213 vi,
486 5145 596 5210 l7).
622 5143 899 5214 Tanquam
935 5140 1138 5196 diceret
1173 5137 1243 5190 de
1287 5134 1377 5188 illo
1416 5133 1659 5203 psalmo:
1690 5133 1802 5189 Ta:-

184 5244 350 5300 tsiam
376 5239 588 5298 detinuit
615 5252 696 5291 me
729 5251 762 5291 a
788 5231 1132 5306 peccatoribus
1156 5230 1616 5308 derelinquantibus
1642 5227 1802 5300 legem

173 5350 348 5394 suam
380 5329 552 5401 (Psal.
586 5343 767 5390 cxvm,
796 5326 908 5395 53).
939 5322 1178 5379 Conatur
1216 5336 1347 5392 ergo
1375 5321 1537 5374 homo
1565 5320 1800 5390 plerum-

173 5441 307 5498 que
333 5421 608 5490 corrigere
635 5417 883 5476 homines
908 5414 1186 5476 distortos,
1217 5425 1431 5480 pravos,
1475 5410 1803 5481 pertinentes

169 5515 422 5590 quidem
447 5510 516 5569 ad
542 5523 726 5565 curam
753 5521 926 5568 suam,
968 5504 1063 5558 sed
1093 5505 1145 5557 in
1169 5503 1362 5573 quibus
1391 5501 1604 5556 deﬁciat
1627 5503 1801 5557 omnis

170 5614 440 5667 humana
470 5601 729 5658 industria
753 5609 808 5656 et
836 5597 1101 5667 vigilantia
1130 5613 1143 5649 :
1172 5596 1442 5665 corrigere
1467 5611 1570 5649 non
1601 5603 1797 5663 potest,

164 5703 311 5778 pati
339 5711 566 5759 necesse
597 5703 700 5751 est.
750 5694 817 5755 Et
843 5692 932 5763 qui
974 5689 1169 5759 corrigi
1200 5705 1304 5743 non
1333 5696 1511 5759 potest
1544 5699 1664 5742 tuus
1693 5698 1795 5752 est,

160 5805 292 5854 aut
312 5789 589 5848 consortio
608 5785 820 5858 generis
837 5783 1073 5844 humani,
1099 5790 1192 5836 aut
1209 5781 1523 5853 plerumque
1541 5780 1793 5835 ecclesia-

157 5887 332 5944 stica
359 5877 775 5942 communione;
825 5876 967 5930 intus
987 5885 1089 5938 est,
1119 5872 1246 5940 quid
1277 5871 1481 5925 facies?
1523 5887 1631 5940 quo
1659 5871 1796 5924 ibis?

143 5994 308 6053 quo
349 5989 400 6032 te
430 5970 727 6045 separabis,
757 5978 814 6024 ut
842 5969 940 6022 ista
988 5980 1095 6021 non
1130 5965 1388 6035 patiaris?
1439 5963 1543 6019 Sed
1586 5965 1788 6028 adesto,

1329 515 1727 582 ENARRATIO
1767 513 1830 570 IN
1873 514 2193 572 PSALMUM
2235 517 2368 574 LlV.

3366 532 3472 588 634

1886 629 2128 703 loquere,
2172 635 2476 700 exbortare,
2511 635 2774 707 blandire,
2807 642 3032 705 minare,
3068 646 3300 719 corripe.
3348 648 3474 707 Feci

1884 725 2083 785 onuda,
2127 724 2380 796 quidquid
2414 726 2601 781 virium
2633 729 2790 784 habui
2822 732 3054 802 impendi
3104 748 3159 792 et
3201 743 3474 808 (inpressi,

1885 814 2018 869 nihil
2050 832 2134 869 me
2152 815 2305 870 video
2334 816 2659 886 profecisse;
2689 823 2862 876 on'uiis
2889 840 3051 891 opera
3081 826 3345 899 insumpta
3366 845 3473 899 est,

1884 907 2039 961 dolor
2065 909 2338 963 remansit.
2372 909 2653 976 Quomodo
2679 928 2808 982 ergo
2843 916 3142 985 requiescet
3167 934 3262 976 cor
3297 936 3475 978 meum

1885 1015 1913 1053 a
1944 1000 2158 1060 talibus,
2191 1002 2288 1054 nisi
2321 1011 2376 1055 ut
2397 1003 2591 1064 dicam,
2619 1004 2742 1069 Quis
2773 1007 2908 1060 dabit
2935 1010 3059 1062 mihi
3088 1027 3279 1080 pennas
3299 1015 3326 1068 .’
3349 1017 3481 1071 sicut

1885 1090 2131 1144 columine
2157 1104 2354 1157 tamen,
2389 1111 2494 1148 non
2513 1095 2649 1148 sicut
2669 1111 2848 1151 corvo.
2877 1098 3136 1156 Coiuutha
3166 1118 3195 1156 ε
3223 1105 3483 1161 molestiis

1885 1186 2073 1252 qumrit
2095 1186 2470 1249 avolationcm,
2504 1188 2598 1242 sed
2626 1206 2728 1242 non
2757 1192 2952 1246 amittit
2975 1193 3337 1251 dilectionem.
3377 1197 3490 1253 Co-

1885 1277 2060 1332 lumba
2094 1280 2236 1334 enini
2283 1297 2379 1349 pro
2424 1285 2575 1351 signo
2621 1283 2923 1340 dilectionis
2967 1288 3200 1357 ponitur,
3256 1293 3390 1346 etin
3417 1308 3481 1352 ea

1883 1372 2113 1442 gemitus
2141 1382 2369 1428 amatur.
2417 1374 2557 1429 Nihil
2589 1386 2693 1430 tam
2723 1378 2950 1432 amicum
2996 1382 3280 1450 gemitibus
3317 1399 3480 1455 quam

1885 1462 2131 1517 columba
2157 1480 2169 1515 :
2196 1463 2283 1518 die
2306 1476 2568 1535 noctuque
2589 1468 2773 1537 gemit,
2809 1480 3055 1539 tauquam
3085 1471 3169 1526 hic
3196 1473 3364 1541 posita
3388 1475 3478 1531 ubi

1886 1552 2204 1622 gemendum
2233 1563 2333 1608 est.
2378 1555 2513 1620 Quid
2539 1572 2668 1626 ergo
2698 1559 2828 1613 dicit
2855 1560 2954 1614 iste
2980 1561 3244 1616 dilector?
3285 1565 3484 1621 Comi-

1885 1642 1965 1696 cia
1997 1641 2270 1697 hominum
2298 1643 2437 1699 ferre
2466 1661 2572 1700 non
2597 1663 2834 1717 possum,
2863 1651 3112 1718 stridunt,
3135 1655 3281 1710 rabie
3302 1655 3486 1712 ferun-

1888 1741 1995 1800 tur,
2046 1734 2414 1790 accenduntur
2449 1736 2745 1805 iracundia,
2793 1741 2846 1793 in
2892 1741 2966 1796 ira
3007 1744 3330 1802 adumbrant
3359 1763 3483 1816 tne;

1887 1824 2142 1905 prodesse
2169 1826 2276 1882 illis
2315 1842 2418 1882 non
2461 1843 2679 1900 possum
2708 1848 2721 1884 :
2746 1832 2947 1888 utinam
2980 1839 3313 1905 requiescam
3344 1840 3485 1895 alie.

1888 1916 1976 1971 ubi
2024 1915 2090 1971 ab
2116 1903 2194 1972 eis
2219 1930 2497 1987 separatus
2539 1935 2785 1992 corpore,
2836 1940 2941 1980 non
2972 1943 3188 1994 amore;
3220 1945 3290 1985 ne
3319 1931 3372 1987 in
3399 1947 3490 1991 mo

1887 2007 2234 2062 conturbetur
2264 2008 2375 2078 ipsa
2402 2010 2620 2067 dilectio
2645 2031 2659 2067 :
2686 2015 2866 2071 verbis
2895 2019 3032 2074 meis
3050 2030 3106 2074 et
3129 2022 3489 2081 collocatione

1890 2113 2007 2154 mea
2055 2099 2312 2170 prodesse
2338 2117 2444 2157 non
2477 2118 2714 2172 possum,
2773 2109 2979 2164 orando
3018 2127 3116 2182 pro
3143 2113 3224 2168 eis
3263 2113 3486 2173 forsitan

1891 2191 2142 2262 prodere,
2174 2193 2367 2248 Dicunt
2397 2195 2493 2249 ista
2519 2197 2784 2265 homines,
2822 2201 2918 2256 sed
2956 2201 3268 2274 plerumque
3307 2207 3378 2261 ita
3420 2209 3488 2264 li.

1889 2294 2083 2353 gautur
2112 2295 2168 2340 ut
2192 2287 2373 2343 volare
2413 2305 2519 2345 non
2551 2291 2773 2359 possint.
2813 2293 2974 2352 Forte
3002 2298 3143 2352 enim
3169 2315 3274 2356 non
3315 2301 3488 2374 ligan-

1895 2389 1979 2430 tur
2008 2378 2173 2442 visco,
2205 2380 2301 2435 sed
2323 2382 2556 2452 ligantur
2585 2383 2782 2441 cilicio.
2811 2388 2868 2442 Si
2889 2401 3066 2444 autem
3101 2392 3331 2463 ligantur
3358 2411 3486 2454 cura

1893 2479 1947 2523 et
1974 2469 2174 2537 cilicio,
2205 2481 2258 2526 et
2279 2473 2530 2529 deserere
2565 2492 2667 2529 non
2703 2490 2945 2547 possunt,
2971 2483 3152 2540 dicant
3183 2504 3198 2538 :
3224 2485 3488 2557 Optabam

1894 2562 2120 2628 dissolvi,
2158 2573 2207 2617 et
2236 2581 2342 2618 esse
2367 2583 2482 2618 cum
2511 2567 2732 2635 Christo,
2785 2572 2945 2627 multo
2984 2576 3116 2629 cnim
3151 2580 3313 2651 magis
3352 2585 3489 2652 opti-

1895 2670 2063 2718 mum;
2087 2672 2290 2711 manere
2307 2658 2359 2710 in
2374 2674 2526 2712 carne
2545 2664 2879 2717 necessarium
2900 2679 3108 2737 propter
3126 2671 3242 2744 oos(
3256 2672 3490 2745 Philipp.

1897 2760 1934 2808 t,
1965 2743 2056 2804 23.
2088 2745 2201 2812 2i).
2230 2746 2521 2802 Columba‘
2549 2752 2771 2824 religata
2798 2755 3014 2823 allectu,
3040 2775 3145 2814 non
3178 2743 3492 2834 cupiditate,

1896 2837 2078 2890 volare
2105 2852 2210 2893 non
2253 2847 2463 2910 poterat
2490 2853 2708 2912 propter
2735 2845 3064 2916 implendum
3093 2851 3350 2921 omcium,
3383 2873 3490 2912 non

1899 2939 2116 2998 propter
2141 2945 2359 3000 parvum
2389 2935 2658 2990 meritum.
2680 2936 2879 2993 Tamen
2908 2939 3229 2999 desiderium
3248 2947 3299 3000 in
3328 2950 3494 3004 corde

1899 3037 2121 3078 necesse
2146 3032 2229 3079 est
2263 3034 2325 3082 ut
2351 3025 2421 3081 sit
2452 3042 2467 3080 :
2511 3043 2613 3082 nec
2649 3028 2847 3099 patitur
2869 3032 2972 3088 hoc
2996 3033 3342 3101 desiderium,
3389 3041 3494 3097 nisi
3585 3073 3592 3080 -

1898 3113 1988 3184 qui
2005 3115 2226 3185 coeperit
2241 3117 2517 3174 auibulare
2531 3129 2811 3190 angustam
2837 3123 2981 3179 illam
3004 3125 3144 3180 viam
3166 3125 3377 3200 (Matth.
3396 3147 3492 3202 vn,

1900 3205 1990 3275 14)
2019 3223 2033 3271 ;
2063 3217 2120 3262 ut
2147 3210 2353 3264 noverit
2380 3210 2503 3280 quia
2529 3229 2634 3266 non
2659 3213 2854 3269 desunt
2881 3215 3136 3274 Ecclesia:
3165 3225 3495 3290 persecutio-

1901 3311 2020 3364 nes,
2051 3297 2210 3353 etiam
2241 3300 2293 3353 in
2323 3299 2426 3356 hoc
2449 3311 2691 3374 tempore
2717 3307 2931 3373 quando
2955 3312 3309 3380 tranquillitas
3342 3316 3494 3372 vide-

1902 3395 1990 3443 tur
2037 3389 2290 3445 Ecclesim
2326 3391 2394 3446 ab
2429 3391 2514 3449 his
2551 3395 2766 3465 quidem
2815 3404 3307 3472 persecutionibus,
3361 3423 3496 3478 quas

1853 3479 1855 3481 ’
1901 3488 2163 3553 martyres
2192 3484 2358 3539 nostri
2388 3486 2524 3554 passi
2551 3493 2696 3542 sunt.
2746 3487 2861 3544 Non
2886 3499 3063 3547 autem
3093 3495 3284 3551 desunt
3311 3514 3496 3568 perse-

1901 3575 2164 3639 cutiones,
2204 3573 2324 3643 quia
2350 3590 2536 3630 verum
2566 3587 2649 3632 est
2684 3579 2810 3634 illud
2838 3599 2850 3634 :
2879 3580 3068 3638 Omnes
3093 3586 3184 3654 qui
3214 3589 3387 3643 colunt
3415 3593 3497 3660 pie

1901 3664 2062 3718 vivere
2091 3665 2142 3718 in
2175 3664 2395 3731 Christo,
2429 3671 2824 3736 persecutionem
2866 3673 3124 3743 patientur
3147 3675 3214 3748 (ll
3233 3676 3369 3736 Tim.
3413 3698 3492 3751 ιιι⁹

1905 3753 2017 3825 12).
2044 3753 2159 3809 Non
2191 3757 2384 3822 pateris
2411 3760 2835 3828 persecutionem
2863 3782 2875 3816 :
2901 3779 3008 3820 non
3031 3767 3109 3821 vis
3135 3769 3220 3838 pie
3240 3770 3420 3828 vivere
3442 3775 3496 3829 ia

1857 3847 1859 3850 ’
1902 3845 2139 3901 Christo.
2186 3846 2276 3903 Vis
2321 3851 2548 3920 probare
2577 3869 2761 3909 verum
2804 3871 2926 3911 esse
2967 3860 3109 3928 quod
3149 3861 3350 3918 dictum
3380 3868 3498 3921 est?

1905 3938 2084 4007 incipe
2112 3940 2196 4008 pie
2233 3941 2413 3996 vivere
2440 3942 2488 3996 in
2516 3941 2752 4001 Christo.
2784 3944 2924 4014 Quid
2951 3959 3055 4017 est,
3100 3953 3187 4020 pie
3221 3954 3401 4010 vivere
3441 3957 3496 4011 in

1902 4029 2156 4084 Clu-isto?
2200 4031 2265 4088 Ut
2287 4034 2551 4102 pertineat
2568 4036 2635 4090 ad
2665 4038 2867 4094 viscera
2893 4049 2981 4094 tua
3002 4044 3142 4113 quod
3168 4045 3242 4098 ait
3269 4049 3500 4116 Aposto-

1904 4122 1989 4178 lus
2021 4138 2037 4175 :
2084 4121 2210 4188 Quis
2235 4123 2545 4193 inﬁrmatur,
2588 4139 2635 4182 et
2660 4145 2750 4200 ego
2776 4147 2878 4186 non
2896 4132 3129 4202 infirmor
3149 4135 3176 4190 ?
3215 4139 3326 4208 quis
3349 4156 3501 4196 scan-

1905 4215 2178 4278 dalizatur,
2224 4226 2273 4270 et
2301 4233 2392 4289 ego
2418 4236 2521 4274 non
2563 4237 2683 4276 uror
2722 4222 2784 4291 (ll
2808 4223 2927 4278 Cor.
2957 4241 3029 4294 ιιι,
3079 4227 3170 4298 29)
3202 4228 3227 4284 ἳ
3256 4230 3498 4288 Aliorum

1907 4302 2264 4374 inﬁrmitates,
2292 4306 2521 4364 aliorum
2552 4313 2821 4382 scandala,
2847 4318 3248 4384 persecutiones
3271 4321 3346 4376 illi
3377 4321 3498 4379 fue-

1908 4405 2052 4450 runt.
2099 4395 2365 4467 Numquid
2417 4415 2545 4471 ergo
2593 4402 2788 4458 desunt
2841 4405 2942 4461 hoc
2989 4411 3267 4479 tempore?
3313 4412 3502 4470 Plures

1907 4486 2182 4542 abundant
2219 4487 2324 4545 illis
2355 4490 2445 4561 qui
2486 4506 2579 4547 eas
2603 4503 2810 4549 curant.
2859 4495 2926 4568 Et
2952 4499 3262 4572 plerumque
3286 4503 3354 4560 de
3380 4505 3502 4560 Ion-

1906 4579 2106 4650 ginqua
2127 4580 2335 4636 videtur
2362 4580 2546 4650 homo,
2578 4598 2633 4640 et
2658 4585 2872 4653 dicitur,
2917 4588 3060 4646 Bene
3085 4604 3170 4648 est
3197 4595 3294 4650 illi.
3324 4597 3390 4652 Et
3415 4597 3506 4655 ille

1908 4671 1998 4738 qui
2035 4669 2185 4739 dicit,
2229 4681 2326 4727 aut
2351 4689 2446 4729 sua
2476 4685 2672 4745 gustat,
2723 4686 2778 4732 et
2802 4678 2975 4735 aliena
3007 4698 3112 4738 non
3156 4695 3366 4754 potest;
3412 4698 3506 4745 aut

1907 4763 2048 4834 apud
2097 4780 2157 4821 se
2205 4766 2350 4837 quod
2385 4777 2562 4838 gustet
2600 4783 2706 4824 non
2749 4771 2926 4836 habet,
2971 4783 3025 4829 et
3065 4776 3219 4832 alteri
3244 4782 3501 4849 gustanti,

1908 4854 2018 4914 imo
2043 4854 2322 4912 devoranti
2366 4874 2471 4913 non
2502 4863 2846 4931 compatitnr.
2886 4865 3108 4934 Incipiat
3148 4882 3278 4938 ergo
3313 4869 3398 4941 pie
3421 4872 3506 4927 vi-

1908 4961 2035 5002 vere
2062 4947 2115 5001 in
2145 4947 2384 5017 Christo,
2416 4960 2470 5006 et
2502 4953 2688 5020 probet
2714 4957 2858 5024 quod
2880 4956 3073 5012 dicitur
3105 4974 3120 5014 :
3149 4961 3334 5032 incipit
3358 4962 3502 5018 desi-

1907 5037 2099 5094 derare
2138 5055 2360 5110 pennas,
2386 5043 2683 5115 celongare,
2721 5045 2928 5116 fugere,
2975 5060 3279 5109 etmanere
3319 5053 3375 5109 in
3405 5053 3506 5111 de-

1907 5141 2076 5187 serto.

1979 5224 2032 5279 9.
2076 5224 2229 5281 Unde
2265 5226 2408 5280 enim
2449 5229 2664 5296 putatis,
2694 5227 2906 5297 fratres,
2946 5233 3118 5289 servis
3154 5234 3248 5291 Dei
3289 5235 3504 5308 impleta

1907 5332 2029 5372 esse
2057 5317 2312 5373 deserta?
2342 5320 2397 5374 Si
2427 5320 2561 5375 bene
2590 5322 2694 5376 illis
2718 5333 2861 5378 esset
2889 5325 3026 5380 inter
3054 5325 3321 5394 homines,
3353 5346 3505 5385 reco-

1907 5409 2095 5464 derent
2121 5411 2190 5465 ab
2218 5413 2559 5467 hominibus?
2605 5414 2674 5470 Et
2707 5426 2883 5472 tamen
2921 5420 3045 5489 quid
3076 5420 3346 5478 faciuutet
3373 5422 3508 5494 ipsi?

1909 5499 2052 5556 Ecce
2094 5501 2343 5571 elongaut
2397 5503 2680 5574 fugientes,
2730 5516 2949 5562 manent
2997 5509 3049 5564 in
3102 5510 3316 5568 deserto
3354 5529 3369 5566 :
3410 5513 3505 5567 Sed

1907 5593 2164 5664 numquid
2193 5596 2495 5665 singillatim
2513 5595 2536 5649 ?
2553 5597 2722 5652 Tenet
2744 5613 2838 5654 eos
2862 5599 3114 5667 Charitas,
3138 5613 3197 5656 ut
3221 5618 3343 5657 cum
3371 5607 3529 5659 mul-.

1909 5686 1977 5739 tis
1999 5697 2280 5744 maneant:
2307 5697 2360 5742 et
2381 5688 2450 5744 de
2476 5689 2602 5758 ipsis
2629 5691 2808 5745 multis
2827 5690 3064 5746 existunt
3090 5696 3176 5761 qui
3199 5705 3503 5751 exerceant.

1906 5775 2037 5842 Quia
2073 5778 2124 5832 in
2162 5779 2306 5834 omni
2331 5783 2743 5851 congregatione
2784 5780 3136 5839 multitudinis
3171 5800 3392 5842 necesse
3423 5797 3508 5844 est

1906 5985 1936 6024 ³
1961 5914 1993 6023 :1
2025 5912 2160 6023 ξω,
2185 5911 2411 5964 (‘olmnba
2447 5913 2676 5977 delicata,
2697 5903 2914 5985 religata,
2938 5927 3052 5978 etc.;
3079 5919 3239 5979 abest,
3275 5918 3504 5977 delirat“.

1959 6003 1966 6022 ι
1998 5990 2022 6024 8
2056 6010 2066 6024 ι

1959 5990 2066 6024 MSS.
