3968 6322
511 403 617 462 635

512 530 568 576 ut
588 517 923 575 inveniantur
945 516 1091 571 mali.
1125 515 1267 572 Deus
1299 515 1442 570 enim
1473 513 1560 585 qui
1593 511 1739 568 novit
1775 509 2106 567 exercendus

511 629 630 677 nos,
659 612 850 668 miscet
879 611 1032 666 nobis
1053 616 1107 666 et
1135 624 1243 664 non
1272 617 1723 679 perseveraturos,
1756 616 1845 660 aut
1871 616 2015 660 certe
2035 606 2107 658 ita

509 703 809 769 simulatos,
865 711 924 757 ut
967 717 1067 756 nec
1122 700 1491 754 inchoaverint
1536 696 1590 752 in
1620 715 1725 767 quo
1766 711 2108 766 perseverare

511 795 789 850 deberem.
813 792 971 847 Novit
996 790 1521 856 enimnecessarium
1551 805 1670 844 esse
1700 788 1850 842 nobis
1881 797 1936 842 ut
1966 789 2105 842 fera-

513 899 633 940 mus
661 885 853 948 malos,
894 893 948 939 et
986 881 1228 954 proﬁciat
1264 880 1403 951 quod
1429 881 1552 934 boiti
1582 895 1796 943 sumus;
1825 877 2108 948 diligamus

515 974 781 1043 inimicos,
804 976 1172 1046 corripiamus,
1196 974 1534 1043 castigemus,
1561 969 2102 1033 excommunicetnus,

514 1083 637 1125 cum
667 1068 949 1122 dilectione
972 1081 1001 1120 a
1029 1066 1364 1121 nobis/etiam
1391 1063 1719 1132 separemus.
1755 1061 1940 1116 Videte
1960 1061 2104 1116 enim

514 1159 642 1232 quid
667 1161 809 1216 dicat
829 1159 1156 1228 Apostolus:
1183 1156 1244 1213 Si
1267 1157 1380 1227 quis
1405 1165 1571 1209 autem
1599 1171 1700 1208 non
1724 1153 1926 1207 obaudit
1956 1153 2102 1206 verba

513 1262 684 1306 nostra
704 1267 794 1322 per
818 1250 1102 1321 epistolam,
1134 1249 1268 1301 hunc
1298 1255 1485 1307 notate,
1527 1256 1574 1298 et
1613 1243 1766 1297 nolite
1794 1243 2104 1296 commisceri

506 1359 625 1397 cum
657 1360 736 1396 eo.
789 1340 894 1397 Sed
937 1357 1004 1396 ne
1032 1340 1345 1409 subreperet
1374 1337 1466 1392 tibi
1497 1351 1560 1391 ex
1602 1334 1701 1388 hoc
1732 1333 2022 1399 iracundia,
2051 1341 2106 1386 et

510 1437 750 1492 turbaret
781 1434 994 1490 oculum
1021 1443 1192 1494 tuum,
1224 1430 1364 1496 Non,
1406 1429 1595 1499 inquit,
1627 1438 1679 1481 ut
1706 1427 1964 1480 inimicum
1989 1442 2104 1479 eum

509 1525 800 1581 existimetis
819 1566 834 1590 ,
896 1524 987 1579 sed
1038 1523 1276 1593 corripite
1325 1531 1381 1574 ut
1433 1516 1681 1592 fratrem,
1746 1526 1800 1570 ut
1850 1516 2105 1570 erubescat

508 1618 577 1691 (ll
621 1618 801 1673 Thess.
828 1635 904 1682 ιιι,
947 1601 1060 1686 i4).
1094 1618 1135 1670 A
1163 1631 1272 1685 quo
1307 1614 1496 1670 indixit
1535 1611 1950 1682 separationem,
1997 1624 2104 1662 non

510 1710 752 1782 praecidit
775 1710 1134 1765 dilectionem.
1163 1707 1302 1760 Vivit
1328 1705 1420 1759 ille
1447 1703 1656 1767 oculus,
1686 1702 1815 1754 vivit
1850 1700 1959 1753 vita
1992 1708 2100 1752 tua.

510 1801 724 1856 Etenim
744 1800 944 1854 amissa
963 1799 1196 1860 dilectio,
1244 1811 1391 1850 mors
1430 1807 1536 1849 tua.
1583 1794 1728 1846 llanc
1753 1792 1843 1846 illc
1863 1790 2106 1844 amittere

512 1895 689 1951 timuit
712 1893 806 1964 qui
824 1894 959 1948 dixit
986 1909 1000 1944 :
1036 1892 1202 1946 Metus
1226 1889 1403 1944 mortis
1428 1885 1605 1941 cecidit
1623 1902 1774 1954 super
1794 1901 1891 1937 me.
1924 1883 2106 1952 Itaque

512 2001 583 2041 ne
617 1985 858 2039 amittam
887 1983 1204 2038 dilectionis
1227 1982 1411 2044 vitam,
1449 1979 1560 2045 quis
1586 1977 1724 2030 dabit
1750 1975 1874 2029 mihi
1915 1990 2106 2043 pennas

508 2077 639 2131 sicut
677 2073 941 2143 columbas,
996 2085 1041 2128 et
1083 2073 1283 2136 volabo,
1322 2081 1368 2122 et
1396 2067 1755 2138 requiescam?
1791 2067 1908 2135 Quo
1936 2066 2105 2120 iturus

511 2170 611 2226 es?
657 2184 763 2240 quo
799 2166 1119 2223 volaturns?
1161 2165 1250 2220 ubi
1282 2161 1665 2232 requieturus't
1704 2157 1835 2212 Ecce
1875 2155 2106 2227 elongavi

511 2263 732 2335 fugiens,
755 2271 802 2316 et
817 2261 980 2316 mansi
999 2261 1052 2313 in
1071 2257 1287 2312 deserto.
1313 2255 1368 2311 In
1385 2269 1490 2325 quo
1510 2251 1756 2308 deserto?
1774 2249 2108 2319 Ubicumque

509 2357 694 2420 fueris,
716 2353 1114 2425 congregabunt
1134 2349 1401 2412 seceteri,
1420 2346 1690 2401 desertum
1708 2353 1881 2400 tecum
1902 2351 2102 2413 petent,

508 2447 831 2518 aﬂ'ectabunt
853 2446 1010 2500 vitam
1037 2453 1202 2507 tuam,
1232 2451 1290 2495 tu
1319 2439 1580 2509 repellere
1622 2453 1727 2489 non
1754 2445 1904 2505 potes
1930 2435 2106 2487 secie-

511 2550 673 2595 tatem
705 2539 924 2593 fratrum
955 2553 969 2589 :
999 2518 1292 2591 miscentur
1319 2530 1411 2586 tibi
1441 2530 1602 2584 etiam
1634 2527 1789 2590 mali;
1820 2525 1992 2580 adhuc
2011 2523 2106 2580 tibi

510 2631 823 2689 exercitatio
847 2628 1092 2684 debetur.
1124 2624 1256 2678 Ecce
1285 2621 1513 2692 elongavi
1538 2620 1758 2692 fugiens,
1783 2627 1830 2672 et
1859 2619 2022 2670 mansi
2051 2617 2104 2670 in

511 2726 727 2780 deserto.
773 2722 827 2776 In
863 2736 970 2791 quo
994 2719 1248 2774 deserto?
1289 2716 1344 2772 Si
1369 2714 1508 2771 forte
1537 2714 1590 2768 in
1619 2711 1968 2776 conscientia,
1997 2723 2106 2778 quo

512 2818 689 2873 nullus
709 2815 984 2870 hominum
1007 2811 1191 2877 intrat,
1222 2809 1312 2863 ubi
1343 2822 1500 2863 nemo
1529 2817 1700 2861 tecum
1721 2812 1822 2867 est,
1854 2802 1940 2856 ubi
1966 2810 2021 2855 tu
2050 2809 2108 2855 et

513 2912 654 2967 heus
674 2925 755 2966 es.
779 2908 912 2964 Nam
935 2907 981 2962 si
1011 2908 1062 2961 in
1090 2905 1324 2971 deserto,
1354 2903 1406 2957 in
1430 2904 1609 2972 aliquo
1631 2901 1770 2966 loco,
1797 2899 1921 2970 quid
1943 2897 2106 2952 facies

508 3004 580 3058 de
611 2999 1054 3072 congregantibus
1090 2995 1191 3052 se?
1232 2993 1349 3050 Non
1393 2993 1536 3049 enim
1573 3007 1604 3047 a
1632 3007 1828 3062 genere
1873 2991 2106 3043 humano

507 3101 787 3171 seitaratus
827 3106 948 3148 esse
977 3090 1198 3162 poteris,
1246 3085 1496 3160 quamdiu
1524 3085 1579 3161 in
1619 3074 1923 3140 hominibus
1946 3082 2102 3137 vivis.

508 3187 742 3245 Attende
776 3186 952 3257 potius
980 3177 1368 3239 consolatorem
1409 3179 1556 3234 illum
1597 3177 1878 3232 Dominum
1927 3183 1981 3229 et
2019 3190 2100 3227 re-

494 3299 651 3356 gem,
700 3282 1074 3351 imperatorem
1126 3285 1180 3332 et
1221 3285 1519 3329 creatorem
1558 3281 1821 3335 nostrum,
1859 3276 2102 3324 creatum

507 3377 668 3430 etiam
692 3372 830 3427 inter
856 3384 953 3425 nos
985 3386 1001 3424 :
1040 3367 1257 3422 attende
1284 3365 1406 3436 quia
1436 3361 1717 3418 duodecim
1758 3359 1869 3414 suis
1893 3356 2106 3412 miscuit

507 3480 670 3521 unum
700 3477 859 3533 quem
889 3468 1178 3530 pateretur.

575 3557 664 3618 10.
686 3552 845 3628 [νοτε.
873 3550 953 3624 9.]
982 3550 1138 3615 Dicit,
1179 3547 1309 3602 Ecce
1330 3548 1562 3616 etongavi
1581 3544 1781 3614 fugiens
1810 3584 1824 3607 ,
1855 3552 1902 3594 et
1934 3534 2100 3593 mansi

509 3651 564 3704 in
619 3648 834 3701 deserto.
887 3642 1049 3698 Forte
1102 3641 1202 3695 iste
1233 3681 1248 3706 ,
1303 3646 1361 3692 ut
1402 3637 1559 3699 dixi,
1611 3634 1805 3705 ingerit
1852 3633 1920 3687 ad
1968 3647 2100 3686 con-

510 3739 790 3798 scientiam
819 3749 994 3799 suam,
1038 3732 1109 3787 ibi
1150 3730 1477 3800 aliquantum
1507 3727 1779 3781 desertum
1827 3723 2098 3778 invenerit

505 3833 596 3890 ubi
641 3828 1020 3899 requiesceret.
1067 3821 1174 3879 Sed
1217 3821 1307 3875 illa
1340 3819 1554 3875 dilectio
1599 3815 1885 3873 conturbat
1923 3829 2094 3868 eum:

505 3924 654 3982 solus
678 3929 795 3978 erat
813 3921 865 3974 in
891 3914 1239 3980 conscientia,
1269 3910 1366 3968 sed
1394 3926 1500 3966 non
1530 3909 1679 3965 solus
1715 3911 1768 3964 in
1794 3908 2093 3970 charimte;

504 4017 651 4070 intus
666 4009 1049 4068 .consolabatur
1073 4004 1402 4061 conscientia
1420 4042 1437 4067 ,
1467 4000 1563 4057 sed
1596 4001 1895 4055 forinsecus
1924 3998 2094 4053 tribu-

511 4107 741 4163 lationes
766 4117 870 4156 non
899 4097 1294 4168 relinquebant.
1325 4093 1508 4164 Itaque
1540 4093 1590 4146 in
1631 4107 1692 4147 se
1731 4092 1942 4162 quietus
1965 4132 1981 4153 ,
2027 4105 2096 4144 ex

503 4197 622 4253 aliis
651 4192 909 4266 pendens,
937 4205 1059 4244 cum
1096 4185 1514 4242 conturbaretur
1555 4183 1733 4238 adhuc
1755 4224 1770 4249 ,
1819 4181 1944 4252 quid
1975 4180 2095 4234 ait?

507 4285 872 4356 Exspectabam
897 4298 1012 4338 eum
1038 4280 1124 4351 qui
1152 4295 1231 4333 me
1258 4279 1453 4332 salvum
1479 4279 1668 4347 faceret
1692 4293 1726 4328 a
1755 4269 2094 4345 pus’illanimi-

503 4389 605 4434 tate
629 4379 646 4410 ⁸
680 4386 727 4430 et
755 4381 1061 4446 tempestate.
1108 4370 1252 4425 Mare
1296 4376 1380 4423 est
1402 4409 1417 4432 ,
1463 4374 1753 4436 tempestas
1795 4375 1878 4419 est
1911 4382 1924 4417 :
1959 4363 2094 4418 nihil

502 4471 596 4524 tibi
625 4474 790 4523 restat
816 4464 918 4519 nisi
945 4462 1263 4527 exclamare,
1293 4458 1527 4523 Domine,
1561 4473 1708 4526 pereo
1737 4455 1953 4528 (Matth;
1975 4470 2090 4522 xxv,

501 4558 615 4631 30).
648 4557 891 4627 Porrigat
927 4568 1146 4608 manum
1177 4551 1269 4605 ille
1296 4551 1385 4622 qui
1417 4548 1607 4604 ﬂuctus
1647 4549 1819 4602 calcat
1867 4547 2093 4614 intrepi-

499 4652 623 4718 dus,
651 4649 894 4704 sublevet
921 4644 1328 4715 trepidationem
1357 4653 1524 4706 tuam,
1557 4639 1735 4694 firmet
1765 4640 1816 4693 in
1847 4655 1906 4692 se
1933 4654 2092 4692 secu-

509 4722 726 4799 ritatem
760 4747 922 4801 tuam,
965 4735 1265 4803 alluqualur
1293 4741 1346 4788 te
1375 4730 1517 4786 intus
1540 4771 1555 4793 ,
1583 4740 1638 4782 et
1666 4729 1808 4784 dicat
1835 4729 1936 4782 tibi
1965 4748 1979 4782 :
2011 4728 2094 4783 Ille

499 4832 748 4894 attende,
777 4827 902 4899 quid
932 4825 1238 4896 pertulerim
1269 4841 1282 4878 :
1313 4822 1530 4877 fratrem
1552 4821 1758 4876 malum
1787 4819 1920 4876 forte
1949 4815 2094 4890 pate?

503 4928 578 4982 ris
599 4967 617 4991 ,
670 4931 763 4978 aut
792 4921 1063 4974 inimicum
1098 4916 1393 4971 forinsecus
1420 4914 1648 4984 pateris;
1679 4927 1814 4984 quos
1840 4927 1944 4966 non
1976 4927 2095 4982 pas-

501 5031 595 5073 sus
620 5014 772 5072 sum?
812 5011 1136 5069 Fremebant
1177 5009 1474 5062 lorinsecus
1516 5006 1683 5061 ,ἰυᾱωὶ
1711 5047 1726 5072 ,
1771 5006 2093 5060 intrinsecus

501 5108 808 5178 discipulus
833 5098 1093 5159 tradebat.
1137 5102 1470 5169 Sawit,crgo
1515 5106 1802 5168 tempestas
1825 5138 1842 5164 ,
1879 5099 1973 5153 sed
2003 5097 2093 5152 ille

503 5188 680 5258 Salvos
701 5199 821 5254 facit
845 5215 878 5250 a
905 5194 1324 5266 pusillanimitate
1350 5205 1395 5246 et
1422 5201 1730 5259 tempestate.
1759 5192 1920 5246 Forte
1941 5192 2092 5246 navis

499 5305 591 5349 tua
625 5294 745 5347 ideo
778 5290 1050 5352 turbatur,
1080 5286 1202 5356 quia
1233 5287 1317 5340 ille
1361 5286 1412 5338 in
1459 5295 1513 5339 te
1562 5284 1778 5339 dormit.
1829 5284 2093 5339 Saeviebat

499 5399 683 5449 mare,
716 5380 1028 5435 turltabatur
1070 5378 1309 5432 navicula
1357 5377 1408 5430 in
1455 5391 1555 5447 qua
1592 5375 1834 5443 discipuli
1879 5376 2094 5444 naviga-

501 5475 662 5536 bant,
690 5473 933 5527 Christus
962 5479 1138 5524 autem
1171 5468 1470 5523 dormiebat
1499 5485 1512 5521 :
1547 5467 1760 5522 tandem
1800 5466 2090 5536 aliquando

501 5569 671 5622 visum
697 5574 780 5620 est
820 5563 925 5617 illis
963 5566 1085 5632 quia
1130 5561 1271 5615 inter
1310 5560 1430 5615 illos
1472 5559 1774 5614 dormiebat
1810 5570 2089 5615 ventorum

503 5661 798 5729 imperator
837 5665 891 5709 et
936 5664 1185 5719 creator;
1241 5656 1584 5708 accesserunt
1627 5661 1678 5707 et
1726 5652 2095 5708 excitaverunt

505 5750 777 5805 Christum
812 5763 827 5798 :
861 5747 1144 5812 imperavit
1183 5746 1352 5799 ventis
1374 5785 1389 5809 ,
1433 5753 1490 5801 et
1517 5743 1654 5797 facta
1682 5753 1762 5798 est
1794 5735 2093 5813 tranquilli.
2147 5789 2155 5795 .

572 5861 608 5890 ³·
627 5860 699 5909 sic
721 5865 827 5909 uss.
854 5867 908 5907 Αι
932 5858 1040 5907 Hild.
1068 5859 1159 5908 hoc
1182 5856 1285 5908 loco
1303 5863 1506 5916 tantum,
1532 5871 1561 5907 a
1583 5857 1757 5921 pusula
1779 5857 1950 5909 minue.

1754 396 1812 452 s.
1855 389 2217 452 AUGUSTINI
2259 396 2564 468 EPISCOPI

3702 436 3810 496 656

2216 520 2301 619 tas-
2324 529 2513 588 magna
2547 521 2758 594 (Mutila.
2781 541 2892 619 vin,
2917 530 3131 600 23-26).
3164 536 3352 598 Merito
3375 561 3507 619 ergo
3529 551 3668 608 forte
3698 569 3803 611 tur-

2214 604 2373 708 batur
2391 624 2486 708 cor
2507 621 2676 679 tuum,
2699 618 2821 688 quia
2843 624 3039 679 excidit
3067 629 3157 684 tibi
3189 631 3238 686 in
3267 649 3423 704 quem

2214 701 2622 803 intolerabiliter
2653 715 2868 780 pateris,
2900 719 3020 785 quia
3049 738 3154 778 non
3186 701 3330 782 venit
3357 731 3448 786 tibi
3480 708 3532 788 in
3562 701 3801 800 mentem

2209 793 2335 898 quid
2369 809 2464 898 pro
2485 806 2537 852 te
2561 804 2839 867 pertulerit
2867 808 3127 869 Christus.
3153 816 3208 872 Si
3230 820 3282 874 in
3308 833 3541 880 mentem
3567 845 3678 885 non

2210 1160 2410 1263 tninisti
2451 1169 2759 1263 passionum
2799 1174 3016 1232 Christi.
3057 1160 3191 1238 Cum
3220 1196 3398 1244 autem
3444 1160 3608 1262 pleno
3636 1160 3800 1254 corde

2211 1254 2432 1350 intuitus
2455 1254 2619 1312 fueris
2659 1263 2785 1331 quid
2824 1266 2918 1322 ille
2957 1271 3114 1328 fuerit
3154 1289 3343 1342 passus
3367 1321 3381 1342 ,
3429 1254 3608 1341 nonne
3646 1306 3802 1358 :rquo

2207 1353 2466 1448 annnoet
2497 1355 2550 1448 tu
2583 1352 2882 1448 tolerabis?
2907 1368 2962 1414 et
2986 1358 3214 1421 fortasse
3237 1369 3476 1438 gaudens
3500 1417 3516 1443 ,
3556 1381 3678 1448 quia
3711 1352 3798 1436 in-

2211 1443 2402 1538 :eutus
2426 1453 2486 1493 es
2510 1439 2561 1538 in
2591 1443 2764 1513 aliqua
2791 1448 3140 1510 similitudine
3173 1461 3476 1527 passionum
3501 1439 3650 1538 regis
3695 1477 3796 1530 tui.

2209 1518 2342 1630 gum
2366 1543 2493 1598 ergo
2524 1530 2622 1630 ista
2641 1538 2885 1606 cogitans
2909 1518 3184 1602 consolari
3205 1559 3261 1603 et
3285 1518 3520 1622 gaudere

2210 1614 2299 1671 ille
2341 1623 2592 1688 surrexit,
2639 1626 2730 1682 ille
2771 1634 2944 1687 ventis
2982 1609 3321 1703 imperavit":
3375 1609 3804 1714 ideo‘

2212 1709 2582 1814 tranquillitas.
2613 1713 2979 1787 Exspectabam
3009 1743 3121 1781 eum
3151 1732 3236 1800 qui
3267 1749 3345 1786 me
3386 1744 3582 1793 salvum
3611 1709 3812 1814 faceres

2209 1816 2240 1853 α
2264 1804 2679 1872 pusillanimitate
2701 1825 2750 1866 et
2779 1826 3086 1887 tempestate.
3400 1812 3404 1814 Ὗ
3611 1804 3623 1814 ’
3784 1804 3805 1809 ι

2283 1893 2368 1948 11.
2397 1893 2547 2000 [vero
2725 1905 3036 2000 Subinerge,
3069 1911 3307 1984 Domine,
3336 1931 3386 1976 et
3406 1921 3576 1981 divide
3601 1928 3813 2000 linguae

2209 2000 2403 2087 eorum.
2430 1989 2672 2087 attendit
2697 1997 3014 2057 tribulantes
3040 2019 3101 2059 se
3125 2017 3180 2061 et
3204 2008 3590 2072 adumbrantes
3617 1989 3717 2087 sev,
3748 2033 3814 2078 et

2209 2078 2412 2146 Optavit
2436 2079 2557 2146 hoc,
2578 2099 2694 2139 non
2725 2087 2792 2143 de
2818 2089 2916 2155 ira,
2948 2092 3163 2151 fratres.
3200 2099 3302 2166 Qui
3331 2088 3392 2159 se
3419 2107 3562 2163 male
3590 2078 3813 2168 extule-

2210 2180 2354 2237 runt,
2379 2176 2598 2244 expedit
2616 2181 2697 2234 eis
2711 2190 2781 2274 ‘ut
2805 2184 3218 2258 submerguntur
3249 2212 3262 2248 :
3291 2196 3382 2266 qui
3408 2199 3548 2255 male
3581 2209 3804 2274 conspi-

2207 2273 2463 2320 raverunt
2485 2307 2498 2332 ,
2529 2270 2750 2344 expedit
2776 2274 2855 2329 eis
2897 2286 2954 2332 ut
2989 2279 3182 2350 linguze
3221 2300 3407 2342 eorum
3447 2270 3758 2351 dividantur
3788 2319 3802 2351 :

2306 2355 2505 2413 bonum
2527 2365 2888 2454 consentiant,
2917 2381 2970 2425 et
2990 2362 3319 2435 concordent
3344 2380 3549 2454 linguae-
3569 2388 3801 2443 illorum.

2209 2446 2265 2501 Si
2291 2457 2481 2554 autem
2524 2453 2578 2506 in
2617 2455 2842 2528 idipsum
2881 2464 3148 2521 adversum
3193 2486 3273 2525 me
3304 2446 3656 2544 susurrabant,
3706 2483 3816 2547 ait,

2208 2553 2380 2640 omnes
2409 2544 2604 2640 inimici
2629 2550 2727 2602 mei
2751 2550 2920 2621 (Psal.
2953 2572 3042 2622 ιι,
3070 2559 3151 2630 8),
3183 2563 3410 2632 perdant
3432 2569 3455 2599 ¹
3481 2569 3705 2640 idipcmn
3752 2544 3813 2630 il;

2210 2630 2386 2730 male;
2420 2631 2739 2730 dividantur
2780 2641 2974 2713 linguae
3020 2630 3228 2716 eorum,
3277 2670 3382 2709 non
3425 2659 3527 2713 sibi
3557 2630 3807 2720 'consen-

2209 2722 2362 2820 tiant.
2411 2722 2692 2799 Submerge
2713 2772 2729 2795 ,
2781 2731 3018 2802 Domine,
3061 2749 3107 2794 et
3152 2741 3318 2799 divide
3361 2747 3561 2820 linguas
3605 2770 3811 2816 eorum.

2210 2812 2509 2918 Sabatcrge.
2531 2824 2736 2918 quare?
2765 2825 2896 2893 Quia
2919 2844 2979 2885 se
2999 2835 3324 2893 extulerunt.
3359 2812 3558 2909 Dibide,
3585 2812 3806 2918 quaret

2160 2968 2162 2970 τ
2207 2902 2341 2999 Quia
2369 2907 2420 2961 in
2451 2913 2646 2967 malum
2685 2921 3152 2990 conspiraverunt.
3183 2927 3407 2987 Turrem
3439 2902 3583 2992 illam

2208 2995 2336 3054 dare
2375 3003 2728 3099 superborum
2760 3009 2971 3088 factam‘
2995 3026 3118 3086 post
3159 3018 3415 3080 diluvium
3445 3043 3461 3080 :
3493 3030 3622 3099 quid

2208 3099 2332 3144 runt
2356 3096 2617 3162 superbi?
2654 3098 2734 3155 Ne
2763 3117 3046 3172 pereamus
3085 3109 3317 3180 diluvio,
3348 3096 3609 3175 faciamus
3633 3124 3807 3180 altam

2208 3186 2410 3236 turrem
2439 3180 2592 3255 (Gen.
2635 3206 2707 3252 xu.
2740 3193 2821 3264 4).
2849 3194 3107 3267 Superbia
3137 3217 3197 3257 se
3237 3179 3473 3264 munitos
3503 3179 3803 3272 esse

2210 3272 2505 3373 tIrabant-ur,
2534 3289 2920 3341 exstruxerunt
2943 3289 3109 3346 altam
3151 3301 3392 3362 turrem;
3433 3291 3490 3356 et
3536 3303 3808 3363 Dominus

2206 3359 2386 3463 divisit
2415 3364 2624 3463 linguas
2645 3371 2904 3440 ipsorum.
2928 3378 3078 3437 Tunc
3105 3397 3167 3440 se
3192 3359 3471 3459 crepet-unt
3501 3409 3609 3449 non
3641 3359 3802 3455 intel;

2208 3452 2372 3549 ligere
2414 3457 2591 3524 :liinc
2640 3463 2776 3520 facta
2820 3479 2903 3524 est
2944 3473 3095 3544 origo
3139 3452 3435 3549 linguarum
3483 3452 3801 3549 multarum.

2207 3544 2376 3646 antea
2406 3551 2547 3606 enim
2592 3571 2692 3608 una
2722 3556 2900 3628 lingua
2925 3575 3074 3630 erat;
3104 3568 3199 3622 sed
3218 3544 3331 3638 iuta
3361 3574 3534 3645 lingua
3565 3544 3798 3635 concor:

2204 3637 2667 3734 dibusproderat,
2701 3664 2803 3703 una
2848 3649 3023 3723 lingua
3074 3637 3375 3718 hominibus
3415 3637 3674 3734 proderat
3702 3690 3718 3726 :
3744 3682 3799 3728 at

2206 3727 2293 3782 ubi
2322 3730 2408 3784 illa
2429 3733 2676 3791 collectio
2704 3741 2755 3794 in
2777 3747 3229 3814 conspirationem
3255 3727 3520 3824 superbia:
3546 3763 3797 3833 praecipi-

2205 3829 2439 3923 tataest,
2472 3832 2706 3923 pepercit
2732 3834 2837 3890 illis
2863 3837 3000 3893 Deus
3022 3850 3080 3896 ut
3097 3840 3362 3903 divideret
3386 3849 3614 3921 linguas,
3643 3829 3800 3914 ne‘se

2202 3914 2550 3984 intelligendo
2578 3924 2928 3989 perniciosam
2957 3929 3198 3990 facerent
3237 3914 3516 3996 unitatem.
3560 3914 3666 4001 Per
3707 3964 3798 4003 su-

2203 4005 2398 4107 perbos
2420 4007 2665 4068 homines
2684 4014 2866 4072 divisa:
2893 4030 3017 4077 sunt
3040 4007 3253 4095 linguae,
3277 4043 3376 4097 per
3398 4030 3634 4091 humiles
3656 4041 3795 4107 Apo-

2201 4096 2370 4195 stolos
2397 4114 2737 4195 congregato
2767 4121 2893 4164 sunt
2913 4112 3106 4184 lingua:
3133 4133 3147 4170 :
3176 4096 3395 4188 spiritus
3417 4128 3692 4195 superbia}
3705 4096 3793 4184 di-

2201 4189 2392 4288 spersit
2424 4191 2650 4288 linguas,
2682 4197 2911 4288 Spiritus
2943 4215 3158 4261 sanctus
3184 4189 3531 4283 congregavit
3561 4216 3788 4288 linguas.

2201 4278 2424 4344 Quando
2448 4284 2596 4338 enim
2618 4283 2847 4356 Spiritus
2873 4305 3088 4350 sanctus
3112 4299 3258 4354 venit
3283 4278 3447 4370 super
3473 4278 3794 4377 discipulcs.

2200 4372 2438 4427 ominum
2480 4373 2676 4445 linguis
2720 4378 2883 4436 locuti
2927 4395 3070 4452 sunt,
3121 4389 3190 4444 ab
3235 4388 3504 4457 omnibus
3536 4372 3793 4455 intellecti

2200 4472 2326 4516 sunt
2349 4461 2490 4532 (Act.
2513 4468 2652 4560 11:4)
2685 4487 2698 4524 :
2733 4469 2930 4543 lingua:
2955 4475 3213 4549 dispersa:
3234 4525 3250 4549 ,
3281 4483 3332 4537 in
3363 4501 3530 4540 unum
3561 4503 3792 4560 congre-

2198 4561 2519 4648 gatzesunt.
2565 4558 2708 4629 Ergo
2733 4561 2780 4615 si
2808 4562 2987 4624 adhuc
3024 4570 3254 4626 saeviunt
3280 4583 3335 4628 et
3359 4578 3588 4642 gentiles
3627 4558 3790 4648 sunt,

2200 4645 2414 4713 expedit
2436 4648 2518 4731 eis
2544 4649 2741 4707 divisas
2772 4653 2970 4713 habere
2998 4660 3224 4731 linguas.
3257 4664 3458 4721 Volunt
3499 4685 3661 4726 unam
3694 4645 3793 4727 lin;

2198 4751 2355 4803 gnam
2386 4779 2402 4803 ,
2434 4742 2650 4796 veniant
2678 4745 2746 4798 ad
2777 4745 3110 4817 Ecclesium;
3137 4755 3260 4824 quia
3300 4766 3356 4811 et
3402 4757 3454 4812 in
3481 4759 3792 4818 diversitate

2199 4826 2496 4898 linguarum
2532 4835 2728 4902 carnis,
2759 4853 2862 4891 una
2893 4849 2976 4895 est
3006 4843 3182 4914 lingua
3213 4847 3265 4900 in
3298 4848 3401 4904 lldc
3422 4853 3626 4909 cordis.
3659 4856 3801 4912 Sub-

2199 4933 2388 4989 merge,
2422 4920 2657 4991 Domine,
2687 4938 2736 4981 et
2760 4928 2926 4984 divide
2951 4934 3152 5004 linguas
3181 4955 3373 4994 eorum.

2274 5011 2361 5063 12.
2407 5012 2660 5078 Quoniam
2689 5019 2792 5072 vidi
2819 5020 3133 5092 iniquitatem
3177 5038 3226 5082 et
3260 5033 3717 5101 contradictionem‘
3736 5039 3794 5093 in

2200 5103 2421 5157 civitate.
2449 5104 2636 5161 Merito
2667 5102 2766 5165 iste
2794 5111 3072 5171 desertum
3102 5123 3391 5189 qumrebat,
3437 5119 3688 5193 quon-iam
3715 5131 3793 5179 vi-

2200 5193 2279 5248 dit
2319 5195 2652 5266 iniquitatem
2694 5213 2750 5256 et
2788 5208 3266 5267 contradictionem
3315 5216 3366 5269 in
3412 5204 3628 5283 civitate
3698 5227 3793 5282 Est

2201 5286 2444 5377 quaedam
2491 5290 2680 5345 civitas
2726 5296 3027 5352 turbulenta
3069 5317 3082 5352 :
3118 5301 3230 5371 ipsa
3272 5317 3388 5360 erat
3420 5324 3554 5377 qum.
3591 5323 3791 5372 turrem

2202 5375 2577 5478 atdilieaverat,
2600 5382 2712 5452 ipsa
2736 5387 2953 5441 confusa
2975 5401 3076 5457 est,
3101 5401 3148 5447 et
3179 5375 3450 5465 appellata
3476 5400 3790 5474 Babylmtia,

2206 5472 2317 5536 ipsa
2341 5485 2436 5537 per
2463 5472 2876 5532 innumerabiles
2904 5491 3092 5550 gentes
3119 5485 3361 5554 dispersa
3380 5489 3548 5559 '(Grn.
3583 5511 3656 5559 xi,
3679 5497 3737 5569 9)

2204 5562 2328 5615 inde
2371 5577 2723 5636 congregatur
2770 5569 3008 5643 Ecclesia
3039 5575 3094 5628 in
3139 5575 3408 5634 desertum
3463 5584 3612 5640 bona:
3661 5562 3796 5644 rou-

2267 5678 2284 5705 ι
2321 5678 2402 5724 llic
2426 5678 2472 5724 in
2497 5678 2608 5727 Edd.
2633 5680 2840 5741 additur,
2873 5682 2920 5734 si
2951 5694 3112 5738 verum
3148 5688 3284 5742 illuni
3324 5693 3501 5745 ﬁliam
3529 5697 3617 5748 Dei
3651 5701 3798 5754 abite.

2200 5747 2287 5802 gas
2308 5749 2409 5802 esse
2434 5740 2602 5802 :_quod
2624 5743 2768 5794 abest
2787 5757 2815 5793 a
2840 5755 2944 5796 MSS.

2267 5799 2286 5828 ί
2321 5800 2392 5836 sin
2425 5799 2602 5836 nlihnnt
2645 5809 2733 5836 \Icc
2785 5814 2829 5836 η
2872 5815 2962 5836 In"
3025 5804 3289 5836 “n.4,...g--.
3314 5829 3360 5836 μ.
3384 5817 3452 5836 1.)!

2267 5799 2286 5867 ξ
2319 5800 2392 5845 sic
2425 5799 2608 5862 aliquot
2645 5809 2751 5852 Mss.
2779 5814 2832 5874 at
2872 5815 3000 5876 tota,
3024 5804 3289 5871 perdauatr
3313 5829 3361 5867 m
3381 5817 3616 5872 illituum;
3639 5829 3712 5872 ἢ.
3744 5837 3794 5879 et

2204 5859 2397 5921 quidam
2418 5868 2541 5922 Mss,
2568 5867 2774 5924 perdant
2796 5881 2845 5917 ιη
2869 5875 3096 5933 utipsam.
