3968 6408
194 488 298 544 C37

199 609 458 664 scicntire.
507 604 653 662 Vidit
714 618 858 661 enim
916 600 1393 658 contradictionem
1443 599 1496 654 in
1553 600 1788 653 civitate.

199 701 445 755 Christus
490 698 657 754 venit.
704 695 838 764 Quis
887 694 1168 759 Christus,
1215 690 1584 747 contradicis?
1628 689 1794 744 Filius

200 795 322 849 Dei.
357 792 424 847 Et
469 791 630 845 habet
670 789 832 844 ﬁlium
870 787 1011 842 Deus
1035 829 1049 852 ,
1097 783 1467 840 contradicis?
1504 782 1670 837 Natus
1711 789 1796 835 est

201 890 270 945 de
295 887 520 958 virgine,
555 897 744 955 passus
764 923 779 948 ,
807 880 1120 937 resurrexit.
1153 879 1221 933 Et
1251 876 1390 932 unde
1433 877 1533 930 hoc
1567 873 1680 929 fieri
1711 887 1794 942 ρο·

203 991 334 1048 test,
392 964 763 1034 contradicis?
820 973 1050 1029 Attende
1097 973 1289 1027 saltem
1343 969 1565 1040 gloriam
1619 966 1795 1022 crucis

202 1073 393 1143 ipsius.
422 1069 539 1125 Jam
582 1067 635 1122 in
665 1067 841 1122 fronte
883 1081 1066 1135 regum
1097 1079 1226 1118 crux
1271 1063 1360 1115 illa
1394 1061 1496 1114 lixa
1544 1067 1668 1123 est,
1709 1059 1796 1112 cui

107 1228 109 1231 ι
203 1164 407 1219 inimici
455 1162 862 1223 insuitaverunt.
905 1158 1139 1214 Effectus
1180 1154 1466 1226 probavit‘
1497 1153 1746 1206 virtutem
1780 1168 1796 1204 :

202 1257 415 1313 domuit
439 1255 648 1319 orbem,
684 1269 791 1308 non
822 1250 988 1316 ferro,
1032 1250 1126 1304 sed
1159 1249 1322 1319 ligno.
1367 1247 1593 1317 Lignum
1621 1244 1796 1299 crucis

201 1346 543 1405 contumeliis
570 1345 786 1417 dignum
812 1344 984 1399 visum
1009 1351 1090 1396 est
1110 1340 1359 1406 inimicis,
1391 1348 1445 1393 et
1471 1346 1595 1392 ante
1622 1336 1795 1404 ipsum

205 1441 410 1511 lignum
436 1446 638 1495 stantes
663 1444 823 1506 caput
842 1435 1130 1506 agitabant,
1154 1429 1470 1487 etdicebant
1499 1447 1512 1482 :
1548 1429 1609 1484 Si
1632 1427 1798 1481 Filius

201 1531 304 1586 Dei
331 1541 424 1596 est,
452 1529 725 1585 descendat
754 1529 819 1583 de
842 1542 992 1580 cruce
1016 1523 1228 1593 (Matth.
1257 1538 1423 1588 xxv“,
1452 1521 1566 1591 40).
1599 1520 1801 1574 Exten-

202 1625 369 1681 debat
395 1625 486 1678 ille
513 1635 704 1677 manus
742 1635 866 1675 suas
893 1617 960 1674 ad
987 1617 1238 1687 pupulum
1267 1630 1373 1669 non
1413 1612 1720 1668 credentem
1745 1619 1801 1664 et

201 1715 684 1784 contradicentem.
714 1711 770 1768 Si
799 1709 941 1766 enim
966 1709 1143 1779 justus
1185 1716 1298 1771 est,
1327 1705 1414 1774 qui
1446 1719 1512 1759 ex
1542 1702 1643 1756 fide
1670 1701 1802 1755 vivit

202 1807 386 1880 (Itoni.
411 1822 450 1872 ι,
483 1805 597 1876 17),
628 1803 841 1873 iniquus
869 1807 951 1856 est
975 1800 1062 1870 qui
1094 1813 1200 1853 non
1232 1797 1394 1851 habet
1421 1795 1600 1849 ﬁdem.
1644 1791 1797 1861 Quod

201 1915 338 1972 ergo
365 1898 452 1953 hic
475 1897 571 1962 ait,
606 1896 941 1967 iniquitatem.
978 1890 1253 1962 perfidiam
1288 1888 1545 1956 intelligo.
1574 1886 1802 1941 Videbat

201 2009 338 2064 ergo
370 1991 626 2046 Dominus
655 1989 707 2043 in
737 1987 950 2042 civitate
978 1983 1310 2053 iniquitatem
1341 1991 1396 2037 et
1419 1977 1802 2034 contradictio-

199 2101 355 2149 nem.
377 2091 434 2139 et
458 2080 779 2138 extendebat
810 2093 1000 2133 manus
1022 2091 1145 2131 suas
1173 2075 1241 2128 ad
1271 2073 1525 2144 populum
1550 2086 1656 2125 non
1683 2085 1803 2125 cre-

202 2177 432 2231 dentem
461 2183 514 2228 et
540 2170 1031 2232 contradicentem;
1069 2177 1123 2222 et
1147 2174 1324 2220 tamen
1352 2173 1407 2219 et
1432 2165 1576 2234 ipsos
1604 2178 1799 2232 exspe-

199 2277 359 2322 ctans
383 2264 595 2321 dicebat
627 2281 639 2315 :
670 2259 847 2323 Pater,
876 2260 1084 2330 ignosce
1110 2258 1235 2322 illis,
1267 2256 1386 2324 quia
1415 2255 1644 2308 nesciunt
1681 2254 1803 2322 quid

204 2357 404 2431 faciunt
435 2354 587 2425 (Luc.
619 2367 769 2416 unt,
797 2350 914 2419 ‘54).
941 2349 1130 2404 Adhuc
1150 2337 1543 2415 sane‘reliquim
1574 2347 1802 2400 saevium

212 2450 360 2503 illius
409 2445 677 2508 civitatis,
735 2442 911 2497 adhuc
946 2439 1342 2495 contradicunt.
1407 2437 1480 2492 De
1535 2434 1802 2491 frontibus

200 2532 448 2612 omnium
492 2536 654 2592 modo
683 2535 921 2590 extendit
954 2547 1143 2587 manus
1167 2530 1233 2586 ad
1264 2528 1518 2598 reliquias
1546 2542 1650 2581 non
1678 2541 1802 2582 cre-

199 2634 399 2688 dentes
431 2638 486 2685 et
511 2626 960 2684 contradicentes.
1007 2622 1258 2690 Quoniam
1282 2620 1385 2674 uidi
1413 2619 1730 2690 iniquitatem
1754 2628 1804 2672 et

201 2722 657 2780 contradictionem
677 2720 731 2773 in
757 2718 976 2795 civitate.
1308 2764 1311 2765 ν

279 2818 368 2872 l3.
400 2813 552 2888 [aers.
582 2808 698 2884 11.]
730 2809 826 2864 Die
866 2825 926 2863 ac
969 2818 1114 2862 nocte
1140 2803 1472 2859 circumdabit
1512 2819 1621 2858 eam
1651 2818 1806 2872 super

203 2926 382 2964 muros
419 2909 530 2979 ejus
553 2904 792 2975 iniquitas
820 2913 866 2956 et
890 2901 1052 2954 labor.
1087 2898 1255 2968 Super
1285 2914 1456 2951 muros
1481 2897 1614 2968 ejus,
1641 2909 1807 2966 super

202 3000 543 3058 munimenta
582 2997 720 3068 ejus.
755 3005 943 3050 tenens
985 2990 1138 3066 quasi
1179 2991 1351 3060 capita
1393 2989 1509 3058 ejus
1535 3030 1552 3053 ,
1594 2988 1803 3043 nobiles

200 3097 345 3168 ejus.
376 3093 470 3150 Ille
492 3091 684 3147 nobilis
706 3089 754 3144 si
781 3087 1104 3144 christianus
1125 3092 1289 3145 esset.
1313 3096 1473 3157 nemo
1500 3088 1806 3136 remaneret

202 3202 467 3262 paganus.
495 3185 816 3252 Plerumque
837 3179 1020 3234 dicunt
1045 3175 1294 3232 homines
1318 3192 1332 3229 :
1359 3172 1526 3227 Nemo
1553 3187 1805 3227 remane-

203 3260 291 3337 ret
322 3290 578 3349 paganus,
610 3275 654 3329 si
685 3272 776 3328 ille
817 3279 962 3327 esset
999 3267 1342 3323 christianos.
1372 3260 1699 3334 Plerumque
1725 3263 1807 3318 di-

200 3381 341 3428 cunt
365 3368 612 3424 homines
641 3384 654 3419 :
690 3365 756 3420 Et
784 3364 877 3419 ille
919 3361 963 3416 si
1004 3360 1156 3415 ﬁeret
1183 3357 1536 3423 Christianus,
1563 3356 1684 3426 quis
1712 3370 1805 3412 re-

201 3469 455 3520 maneret
478 3456 750 3531 paganus?
775 3454 928 3524 Quod
945 3468 1073 3524 ergo
1093 3449 1326 3506 nondum
1353 3449 1484 3503 fiunt
1505 3448 1802 3516 christiani,

199 3557 364 3628 quasi
393 3553 530 3609 muri
553 3558 678 3607 sunt
710 3547 949 3605 civitatis
978 3545 1121 3600 illius
1148 3559 1259 3599 non
1285 3541 1561 3597 credentis
1591 3550 1646 3596 et
1671 3556 1804 3595 con-

201 3644 543 3705 tradicentis.
579 3640 845 3707 Quamdiu
873 3639 959 3693 isti
986 3636 1124 3690 muri
1149 3630 1552 3689 stabuntiNon
1587 3646 1808 3700 semper

200 3741 451 3799 stabunt.
494 3733 696 3792 Circuit
723 3746 846 3786 arca
873 3743 1055 3784 muros
1083 3727 1298 3783 Jericho
1330 3742 1345 3778 :
1377 3725 1557 3778 veniet
1597 3732 1806 3791 tempus

201 3833 444 3904 septimo
486 3842 624 3883 arcae
653 3825 900 3888 circuitu,
942 3830 1003 3877 ut
1041 3834 1230 3874 omnes
1259 3817 1394 3871 muri
1423 3815 1657 3872 civitatis
1699 3829 1806 3868 non

200 3921 484 3981 erodentis
506 3928 562 3976 et
588 3911 1006 3973 contradicentis
1028 3910 1222 3967 cadant
1251 3907 1433 3983 (Iosue
1476 3924 1558 3971 vt,
1589 3906 1668 3977 5).
1699 3906 1805 3960 Do-

201 4032 309 4074 nec
335 4016 447 4080 flat,
474 4011 719 4066 turbatur
745 4008 846 4062 iste
874 4007 927 4060 in
954 4001 1342 4060 exercitatione
1367 4014 1502 4064 sua;
1529 4007 1584 4053 et
1623 3997 1805 4067 perfe-

200 4124 336 4167 rens
363 4104 616 4174 reliquias
639 4098 1121 4158 contradicentium
1149 4135 1164 4159 ,
1211 4100 1359 4164 Optat
1389 4107 1591 4162 pennas
1628 4090 1809 4144 avola-

199 4199 395 4264 tionis,
427 4203 576 4265 optat
599 4193 835 4264 requiem
866 4187 1086 4243 deserti.
1110 4185 1222 4240 bno
1242 4185 1398 4239 duret
1424 4183 1567 4237 inter
1590 4191 1808 4237 contra-
1847 4254 1849 4256 η

198 4292 474 4352 dicentes,
505 4284 738 4356 perferat
779 4281 968 4343 minas,
1003 4278 1150 4333 bibat
1173 4273 1459 4347 Opprobria
1491 4317 1505 4336 .
1536 4280 1810 4342 exspectet

197 4384 298 4457 qui
329 4395 454 4440 eum
492 4378 698 4432 salvum
743 4373 901 4428 faciat
938 4387 971 4426 a
1019 4367 1456 4440 pusillanimitate
1507 4375 1560 4418 et
1605 4372 1810 4432 tempe-

197 4484 350 4533 state
380 4492 394 4529 :
427 4473 695 4526 intueatur
721 4475 908 4535 caput,
937 4461 1240 4531 exemplum
1274 4462 1397 4514 vitae
1423 4457 1444 4488 ¹
1473 4473 1584 4512 sua:
1607 4497 1623 4522 ,
1666 4466 1811 4509 tran-

197 4567 471 4639 quilletur
497 4564 550 4618 in
581 4576 702 4631 spe,
731 4557 834 4613 etsi
869 4554 1111 4610 turbatur
1138 4552 1189 4606 in
1218 4567 1294 4605 re.
1332 4549 1426 4602 Die
1452 4565 1512 4601 ac
1540 4557 1684 4600 nocte
1707 4547 1807 4600 cir.

197 4656 469 4717 cuuulaln'.t
516 4671 628 4721 ςαηι
676 4667 831 4728 super
873 4668 1046 4705 muros
1084 4648 1194 4719 ejus
1240 4645 1518 4714 iniquitas,
1572 4649 1619 4694 et
1667 4638 1810 4693 labor

195 4767 255 4819 in
288 4758 456 4816 medio
486 4755 595 4827 ejus
623 4761 670 4806 et
698 4745 970 4822 injustitia.
1001 4743 1068 4796 Et
1093 4736 1391 4794 ideo‘labor
1417 4734 1523 4799 ibi,
1548 4733 1670 4802 quia
1709 4731 1812 4785 iui-

197 4853 386 4925 quitas
410 4843 485 4904 ibi
505 4822 530 4899 ἐ
560 4843 683 4915 quia
715 4835 974 4909 injustitia
1005 4832 1116 4895 ibi,
1155 4828 1277 4884 ideo
1303 4835 1358 4882 et
1382 4825 1534 4879 labor
1564 4823 1656 4876 ibi.
1701 4822 1808 4878 Sed

197 4915 432 5002 a'udiant
477 4934 854 4994 extendentem
905 4937 1140 4982 manus:
1185 4918 1358 4974 Venite
1425 4915 1493 4968 ad
1512 4931 1590 4967 me
1637 4930 1810 4968 omnes

198 5037 293 5109 qui
319 5028 584 5088 laboratis.
608 5025 717 5079 Vos
739 5017 1003 5083 clatnatis,
1026 5029 1124 5069 vos
1144 5007 1533 5072 contradicitis,
1562 5020 1656 5060 vos
1680 5020 1810 5059 con-

201 5097 481 5183 uiciamitii
512 5140 527 5175 :
559 5118 650 5174 ille
671 5132 701 5170 e
723 5123 932 5175 contra,
968 5106 1144 5161 Venite
1170 5104 1237 5155 ad
1266 5117 1344 5155 me
1367 5115 1539 5155 omnes
1559 5098 1644 5168 qui
1666 5097 1808 5151 tabo-

199 5219 337 5274 ratis
367 5217 423 5270 in
446 5207 699 5281 superbia
727 5213 903 5258 vestra
925 5209 1026 5273 ,ret
1051 5191 1397 5266 requiescetis
1425 5192 1477 5243 in
1507 5189 1809 5242 humilitate

203 5325 358 5367 mea.
389 5279 582 5361 Discite
609 5317 641 5353 a
669 5313 749 5352 me
771 5337 786 5362 ,
814 5291 982 5363 inquit
1007 5287 1023 5356 ,
1059 5287 1177 5359 quia
1202 5285 1338 5338 mitis
1378 5299 1490 5337 sum
1530 5290 1577 5334 et
1604 5279 1810 5333 humilis

199 5402 385 5464 corde,
417 5406 462 5453 et
505 5390 767 5448 invenietis
806 5385 1027 5456 requiem
1069 5378 1334 5435 animabus
1368 5375 1542 5430 uestris
1594 5370 1806 5445 (Matth.

201 5513 284 5559 λι,
311 5492 387 5547 ‘28
411 5532 429 5557 ,
452 5486 572 5558 29).
603 5481 758 5539 Unde
781 5479 925 5535 enim
952 5475 1027 5529 illi
1075 5470 1318 5527 laborant
1342 5510 1357 5534 ,
1403 5467 1502 5521 nisi
1549 5465 1671 5535 quia
1703 5480 1808 5518 non

200 5555 341 5644 illul
367 5555 601 5637 miteset
623 5560 850 5629 humiles
875 5563 1080 5623 corde?
1106 5562 1247 5618 Deus
1273 5557 1491 5614 humilis
1515 5555 1684 5611 factus
1705 5563 1807 5622 est,

199 5679 497 5738 erubescat
523 5672 686 5726 homo
711 5680 833 5722 esse
856 5659 1140 5731 superbus.

284 5773 374 5828 M.
407 5766 558 5844 [υεη.
590 5759 705 5834 12.]
739 5757 859 5813 Non
888 5753 1069 5823 defecit
1116 5749 1178 5803 de
1214 5746 1403 5818 plateis
1438 5744 1548 5814 ejus
1581 5758 1735 5797 usuro
1763 5750 1810 5795 et

275 5929 292 5958 ι
329 5929 514 5970 «mnes
535 5915 642 5965 fere
664 5917 794 5976 “55..
815 5901 1003 5970 Επρειὶε
1018 5901 1176 5966 proba
1199 5898 1434 5950 virtutem.

274 5990 296 6019 ⁸
333 5984 708 6044 l‘lerique'ﬂss.,
733 5984 838 6023 t'tte.

1301 481 1695 539 ENARRATIO
1734 480 1798 535 ΙΝ
1840 481 2157 539 PSAIMUM
2198 483 2328 539 LIV.

1900 599 2068 653 dolus.
2101 599 2272 656 Usura
2299 611 2352 655 et
2381 600 2537 657 dolus
2565 619 2668 658 non
2708 604 3109 666 absconduutur
3133 612 3322 668 saltent
3362 620 3485 686 quia

1903 692 2037 745 ntala
2065 702 2207 756 sunt,
2238 694 2332 748 sed
2373 695 2579 764 publice
2609 700 2855 754 saeviunt.
2887 702 3092 758 Etenim
3118 709 3206 776 qui
3247 709 3298 762 in
3324 709 3488 767 domo

1901 781 2099 853 aliquid
2126 785 2250 838 mali
2282 781 2426 853 faeit,
2460 788 2542 841 vel
2565 788 2630 842 de
2660 790 2800 844 malo
2821 808 2919 846 suo
2939 796 3204 853 erubescit
3235 817 3251 856 :
3281 800 3346 854 In
3373 806 3487 865 pta-

1903 873 1993 926 tcis
2020 876 2130 944 ejus
2157 892 2311 930 usura
2340 888 2385 931 et
2409 879 2575 934 dolus.
2605 882 2783 936 Fenus
2809 894 2865 938 et
2893 886 3276 954 professionem
3306 893 3486 959 habet,

1905 964 2058 1019 fenus
2086 976 2138 1018 et
2163 982 2251 1021 ars
2286 981 2546 1028 vocatur:
2585 988 2782 1042 corpus
2817 975 3010 1031 dicitur
3034 1018 3056 1044 ,
3101 995 3295 1054 corpus
3337 987 3491 1056 quasi

1905 1060 2269 1112 necessarium
2297 1060 2538 1129 civitati,
2568 1074 2622 1117 et
2664 1064 2730 1119 de
2757 1065 3094 1136 professione
3132 1088 3229 1128 sua
3267 1077 3494 1146 vectigal

1905 1149 2163 1219 impendit
2197 1168 2213 1207 :
2242 1169 2409 1223 usque
2433 1153 2568 1209 adeo
2587 1155 2640 1209 in
2673 1157 2847 1226 platea
2874 1169 2957 1213 est
2983 1163 3124 1230 quod
3155 1166 3342 1220 saltem
3370 1169 3494 1222 ahs-

1903 1239 2240 1293 condeudum
2269 1252 2404 1296 erat.
2433 1243 2526 1297 Est
2547 1255 2598 1297 et
2620 1246 2718 1298 alia
2750 1263 2911 1301 usura
2945 1251 3116 1319 pejor,
3145 1257 3358 1323 quando
3387 1273 3492 1311 non

1902 1330 2124 1385 dimittis
2152 1333 2292 1402 quod
2326 1334 2416 1389 tibi
2453 1335 2709 1402 debetur;
2753 1349 2807 1392 et
2835 1344 3076 1396 turbatur
3099 1347 3284 1400 oculus
3320 1348 3372 1401 in
3404 1349 3495 1404 illo

1903 1439 2060 1478 versu
2081 1426 2359 1495 orationis,
2385 1427 2590 1503 Dimitte
2609 1431 2752 1484 nobis
2777 1431 2943 1486 debita
2967 1445 3161 1490 nostra.
3187 1438 3324 1505 Quid
3349 1442 3492 1496 enim

1905 1515 1974 1568 ihi
2002 1515 2234 1570 facturus
2264 1533 2344 1584 es,
2372 1520 2585 1588 quando
2619 1531 2869 1579 oraturus
2897 1541 2956 1580 es
2983 1536 3039 1581 et
3074 1527 3142 1582 ad
3168 1529 3338 1598 ipsum
3370 1547 3492 1587 ver-

1904 1623 2019 1661 sum
2061 1611 2356 1664 venturus?
2388 1602 2616 1667 Vcrbuni
2659 1618 3119 1672 contumeliosum
3143 1622 3336 1677 audisti
3371 1641 3384 1676 :
3414 1625 3496 1679 vis

1902 1701 2118 1770 exigere
2163 1701 2520 1758 damnationis
2565 1706 2907 1776 supplicium.
2957 1710 3047 1766 Vel
3094 1721 3294 1768 tantum
3340 1716 3495 1786 exige

1903 1800 2159 1858 quantum
2190 1790 2382 1846 dedisti
2411 1834 2426 1854 ,
2467 1795 2736 1851 fenerator
2777 1796 3112 1866 injuriarum.
3158 1803 3342 1874 Pugno
3369 1821 3495 1876 per-

1904 1895 2092 1984 cussus
2127 1897 2213 1947 es,
2255 1883 2676 1941 interfectionem
2714 1888 2927 1956 quaeris.
2962 1891 3134 1947 Usura
3175 1896 3335 1949 mala.
3380 1898 3498 1965 Qua

1905 1976 2091 2074 iturus.
2125 1989 2185 2029 es
2238 1976 2288 2074 i-n
2341 1977 2683 2034 orationem?
2734 1980 2790 2036 Si
2839 1982 3121 2054 reliqueris
3174 1989 3495 2058 orationem,

1905 2077 2007 2130 qua
2046 2065 2422 2120 circumiturus
2460 2083 2519 2121 es
2557 2067 2623 2122 ad
2655 2069 2977 2125 Dominum?
3004 2073 3142 2130 Ecce
3169 2075 3317 2133 dices
3349 2097 3362 2133 :
3396 2074 3499 2135 Pu-

1909 2165 1984 2208 ter
2013 2167 2181 2210 noster
2199 2197 2213 2220 ,
2245 2159 2334 2228 qui
2360 2152 2410 2214 es
2436 2159 2489 2214 in
2517 2162 2654 2215 cretis
2686 2177 2705 2215 :
2729 2164 3072 2234 sanctiﬁcetur
3117 2185 3300 2228 nomen
3334 2170 3496 2228 tuum.

1915 2245 2093 2301 Veniat
2116 2264 2328 2319 regnum
2353 2259 2516 2304 tuum.
2559 2250 2680 2305 Fiat
2703 2255 2935 2308 voluntas
2958 2247 3082 2322 tua,
3122 2262 3254 2313 sicut
3293 2264 3346 2316 in
3373 2265 3500 2320 calo

1906 2349 1951 2393 et
1995 2340 2049 2393 in
2092 2350 2247 2394 terra.
2292 2342 2445 2397 Dices
2476 2361 2488 2396 :
2525 2341 2721 2397 Panem
2767 2336 2994 2401 nostrum
3039 2351 3388 2420 quotidianum
3431 2357 3499 2410 da

1905 2433 2048 2487 nobis
2077 2433 2243 2487 hodie.
2269 2433 2461 2489 Venies
2485 2435 2573 2501 ad,
2594 2434 2802 2490 Dimitte
2828 2438 2970 2494 nobis
2994 2441 3158 2494 debita
3184 2455 3375 2511 nostra,
3398 2448 3500 2502 sic-

1906 2534 2018 2587 utet
2037 2541 2127 2578 nos
2143 2526 2438 2581 dimittimus
2457 2526 2765 2582 debitoribus
2785 2532 2972 2604 nostris
2993 2531 3206 2605 (Matth.
3221 2553 3295 2604 Vl,
3314 2538 3496 2609 9-12).

1908 2613 2004 2668 Vel
2032 2615 2083 2668 in
2114 2615 2328 2670 civitate
2350 2616 2438 2670 illa
2471 2618 2607 2692 mala
2633 2618 2907 2675 abundent
2927 2637 3104 2678 usura:
3128 2625 3265 2690 istan.
3293 2644 3397 2684 non
3421 2631 3500 2685 in-

1909 2713 2053 2758 trent
2083 2705 2314 2774 parietes
2352 2708 2481 2760 istos
2507 2707 2592 2762 ubi
2622 2719 2810 2794 pectus
2847 2713 3103 2768 tunditur.
3135 2716 3271 2783 Quid
3303 2719 3497 2793 facies,

1907 2799 2027 2869 quia
2059 2800 2128 2853 ibi
2167 2807 2221 2854 tu
2247 2810 2302 2856 et
2331 2801 2418 2857 ille
2445 2819 2632 2859 versus
2673 2805 2725 2858 in
2755 2807 2933 2864 medio
2958 2811 3088 2866 estis
3107 2813 3133 2866 ἲ
3171 2813 3365 2872 Preces
3405 2819 3499 2879 tibi

1906 2895 2206 2962 composuit
2229 2895 2466 2951 caelestis
2489 2897 2831 2967 iurisperitus
2856 2899 2935 2970 (a)
2965 2919 2978 2954 :
3007 2903 3097 2972 qui
3127 2917 3347 2963 noverat
3371 2912 3496 2980 quid

1909 2986 1978 3041 ibi
2010 2995 2288 3057 ageretur,
2327 2988 2399 3042 ait
2442 2989 2566 3056 tibi,
2628 2991 2796 3046 Aliter
2837 3007 2946 3048 non
2986 2994 3313 3064 impetrabis.
3343 3005 3501 3057 Amen

1905 3077 2041 3131 enim
2067 3078 2179 3131 dico
2207 3079 2364 3146 vobis,
2393 3081 2512 3148 quia
2537 3081 2581 3133 si
2619 3082 2912 3138 dimiseritis
2931 3095 3138 3155 peccata
3174 3091 3460 3148 hominibus
3482 3134 3499 3161 ,

1908 3172 2220 3227 dimittentur
2277 3174 2454 3238 vobis;
2507 3174 2552 3227 si
2608 3185 2778 3229 autem
2819 3193 2920 3232 non
2954 3179 3248 3236 dimiseritis
3297 3197 3502 3255 peccatu

1909 3266 2231 3332 hominibus,
2275 3283 2434 3337 neque
2475 3265 2634 3321 Pater
2681 3278 2841 3324 vester
2878 3271 3094 3326 dimittet
3135 3276 3273 3330 vobis
3310 3277 3501 3348 (lbid.,

1909 3359 2008 3424 14,
2041 3359 2154 3426 15).
2183 3358 2315 3425 Quis
2362 3358 2463 3414 hoc
2511 3359 2807 3446 dicitiQui
2847 3363 2950 3417 scit
2995 3364 3119 3434 quid
3172 3366 3242 3420 ibi
3292 3381 3499 3441 agatur,

1908 3451 2050 3521 quod
2098 3459 2152 3504 tu
2197 3451 2412 3505 adstans
2454 3452 2611 3522 petis.
2653 3451 2790 3507 Vide
2837 3455 2982 3523 quod
3024 3456 3195 3511 voluit
3225 3473 3346 3514 esse
3387 3459 3503 3530 ipso

1907 3541 2198 3618 advocatus
2229 3552 2348 3597 tuus
2380 3559 2394 3596 :
2427 3543 2541 3613 ipse
2563 3542 2906 3613 jurispcritus
2945 3556 3086 3613 tuus,
3119 3548 3234 3620 ipse
3260 3566 3505 3610 assessor

1907 3632 2120 3700 Patris,
2173 3634 2288 3702 ipse
2323 3633 2486 3703 judex
2534 3643 2658 3689 tuus
2682 3635 2856 3703 dixit,
2889 3639 3055 3694 Aliter
3100 3655 3206 3696 non
3249 3645 3498 3713 accipies.

1907 3723 2046 3794 Quid
2086 3723 2326 3778 facturus
2359 3725 2462 3780 es?
2491 3724 2607 3778 Non
2639 3737 2988 3794 accepturus,
3017 3730 3062 3784 si
3091 3747 3196 3787 non
3223 3733 3500 3803 dicturus;

1910 3833 2019 3872 non
2047 3826 2365 3886 accepturus
2384 3857 2402 3884 ,
2435 3817 2480 3872 si
2511 3818 2704 3872 falsum
2731 3819 2993 3875 dicturus.
3027 3821 3171 3893 Ergo
3198 3835 3291 3880 aut
3333 3826 3501 3883 factu-

1908 3924 2004 3964 rus
2027 3916 2082 3963 et
2106 3907 2381 3973 dicturus,
2423 3918 2518 3962 aut
2558 3908 2701 3979 quod
2741 3911 2878 3981 petis
2927 3927 3032 3967 non
3075 3918 3501 3984 promeriturus;

1910 4001 2033 4070 quia
2076 4002 2167 4070 qui
2207 4001 2310 4055 hoc
2337 4015 2442 4055 non
2473 4001 2712 4065 faciunt,
2757 4003 2810 4058 in
2839 4006 3016 4060 usuris
3042 4007 3146 4062 illis
3173 4018 3298 4064 sunt
3325 4012 3501 4066 malis.

1910 4092 2030 4148 Sint
2060 4093 2249 4176 ibi.illi
2276 4094 2366 4164 qui
2397 4093 2574 4149 adhuc
2614 4095 2754 4150 idola
2794 4105 2888 4150 aut
2929 4097 3188 4165 adorant,
3235 4111 3326 4156 aut
3355 4119 3505 4175 qua:-

1910 4192 2064 4247 runt;
2090 4182 2200 4236 noli
2232 4193 2307 4247 tu,
2335 4182 2482 4253 plebs
2509 4184 2623 4249 Dei,
2652 4185 2784 4251 noli,
2812 4187 2963 4255 plebs
2985 4187 3208 4256 Christi,
3233 4194 3363 4257 noli,
3386 4209 3506 4250 eor-

1911 4287 2010 4343 pus
2055 4271 2197 4326 illius
2239 4274 2454 4342 capitis.
2497 4275 2730 4329 Attende
2762 4276 3027 4332 vinculum
3055 4281 3204 4348 pacis
3233 4291 3372 4347 tute,
3419 4291 3505 4340 at-

1914 4366 2073 4421 tende
2105 4367 2427 4435 promissum
2456 4367 2579 4423 vitae
2607 4377 2732 4423 tuac.
2776 4369 2914 4437 Quid
2943 4371 3086 4426 enim
3113 4374 3206 4429 tibi
3253 4376 3468 4445 prodest
3487 4421 3503 4444 ,

1911 4456 2033 4527 quia
2073 4458 2241 4527 exigis
2270 4458 2490 4528 injurias
2518 4474 2650 4529 quas
2683 4462 2945 4528 pertulisti
2972 4462 2997 4515 ‘2
3039 4463 3178 4520 Ultio
3210 4476 3260 4520 te
3291 4468 3508 4525 reiicit?

1912 4551 2053 4620 Ergo
2094 4550 2162 4604 de
2198 4550 2342 4605 malo
2375 4551 2550 4605 alieno
2589 4552 2886 4622 gauhebis?
2923 4553 3119 4611 Passus
3163 4572 3224 4612 es
3263 4559 3460 4614 malum
3487 4602 3504 4627 ,

1914 4645 2163 4714 ignosce;
2196 4659 2264 4697 ne
2289 4643 2392 4696 duo
2425 4641 2497 4716 (b)
2520 4644 2657 4697 silis.
2682 4643 2748 4696 Et
2776 4661 2878 4698 non
2903 4645 3087 4716 defetit
3112 4646 3378 4720 deplateis
3397 4651 3509 4724 ejus

1911 4752 2070 4789 usura
2091 4746 2136 4789 et
2163 4734 2334 4789 dolus.

1984 4829 2073 4882 15.
2104 4827 2254 4900 [υενε.
2286 4825 2503 4899 15-15.]
2537 4827 2658 4882 Ideo
2687 4843 2816 4899 ergo
2857 4837 2910 4883 tu
2955 4832 3233 4899 quaerebas
3261 4836 3508 4892 solitudiv

1914 4934 2036 4972 nem
2063 4928 2118 4972 et
2149 4933 2370 4987 pennas,
2401 4917 2523 4974 ideo
2549 4935 2873 4988 murmuras,
2904 4920 3017 4976 haec
3044 4922 3185 4979 ferre
3207 4941 3312 4979 non
3333 4937 3504 4996 potes,

1913 5009 2392 5065 Contradictionem
2432 5020 2486 5065 et
2529 5009 2859 5081 iniquitatem
2905 5015 3133 5069 civitatis
3176 5016 3352 5088 hujus.
3395 5018 3510 5075 lie-

1913 5104 2130 5172 quiesce
2156 5103 2208 5155 in
2240 5102 2322 5156 his
2351 5103 2439 5170 qui
2467 5111 2642 5157 tecum
2671 5103 2814 5157 intus
2851 5114 3012 5170 sunt,
3047 5117 3100 5160 et
3129 5108 3236 5162 noli
3268 5105 3510 5178 quaerere

1915 5196 2274 5282 solitudinem.
2325 5195 2460 5249 Audi
2490 5206 2544 5248 et
2586 5197 2652 5250 de
2690 5195 2821 5266 ipsis
2861 5199 2987 5267 quid
3033 5198 3208 5266 dicat,
3257 5201 3508 5267 Quoniam

1912 5290 1956 5345 si
1983 5289 2214 5344 inimicus
2240 5289 2587 5358 exprobrasset
2617 5289 2762 5345 mihi.
2790 5289 2856 5343 Et
2877 5291 3088 5359 quidem
3119 5295 3362 5360 superius
3382 5308 3508 5348 con-

1916 5381 2158 5434 turbatus
2187 5390 2301 5434 erat
2325 5381 2377 5434 in
2409 5380 2793 5458 exercitatione
2820 5395 2915 5436 sua
2942 5396 2971 5434 a
3003 5398 3135 5437 voce
3172 5384 3370 5439 inimici
3401 5396 3454 5440 et
3478 5404 3506 5441 a

1917 5471 2260 5526 tribulatione
2286 5471 2612 5539 peccatoris,
2656 5469 2794 5527 forte
2836 5472 2888 5525 in
2922 5472 3006 5527 illa
3036 5474 3250 5529 civitate
3281 5477 3506 5546 positus,

1915 5563 2144 5631 superba
2176 5562 2263 5615 illa
2307 5563 2545 5632 erigente
2585 5571 2782 5616 turrem
2826 5579 2945 5632 quze
2989 5564 3263 5620 submersa
3292 5576 3375 5620 est
3406 5569 3420 5600 '
3453 5581 3503 5623 ut

1915 5655 2283 5711 dividerentur
2310 5669 2495 5710 eorum
2539 5654 2732 5724 lingua:
2763 5642 2910 5714 (Gen.
2942 5673 2992 5710 rt
3014 5699 3027 5721 ,
3059 5659 3118 5727 4)
3141 5675 3155 5710 :
3182 5660 3399 5715 attende
3424 5661 3504 5715 in.

1981 5765 1996 5832 ξ
2034 5762 2171 5822 Edd.,
2195 5761 2436 5814 subversa.
2485 5770 2540 5814 At
2574 5771 2702 5825 Mss,
2743 5763 3007 5815 submersa.
3038 5763 3213 5820 Alludit
3246 5766 3303 5817 ad
3341 5770 3390 5829 γ.
3437 5771 3507 5832 i0,

1916 5826 2188 5890 Stthmerge,
2215 5835 2308 5874 etc.

1984 5888 2057 5952 (a)
2095 5887 2194 5952 t’id.
2221 5894 2376 5952 'njact.
2399 5888 2502 5952 7__i‘n
2527 5894 2700 5952 Evang.
2729 5896 2882 5949 .loau.,
2909 5902 2957 5938 n.
2985 5890 3056 5941 ll.

1983 5949 2054 6012 (b)
2090 5949 2320 6009 Subaud.,
2341 5949 2473 5999 mali.
