3968 6374
451 500 555 558 639

452 625 535 671 tus
574 612 699 686 quid
738 619 917 684 gemat
957 618 1175 683 propter
1224 605 1458 680 pericula
1500 619 1530 660 a
1575 602 1721 660 falsis
1766 600 2035 658 fratribus.

452 706 704 774 Quoniam
731 705 774 758 si
819 702 1053 758 inimicus
1098 699 1448 770 exprobrasset
1487 696 1612 750 mihi
1636 736 1654 762 ,
1695 692 2043 748 sustinuissent

448 797 661 865 utique:
687 804 732 849 et
757 795 800 848 si
826 794 869 847 is
893 795 979 864 qui
1003 792 1179 846 oderat
1199 806 1277 844 me
1294 830 1310 856 ,
1338 803 1491 859 super
1529 803 1609 841 me
1635 776 1821 856 magna
1846 783 2042 838 locutus

450 887 647 959 fuisset,
670 885 721 940 id
751 892 855 951 est,
880 899 975 954 per
997 882 1300 951 superbiam
1324 878 1454 935 mihi
1478 876 1802 938 insultasset,
1833 872 2041 944 magni-

451 978 636 1042 ﬁcaret
662 990 722 1030 se
740 990 904 1044 super
927 990 1034 1040 me,
1062 973 1355 1029 minaretur
1386 968 1513 1023 mihi
1538 966 1795 1040 quidquid
1823 973 2039 1035 posset:

449 1067 810 1124 absconderem
832 1048 1106 1135 mentique
1126 1061 1189 1118 ab
1209 1078 1287 1116 eo.
1315 1061 1398 1115 Ab
1417 1060 1508 1115 illo
1536 1060 1624 1130 qui
1653 1058 1780 1112 foris
1806 1063 1890 1112 εει
1910 1096 1923 1117 ,
1953 1053 2043 1107 ubi

451 1166 503 1214 te
521 1154 922 1214 abscondens?
949 1153 1094 1210 Inter
1116 1154 1238 1208 illos
1252 1153 1340 1223 qui
1369 1150 1510 1205 intus
1527 1156 1671 1205 sunt.
1692 1147 1843 1203 Nunc
1864 1154 2041 1201 autem

450 1250 594 1316 vide,
610 1251 657 1307 si
684 1266 787 1305 non
811 1248 940 1304 nihil
961 1246 1105 1303 aliud
1126 1253 1312 1310 restat,
1340 1243 1441 1299 nisi
1468 1251 1524 1297 ut
1538 1240 1879 1295 solitudinem
1906 1251 2045 1307 qna:-

450 1357 561 1400 ras.
597 1342 674 1398 Tu
698 1358 834 1408 vero,
858 1339 1049 1411 inquit,
1070 1339 1220 1393 homo
1246 1335 1519 1398 unanimis.
1546 1332 1656 1388 dua:
1675 1348 1813 1386 meus
1828 1341 1873 1385 et
1895 1339 2045 1383 notus

453 1450 618 1489 meus.
648 1434 810 1490 Forte
836 1431 1125 1503 aliquando
1153 1429 1348 1485 boautn
1370 1427 1649 1482 consilium
1666 1422 1885 1491 dedisti,
1909 1423 2047 1476 forte

450 1525 740 1595 aliquando
759 1522 1075 1595 prwcessisti
1098 1537 1203 1584 me,
1230 1529 1284 1574 et
1303 1519 1516 1574 salubre
1534 1514 1732 1588 aliquid
1757 1512 2006 1569 monuisti
2026 1528 2042 1565 ε

456 1616 510 1671 in
537 1615 780 1672 Ecclesia
803 1615 894 1670 Dei
922 1613 1080 1669 simul
1108 1611 1323 1669 fuimus.
1360 1610 1435 1664 Tu
1459 1627 1571 1665 vero
1597 1609 1744 1662 Immo
1766 1606 2043 1672 unanimis,

452 1707 566 1762 dua:
590 1722 728 1763 meus
747 1715 795 1760 et
825 1714 973 1760 notus
1001 1720 1142 1758 meus
1176 1717 1195 1756 :
1217 1703 1303 1773 qui
1335 1702 1487 1755 simul
1530 1716 1723 1753 mecum
1752 1697 1924 1751 dulces
1954 1712 2046 1750 ca-

456 1796 628 1865 piebas
652 1796 807 1851 cibos.
857 1793 959 1863 Qui
1001 1800 1127 1848 sunt
1164 1790 1351 1847 dulces
1394 1789 1545 1845 cibi?
1586 1788 1703 1844 Non
1739 1801 1928 1842 omnes
1956 1784 2048 1854 qtti

455 1886 650 1942 adsunt
674 1893 938 1940 noverunt
961 1901 975 1948 ;
1021 1882 1116 1939 sed
1144 1898 1250 1937 non
1272 1882 1564 1936 amaricent
1595 1880 1611 1913 ί
1639 1880 1732 1952 qui
1759 1886 2045 1942 noverunt,

457 1984 517 2033 ut
539 1977 744 2047 possint
784 1975 890 2031 illis
914 1975 1003 2047 qui
1042 1973 1219 2031 adhuc
1249 1989 1354 2028 non
1393 1983 1653 2028 noverunt
1683 1972 1861 2026 dicere
1895 1989 1907 2025 :
1941 1968 2052 2025 Cu-

456 2077 625 2135 state,
661 2077 712 2123 et
747 2068 946 2133 videte,
992 2065 1232 2137 quoniam
1268 2065 1432 2118 dulcis
1474 2072 1547 2118 est
1586 2062 1831 2117 Dominus
1874 2060 2048 2129 (Psal.

457 2174 621 2215 nam
643 2198 659 2225 ,
681 2157 760 2229 9).
807 2157 910 2226 Qui
936 2156 1089 2212 simul
1124 2172 1318 2210 mecum
1344 2152 1517 2208 dulces
1544 2154 1775 2223 cupiebas
1802 2152 1954 2207 cibos.
1986 2151 2053 2206 In

457 2251 611 2304 domo
638 2247 736 2303 Dei
759 2246 1128 2303 antbulaoimus
1150 2262 1264 2300 cum
1290 2261 1555 2299 consensu.
1603 2242 1756 2299 Unde
1785 2258 1912 2313 ergo
1937 2242 2052 2297 dis-

458 2340 640 2397 sensio
665 2336 787 2413 (at)?
810 2338 911 2409 Qui
938 2338 1083 2395 intus
1103 2347 1239 2405 erat,
1272 2337 1400 2391 foris
1426 2335 1595 2391 factus
1621 2343 1721 2390 est.
1754 2332 2055 2389 Ambulavit

458 2447 671 2488 mecum
710 2432 763 2487 in
801 2431 966 2487 domo
1007 2429 1098 2486 Dei
1126 2446 1248 2485 cum
1286 2444 1554 2484 consensu
1583 2444 1605 2490 ε,
1628 2429 1787 2482 aliam
1833 2425 2052 2483 domum

459 2523 633 2578 erexit
664 2531 853 2578 contra
891 2521 1257 2580 domum,Dei.
1295 2520 1472 2587 Quare
1499 2519 1588 2575 illa
1616 2520 1799 2575 relicta
1828 2527 1933 2586 est,
1964 2518 2055 2574 ubi

461 2611 852 2666 ambulavimus
874 2626 997 2667 cum
1037 2610 1351 2666 consensu?
1396 2624 1561 2680 quare
1597 2608 1684 2665 illa
1711 2608 1922 2664 deserta
1951 2618 2056 2673 est,

466 2704 555 2759 ubi
582 2702 768 2759 dulces
794 2702 951 2759 simul
973 2702 1318 2773 capiebamus
1343 2702 1532 2756 cibos?
1922 2770 1925 2773 η
1988 2689 1992 2693 ’

538 2793 626 2853 16.
655 2793 809 2868 [item
830 2794 945 2867 16.]
984 2793 1160 2849 Veniat
1188 2811 1323 2848 mors
1344 2810 1496 2865 super
1515 2809 1600 2848 eos
1623 2833 1638 2858 ,
1682 2802 1729 2847 et
1752 2792 2060 2847 descendant

465 2884 535 2941 ad
569 2884 825 2955 infernum
854 2885 1091 2939 virentes.
1118 2884 1236 2952 Quo
1263 2883 1421 2936 modo
1444 2882 1717 2951 replicavit
1743 2890 1797 2935 ct
1822 2882 2059 2936 recolere

468 2992 569 3033 nos
596 2977 719 3033 fecit
745 2978 972 3047 primum
997 2976 1124 3031 illud
1147 2973 1451 3030 schismatis
1483 2974 1689 3028 initium
1713 3014 1727 3035 ,
1761 2972 1974 3043 quando
2006 2974 2059 3027 in

468 3067 562 3124 illo
603 3066 780 3138 primo
815 3066 1013 3137 populo
1052 3064 1361 3121 inda-orum
1401 3062 1614 3133 quidam
1640 3062 1856 3135 superbi
1883 3078 1940 3117 se
1970 3079 2059 3117 se-

470 3166 816 3230 paraverunt,
841 3166 897 3213 et
919 3167 1071 3213 extra
1094 3156 1396 3211 sacriﬁcare
1412 3154 1713 3210 voluerunt.
1749 3153 1892 3209 Nova
1917 3169 2063 3211 mors

470 3262 634 3319 super
662 3262 757 3304 eos
791 3247 939 3304 venit
966 3247 1211 3317 :aperuit
1233 3262 1294 3301 se
1319 3254 1460 3301 terra
1485 3286 1501 3311 ,
1531 3255 1585 3301 et
1616 3246 1766 3300 vivos
1789 3245 2065 3301 absorbuit

474 3336 666 3411 (Nam.
696 3354 783 3393 xw
806 3380 821 3404 ,
855 3340 1029 3409 1-55).
1079 3336 1259 3392 Veniat
1282 3379 1296 3403 ,
1324 3337 1528 3409 inquit,
1551 3354 1687 3392 mors
1705 3354 1859 3408 super
1881 3354 1987 3401 eos,
2016 3348 2066 3392 et

474 3428 783 3486 descendant
808 3430 878 3485 ad
901 3430 1159 3503 infernum
1188 3428 1420 3483 uiuentes.
1465 3428 1602 3495 Quid
1629 3438 1714 3483 est
1732 3470 1747 3491 ,
1801 3429 2017 3484 viventes
2038 3429 2065 3484 .’

474 3522 718 3577 Scientes
742 3522 864 3593 quia
887 3531 1147 3593 pereunt,
1180 3530 1437 3583 et.tamen
1464 3528 1769 3590 pereuntes.
1811 3518 1947 3576 Audi
1980 3521 2063 3577 vi-
2112 3552 2114 3555 -

474 3621 663 3668 ventes
680 3614 857 3685 perire
884 3621 940 3667 et
965 3610 1244 3667 absorberi
1269 3612 1415 3666 hiatu
1433 3620 1624 3679 terrae,
1652 3611 1703 3666 id
1730 3621 1811 3667 est
1835 3612 2060 3669 devora-

478 3706 629 3760 tione
672 3714 1005 3759 terrenarum
1052 3702 1400 3772 cupiditatum
1447 3703 1744 3759 absorberi.
1797 3702 1935 3761 Dicis
1963 3704 2066 3759 bo-

477 3795 610 3852 mini
638 3812 653 3849 :
683 3794 820 3864 Quid
852 3795 1090 3866 pateris,
1141 3794 1341 3849 frater?
1386 3793 1602 3850 Fratres
1628 3809 1847 3862 sumus,
1899 3812 2066 3852 unum

479 3888 652 3943 Deum
680 3887 1009 3952 invocamus,
1038 3887 1089 3941 in
1114 3903 1275 3941 unum
1298 3886 1568 3943 Christum
1587 3886 1879 3955 credimus,
1903 3905 2067 3945 unum

480 3977 828 4048 Evangelium
875 3977 1163 4045 audimus,
1214 3993 1379 4033 unum
1434 3976 1703 4032 Psalmmn
1753 3987 2067 4049 cantamus,

481 4085 649 4125 unum
667 4069 838 4125 Amen
856 4068 1267 4138 respondemus,
1293 4083 1457 4124 unum
1479 4068 1701 4123 Alleluia
1727 4083 2067 4140 resonamus,

479 4175 650 4216 unum
674 4160 878 4216 Pascha
909 4160 1242 4215 celebramus
1275 4177 1290 4215 :
1317 4160 1444 4230 quid
1486 4168 1544 4214 tu
1581 4159 1711 4215 foris
1752 4176 1859 4229 es,
1894 4171 1950 4218 et
1970 4178 2071 4235 ego

481 4250 626 4305 intus
640 4266 758 4306 sum
774 4249 799 4302 2
818 4249 1135 4322 Plerumque
1149 4259 1461 4322 angust‘atus
1474 4259 1528 4305 et
1545 4251 1897 4309 considerans
1910 4269 2069 4324 quam

480 4356 611 4397 vera
636 4340 885 4396 dicantur
906 4382 922 4405 ,
953 4339 1197 4407 Reddat,
1227 4341 1321 4404 ait,
1364 4340 1506 4397 Deus
1528 4340 1821 4411 majoribus
1849 4344 2067 4401 nostris.

482 4432 625 4501 Ergo
650 4433 801 4487 vivus
828 4433 984 4503 perit.
1018 4431 1220 4487 Deinde
1242 4430 1395 4486 addis
1416 4439 1472 4487 et
1491 4446 1678 4487 mones
1704 4448 1719 4485 :
1749 4430 1949 4488 Saltem
1978 4449 2071 4490 so-

482 4524 594 4578 lum
618 4524 686 4577 sit
710 4523 908 4577 malum
939 4522 1353 4594 segregationis,
1382 4538 1479 4577 cur
1498 4521 1741 4593 adiungis
1762 4534 1817 4579 et
1835 4524 2072 4595 rebapti-

484 4616 756 4672 zationis?
803 4617 1048 4685 Agnosce
1085 4616 1138 4670 in
1179 4630 1268 4669 me
1293 4613 1436 4685 quod
1478 4614 1682 4680 habes;
1727 4625 1783 4671 et
1822 4618 1866 4671 si
1904 4626 1956 4671 tu
1987 4634 2073 4675 me

481 4707 678 4772 odisti,
723 4705 937 4765 Christo
973 4706 1026 4761 in
1061 4721 1149 4762 me
1174 4721 1355 4779 parce.
1401 4705 1469 4762 Et
1498 4705 1601 4761 hoc
1623 4708 1703 4762 eis
1729 4707 1926 4762 malum
1957 4710 2071 4779 ple-

473 4817 714 4872 rumque
739 4810 794 4856 et
822 4801 1052 4856 maxime
1093 4799 1339 4870 displicet
1365 4816 1381 4853 :
1411 4799 1583 4863 Vere,
1626 4798 1906 4869 inquiunt,
1936 4802 2075 4857 male

488 4893 584 4956 iit;
614 4892 814 4948 utinam
834 4901 1014 4962 posset
1040 4906 1144 4946 non
1169 4891 1282 4946 fieri
1303 4892 1318 4945 ι
1350 4890 1444 4944 sed
1471 4889 1598 4961 quid
1623 4890 1847 4944 facimus
1872 4891 1941 4947 de
1966 4902 2075 4948 sta-

488 4985 618 5041 tutis
653 4983 920 5053 majorum
958 4981 1309 5037 nostrorum?
1354 4979 1679 5035 Descendant
1714 4981 1785 5037 ad
1820 4981 2076 5054 infernum

486 5078 724 5132 uiuentes.
750 5073 806 5130 Si
833 5081 1075 5129 mortuus
1099 5070 1473 5134 descenderes.
1502 5072 1628 5142 quid
1651 5086 1837 5141 ageres
1864 5072 2077 5142 ignora-

489 5181 576 5223 res
602 5182 617 5219 :
642 5178 765 5220 cum
790 5177 917 5217 vero
942 5163 1048 5217 scis
1076 5162 1274 5217 malum
1300 5176 1421 5217 esse
1438 5161 1581 5231 quod
1616 5160 1748 5217 facis
1768 5202 1781 5223 .
1811 5172 1864 5217 et
1898 5172 2074 5218 tamen

489 5261 659 5321 facis;
705 5270 884 5311 nonne
909 5255 1059 5310 vivus
1096 5253 1379 5309 descendis
1403 5252 1469 5307 ad
1517 5252 1756 5308 inferos?
1801 5253 1868 5307 Et
1912 5267 2078 5322 quare

490 5354 723 5410 maxime
770 5355 911 5422 ipsos
955 5350 1119 5407 duces
1161 5358 1320 5403 teme
1368 5348 1540 5401 hiatus
1587 5347 1865 5401 absorbuit
1904 5348 2074 5414 vivos,

491 5446 741 5517 pupulum
791 5457 968 5498 autem
1015 5444 1119 5497 illis
1161 5439 1582 5497 censentientem
1625 5455 1654 5493 e
1684 5440 1821 5494 caelo
1870 5439 2076 5494 irruens

413 5551 425 5563 '
490 5538 628 5605 ignis
655 5536 949 5603 absumpsit
994 5532 1177 5603 (Ibid,
1208 5531 1636 5598 b7l‘iPropterea
1687 5530 1822 5583 hanc
1867 5544 2077 5599 poenam

489 5640 917 5682 ctunmenuu'ans
949 5625 1181 5695 psalmus
1222 5623 1320 5677 iste
1342 5661 1357 5683 .
1402 5636 1447 5690 a_
1472 5622 1663 5690 mundo
1688 5621 1848 5690 cmpit
1871 5663 1883 5683 ,
1930 5636 1981 5675 et
2010 5620 2081 5675 ad

496 5717 662 5772 duces
698 5715 979 5770 etmclmit.
1024 5714 1203 5768 Venia!
1226 5728 1359 5765 mors
1381 5728 1531 5783 super
1553 5730 1635 5765 eos
1664 5752 1677 5774 ,
1713 5720 1931 5781 propter
1958 5711 2077 5766 illos

556 5894 571 5923 ⁸
606 5892 677 5939 Sic
700 5898 772 5937 Er.
802 5897 854 5940 et
874 5896 981 5943 Mss.
1017 5896 1063 5938 At
1087 5895 1216 5945 l.ov.,
1243 5883 1333 5935 Sed
1358 5897 1449 5934 non
1471 5883 1812 5933 antaricmtur.

554 5954 627 6013 (tt)
661 5958 707 6001 lu
732 5954 1011 6001 Donatista.
1395 5956 1401 5962 '

1681 489 1741 546 S.
1782 475 2149 545 ΑυουδτιΝι
2192 480 2493 540 EPISCOPI

3634 485 3742 542 διο

2153 595 2286 652 dixit
2305 636 2320 661 ,
2350 611 2513 669 super
2537 608 2669 667 quos
2696 595 2843 649 venit
2874 592 3008 665 ignis
3036 593 3104 650 de
3130 594 3270 653 calo
3303 613 3319 649 ;
3344 604 3401 652 et
3432 596 3615 652 statim
3636 598 3736 652 sd-

2140 690 2333 760 jnnxit,
2372 686 2687 743 Descendunt
2705 686 2773 740 ad
2792 687 3046 760 infernum
3072 689 3306 752 viventes,
3327 682 3546 759 propter
3568 688 3739 747 duces

2146 795 2280 848 quos
2312 776 2467 833 teme
2506 777 2682 833 hiatus
2706 777 2999 833 absorbuit.
3049 776 3181 833 Nam
3210 778 3481 848 quomodo
3505 778 3735 836 desectio

2147 865 2419 926 d’erentad
2450 870 2719 926 infernum
2743 871 3013 938 viventes,
3041 870 3110 927 de
3135 870 3331 943 quibus
3355 871 3595 938 dixerat,
3629 871 3736 929 lie-

2149 962 2254 1015 niat
2280 978 2418 1017 mors
2441 976 2595 1033 super
2619 979 2705 1018 eos
2722 962 2749 1017 3
2788 963 2833 1019 si
2859 962 2970 1033 jam
3000 976 3162 1035 super
3196 978 3293 1019 eos
3323 980 3467 1019 mors
3492 975 3735 1029 venerat,

2147 1052 2417 1124 quomodo
2441 1054 2546 1109 vivi
2579 1054 2648 1109 ad
2679 1054 2878 1110 inferos
2918 1055 3362 1111 descendebant?
3409 1056 3549 1128 Ergo
3575 1074 3607 1111 a
3634 1058 3738 1113 mi-

2151 1147 2370 1203 noribus
2395 1148 2575 1217 ccepit,
2608 1138 2675 1202 ad
2703 1146 2934 1219 majores
2962 1147 3243 1203 cont-lusit.
3288 1147 3469 1203 Veniat
3490 1166 3628 1204 mors
3650 1168 3738 1201 su-

2151 1257 2240 1310 per
2264 1256 2348 1295 eos
2369 1282 2387 1308 ,
2415 1241 2502 1311 qui
2527 1249 2915 1297 consenserunt
2940 1251 2997 1296 et
3019 1242 3288 1297 consecuti
3315 1250 3461 1297 sunt.
3503 1241 3640 1311 Quid
3663 1242 3739 1297 illi

2149 1332 2316 1388 duces
2342 1342 2399 1387 et
2420 1331 2735 1404 principes?
2762 1332 3082 1389 Descendunt
3101 1335 3171 1389 ad
3198 1336 3453 1407 infernum
3483 1338 3699 1391 vivent“
3721 1352 3743 1390 :

2149 1427 2272 1496 quia
2304 1425 2405 1499 ipsi
2430 1416 2738 1500 Scripturas
2769 1435 3000 1482 tractant
3020 1468 3038 1490 ,
3071 1436 3126 1482 et
3154 1436 3418 1483 noverunt
3443 1428 3583 1485 bene
3604 1445 3741 1499 quo.

2152 1516 2279 1572 tidie
2318 1515 2545 1589 legendo
2584 1516 2854 1589 quomodo
2884 1517 3126 1572 Ecclesia
3154 1518 3417 1587 catholica
3448 1534 3545 1589 per
3567 1527 3740 1572 totum

2151 1606 2338 1662 orbem
2383 1618 2643 1663 terrarum
2691 1608 2763 1663 ita
2790 1607 2980 1663 diﬂ‘usa
3021 1617 3144 1674 est,
3195 1620 3250 1663 ut
3276 1612 3497 1666 omnino
3522 1622 3739 1665 contra-

2151 1702 2315 1760 dictio
2337 1703 2513 1758 omnis
2537 1712 2723 1769 vacet,
2771 1717 2872 1758 nec
2899 1703 3125 1757 inveniri
3153 1704 3318 1773 possit
3342 1702 3556 1774 aliquod
3593 1704 3741 1759 testi-

2154 1796 2392 1850 monium
2423 1810 2518 1864 pro
2544 1793 2836 1849 schismate
2859 1788 3085 1857 eorum.
3115 1802 3376 1849 noverunt
3405 1794 3574 1859 bene;
3620 1794 3743 1850 ideo

2154 1889 2219 1944 ad
2269 1888 2469 1944 inferos
2507 1890 2750 1943 viventes
2792 1885 3161 1953 descendunt,
3203 1887 3325 1955 quia
3369 1887 3567 1941 malum
3597 1887 3741 1957 quod

2158 1980 2374 2045 faciunt,
2405 1979 2602 2033 malum
2623 1994 2742 2033 esse
2768 1985 3051 2034 noverunt.
3082 1977 3205 2033 lllos
3222 1986 3399 2033 autem
3423 1976 3619 2033 divina:
3642 1980 3696 2033 ir.
3715 2005 3745 2021 ο

2154 2071 2364 2126 cundia:
2395 2072 2410 2103 ¹
2441 2071 2577 2142 ignis
2604 2069 2918 2139 absumpsit.
2970 2068 3162 2125 Studio
3201 2070 3345 2125 enim
3371 2071 3737 2125 contentionis

2157 2165 2411 2230 accensi,
2454 2180 2483 2218 a
2514 2163 2738 2218 ducibus
2777 2162 2890 2217 suis
2928 2161 3085 2216 malis
3115 2161 3369 2217 recedere
3414 2162 3743 2217 noluerunt:

2158 2256 2303 2308 venit
2332 2269 2495 2325 super
2526 2252 2701 2324 ignem
2733 2249 2868 2323 ignis
2887 2293 2903 2314 ,
2934 2266 3096 2321 super
3120 2248 3369 2308 ardorem
3396 2251 3750 2307 dissensionis

2158 2345 2320 2401 ardor
2342 2343 2791 2411 consumptionis.
2853 2339 3032 2396 Veniat
3066 2358 3201 2397 mors
3228 2358 3381 2411 super
3409 2343 3527 2397 illos
3545 2384 3560 2403 .
3588 2352 3637 2396 et
3660 2343 3749 2397 de-

2160 2433 2404 2489 scendant
2432 2434 2501 2487 ad
2542 2434 2799 2505 infernum
2842 2432 3082 2487 uiuentes.
3137 2431 3389 2499 Quoniam
3431 2432 3654 2504 nequitia
3697 2434 3749 2485 in

2159 2523 2391 2593 hospitiis
2410 2538 2603 2586 eorum,
2628 2525 2682 2575 in
2710 2520 2874 2574 medio
2894 2536 3087 2577 eorum.
3115 2518 3182 2574 In
3212 2520 3461 2597 hospitiis.
3486 2521 3574 2575 ubi
3631 2535 3755 2590 per-

2161 2616 2476 2684 egrinantur
2511 2624 2564 2667 et
2602 2623 2897 2668 transeunt.
2923 2610 3042 2667 Non
3070 2612 3213 2666 enim
3244 2611 3328 2667 hic
3347 2626 3563 2681 semper
3588 2611 3751 2667 futuri

2162 2717 2286 2761 sunt
2318 2724 2331 2759 :
2359 2716 2414 2760 et
2458 2717 2633 2760 tamen
2684 2718 2783 2771 pro
2828 2703 3167 2757 animositate
3211 2703 3485 2772 temporali
3530 2703 3607 2758 sic
3654 2720 3753 2772 pu-

2164 2804 2347 2865 gnant.
2392 2793 2458 2849 In
2484 2794 2714 2865 hospitiis
2749 2807 2877 2863 ergo
2900 2807 3073 2846 eorum
3106 2792 3368 2863 iniquitas,
3400 2793 3452 2846 in
3480 2793 3646 2847 medio
3665 2809 3754 2850 eo-

2165 2906 2277 2942 rum
2306 2886 2559 2959 iniquitas
2589 2903 2602 2939 :
2637 2884 2841 2940 nullum
2873 2893 2981 2938 tam
3007 2882 3239 2939 medium
3265 2898 3449 2939 eorum
3474 2899 3634 2956 quant
3662 2898 3757 2941 cor

2164 2996 2373 3037 eorum.
2656 2999 2662 3006 ‘

2239 3071 2327 3127 l7.
2361 3068 2512 3145 [ειη.
2550 3064 2661 3142 17.]
2690 3065 2801 3137 Ego
2820 3064 2890 3120 ad
2915 3064 3188 3127 Dominum
3221 3064 3521 3122 exclamaui.
3547 3065 3759 3141 Corpus

2166 3161 2366 3218 Christi
2393 3168 2449 3215 et
2474 3158 2651 3214 unitas
2670 3155 2869 3214 Christi
2898 3155 2951 3210 in
2980 3169 3179 3227 angore
3198 3195 3213 3219 ,
3254 3154 3307 3209 in
3337 3155 3497 3210 taedio
3518 3198 3536 3222 ,
3565 3156 3620 3212 in
3644 3172 3760 3213 mo-

2171 3255 2320 3311 lestia
2344 3296 2361 3321 ,
2386 3251 2439 3308 in
2464 3248 2875 3308 conturbatione
2900 3246 3301 3303 exercitationis
3327 3262 3475 3313 suae;
3505 3248 3598 3304 ille
3622 3266 3760 3305 unus

2170 3344 2336 3401 homo
2360 3385 2376 3410 ,
2424 3343 2478 3399 in
2518 3358 2625 3397 uno
2664 3355 2892 3411 corpore
2935 3339 3103 3411 posita
3135 3337 3349 3403 unitas,
3388 3354 3509 3394 cum
3539 3339 3787 3397 ttederet‘

2170 3438 2401 3492 animam
2444 3435 2564 3505 ejus
2609 3433 2916 3489 exclamans
2950 3446 2980 3485 a
3026 3429 3223 3485 ﬁnibus
3259 3429 3531 3485 terraeul
3572 3430 3761 3499 ﬁnibus

2171 3537 2318 3583 terra:
2341 3526 2408 3580 ad
2436 3533 2484 3582 te
2508 3523 2722 3579 clamavi
2741 3564 2757 3588 ,
2803 3521 3004 3592 inquit,
3041 3536 3156 3593 cum
3182 3528 3453 3591 angeretur
3477 3536 3570 3574 cor
3596 3538 3760 3576 meum

2176 3618 2348 3692 (Psat.
2384 3635 2471 3685 ιε,
2497 3617 2582 3689 5).
2634 3616 2755 3686 Ipse
2792 3628 2967 3682 unus,
3004 3612 3099 3669 sed
3143 3612 3317 3668 unitas
3352 3628 3492 3669 unus
3521 3630 3536 3667 :
3565 3622 3620 3669 et
3648 3614 3763 3684 ipso

2173 3728 2310 3768 unus
2335 3753 2351 3777 ,
2385 3725 2492 3764 non
2513 3710 2565 3763 in
2589 3722 2696 3762 uno
2716 3706 2836 3761 loco
2860 3721 2999 3761 unus
3021 3746 3038 3771 ,
3069 3705 3162 3760 sed
3185 3720 3215 3758 a
3242 3704 3436 3759 finibus
3461 3713 3620 3759 terra:
3648 3706 3761 3761 clas

2172 3811 2284 3858 mat
2324 3816 2482 3855 unus.
2522 3796 2802 3866 Quomodo
2828 3810 2857 3848 a
2886 3795 3081 3849 ﬁnibus
3109 3802 3267 3848 terra!
3311 3793 3565 3849 clamaret
3599 3810 3758 3861 unus,

2173 3893 2276 3950 nisi
2320 3891 2374 3946 in
2405 3889 2585 3944 multis
2611 3895 2757 3943 esset
2784 3883 2966 3940 unus?
3014 3883 3126 3954 Ego
3165 3884 3234 3938 ad
3274 3884 3546 3939 Dominum
3587 3887 3759 3940 excla-

2173 3986 2329 4040 maui.
2377 3981 2565 4037 Recte.
2599 3978 2681 4036 Tu
2710 3977 2951 4035 exclama
2983 3975 3049 4031 ad
3080 3976 3358 4030 Dominum
3379 4018 3395 4039 .
3426 3977 3532 4032 noli
3557 3978 3624 4031 ad
3658 3978 3760 4030 Do-

2175 4088 2399 4139 natum;
2450 4087 2517 4127 ne
2559 4070 2654 4127 tibi
2703 4069 2775 4125 sit
2818 4083 2917 4140 pro
2945 4068 3172 4122 Domino
3201 4068 3487 4134 dominus,
3536 4068 3628 4138 qui
3665 4070 3763 4125 sub

2175 4168 2405 4226 Domino
2436 4164 2606 4221 noluit
2630 4178 2752 4219 esse
2784 4175 3096 4216 conservus.
3137 4159 3249 4231 Ego
3277 4160 3347 4213 ad
3374 4153 3653 4215 Dominum
3679 4178 3765 4217 est.

2175 4256 2392 4315 clamavi
2420 4271 2439 4313 :
2463 4253 2775 4310 et'Dominus
2794 4251 3049 4307 exaudivit
3074 4267 3170 4305 me.

2250 4350 2339 4407 18.
2370 4347 2525 4422 [verm
2550 4343 2662 4418 l8.]
2699 4342 2950 4415 Vespere,
2997 4351 3044 4395 et
3082 4359 3260 4406 ntune,
3290 4351 3337 4395 et
3358 4340 3597 4405 meridie,
3622 4359 3767 4399 enar-

2175 4445 2298 4499 rabo
2317 4481 2335 4508 ,
2357 4449 2403 4494 et
2427 4437 2759 4504 annuntiabo,
2782 4446 2830 4490 et
2848 4433 3084 4489 exaudiet
3112 4449 3277 4487 vocem
3300 4449 3482 4488 meam.
3515 4432 3765 4506 Evange-

2180 4536 2279 4590 liza
2309 4544 2386 4594 tu.
2418 4530 2525 4586 noli
2553 4538 2730 4583 tacere
2748 4536 2803 4581 tu
2830 4524 2971 4597 quod
3002 4523 3273 4593 accepisti,
3296 4539 3515 4593 uespere,
3540 4523 3609 4580 de
3636 4541 3769 4596 pne-

2178 4623 2389 4687 teritis;
2429 4617 2716 4695 ntaue,‘de
2756 4616 2987 4681 futuris;
3032 4613 3276 4680 meridie,
3307 4613 3375 4668 de
3402 4615 3766 4684 sempiternis.

2180 4718 2309 4773 Ideo
2337 4712 2403 4769 ad
2434 4712 2485 4767 id
2510 4709 2652 4781 quod
2678 4710 2785 4773 ait,
2827 4724 3064 4777 vespere,
3096 4718 3329 4778 pertinet
3349 4703 3489 4777 quod
3517 4721 3727 4765 enarra;
3751 4729 3765 4764 ε

2178 4807 2247 4864 ad
2277 4806 2331 4861 id
2357 4802 2501 4875 quod
2526 4802 2639 4866 ait,
2684 4815 2834 4853 mane
2855 4840 2872 4865 ,
2910 4797 3140 4869 pertinet
3168 4797 3307 4866 quod
3343 4798 3625 4854 annuntiat
3658 4817 3671 4851 :
3702 4799 3767 4854 ad

2182 4900 2233 4954 id
2262 4895 2402 4967 quod
2433 4894 2545 4956 ait,
2587 4888 2834 4955 meridie,
2884 4888 3116 4960 pertinet
3161 4888 3303 4959 quod
3349 4889 3631 4946 exauditur
3670 4909 3768 4950 vox

2182 4991 2320 5059 ejus.
2374 4986 2520 5042 Finis
2539 4984 2680 5039 enim
2710 4981 2764 5037 in
2793 4981 3019 5036 meridie
3040 4989 3123 5036 est
3142 5022 3156 5044 ,
3187 4978 3281 5035 sed
3309 4980 3451 5036 unde
3475 4995 3579 5035 non
3602 4981 3771 5037 decli-

2182 5090 2340 5137 natur
2363 5080 2417 5134 in
2444 5089 2716 5133 occasum.
2762 5071 2820 5129 In
2868 5071 3092 5127 meridie
3115 5072 3257 5127 enim
3301 5073 3386 5126 lux
3430 5074 3640 5127 excelsa
3666 5082 3769 5140 est,

2182 5169 2438 5242 splendor
2490 5163 2785 5237 sapientiae,
2840 5163 3017 5217 fervor
3060 5161 3382 5217 dilectionis.
3444 5160 3685 5233 Vespere,
3722 5173 3771 5218 et

2183 5276 2347 5324 mane,
2381 5268 2428 5313 et
2449 5256 2674 5311 meridie.
2706 5253 2938 5321 Vespere
2962 5252 3217 5308 Dominus
3241 5251 3295 5307 in
3323 5268 3499 5316 cruce.
3534 5270 3691 5310 mane
3716 5256 3768 5309 in

2183 5350 2595 5413 resurrectione,
2619 5345 2840 5401 meridie
2864 5346 2916 5399 in
2947 5347 3258 5401 ascensione
3290 5362 3305 5398 τ
3337 5346 3528 5401 enarro
3548 5362 3771 5417 vespere

2185 5444 2493 5516 patientiam
2543 5439 2820 5496 morientis
2842 5480 2856 5501 ,
2908 5437 3169 5491 annuntio
3208 5453 3367 5492 mane
3401 5438 3564 5492 vitam
3588 5454 3769 5493 resur-

2183 5534 2385 5610 gentis,
2436 5531 2602 5589 orabo
2629 5539 2685 5584 ut
2722 5528 2972 5585 exaudiat
3011 5528 3243 5583 meridie
3278 5529 3471 5584 sedens
3500 5528 3565 5583 ad
3586 5528 3768 5582 dexte-

2184 5642 2297 5683 ram
2316 5622 2525 5687 Patris;
2552 5620 2799 5675 exaudiet
2828 5634 3011 5672 vocem
3041 5632 3213 5673 meam
3236 5617 3324 5687 qui
3347 5617 3649 5687 interpellat
3674 5633 3767 5686 pro

2184 5716 2340 5772 nobis
2368 5713 2545 5783 (Rom.
2571 5727 2684 5774 vin,
2715 5712 2826 5777 54).
2858 5710 3065 5777 Quanta
3096 5708 3552 5777 bujus‘securitas,
3575 5720 3763 5778 quanta

2186 5806 2486 5865 consolatio
2505 5845 2519 5869 ,
2561 5812 2753 5872 quanta
2787 5801 3011 5860 refectio
3042 5816 3072 5852 a
3103 5799 3536 5869 pusillanimitate
3558 5809 3610 5852 et
3637 5810 3763 5852 teut—

2251 5943 2268 5973 ¹
2304 5948 2480 5989 Omnes
2504 5944 2591 5987 uss
2613 5968 2629 5996 ,
2655 5934 2716 5984 de
2740 5931 2903 5983 dirina
2922 5930 3173 5982 iractmdiu
3195 5931 3318 5994 ignis
3341 5926 3613 5990 absumpta.
