3968 6336
216 275 310 329 641

215 395 443 456 pt-statc,
469 390 652 438 contra
675 378 864 444 malos,
887 388 1073 433 contra
1096 377 1303 447 iniquos
1324 386 1377 431 et
1408 375 1535 428 foris
1565 385 1616 428 et
1641 373 1802 436 intus,

213 490 269 536 et
299 480 351 532 in
378 477 568 544 bisqui
594 474 723 529 foris
750 483 893 534 sunt,
925 487 1047 528 cum
1075 471 1300 524 fuissent
1325 469 1498 570 intus!
1552 558 1564 569 '

291 568 378 624 i9.
407 566 556 640 [νει-ε.
587 561 699 636 19.]
725 563 926 631 Itaque,
948 560 1136 615 fratres
1164 561 1287 624 mei,
1312 573 1446 628 quos
1474 560 1526 612 in
1552 560 1663 626 ipsa
1681 573 1810 610 con-

213 661 529 733 gregatione
566 658 822 728 parietum
867 655 1056 708 horum
1089 652 1278 706 videtis
1307 651 1637 704 turbulentos
1663 692 1677 715 ,
1722 664 1811 702 su-

217 754 415 827 perbos
434 794 447 815 ,
481 766 574 804 sua
603 757 939 819 qtnerentes,
969 745 1168 810 elatos,
1208 759 1316 797 non
1346 742 1808 844 habentesnzelntn

223 845 316 899 Dei
346 852 551 897 castum
573 883 585 906 ,
618 855 838 902 sanum,
875 837 1113 908 quietum
1133 876 1146 899 ,
1188 834 1284 888 sed
1330 833 1551 936 multum
1581 833 1681 936 sibi
1713 833 1808 887 tri-

218 935 486 996 lmentes;
537 931 602 985 ad
643 931 1032 985 dissensionem
1061 937 1270 996 paratos
1295 968 1308 990 ,
1338 924 1435 980 sed
1475 925 1809 978 occasionem

218 1041 328 1080 non
359 1023 710 1083 invenientes,
731 1020 842 1089 ipsa
861 1027 942 1073 est
962 1018 1109 1087 palea
1137 1016 1417 1070 dominicm
1437 1029 1576 1068 arca:
1595 1013 1808 1116 (Matth.

219 1133 278 1174 ιιι
306 1161 322 1181 .
356 1117 468 1183 12).
500 1115 634 1169 Hinc
661 1115 781 1168 illos
803 1126 1004 1182 paucos
1023 1109 1287 1179 superbire
1324 1117 1510 1208 ventus
1533 1109 1767 1208 excussit
1794 1123 1808 1159 :

219 1219 331 1263 tota
357 1208 507 1277 palea
534 1222 641 1259 non
670 1203 887 1267 volabit,
911 1201 1012 1256 nisi
1043 1216 1163 1254 cum
1186 1201 1273 1254 ille
1297 1199 1346 1251 in
1367 1198 1556 1251 ultimo
1585 1196 1812 1299 ventila-

220 1302 320 1354 ιιῑι.
367 1299 469 1353 Sed
503 1313 600 1351 nos
628 1296 775 1363 quid,
799 1293 901 1347 nisi
931 1308 1050 1346 cum
1081 1291 1185 1344 isto
1209 1300 1484 1344 cantemus
1504 1332 1519 1355 ,
1553 1304 1675 1342 cum
1708 1291 1808 1341 isto

218 1406 459 1452 Oremus,
490 1403 611 1442 eum
634 1387 740 1440 ism
759 1385 1068 1454 plangamus
1098 1389 1153 1436 et
1178 1380 1615 1482 dicamussecnri
1636 1398 1646 1431 :
1665 1379 1811 1482 ticu-

219 1485 342 1536 imet
406 1483 457 1535 in
504 1497 626 1550 pace
670 1478 892 1531 animam
938 1474 1144 1528 meam?
1190 1471 1386 1527 Contra
1433 1472 1552 1526 illos
1589 1472 1675 1541 qui
1708 1488 1810 1572 non

219 1583 405 1628 amant
447 1548 628 1640 pacem
652 1611 664 1630 ,
715 1567 779 1620 In
811 1583 933 1637 pace
961 1564 1169 1618 redimet
1197 1566 1418 1615 animum
1454 1579 1612 1615 meum
1642 1561 1811 1664 'qui-a

219 1681 353 1720 eum
381 1665 461 1716 his
496 1662 583 1730 qui
629 1660 857 1714 oderunt
902 1672 1122 1726 pacem,
1169 1670 1317 1709 eram
1359 1651 1814 1757 ιιτιςίίίίᾚςιιιιδιιιἶ

218 1772 344 1811 cstx
367 1796 383 1816 ,
415 1755 489 1819 7).
548 1751 773 1807 Redimct
799 1752 849 1803 iu
892 1765 1013 1817 pace
1049 1747 1270 1799 animum
1298 1762 1495 1809 nteant,
1523 1744 1584 1798 ab
1615 1745 1692 1799 his
1727 1744 1813 1815 qui

219 1846 632 1916 appmpinqnant
665 1843 805 1894 mihi.
833 1840 962 1894 Nam
985 1839 1053 1892 ab
1079 1839 1181 1892 illis
1327 1837 1481 1939 longe
1496 1848 1621 1939 sunt
1646 1852 1810 1939 ante,

221 1939 396 1994 facilis
434 1953 531 1990 cau
562 1951 592 1989 a
640 1941 722 1988 est
753 1951 765 1986 :
796 1948 900 1986 non
951 1945 1038 1986 me
1078 1939 1187 1983 tam
1231 1929 1337 1983 cito
1367 1929 1498 1982 fallit
1535 1929 1625 1999 qui
1662 1927 1812 2032 dicit,

219 2032 359 2086 Veni
378 2072 393 2092 ,
443 2029 643 2083 idolum
688 2025 848 2080 adora
884 2042 898 2079 :
930 2024 1152 2077 multmn
1183 2038 1212 2075 a
1236 2037 1322 2076 me
1341 2021 1498 2091 longe
1528 2030 1630 2077 est.
1658 2020 1815 2076 Chri-

219 2125 429 2180 stianus
455 2121 552 2176 es?
578 2118 932 2180 Christianus,
963 2116 1150 2185 inquit.
1182 2113 1262 2168 Ex
1295 2113 1594 2183 propinquo
1619 2112 1814 2167 adver-

218 2226 392 2280 satur,
426 2227 590 2283 prope
618 2219 717 2265 est.
772 2208 998 2263 Redime!
1032 2209 1084 2260 in
1114 2205 1481 2308 pareanintam
1509 2220 1669 2308 meum
1695 2246 1708 2269 ,
1754 2204 1815 2257 ab

220 2309 302 2362 his
330 2307 414 2378 qui
456 2302 864 2372 appmpiuquant
910 2299 1031 2354 mihi
1059 2316 1077 2352 :
1100 2298 1355 2402 quoniam.
1463 2297 1642 2402 ἰιιιιέιίτ
1675 2307 1817 2402 erant

218 2415 438 2454 mecum.
465 2401 638 2463 Quare
669 2393 798 2456 dixi,
828 2393 1234 2462 appropinquant
1264 2388 1431 2442 mihi?
1458 2389 1592 2492 Quia
1617 2389 1674 2442 in
1692 2390 1820 2443 ntul-

219 2495 286 2546 tis
313 2500 454 2543 erant
483 2501 696 2540 mecum.
746 2484 800 2537 ln
846 2485 944 2537 hoc
985 2497 1140 2536 versu
1172 2481 1291 2535 dum
1316 2481 1596 2535 sententia:
1626 2494 1816 2534 occur-

217 2591 374 2639 runt.
419 2579 484 2632 in
512 2575 681 2631 multis
707 2584 849 2629 erant
868 2589 1062 2628 merum
1088 2589 1106 2626 :
1131 2571 1461 2676 Baptismum
1491 2569 1818 2676 habebamus

218 2676 464 2736 utrique,
497 2671 549 2725 in
586 2684 650 2725 eo
674 2676 828 2723 erant
854 2681 1101 2730 mecum;
1129 2663 1474 2734 Evangelium
1502 2664 1713 2734 utrique
1741 2665 1817 2718 le-

218 2765 502 2837 gebamus,
533 2767 688 2815 erant
713 2758 766 2812 in
789 2773 854 2813 eo
890 2771 1131 2820 mecum;
1183 2755 1314 2810 festa
1356 2763 1648 2857 martyrum
1674 2754 1816 2808 cele-

223 2857 518 2911 brabamus
540 2893 554 2916 ,
598 2858 753 2904 erant
780 2847 851 2903 ibi
886 2862 1128 2912 mecum;
1160 2844 1381 2901 Pascha:
1411 2845 1813 2946 solemnitatem

220 2942 727 3014 frequentabamns,
767 2945 920 2993 erant
946 2936 1014 2990 ibi
1045 2951 1283 3037 mecum.
1320 2933 1425 3037 sed
1455 2950 1560 3037 non
1595 2935 1815 2988 omnino

222 3050 436 3091 mecum
463 3050 476 3085 :
507 3033 562 3085 in
583 3031 867 3084 schismate
890 3043 994 3081 non
1019 3042 1248 3090 mecum,
1271 3026 1325 3079 in
1353 3025 1545 3080 ltmresi
1572 3041 1674 3080 non
1704 3041 1818 3080 me-

221 3143 370 3182 eum.
419 3126 472 3178 ln
501 3122 680 3177 multis
707 3136 951 3184 mecum,
996 3112 1048 3173 in
1079 3119 1264 3186 paucis
1295 3133 1402 3172 non
1442 3133 1674 3184 mecum.
1706 3117 1812 3174 Sed

221 3221 280 3275 in
312 3219 394 3272 bis
415 3216 593 3286 paucis
617 3216 672 3269 iu
695 3214 886 3283 quibus
910 3227 1015 3265 non
1046 3226 1273 3271 nzecum.
1309 3225 1413 3264 non
1441 3211 1518 3266 eis
1541 3221 1764 3279 prosunt
1795 3213 1810 3244 ¹

221 3311 393 3366 multa
416 3310 465 3362 in
487 3307 678 3377 quibus
700 3320 930 3360 mecum.
959 3303 1192 3368 Etenim,
1221 3300 1432 3362 fratres,
1455 3301 1631 3356 videte
1653 3319 1813 3372 quam

222 3404 390 3457 multa
417 3398 684 3455 enarravit
706 3395 980 3465 apostolus
1007 3393 1198 3448 Paulus
1224 3411 1237 3445 :
1273 3408 1432 3447 unum
1453 3392 1616 3454 dixit;
1648 3395 1692 3447 si
1722 3395 1816 3449 de-

220 3497 406 3558 fuerit,
437 3493 627 3548 frustm
655 3499 784 3546 sunt
806 3488 918 3542 illa.
968 3486 1029 3541 Si
1059 3485 1245 3556 tinguis
1277 3486 1533 3539 hominum
1561 3490 1739 3556 loquar
1767 3498 1813 3542 et

222 3589 554 3659 Angelorum,
577 3584 670 3647 ait,
700 3583 744 3636 si
765 3581 974 3634 habeam
992 3595 1187 3631 omnem
1205 3577 1518 3647 prophetiam
1543 3589 1588 3632 et
1617 3597 1813 3683 omnem

222 3683 399 3751 ﬁdem,
425 3687 471 3731 et
495 3691 690 3730 omnem
710 3672 986 3731 scientiam,
1008 3671 1053 3723 si
1071 3679 1259 3722 montes
1284 3674 1606 3739 transferam,
1636 3671 1679 3723 si
1703 3672 1812 3725 dis-

221 3773 442 3825 tribuam
468 3766 636 3820 omnia
683 3779 793 3816 mea
814 3761 1135 3832 pauperibus,
1167 3760 1210 3812 si
1229 3760 1426 3812 tradam
1448 3775 1631 3827 corpus
1652 3777 1814 3814 meum

222 3865 296 3917 ita
337 3871 392 3914 ut
429 3859 621 3916 ardeat.
665 3857 839 3922 Quam
863 3854 1023 3908 multa
1046 3852 1374 3907 enutneravit
1401 3853 1414 3907 !
1446 3852 1539 3906 llis
1566 3853 1813 3910 omnibus

221 3954 410 4010 nniltis
448 3949 585 4005 desit
632 3962 738 4020 una
776 3946 1047 4000 Charitas:
1077 3943 1164 3999 illa
1213 3958 1439 3997 numero
1473 3943 1620 4011 plura
1668 3955 1808 4008 sunt,

222 4048 346 4100 bare
370 4041 602 4110 pondere
633 4040 803 4107 major
827 4048 907 4092 est
939 4037 983 4106 (ι
1002 4035 1120 4089 Cor.
1150 4035 1286 4105 xm).
1321 4036 1463 4105 Ergo
1486 4036 1538 4089 in
1568 4038 1813 4091 omnibus

222 4134 591 4191 Sacramentis
619 4145 827 4185 mecum
853 4171 868 4192 ,
913 4131 962 4183 in
996 4145 1098 4181 una
1133 4128 1392 4182 charitate
1427 4145 1532 4183 non
1561 4146 1808 4186 mecum:

227 4231 295 4286 In
323 4201 493 4281 multis
534 4235 674 4278 erant
704 4239 914 4277 ntecunt.
963 4220 1167 4275 Rursus
1192 4221 1296 4272 alio
1330 4220 1488 4275 modo
1511 4264 1526 4287 ,
1562 4223 1812 4290 Quoniam

222 4323 278 4375 in
308 4317 483 4371 multis
511 4323 652 4369 erant
672 4329 889 4378 mecum,
909 4311 996 4380 qui
1026 4325 1086 4365 se
1111 4321 1489 4378 separaverunt
1509 4327 1541 4365 a
1569 4329 1676 4377 me,
1704 4330 1815 4368 me.

224 4427 354 4467 cum
378 4416 551 4472 erant,
586 4419 691 4460 non
722 4403 773 4457 in
802 4398 1006 4472 paucis,
1037 4401 1130 4456 sed
1162 4402 1212 4456 in
1238 4401 1440 4455 multis.
1483 4402 1692 4459 Etenim
1720 4421 1816 4474 per

227 4511 404 4558 totum
431 4498 617 4553 orbem
643 4503 904 4549 terrarum
930 4507 1099 4562 pauca
1121 4502 1242 4546 sunt
1263 4507 1423 4561 grana
1441 4533 1456 4556 ,
1487 4492 1665 4548 multa:
1693 4506 1816 4550 sunt

222 4594 419 4664 paleas
443 4587 578 4655 Quid
600 4600 728 4657 ergo
751 4585 856 4639 ait?
882 4583 940 4638 ιιι
963 4582 1110 4653 palea
1130 4598 1335 4638 mecum
1363 4593 1535 4686 erant,
1639 4586 1816 4686 tritico

225 4701 337 4740 non
368 4694 576 4736 mecum
616 4683 812 4733 erant:
842 4683 898 4729 et
945 4673 1266 4743 propinquat
1309 4672 1464 4743 palea
1507 4674 1715 4741 tritico,
1748 4675 1816 4731 de

226 4791 342 4831 uno
380 4771 588 4827 semine
632 4768 768 4834 exit,
792 4765 846 4821 in
881 4780 989 4820 uno
1013 4780 1142 4836 agro
1168 4765 1472 4830 radicatur,
1510 4781 1612 4819 una
1642 4768 1814 4836 pluvia

227 4865 499 4925 νηπίων,
537 4859 791 4914 eumdem
811 4870 1106 4911 messorem
1134 4857 1330 4924 patitur
1357 4897 1371 4919 ,
1399 4855 1641 4910 eamdem
1665 4859 1818 4912 tritu—
1858 4872 1861 4874 '

227 4959 495 5015 rationem
524 4953 782 5015 sustinet,
822 4947 1068 5004 eamdem
1095 4947 1492 5003 ventilationem
1520 4959 1814 5018 exspectat,

227 5066 341 5106 non
365 5049 418 5102 in
441 5060 602 5100 unum
627 5042 880 5097 horreum
910 5041 1089 5095 intrat.
1125 5038 1376 5104 Quoniam
1401 5039 1455 5093 in
1477 5040 1645 5096 multis
1673 5053 1819 5097 erant

226 5154 452 5195 mecum.

303 5232 395 5285 9.0.
427 5228 574 5301 [νοτε.
607 5221 823 5296 20-22.]
854 5220 1106 5276 Exaudiet
1143 5236 1222 5275 me
1259 5217 1425 5286 Deus,
1465 5230 1514 5275 et
1539 5221 1820 5279 humiliabit

227 5323 374 5387 illos,
397 5322 695 5393 quiestante
712 5315 917 5372 stecula.
942 5314 1018 5370 Illi
1039 5312 1180 5418 enim
1549 5314 1615 5370 de
1639 5320 1820 5418 nescio

229 5432 344 5488 quo
368 5415 503 5469 duce
533 5426 630 5467 suo
656 5409 744 5478 qui
771 5406 932 5507 ρωριι
961 5405 1072 5460 heri
1103 5423 1117 5460 :
1142 5404 1425 5507 humiliabit
1462 5405 1583 5507 illos
1619 5407 1706 5472 qui
1748 5415 1820 5507 est

229 5519 355 5564 ante
393 5503 602 5558 tacula.
645 5499 778 5566 Quia
814 5497 914 5553 etsi
955 5511 1027 5554 ex.
1065 5505 1305 5567 tempore
1350 5495 1592 5551 Christus
1630 5509 1708 5552 e5t
1753 5497 1820 5552 de

302 5642 318 5672 ι
354 5645 476 5693 Mss,
505 5636 597 5685 sed
618 5643 670 5683 ut
693 5629 860 5694 pansis
883 5640 975 5680 non
996 5640 1204 5689 mecum,
1227 5627 1275 5680 in
1308 5625 1478 5692 quibus
1499 5640 1589 5678 non
1609 5624 1674 5678 iis
1708 5641 1822 5690 pro-

230 5700 344 5762 sint.
368 5708 465 5749 etc.

1327 262 1723 322 ΕΝΛΠΠΛἨΟ
1764 258 1828 314 IN
1871 258 1950 314 PS
1967 262 2193 319 \LMUM
2233 266 2364 322 LIV.

3396 283 3510 342 642

1921 371 2080 428 Maria
2114 377 2314 445 virgine
2339 423 2351 445 ,
2397 393 2520 436 ante
2555 387 2750 440 smcula
2789 396 2962 445 tamen
3004 392 3057 446 in
3089 394 3350 467 principio
3374 400 3504 455 Vrr-

1918 463 2060 524 lnun,
2091 478 2142 519 et
2170 467 2399 524 Verbum
2429 474 2564 540 apud
2598 477 2780 542 Deum,
2815 491 2868 534 et
2899 482 3036 537 Deus
3060 485 3290 542 Verbum
3321 490 3504 555 (Joan.

1917 569 1952 617 ι,
1994 555 2059 625 Ι).
2101 557 2401 614 llumiliubit
2438 564 2549 618 illos
2590 569 2674 635 qui
2707 579 2779 622 est
2827 583 2943 625 ante
2984 577 3188 631 swcula.
3220 579 3342 636 Non
3368 586 3500 638 enim

1915 655 1986 697 est
2013 647 2112 700 illis
2134 654 2456 705 commutatio
2475 670 2492 708 :
2510 655 2575 709 de
2599 657 2699 712 illis
2722 659 2863 726 dico,
2886 666 3078 732 quibus
3105 685 3210 724 non
3238 681 3318 725 est
3345 689 3498 728 com-

1917 739 2155 791 mutatio.
2191 739 2418 796 Noverat
2464 747 2667 813 atiqnos
2704 765 3171 825 persevcraturos,
3213 771 3267 814 et
3297 763 3346 816 in
3379 781 3506 834 per-

1918 831 2253 884 severatione
2280 849 2390 887 sua:
2435 839 2681 907 nequitim
2723 846 3026 901 morituros.
3074 850 3326 909 Videmus
3356 861 3498 914 enim

1917 932 2031 982 eos,
2076 930 2131 974 et
2168 938 2272 976 non
2315 937 2397 978 est
2429 928 2531 981 illis
2570 934 2917 990 commutatio
2943 955 2956 989 :
2981 938 3069 1006 qui
3100 942 3176 993 sic
3207 946 3509 1003 moriuntur

1919 1009 1972 1062 in
1998 1010 2109 1079 ipsa
2142 1017 2517 1083 perversitate,
2566 1022 2618 1075 in
2650 1023 2764 1093 ipso
2794 1027 3083 1087 schismate
3103 1075 3116 1097 ,
3147 1049 3252 1089 non
3285 1050 3367 1093 est
3399 1041 3507 1096 illis

1917 1109 2283 1161 Commutatio.
2317 1107 2623 1168 llumiliabit
2669 1117 2786 1172 illos
2821 1119 2992 1185 Deus,
3047 1125 3344 1186 lmmiliabit
3389 1134 3508 1188 ilios

1917 1190 1974 1244 in
1998 1191 2353 1263 damnatione,
2389 1204 2507 1271 quia
2548 1209 2710 1261 erecti
2752 1220 2878 1265 sunt
2908 1213 2959 1267 in
3005 1215 3359 1276 dissensione.
3388 1224 3505 1280 Non

1917 1293 1998 1336 est
2025 1285 2127 1339 illis
2156 1294 2536 1360 commutatio,
2585 1299 2709 1366 quia
2741 1316 2845 1355 non
2890 1315 3163 1364 mutantur
3192 1311 3242 1364 in
3272 1315 3460 1370 melius
3485 1359 3500 1382 ,

1917 1373 2012 1428 sed
2040 1375 2089 1428 in
2125 1378 2302 1447 pejus;
2334 1398 2431 1437 nec
2458 1399 2578 1440 cum
2611 1387 2693 1443 hic
2716 1402 2858 1460 sont,
2889 1410 2987 1451 nec
3010 1398 3060 1452 in
3090 1407 3501 1463 resurrectione.

1916 1463 2115 1522 Omnes
2143 1469 2286 1524 enim
2315 1490 2650 1544 resurgemus
2675 1522 2688 1546 ,
2723 1484 2815 1538 sed
2849 1501 2951 1539 non
2980 1504 3168 1546 omnes
3197 1493 3501 1555 immutabi-

1919 1572 2038 1611 mur
2075 1560 2134 1627 (Ι
2165 1561 2282 1616 Cor.
2317 1581 2388 1617 xv
2411 1609 2425 1630 ,
2459 1569 2572 1639 5t).
2605 1572 2813 1638 Quare?
2842 1578 2970 1644 Quia
3007 1600 3106 1637 non
3135 1596 3206 1639 est
3235 1588 3337 1642 illis
3361 1608 3502 1646 com—
3565 1648 3570 1653 ,

1918 1651 2158 1714 mutatio,
2202 1663 2245 1706 et
2276 1672 2375 1709 non
2407 1661 2683 1715 timuerunt
2713 1664 2888 1747 _Deum.
2921 1671 3133 1729 Fratres
3162 1680 3263 1734 mei
3289 1723 3305 1747 ,
3341 1699 3503 1738 unum

1919 1742 2213 1798 remedium
2259 1758 2382 1802 est:
2411 1751 2628 1808 timeant
2678 1731 2877 1827 D'eum,
2922 1763 3173 1824 deserant
3220 1772 3503 1834 Donatum.

1921 1832 2063 1889 Dicis
2095 1837 2168 1890 illi
2197 1858 2210 1893 :
2235 1839 2385 1896 Peris
2410 1843 2468 1898 in
2498 1847 2708 1914 ban‘esi,
2747 1852 2795 1906 in
2827 1855 3146 1926 schismate;
3182 1881 3399 1924 necesse
3427 1883 3507 1926 est

1921 1933 1978 1977 ut
2006 1926 2148 1982 Dens
2174 1933 2430 1987 retribuat
2456 1936 2570 1992 istis
2593 1942 2780 1998 malis:
2802 1949 2980 2004 venies
3008 1950 3058 2005 in
3084 1953 3506 2032 damnationem,

1921 2020 2033 2073 noli
2079 2021 2169 2078 tibi
2213 2024 2438 2082 blandiri
2490 2035 2671 2088 verbis
2716 2037 2857 2105 tuis,
2899 2058 3005 2096 non
3037 2049 3278 2117 sequaris
3308 2067 3506 2111 cwcmu

1921 2109 2140 2177 ducem;
2173 2130 2347 2170 cmcus
2367 2132 2542 2174 autem
2567 2139 2765 2181 ea‘cnm
2787 2129 3008 2198 ducens,
3038 2136 3198 2192 simul
3222 2141 3271 2195 in
3303 2143 3506 2201 foveam

1921 2203 2117 2257 eadunt
2151 2204 2360 2274 (Matth.
2395 2226 2483 2278 xv,
2521 2213 2622 2281 Μ).
2657 2217 2791 2284 Quid
2838 2222 2903 2276 ad
2935 2240 3052 2292 me,
3093 2228 3210 2282 ait?
3241 2239 3509 2302 quomodo

1923 2293 2026 2346 vixi
2059 2294 2172 2349 beri
2200 2341 2214 2360 ,
2247 2299 2323 2352 sic
2353 2312 2406 2355 et
2435 2304 2623 2368 hodie;
2676 2321 2921 2377 parentes
2951 2318 3054 2370 mei
3082 2321 3224 2388 quod
3253 2322 3465 2381 fuerunt
3487 2368 3503 2391 ,

1923 2383 2027 2438 hoc
2049 2394 2105 2440 et
2123 2403 2241 2457 ego.
2266 2389 2382 2445 Non
2407 2395 2559 2449 times
2583 2396 2771 2455 Deum.
2800 2402 2870 2454 Da
2895 2405 3134 2462 timorem
3162 2411 3251 2466 Dei
3278 2431 3291 2465 :
3314 2417 3506 2486 cogitet

1922 2476 2044 2544 quia
2093 2478 2188 2532 ista
2229 2483 2405 2538 omnia
2456 2502 2575 2539 vera
2619 2499 2742 2544 sunt
2790 2508 2909 2562 qua:
2952 2496 3234 2568 leguntur,
3276 2507 3398 2575 quia
3428 2520 3507 2564 est

1927 2567 2056 2622 fides
2073 2569 2268 2624 Christi
2291 2590 2410 2644 qua!
2435 2578 2540 2631 falli
2579 2596 2682 2633 non
2713 2595 2918 2652 potest;
2944 2567 3506 2658 quomodoin-harresi

1925 2663 2222 2717 remanebit
2249 2667 2261 2696 ¹
2291 2669 2357 2721 ad
2388 2678 2587 2725 tantam
2616 2675 2931 2733 evidentiam
2963 2696 3160 2741 sancte
3188 2689 3503 2759 Catholicm,

1921 2763 2080 2819 quam
2100 2752 2307 2809 dimidii
2333 2758 2474 2813 Deus
2501 2777 2594 2830 per
2620 2773 2784 2820 totum
2812 2772 2996 2827 orbem
3025 2783 3314 2846 terrarum;
3347 2801 3507 2854 quant

1921 2849 2203 2910 antequam
2252 2847 2573 2906 diﬂ‘underet
2627 2861 2904 2926 promisit,
2961 2847 3378 2941 przcnuntiavit,
3430 2881 3509 2932 sic

1921 2933 2160 2988 exhibuit
2190 2947 2244 2990 ut
2285 2941 2564 3006 promisit?
2596 2946 2736 3018 Ergo
2761 2965 2985 3008 careant
3017 2966 3070 3011 et
3100 2960 3389 3020 observent
3416 2970 3505 3038 qui

1921 3039 2028 3078 non
2070 3028 2258 3084 timent
2306 3033 2489 3089 Deum.
2538 3036 2787 3094 Extendit
2822 3061 3027 3101 manum
3069 3069 3212 3106 suam
3261 3058 3314 3111 in
3356 3028 3505 3114 retii-

1920 3113 2134 3170 buendo.

1988 3206 2078 3263 ει.
2107 3208 2409 3269 Polluenmt
2432 3225 2779 3276 testamentum
2801 3227 2930 3296 ejus.
2959 3228 3100 3300 Lege
3128 3243 3504 3298 testamentum

1919 3303 2060 3371 quod
2095 3306 2399 3374 polluerunt
2425 3329 2440 3366 :
2462 3309 2529 3365 In
2572 3317 2762 3371 semine
2806 3329 2899 3374 nro-
2939 3323 3290 3383 benedicentur
3332 3350 3504 3391 omnes

1917 3405 2086 3462 gentes
2111 3394 2264 3463 (Gen.
2296 3413 2400 3462 xu,
2433 3400 2498 3467 5,
2527 3415 2573 3457 et
2603 3420 2757 3482 sxw,
2786 3408 2862 3478 Δ).
2899 3411 3204 3471 Polluerunt
3226 3427 3498 3478 testamen-

1919 3492 2024 3537 tum
2051 3488 2181 3556 ejus.
2215 3487 2295 3542 Tu
2326 3501 2512 3546 contra
2543 3493 2642 3550 ista
2683 3499 2843 3553 verba
2875 3507 3145 3562 testatoris
3173 3510 3297 3579 quid
3327 3513 3505 3569 dicis?

1917 3577 2094 3633 Africa
2132 3583 2248 3635 sola
2293 3583 2447 3639 istam
2490 3591 2712 3656 gratiam
2756 3597 2951 3650 meruit
2985 3602 3155 3656 sancti
3185 3577 3403 3672 Donati,
3449 3609 3503 3663 in

1919 3670 2034 3738 ipso
2063 3674 2318 3728 remansit
2362 3677 2600 3735 Ecclesia
2629 3681 2846 3740 Christi.
2881 3688 2974 3744 Dic
3003 3692 3223 3762 saltem,
3266 3697 3503 3755 Ecclesia

1921 3761 2129 3815 Donati.
2162 3763 2341 3830 Quare
2366 3768 2613 3839 adjungis
2633 3813 2648 3836 ,
2679 3773 2878 3831 Christi
2901 3821 2914 3844 ,
2947 3780 3017 3836 de
3045 3799 3150 3852 quo
3177 3785 3374 3842 dictum
3396 3801 3501 3857 est,

1918 3847 1983 3904 In
2013 3853 2200 3908 remitte
2236 3865 2322 3908 tuo
2348 3857 2697 3916 benedicentur
2721 3883 2892 3923 omnes
2926 3883 3118 3940 gentes.
3166 3877 3294 3933 Post
3332 3880 3506 3935 Dona-

1919 3951 2038 3994 tum
2062 3943 2140 3996 vis
2179 3945 2295 3999 ire?
2338 3945 2486 4004 Pone
2510 3948 2818 4022 Christum,
2855 3958 2920 4012 'et
2961 3961 3038 4017 sic
3065 3967 3282 4024 recede.
3316 3969 3506 4028 Videte

1916 4035 2194 4124 ergoquid
2211 4037 2483 4108 sequitur:
2504 4040 2806 4100 Pollaerunt
2831 4059 3176 4109 testamentum
3201 4060 3329 4128 ejus.
3350 4062 3503 4127 Quod

2292 4107 2301 4108 ί
3146 4107 3173 4109 ,_
3206 4107 3329 4128 τ--.
3355 4107 3502 4127 κω-..

1920 4107 2338 4181 ιεειξιιῖιειιιιιιιιῖ
2372 4132 2594 4187 Αὺινιώω
2625 4136 2776 4191 dicta:
2803 4152 2918 4194 sunt
2959 4147 3315 4212 promissiones
3342 4161 3390 4207 et
3424 4172 3506 4208 se-

1923 4218 2047 4270 mini
2087 4220 2214 4287 ejus.
2267 4223 2552 4294 Apostolus
2601 4226 3028 4301 dicitrFrutres,
3069 4248 3233 4294 tamen
3286 4242 3507 4302 hominis

1922 4318 2270 4364 testamentum
2306 4314 2658 4381 conﬁrmatum
2694 4338 2838 4376 nemo
2875 4326 3076 4380 irritum
3112 4331 3267 4401 facit,
3297 4346 3390 4389 aut
3411 4354 3502 4391 su-

1920 4400 2228 4467 perordinat.
2272 4402 2488 4458 Abt-alui:
2518 4407 2666 4462 dicta
2702 4422 2822 4465 sunt
2859 4419 3214 4485 promissiones
3251 4400 3298 4478 et
3323 4427 3504 4482 semini

1919 4492 2028 4562 ejus
2050 4507 2070 4545 :
2090 4509 2189 4545 non
2217 4494 2355 4557 dicit,
2388 4495 2454 4548 Et
2478 4500 2747 4554 seminibus
2770 4545 2786 4568 ,
2816 4515 3054 4576 tanquam
3081 4512 3142 4564 in'
3159 4515 3372 4582 multis;
3412 4519 3504 4574 sed

1920 4593 2158 4656 tanquam
2183 4587 2235 4640 in
2265 4604 2384 4651 uno,
2411 4589 2477 4642 Et
2503 4595 2683 4647 semini
2711 4604 2816 4661 tuo,
2846 4601 2981 4668 quod
3001 4613 3073 4656 est
3098 4602 3331 4663 Christus
3358 4609 3501 4682 (Gul.

1921 4692 1999 4742 ιιι,
2029 4679 2117 4742 15,
2147 4678 2257 4745 16).
2291 4681 2343 4733 lu
2375 4680 2475 4736 hoc
2505 4698 2632 4753 ergo
2659 4686 2872 4742 Christo
2898 4693 3042 4762 quod
3071 4678 3390 4765 promissum
3420 4714 3504 4761 est

1923 4774 2332 4827 testamentum?
2353 4773 2417 4827 In
2440 4779 2626 4832 semine
2646 4791 2730 4833 tuo
2751 4781 3103 4842 benedicentur
3121 4807 3293 4848 omnes
3311 4807 3499 4866 gentes.

1921 4860 2000 4916 Tu
2045 4862 2134 4932 qui
2182 4862 2427 4919 dimisisti
2457 4869 2712 4923 uni-tatem
2740 4874 2977 4928 omnium
3023 4881 3260 4947 gentium
3286 4860 3401 4949 ,ἐι
3449 4889 3502 4943 in

1920 4962 2071 5020 parte
2099 4956 2435 5020 remansisti,
2485 4958 2721 5024 polluisti
2751 4970 3124 5022 testamentum
3171 4972 3310 5041 ejus.
3349 4975 3502 5044 Quod

1924 5043 2016 5097 tibi
2044 5059 2171 5112 ergo
2198 5045 2436 5114 contigit,
2466 5056 2522 5101 ut
2545 5053 3000 5123 exterminat-eris,
3028 5060 3170 5115 ntab
3192 5061 3505 5123 btereditate

1922 5134 2279 5201 separareris.
2326 5135 2392 5189 de
2433 5137 2505 5189 ira
2553 5138 2641 5194 Dei
2686 5153 2788 5196 est.
2829 5146 3057 5204 Attende
3094 5151 3236 5206 enim
3264 5155 3389 5224 quid
3419 5173 3503 5210 se-

1921 5236 2115 5296 quatur
2143 5245 2154 5279 :
2189 5226 2492 5283 I’olluerunt
2538 5240 2885 5290 testamentum
2911 5239 3054 5306 eius;
3083 5244 3229 5299 diuisi
3255 5258 3373 5302 sunt
3399 5267 3506 5318 pra:

1924 5317 2002 5369 ira
2040 5318 2208 5370 vultus
2246 5319 2375 5388 ejus.
2407 5319 2541 5388 Quid
2587 5327 2940 5395 exSpectatis,
2990 5347 3089 5399 qua
3130 5334 3332 5404 majore
3381 5317 3504 5396 uota

1924 5405 2272 5464 ostendantur
2298 5408 2567 5465 lueretici?
2596 5411 2757 5468 Divisi
2785 5427 2902 5471 sunt
2937 5436 3043 5489 pro:
3077 5423 3160 5476 ira
3183 5427 3344 5482 vultus
3373 5431 3502 5500 ejus.

1993 5497 2082 5550 22.
2115 5497 2180 5550 Et
2209 5501 2630 5572 appmpinquauit
2656 5521 2744 5560 car
2763 5507 2922 5564 illius.
2956 5513 3117 5584 Cujus
3146 5497 3502 5592 intelligimus,

1994 5629 2116 5722 κείς
2140 5635 2242 5722 λξδεο
2272 5633 2472 5701 Militi.
2502 5634 2619 5722 habe
2662 5640 2880 5692 timorem
2907 5644 3022 5708 Dei;
3046 5648 3219 5712 cogita,
3246 5661 3362 5718 οια,
3387 5669 3506 5722 φισ-

1994 5702 2020 5722 ι,
2041 5704 2070 5722 η
2178 5705 2330 5722 .η.ν...-.
2352 5708 2539 5722 .............
2571 5710 2613 5722 ...

1930 5691 2070 5740 modo
2091 5691 2138 5741 in
2158 5693 2331 5742 hostesi
2351 5696 2629 5747 remanebis.
