3968 6338
486 305 596 362 643

492 426 592 482 nisi
632 422 785 491 cujus
824 419 901 474 ira
942 415 1098 474 divisi
1142 411 1308 469 sunt?
1350 407 1631 479 Quomodo
1659 402 2082 477 appropinquavit

493 534 584 571 cor
613 514 791 570 illius?
821 511 887 568 Ut
915 509 1276 580 intelligamus
1302 504 1629 559 voluntatem
1673 500 1837 555 illius.
1870 498 2083 553 Etenim

489 623 553 661 ex
606 603 871 659 haereticis
912 610 1119 655 asserta
1164 606 1247 651 est
1278 597 1295 628 ยน
1325 592 1621 653 Catholica,
1647 600 1723 664 .ct
1761 606 1830 645 ex
1881 586 1964 642 bis
1993 586 2083 657 qui

492 697 629 752 male
656 695 897 750 sentiunt
925 690 1129 760 probati
1174 695 1301 743 sunt
1341 684 1430 754 qui
1463 684 1599 739 bene
1618 681 1885 743 sentiunt.
1922 677 2084 734 Multa

489 790 634 847 enim
680 787 916 841 latebant
956 784 1011 837 in
1056 778 1380 850 Scripturis;
1431 784 1486 831 et
1514 791 1633 829 eum
1667 770 1872 843 praecisi
1903 778 2087 826 essent

493 879 769 941 lnerctici,
815 873 1199 947 quaestionibus
1229 870 1560 940 agitaverunt
1609 864 1901 924 Ecelesiam
1949 862 2082 917 Dei:

493 979 674 1039 aperta
707 977 828 1023 sunt
862 980 983 1036 qua:
1012 962 1283 1035 latebant,
1331 969 1384 1015 et
1428 958 1694 1013 intellecta
1724 962 1810 1011 est
1838 954 2085 1008 voluntas

495 1061 609 1117 Dei.
640 1060 765 1114 lude
790 1059 985 1113 dicitur
1011 1057 1063 1110 in
1089 1053 1439 1124 alio'psalmo,
1464 1049 1794 1122 Congregatio
1823 1057 2083 1101 taurorum

492 1154 622 1209 inter
646 1138 820 1207 uaccas
859 1150 1160 1220 populorum
1180 1190 1193 1213 ,
1236 1157 1289 1200 ut
1328 1145 1661 1201 excludantur
1689 1143 1742 1197 hi
1770 1143 1858 1210 qui
1888 1141 2084 1210 probati

492 1253 609 1300 sunt
634 1252 840 1314 argento
865 1240 1039 1311 (Psal.
1062 1254 1228 1302 vatt,
1252 1238 1366 1308 51).
1384 1234 1737 1289 Excludanlur
1756 1234 1898 1287 enim
1925 1232 2081 1296 dixit,

491 1336 780 1391 emineant.
809 1338 1119 1403 appareant.
1138 1328 1290 1385 Unde
1311 1327 1560 1381 dicuntur
1585 1334 1638 1380 et
1668 1326 1720 1378 in
1747 1334 1863 1379 arte
1888 1338 2083 1393 argen-

491 1426 624 1479 taria
652 1425 981 1485 cxclusores,
1002 1422 1052 1475 id
1068 1430 1173 1483 cst,
1197 1436 1265 1476 ex
1285 1418 1514 1489 quadam
1532 1415 1845 1471 confusione
1867 1429 2080 1476 massm,

491 1517 676 1571 forma:
720 1528 1085 1585 expressores.
1134 1512 1276 1581 Ergo
1324 1509 1473 1564 multi
1511 1508 1599 1578 qui
1628 1507 1829 1577 optime
1864 1517 2084 1576 possent

489 1610 793 1679 Seripturas
843 1606 1161 1679 dignoscere
1211 1610 1266 1656 et
1318 1608 1686 1671 pertractare,
1742 1597 1976 1652 latebant
2028 1597 2080 1651 in

488 1698 687 1770 popqu
720 1698 853 1763 Dei;
888 1711 987 1751 nec
1013 1694 1325 1750 asserebant
1367 1692 1687 1747 solutionem
1727 1690 2081 1760 quaestionum

487 1791 786 1848 difficilium
818 1804 939 1844 cum
962 1787 1313 1844 Calumniator
1342 1784 1518 1839 nullus
1546 1785 1787 1851 instaret.
1812 1781 2080 1850 Numquid

462 1868 635 1941 enim
669 1880 899 1953 perfecte
936 1880 1005 1937 de
1049 1879 1312 1935 Trioitate
1339 1886 1618 1932 tractatum
1647 1885 1764 1941 est,
1796 1884 2080 1946 antequam

489 1976 822 2033 oblatrareut
852 1971 1077 2029 Ariani?
1120 1969 1375 2041 numquid
1406 1967 1641 2040 perfecte
1669 1967 1738 2023 de
1768 1967 2079 2038 pmnitcntia

492 2076 776 2137 tractatum
802 2075 887 2121 est
911 2106 927 2133 ,
973 2073 1269 2135 antequam
1298 2062 1624 2118 obsisterent
1652 2060 1965 2116 Novatiani?
1992 2060 2082 2117 Sic

489 2176 596 2215 non
627 2157 859 2229 perfecte
887 2158 952 2212 de
976 2156 1303 2226 Baptismatc
1333 2163 1612 2209 tractatum
1638 2162 1721 2209 est
1739 2195 1755 2220 ,
1795 2162 2079 2223 antequam

488 2240 920 2308 contradicerent
966 2246 1097 2302 foris
1154 2246 1311 2317 positi
1367 2244 1814 2314 rebaptizatores;
1870 2259 1972 2300 nec
2014 2244 2082 2299 de

488 2343 603 2414 ipsa
635 2341 838 2396 unitate
872 2333 1074 2395 Christi
1116 2337 1392 2404 enucleate
1430 2336 1571 2392 dicta
1598 2346 1769 2393 erant
1792 2352 1913 2409 qua:
1941 2337 2081 2393 dicta

484 2444 650 2500 sunt,
694 2433 794 2488 nisi
843 2442 1187 2502 posteaquam
1230 2431 1499 2501 separatio
1543 2430 1631 2484 illa
1689 2445 1880 2499 urgere
1918 2430 2083 2500 coepit

487 2513 680 2582 iratrcs
706 2525 968 2593 infirmos,
995 2534 1055 2579 ut
1075 2522 1184 2593 jam
1209 2522 1282 2577 illi
1306 2522 1397 2593 qui
1425 2528 1685 2576 neverant
1711 2521 2081 2577 hmotractare

488 2627 649 2689 atque
678 2594 1002 2680 dissolvere,
1035 2629 1102 2669 ne
1131 2614 1370 2685 perirent
1400 2610 1597 2670 infirmi
1628 2612 1893 2667 sollicitati
1929 2628 2080 2683 qua:-

487 2708 752 2765 stionibus
792 2706 1111 2776 impiorum,
1152 2703 1490 2759 sermonibus
1534 2712 1589 2758 et
1634 2702 2080 2774 disputationibus

488 2804 605 2858 suis
631 2801 856 2856 obscura
880 2798 1039 2869 Legis
1068 2797 1120 2851 in
1159 2797 1430 2869 publicum
1458 2795 1802 2858 deducerent.
1834 2797 1978 2868 Ergo
2006 2796 2082 2852 illi

486 2895 646 2951 divisi
672 2902 797 2949 sunt
824 2908 935 2963 pra:
965 2891 1042 2945 ira
1066 2890 1246 2947 vultus
1269 2889 1407 2958 ejus,
1431 2899 1485 2944 et
1507 2890 1660 2945 nobis
1687 2889 1753 2944 ad
1780 2890 2084 2961 intelligen-

484 2988 618 3045 dqu
648 2984 1089 3058 appropinquavit
1131 2998 1226 3039 cor
1268 2981 1403 3053 ejus.
1433 2982 1615 3052 itaque
1644 2981 1921 3053 intelligite
1948 2982 2102 3038 illud

439 3102 442 3106 ฮป
487 3080 629 3152 quod
661 3079 714 3135 in
748 3078 949 3148 psalmo
976 3077 1081 3132 alio
1106 3073 1582 3130 commemoravit:
1606 3061 2081 3146 Congregatiotau-

488 3189 683 3238 rorum,
708 3171 760 3225 id
786 3181 869 3226 est
898 3168 1253 3239 superborum
1281 3175 1693 3236 cornupetarum
1713 3208 1728 3232 ,
1756 3169 1887 3221 inter
1904 3183 2083 3230 vaccas

488 3255 817 3336 populorum.
862 3262 1006 3329 Quas
1042 3259 1177 3317 dixit
1201 3259 1417 3314 uaccas?
1451 3260 1673 3315 Animas
1718 3260 2081 3317 seductibiles.

490 3354 684 3425 thuid
714 3352 855 3408 hoc?
884 3349 954 3408 Ut
987 3350 1319 3406 excludantur
1344 3351 1397 3406 hi
1418 3392 1436 3418 ,
1472 3350 1526 3406 id
1553 3359 1635 3406 est
1672 3360 1967 3422 appareant
1991 3352 2081 3423 qui

489 3448 745 3512 latebant,
777 3445 869 3513 qui
896 3443 1096 3515 probati
1125 3452 1241 3498 sunt
1281 3454 1513 3514 argento.
1541 3442 1680 3511 Quid
1703 3452 1806 3509 est,
1836 3445 2083 3517 argento?

491 3538 721 3608 Eloquio
750 3537 863 3591 Dei.
898 3534 1119 3607 Eloquia
1157 3533 1363 3588 Domini
1387 3534 1587 3605 eloquia
1613 3543 1754 3588 casta
1776 3575 1792 3601 ,
1818 3546 2084 3605 argentum

489 3629 607 3701 igne
633 3615 973 3684 examinatum
996 3666 1012 3687 ,
1058 3624 1316 3697 probabile
1359 3634 1505 3679 terra:
1524 3666 1538 3686 ,
1588 3633 1858 3696 purgatum
1901 3628 2083 3695 septies

492 3730 688 3775 tantum
710 3717 885 3786 (Psal.
920 3732 992 3779 tu,
1025 3714 1103 3786 7).
1139 3715 1290 3769 Hunc
1318 3729 1534 3770 sensum
1566 3714 1877 3781 obscurum,
1907 3716 2085 3772 videte

492 3807 941 3880 quemadmodum
969 3807 1023 3861 in
1040 3805 1480 3895 lucem_cxclutlat
1502 3806 1825 3875 Apostolus:
1853 3807 2085 3879 Opurtet,

495 3900 686 3970 inquit,
717 3908 764 3952 et
792 3898 1004 3953 Ittereses
1032 3913 1140 3951 esse
1161 3936 1177 3960 ,
1206 3905 1262 3951 ut
1285 3895 1484 3967 probati
1522 3898 1778 3967 manifesti
1802 3899 1928 3966 ๏ฌant
1953 3900 2086 3956 inter

494 4008 581 4047 uos
602 3991 647 4059 (I
676 3991 797 4045 Cor.
828 4006 907 4055 ฮนฮน,
941 3988 1050 4060 l9).
1075 3986 1211 4057 Quid
1234 3997 1336 4055 est,
1361 3987 1606 4059 probati?
1626 3988 1838 4044 Probati
1852 4002 2081 4062 argento,

495 4084 701 4154 probati
728 4082 958 4157 eloquio.
989 4080 1125 4147 Quid
1155 4090 1238 4135 est
1260 4121 1275 4143 ,
1318 4080 1575 4151 manifesti
1599 4080 1762 4145 ๏ฌant?
1790 4080 2083 4138 Excludau-

472 4184 599 4229 โtur.
632 4173 808 4243 Quare
835 4171 973 4226 hoc?
1002 4170 1226 4241 Propter
1250 4169 1551 4226 haereticos.
1575 4170 1711 4238 Quid
1733 4183 1836 4239 est,
1867 4183 2085 4244 propter

496 4264 812 4320 haereticos?
856 4261 1080 4332 Propter
1120 4262 1589 4332 congregationem
1643 4273 1903 4318 taurorum
1955 4266 2087 4339 inter

496 4371 674 4411 vaccas
710 4354 1031 4426 populorum.
1066 4351 1156 4407 Sic
1179 4367 1308 4423 ergo
1335 4360 1391 4406 et
1435 4351 1489 4405 hi
1533 4352 1681 4407 divisi
1718 4365 1833 4408 sunt
1862 4371 1969 4425 pra:
2007 4358 2086 4409 ira

495 4449 660 4502 vultus
688 4449 815 4519 ejus,
845 4456 894 4500 et
922 4440 1348 4518 appropinquavit
1376 4462 1465 4499 cor
1492 4445 1654 4502 illius.

565 4539 655 4595 25.
692 4537 880 4593 Molliti
913 4547 1027 4592 sunt
1053 4553 1305 4603 sermones
1343 4536 1451 4607 ejus
1486 4553 1640 4606 super
1674 4538 1870 4603 oleum,
1915 4550 1963 4593 et
1989 4540 2087 4610 ipsi

442 4606 445 4609 ฮ
494 4639 625 4683 sunt-
641 4629 841 4698 jacula.
879 4626 1133 4694 Quazdam
1176 4626 1318 4681 enim
1362 4606 1413 4681 in
1452 4626 1745 4696 Scripturis
1773 4627 1903 4683 dura
1934 4606 2084 4685 vidc-

497 4721 692 4775 bantur
714 4762 730 4785 ,
777 4734 897 4773 cum
924 4719 1152 4773 obscura
1182 4727 1393 4784 essent;
1431 4716 1672 4788 exposita
1711 4720 1913 4775 mollita
1938 4731 2082 4777 sunt.

496 4815 628 4879 Nam
674 4825 729 4868 et
776 4813 941 4884 prima
992 4811 1215 4866 haeresis
1262 4801 1315 4866 in
1358 4810 1637 4880 discipulis
1662 4798 1861 4869 Christi
1885 4814 2086 4869 veluta

496 4908 689 4963 duritia
719 4904 982 4962 sermonis
1008 4904 1173 4974 ipsius
1201 4902 1338 4958 facta
1369 4913 1471 4958 est.
1499 4902 1633 4957 Cum
1672 4904 1814 4958 enim
1845 4904 2083 4971 diceret,

466 5033 468 5035 ฮฝ
499 4998 619 5056 Nisi
643 4999 755 5068 quis
789 4996 1164 5051 manducauerit
1202 5012 1407 5050 carnem
1440 5012 1636 5061 meam,
1680 5007 1729 5050 et
1765 4997 1938 5051 biberit
1962 5015 2085 5051 san-

498 5093 699 5162 guinem
724 5104 910 5153 meum,
939 5104 1041 5141 non
1066 5086 1263 5141 habebit
1290 5086 1443 5141 vitam
1475 5086 1527 5139 in
1571 5103 1624 5141 se
1645 5104 1664 5141 :
1688 5088 1760 5142 illi
1791 5104 1894 5143 nou
1926 5090 2085 5144 intel-

498 5186 721 5255 ligentes
757 5181 1009 5236 dixerunt
1034 5178 1100 5232 ad
1132 5178 1357 5233 invicem
1380 5220 1394 5239 ,
1438 5177 1611 5231 Durus
1652 5189 1725 5235 est
1762 5180 1843 5233 hic
1886 5190 2084 5243 sermo,

497 5278 610 5349 quis
659 5284 818 5345 potest
848 5290 961 5327 eum
993 5271 1207 5328 audire?
1236 5271 1481 5325 Dicentes
1509 5272 1628 5341 quia
1670 5272 1835 5326 durus
1860 5284 1943 5327 est
1970 5291 2083 5329 ser-

501 5385 588 5423 mo
615 5370 727 5431 hic,
757 5371 1140 5434 separaverunt
1177 5378 1235 5417 se
1275 5362 1343 5417 ab
1372 5363 1501 5417 illo:
1533 5365 1786 5417 remansit
1816 5379 1938 5418 cum
1970 5366 2089 5420 aliis

500 5463 802 5519 duodecim.
826 5459 957 5514 Cum
987 5460 1033 5511 ei
1062 5457 1451 5528 suggessissent
1478 5456 1599 5510 illos
1624 5458 1675 5510 in
1702 5473 1950 5513 sermone
1974 5458 2090 5528 ejus

501 5557 665 5613 fuisse
706 5552 1127 5614 scandalizatus,
1170 5549 1434 5617 Numquid
1459 5560 1503 5601 et
1532 5565 1618 5601 eos
1642 5590 1655 5612 ,
1702 5548 1901 5631 inquit,
1944 5553 2090 5604 vultis

500 5655 613 5708 ire?
656 5650 723 5707 ฮตฮน
756 5652 977 5705 Petrus:
1010 5646 1224 5701 Verbum
1262 5648 1376 5700 vita!
1402 5659 1606 5700 (etenus
1633 5644 1813 5707 habes,
1845 5643 1915 5697 ud
1944 5660 2089 5716 quem

565 5766 584 5800 โธ
616 5766 694 5815 sic
716 5771 818 5814 Mss.
846 5772 899 5814 ฮฮน
924 5760 1056 5823 ฯฮด..
1082 5759 1265 5813 Etenim
1285 5760 1524 5812 hazretias
1545 5736 1715 5811 exerta
1735 5765 1825 5811 est.

1750 286 1805 341 S.
1851 278 2221 341 AUGL'STINI
2261 280 2563 340 EPISCOPI

3683 291 3784 348 ฮฮ

2192 399 2373 455 ibimus
2400 402 2577 473 (Joan.
2606 421 2679 470 vr,
2711 405 2937 477 54-69)?
2968 407 3245 473 lnbenditc,
3287 393 3636 465 obsecramus
3664 426 3779 473 vos,

2188 501 2244 546 et
2272 494 2475 563 parvuli
2504 495 2692 552 discite
2722 498 2970 567 pietatem
3001 516 3015 552 :
3041 499 3305 572 Numquid
3334 502 3441 571 jam
3474 502 3667 557 Petrus
3700 504 3781 558 in-

2190 583 2462 653 telligebat
2489 597 2753 642 secretum
2784 590 2925 643 illius
2960 592 3224 647 sermonis
3252 592 3502 648 Domini?
3531 592 3781 667 Nondum

2190 674 2549 747 intelligebat;
2603 680 2695 735 sed
2726 681 2863 736 bona
2893 697 3015 738 esse
3044 684 3201 739 verba
3231 700 3350 756 quas
3379 702 3488 741 non
3519 687 3784 759 intellige-

2188 766 2299 830 bat,
2329 769 2415 838 pie
2438 769 2710 826 credebat.
2743 773 2881 843 Ergo
2918 774 2965 828 si
3008 774 3175 831 durus
3203 785 3287 832 est
3314 789 3523 844 sermo,
3555 791 3615 834 et
3643 796 3779 836 non-

2188 857 2314 912 dum
2345 860 2644 917 intellectus
2673 872 2788 931 est,
2817 865 2984 920 durus
3011 867 3083 923 sit
3112 867 3304 938 impio,
3339 870 3432 925 tibi
3461 881 3646 928 autem
3674 873 3782 942 pie-

2192 958 2298 1004 tate
2337 951 2603 1007 molliatur
2625 970 2640 1006 :
2664 954 2785 1024 quia
2815 955 3134 1026 quandoque
3163 959 3437 1027 solvetur,
3479 970 3536 1017 et
3565 962 3659 1018 ๏ฌet
3687 963 3781 1021 tibi

2189 1043 2389 1110 oleum,
2415 1053 2470 1099 et
2495 1060 2663 1114 usque
2692 1046 2758 1101 ad
2787 1061 2912 1103 ossza
2945 1049 3259 1117 penetrabit.
3290 1060 3293 1063 โ

2260 1134 2349 1188 24.
2382 1132 2534 1207 [ฯฮตฮท.
2565 1135 2682 1209 โ23.]
2712 1136 2946 1194 Proinde
2968 1181 2983 1202 ,
3015 1149 3264 1211 tanquam
3298 1133 3410 1212 ipse
3439 1143 3635 1200 Petrus
3661 1158 3782 1216 post

2191 1225 2313 1281 illos
2343 1226 2535 1281 duritia
2558 1269 2572 1291 ,
2605 1230 2742 1283 sicut
2775 1231 3059 1299 putabant,
3090 1236 3354 1291 sermonis
3383 1237 3595 1293 Domini
3622 1255 3782 1297 scau-

2188 1319 2445 1376 dalizatos
2464 1322 2625 1378 etiam
2652 1322 2738 1378 hic
2756 1325 2978 1393 diceret,
3012 1325 3228 1383 Verbum
3254 1332 3368 1386 vita
3380 1343 3587 1388 teternte
3607 1334 3781 1401 habes,

2189 1413 2258 1463 ad
2279 1428 2423 1481 quem
2453 1414 2675 1469 ibimus?
2721 1415 2795 1471 ita
2824 1416 3085 1486 subjecit,
3114 1419 3267 1475 Jacta
3290 1423 3343 1477 in
3365 1422 3645 1479 Dominum
3685 1444 3779 1481 cu-

2187 1519 2311 1579 ram.
2325 1513 2481 1570 tuam,
2526 1513 2575 1558 et
2600 1506 2709 1575 ipse
2748 1516 2795 1560 te
2831 1510 3063 1563 enutriet.
3114 1511 3369 1570 Parvulas
3415 1530 3495 1579 es.
3542 1517 3779 1573 nondum

2190 1594 2443 1666 intelligis
2471 1607 2676 1653 secreta
2710 1600 2994 1656 verborum
3021 1621 3033 1656 :
3059 1603 3196 1660 forte
3229 1606 3319 1661 tibi
3349 1608 3501 1677 panis
3543 1609 3693 1677 latet,
3726 1622 3781 1666 et

2187 1686 2367 1743 adhuc
2395 1689 2531 1745 lacte
2559 1692 2874 1747 nutriendus
2905 1710 2964 1749 es
2999 1696 3042 1769 (ฮ
3064 1696 3181 1752 Cor.
3217 1714 3301 1765 ฮนฮนฮน,
3347 1699 3435 1771 2);
3482 1702 3591 1757 noli
3622 1704 3780 1761 irasci

2180 1778 2479 1845 tuberibus,
2522 1780 2634 1850 ipsa
2664 1789 2716 1836 te
2742 1782 2993 1839 idoneum
3038 1786 3260 1843 reddent
3290 1788 3358 1843 ad
3385 1806 3625 1846 mensam
3645 1833 3661 1860 ,
3693 1797 3779 1851 cui

2190 1870 2351 1924 modo
2379 1872 2557 1927 minus
2588 1872 2817 1930 idoneus
2844 1891 2923 1931 es.
2958 1877 3098 1933 Ecce
3137 1895 3234 1950 per
3258 1880 3573 1940 divisionem
3602 1885 3777 1942 luere-

2189 1962 2417 2018 ticorum
2462 1964 2623 2019 multa
2671 1965 2804 2021 dura
2852 1969 3057 2024 mollita
3104 1984 3227 2025 sunt
3260 1989 3274 2025 :
3306 1987 3587 2031 sermones
3633 1977 3780 2033 illius

2186 2054 2303 2110 duri
2334 2056 2522 2112 molliti
2567 2048 2692 2113 sunt
2731 2072 2894 2129 super
2935 2061 3135 2122 oleum.
3181 2073 3237 2119 et
3282 2064 3379 2135 ipsi
3424 2075 3551 2121 sunt
3575 2068 3776 2138 jacula.

2186 2151 2543 2208 Armaverunt
2560 2156 2987 2226 evangelizantcs
3010 2174 3025 2213 ฮน
3044 2167 3099 2214 et
3120 2159 3218 2230 ipsi
3239 2174 3517 2217 sermones
3537 2162 3767 2234 dirigam

2187 2250 2275 2298 tur
2313 2242 2366 2298 in
2396 2255 2611 2315 pectora
2642 2262 2982 2318 quorumque
3005 2250 3331 2307 audientium
3360 2253 3428 2309 ab
3454 2255 3778 2313 instantibus

2185 2343 2490 2404 opportune
2514 2346 2570 2392 et
2595 2338 2926 2409 importune;
2958 2341 3064 2398 illis
3085 2344 3444 2411 sermonibus,
3473 2346 3580 2400 illis
3599 2350 3779 2405 verbis

2188 2435 2442 2497 tanquam
2472 2431 2680 2502 sagittis
2703 2473 2719 2496 ,
2761 2433 2923 2489 corda
2956 2418 3241 2491 hominum
3270 2436 3335 2492 ad
3362 2450 3600 2494 amorem
3631 2441 3776 2510 pacis

2187 2517 2474 2575 feriuntur.
2517 2522 2643 2578 Duri
2684 2532 2874 2589 erant,
2918 2535 2975 2582 et
3018 2528 3209 2583 molles
3250 2527 3375 2584 facti
3413 2540 3560 2586 sunt.
3591 2533 3776 2589 Molliti

2177 2613 2295 2665 non
2324 2611 2574 2667 virtutem
2604 2613 2918 2681 amiserunt,
2947 2616 3043 2671 sed
3074 2616 3125 2671 in
3151 2616 3327 2686 jacula
3354 2622 3596 2676 conversi
3626 2633 3773 2679 sunt.

2189 2699 2380 2755 Molliti
2401 2712 2520 2758 sunt
2547 2707 2801 2760 sermones
2826 2707 2937 2776 ejus
2964 2723 3116 2776 super
3140 2710 3327 2777 oleum,
3354 2723 3404 2766 et
3429 2713 3556 2783 ipsi,
3588 2715 3778 2772 molliti

2188 2805 2485 2857 sermones,
2516 2795 2613 2866 ipsi
2639 2806 2759 2851 sunt
2777 2798 2979 2869 jacula.
2998 2799 3113 2857 Sed
3145 2809 3200 2857 tu
3229 2803 3466 2859 nondum
3491 2804 3631 2861 forte
3656 2807 3777 2864 ido-

2190 2897 2324 2939 neus
2354 2900 2414 2940 es
2436 2886 2524 2956 qui
2552 2885 2889 2944 armeris'bis
2906 2890 3121 2959 jaculis,
3149 2902 3204 2949 et
3223 2895 3458 2951 nondum
3487 2896 3583 2952 tibi
3610 2898 3778 2955 eluxit

2190 2976 2333 3044 quod
2362 2976 2416 3031 in
2445 2991 2696 3035 sermone
2724 2978 2862 3037 forte
2884 2982 3170 3040 obscurum
3197 2997 3280 3042 est
3306 2996 3362 3044 et
3380 2988 3604 3057 durum;
3624 2990 3779 3048 locta

2188 3066 2247 3120 in
2276 3064 2554 3124 Dominum
2577 3087 2750 3126 curam
2776 3082 2934 3134 tuam,
2964 3085 3011 3130 et
3037 3076 3146 3147 ipse
3170 3087 3218 3133 te
3242 3082 3473 3136 enutriet.
3508 3082 3566 3138 In
3599 3085 3779 3140 Domi-

2191 3174 2319 3216 num
2354 3159 2495 3230 jacta
2525 3171 2597 3219 te.
2622 3162 2762 3221 Ecce
2786 3166 2869 3221 vis
2895 3174 2948 3223 te
2970 3168 3174 3238 jactare
3203 3173 3255 3226 in
3282 3173 3586 3241 Dominum,
3615 3194 3778 3235 nemo

2190 3265 2253 3306 se
2290 3264 2556 3323 supponat
2592 3270 2689 3325 pro
2728 3256 2973 3315 Domino.
3012 3259 3163 3315 locta
3203 3263 3257 3317 in
3300 3262 3578 3322 Dominum
3601 3286 3778 3325 cur-mu

2190 3352 2348 3399 tuam.
2377 3345 2510 3403 Vide
2534 3350 2982 3417 quemadmodum
3011 3367 3234 3425 magnus
3261 3357 3353 3413 ille
3383 3360 3537 3416 miles
3576 3362 3777 3421 Clu-isti

2189 3435 2242 3489 in
2296 3451 2356 3492 se
2401 3452 2585 3492 curam
2637 3441 2982 3509 parvulorum
3026 3442 3217 3515 jactari
3260 3449 3431 3505 noluit
3463 3471 3477 3507 :
3510 3452 3777 3528 Numquid

2192 3524 2389 3582 Paulus
2419 3543 2510 3597 pro
2539 3529 2676 3584 vobis
2711 3533 2987 3606 cruci๏ฌxus
3012 3545 3117 3601 est,
3152 3548 3240 3592 aut
3283 3539 3337 3593 in
3376 3545 3579 3598 nomine
3621 3524 3779 3603 Pauli

2189 3616 2429 3687 baptizati
2466 3622 2585 3674 estis
2627 3621 2738 3695 (Id.
2786 3639 2833 3690 ฮน,
2873 3624 3005 3697 l3)?
3039 3626 3175 3696 Quid
3229 3630 3309 3686 eis
3342 3632 3486 3688 aliud
3528 3635 3774 3704 diccbat,

2190 3708 2315 3777 nisi,
2344 3709 2549 3766 Jactate
2575 3712 2628 3767 in
2662 3714 2944 3771 Dominum
2972 3734 3155 3773 curam
3181 3732 3434 3789 vestram,
3463 3734 3519 3779 ct
3548 3728 3664 3800 ipse
3684 3748 3778 3787 vos

2189 3802 2461 3857 cnutriet?
2500 3803 2658 3859 Modo
2703 3816 2882 3863 autem
2914 3810 3027 3865 vult
3055 3813 3307 3881 parvulus
3345 3814 3553 3885 jactare
3592 3836 3776 3877 curam

2189 3907 2339 3956 suam
2373 3896 2424 3962 in
2455 3896 2762 3965 Dominum,
2797 3911 2851 3956 et
2879 3908 3115 3958 occurrit
3144 3907 3322 3961 nescio
3352 3910 3493 3979 quis,
3524 3920 3581 3965 ct
3609 3912 3773 3970 dicit:

2192 3987 2305 4058 Ego
2329 3989 2560 4057 excipio.
2607 3992 2883 4063 Tanquam
2925 3997 3045 4050 navi
3089 3998 3361 4054 ๏ฌuctuanti
3402 4006 3678 4073 occurrit,
3726 4016 3779 4062 et

2190 4080 2319 4135 dicit
2344 4099 2356 4135 :
2381 4081 2491 4152 Ego
2524 4082 2752 4153 excipio.
2786 4084 3072 4158 Responde
3105 4098 3159 4143 et
3185 4098 3237 4143 tu
3259 4108 3271 4143 :
3295 4090 3511 4147 Portum
3553 4112 3738 4164 quer
3759 4138 3775 4163 ,

2191 4187 2297 4226 non
2323 4189 2532 4229 saxum.
2571 4173 2723 4228 laeta
2744 4176 2798 4229 in
2823 4174 3099 4233 Dominum
3124 4174 3302 4235 curam
3326 4190 3487 4251 tuam,
3519 4193 3567 4240 et
3593 4187 3703 4257 ipse
3734 4199 3779 4243 te

2190 4265 2426 4319 enutriet.
2476 4266 2545 4321 Et
2583 4267 2705 4322 vide
2738 4268 2863 4338 quia
2905 4278 3091 4340 portus
3134 4280 3189 4339 te
3225 4275 3461 4344 excipit:
3492 4274 3615 4332 Non
3643 4280 3778 4334 dabit

2191 4357 2243 4409 in
2273 4366 2514 4412 internum
2551 4358 2932 4428 ๏ฌuctuationem
2964 4362 3128 4431 justo.
3176 4363 3387 4420 Videris
3434 4366 3700 4427 ๏ฌuctuare
3728 4373 3778 4427 iu

2191 4451 2324 4519 mari
2353 4449 2475 4514 isto,
2498 4450 2592 4506 sed
2623 4451 2821 4521 exeipit
2847 4463 2899 4508 te
2928 4465 3130 4522 portus.
3154 4455 3232 4512 Tu
3260 4466 3463 4515 tantum
3490 4473 3781 4535 antequam

2192 4541 2359 4598 intres
2388 4543 2441 4597 in
2473 4554 2706 4612 portum,
2739 4547 2808 4599 ab
2832 4548 3069 4601 anchora
3099 4549 3207 4603 noli
3236 4551 3501 4623 abrumpi.
3534 4554 3785 4621 Fluctust

2192 4635 2344 4690 navis
2371 4635 2425 4690 in
2449 4635 2729 4696 anchoris.
2760 4637 2855 4692 sed
2883 4653 2991 4694 non
3031 4638 3189 4709 longe
3222 4656 3253 4694 a
3296 4649 3441 4703 terra
3468 4645 3785 4717 projicitur;

2192 4740 2292 4782 nec
2318 4726 2370 4781 in
2399 4736 2660 4782 aeternum
2701 4727 2997 4793 ๏ฌuetuabit,
3041 4731 3143 4786 etsi
3182 4732 3252 4786 ad
3297 4742 3508 4805 tempus
3538 4739 3796 4797 ๏ฌuctuat-

2194 4817 2405 4873 Etenim
2434 4818 2502 4873 ad
2527 4817 2931 4875 ๏ฌuctuationem
2966 4822 3242 4891 pertinent
3270 4825 3430 4881 verba
3461 4832 3743 4898 superiora
3762 4851 3780 4886 :

2192 4909 2529 4967 Contrislatus
2556 4918 2669 4965 sum
2694 4914 2748 4969 in
2772 4915 3129 4972 exercitatione
3163 4935 3275 4974 mea
3298 4962 3314 4984 ,
3357 4929 3409 4976 et
3452 4910 3782 4979 conturbatus

2193 5021 2324 5058 sum.
2360 5004 2727 5076 Exspectabam
2756 5023 2870 5061 eum
2900 5011 2986 5079 qui
3014 5022 3091 5065 me
3119 5013 3315 5067 soluunt
3343 5016 3529 5086 faceret
3555 5034 3587 5069 a
3616 5021 3781 5088 pusil-

2195 5098 2476 5152 lanimilate
2513 5111 2559 5153 et
2590 5112 2902 5171 tempestate.
2934 5103 3225 5161 Fluetuans
3251 5106 3517 5179 loquitur,
3549 5111 3647 5166 sed
3679 5127 3783 5166 non

2172 5191 2247 5269 .in
2274 5201 2534 5245 retentum
2563 5193 2871 5257 ๏ฌuetuabit;
2901 5213 3022 5251 nam
3052 5200 3282 5253 anchora
3312 5200 3523 5272 ligatur,
3547 5203 3780 5258 anchora

2195 5297 2318 5351 spes
2362 5285 2479 5350 ejus
2521 5292 2621 5339 est.
2674 5282 2796 5340 Non
2836 5288 2975 5343 dabit
3020 5290 3072 5344 in
3117 5300 3357 5344 teternum
3400 5292 3781 5363 ๏ฌuctuationem

2187 5378 2349 5447 justo.
3088 5444 3092 5449 แผข

2267 5469 2357 5523 9.5.
2388 5467 2537 5541 [rem
2563 5468 2679 5544 ฮตฮน]
2715 5469 2822 5526 Illis
2855 5465 3034 5529 autem
3064 5473 3230 5545 quid?
3260 5473 3337 5531 Tu
3361 5492 3506 5543 vero,
3536 5475 3672 5534 Deus
3691 5479 3782 5533 de-

2201 5563 2350 5617 duces
2376 5580 2459 5617 eos
2487 5564 2537 5615 in
2566 5574 2769 5631 puteum
2789 5567 3148 5635 corruptionis.
3173 5566 3371 5624 Puteus
3397 5572 3777 5639 corruptioms.

2202 5656 2435 5711 tenebra'
2465 5666 2587 5711 sunt
2610 5658 3015 5713 submersionis.
3062 5646 3295 5714 Deduces
3326 5678 3448 5726 eos,
3498 5654 3695 5735 inquit,
3726 5668 3779 5718 in

2204 5733 2406 5820 panum
2457 5748 2794 5819 corruptionis
2837 5765 2856 5803 :
2896 5751 3017 5822 quia
3068 5765 3241 5807 cazcus
3287 5754 3488 5810 caecum
3536 5755 3767 5819 ducens,
