  <div class='ocr_page' id='page_1' title='image "/cluster/home/n/w/nwhite01/storage/ocr_20150623/36/umn.319510024773307/332.png"; bbox 0 0 3968 6388; ppageno 0'>
   <div class='ocr_carea' id='block_1_1' title="bbox 215 455 1806 544">
    <p class='ocr_par' dir='ltr' id='par_1_1' title="bbox 215 455 1806 544">
     <span class='ocr_line' id='line_1_1' title="bbox 215 455 1806 544; baseline -0.014 -4"><span class='ocrx_word' id='word_1_1' title='bbox 215 497 379 542; x_wconf 76' lang='lat' dir='ltr'><strong>ambo</strong></span> <span class='ocrx_word' id='word_1_2' title='bbox 408 487 458 538; x_wconf 91' lang='lat' dir='ltr'><strong>in</strong></span> <span class='ocrx_word' id='word_1_3' title='bbox 491 483 696 538; x_wconf 80' lang='lat' dir='ltr'><strong>foveam</strong></span> <span class='ocrx_word' id='word_1_4' title='bbox 718 478 915 534; x_wconf 90' lang='lat' dir='ltr'><strong>eadunt</strong></span> <span class='ocrx_word' id='word_1_5' title='bbox 941 474 1153 544; x_wconf 77' lang='lat' dir='ltr'><strong>(Matth.</strong></span> <span class='ocrx_word' id='word_1_6' title='bbox 1183 487 1272 534; x_wconf 82' lang='lat' dir='ltr'><strong>xv,</strong></span> <span class='ocrx_word' id='word_1_7' title='bbox 1296 469 1408 540; x_wconf 70' lang='grc'><strong>14).</strong></span> <span class='ocrx_word' id='word_1_8' title='bbox 1435 455 1657 522; x_wconf 86' lang='lat' dir='ltr'><strong>Deducit</strong></span> <span class='ocrx_word' id='word_1_9' title='bbox 1683 465 1806 518; x_wconf 89' lang='lat' dir='ltr'><strong>illos</strong></span> 
     </span>
    </p>
   </div>
   <div class='ocr_carea' id='block_1_2' title="bbox 223 558 1807 647">
    <p class='ocr_par' dir='ltr' id='par_1_2' title="bbox 223 558 1807 647">
     <span class='ocr_line' id='line_1_2' title="bbox 223 558 1807 647; baseline -0.018 -12"><span class='ocrx_word' id='word_1_10' title='bbox 223 581 370 634; x_wconf 72' lang='lat' dir='ltr'><strong>Deus</strong></span> <span class='ocrx_word' id='word_1_11' title='bbox 398 577 449 632; x_wconf 92' lang='lat' dir='ltr'><strong>in</strong></span> <span class='ocrx_word' id='word_1_12' title='bbox 474 585 697 647; x_wconf 85' lang='lat' dir='ltr'><strong>puteum</strong></span> <span class='ocrx_word' id='word_1_13' title='bbox 727 568 1115 638; x_wconf 80' lang='lat' dir='ltr'><strong>corruptionis.</strong></span> <span class='ocrx_word' id='word_1_14' title='bbox 1149 581 1253 618; x_wconf 86' lang='lat' dir='ltr'><strong>non</strong></span> <span class='ocrx_word' id='word_1_15' title='bbox 1284 561 1425 632; x_wconf 86' lang='lat' dir='ltr'><strong>quod</strong></span> <span class='ocrx_word' id='word_1_16' title='bbox 1471 562 1584 628; x_wconf 74' lang='lat' dir='ltr'><strong>ipse</strong></span> <span class='ocrx_word' id='word_1_17' title='bbox 1612 558 1683 611; x_wconf 92' lang='lat' dir='ltr'><strong>sit</strong></span> <span class='ocrx_word' id='word_1_18' title='bbox 1712 573 1807 608; x_wconf 83' lang='lat' dir='ltr'><strong>an-</strong></span> 
     </span>
    </p>
   </div>
   <div class='ocr_carea' id='block_1_3' title="bbox 221 647 1815 738">
    <p class='ocr_par' dir='ltr' id='par_1_3' title="bbox 221 647 1815 738">
     <span class='ocr_line' id='line_1_3' title="bbox 221 647 1815 738; baseline -0.016 -14"><span class='ocrx_word' id='word_1_19' title='bbox 221 682 346 724; x_wconf 87' lang='lat' dir='ltr'><strong>ctor</strong></span> <span class='ocrx_word' id='word_1_20' title='bbox 368 668 538 738; x_wconf 78' lang='lat' dir='ltr'><strong>eulpze</strong></span> <span class='ocrx_word' id='word_1_21' title='bbox 565 667 824 734; x_wconf 84' lang='lat' dir='ltr'><strong>ipsorum.</strong></span> <span class='ocrx_word' id='word_1_22' title='bbox 858 661 952 715; x_wconf 87' lang='lat' dir='ltr'><strong>sed</strong></span> <span class='ocrx_word' id='word_1_23' title='bbox 974 658 1114 729; x_wconf 87' lang='lat' dir='ltr'><strong>quod</strong></span> <span class='ocrx_word' id='word_1_24' title='bbox 1142 659 1253 724; x_wconf 89' lang='lat' dir='ltr'><strong>ipse</strong></span> <span class='ocrx_word' id='word_1_25' title='bbox 1283 654 1352 707; x_wconf 88' lang='lat' dir='ltr'><strong>sit</strong></span> <span class='ocrx_word' id='word_1_26' title='bbox 1373 654 1535 722; x_wconf 80' lang='lat' dir='ltr'><strong>judex</strong></span> <span class='ocrx_word' id='word_1_27' title='bbox 1566 647 1815 716; x_wconf 88' lang='lat' dir='ltr'><strong>iniquila-</strong></span> 
     </span>
    </p>
   </div>
   <div class='ocr_carea' id='block_1_4' title="bbox 224 741 1808 826">
    <p class='ocr_par' dir='ltr' id='par_1_4' title="bbox 224 741 1808 826">
     <span class='ocr_line' id='line_1_4' title="bbox 224 741 1808 826; baseline -0.016 -9"><span class='ocrx_word' id='word_1_28' title='bbox 224 774 342 818; x_wconf 84' lang='lat' dir='ltr'><strong>tuin</strong></span> <span class='ocrx_word' id='word_1_29' title='bbox 367 777 575 816; x_wconf 89' lang='lat' dir='ltr'><strong>eorum.</strong></span> <span class='ocrx_word' id='word_1_30' title='bbox 603 757 844 814; x_wconf 72' lang='lat' dir='ltr'><strong>Tradidit</strong></span> <span class='ocrx_word' id='word_1_31' title='bbox 872 754 1014 810; x_wconf 89' lang='lat' dir='ltr'><strong>enim</strong></span> <span class='ocrx_word' id='word_1_32' title='bbox 1047 766 1140 826; x_wconf 81' lang='lat' dir='ltr'><strong>eos</strong></span> <span class='ocrx_word' id='word_1_33' title='bbox 1175 751 1314 802; x_wconf 91' lang='lat' dir='ltr'><strong>Deus</strong></span> <span class='ocrx_word' id='word_1_34' title='bbox 1341 748 1391 800; x_wconf 90' lang='lat' dir='ltr'><strong>in</strong></span> <span class='ocrx_word' id='word_1_35' title='bbox 1422 741 1808 812; x_wconf 86' lang='lat' dir='ltr'><strong>concupiscen-</strong></span> 
     </span>
    </p>
   </div>
   <div class='ocr_carea' id='block_1_5' title="bbox 225 831 1813 920">
    <p class='ocr_par' dir='ltr' id='par_1_5' title="bbox 225 831 1813 920">
     <span class='ocr_line' id='line_1_5' title="bbox 225 831 1813 920; baseline -0.014 -13"><span class='ocrx_word' id='word_1_36' title='bbox 225 857 329 910; x_wconf 85' lang='lat' dir='ltr'><strong>tias</strong></span> <span class='ocrx_word' id='word_1_37' title='bbox 372 854 548 910; x_wconf 80' lang='lat' dir='ltr'><strong>cordis</strong></span> <span class='ocrx_word' id='word_1_38' title='bbox 595 866 781 905; x_wconf 85' lang='lat' dir='ltr'><strong>eorum</strong></span> <span class='ocrx_word' id='word_1_39' title='bbox 829 847 1005 920; x_wconf 82' lang='lat' dir='ltr'><strong>(Rom.</strong></span> <span class='ocrx_word' id='word_1_40' title='bbox 1058 860 1096 906; x_wconf 80' lang='grc' dir='ltr'><strong>ι,</strong></span> <span class='ocrx_word' id='word_1_41' title='bbox 1140 842 1231 911; x_wconf 66' lang='grc'><strong>9-4)</strong></span> <span class='ocrx_word' id='word_1_42' title='bbox 1265 857 1277 892; x_wconf 87' lang='lat'><strong>:</strong></span> <span class='ocrx_word' id='word_1_43' title='bbox 1311 843 1623 892; x_wconf 77' lang='lat' dir='ltr'><strong>amaVerunt</strong></span> <span class='ocrx_word' id='word_1_44' title='bbox 1669 831 1813 886; x_wconf 89' lang='lat' dir='ltr'><strong>enim</strong></span> 
     </span>
    </p>
   </div>
   <div class='ocr_carea' id='block_1_6' title="bbox 226 925 1815 1013">
    <p class='ocr_par' dir='ltr' id='par_1_6' title="bbox 226 925 1815 1013">
     <span class='ocr_line' id='line_1_6' title="bbox 226 925 1815 1013; baseline -0.02 -11"><span class='ocrx_word' id='word_1_45' title='bbox 226 948 497 1008; x_wconf 72' lang='lat' dir='ltr'><strong>tenebras,</strong></span> <span class='ocrx_word' id='word_1_46' title='bbox 545 953 599 996; x_wconf 90' lang='lat' dir='ltr'><strong>et</strong></span> <span class='ocrx_word' id='word_1_47' title='bbox 646 957 759 1013; x_wconf 89' lang='lat' dir='ltr'><strong>non</strong></span> <span class='ocrx_word' id='word_1_48' title='bbox 798 938 1012 999; x_wconf 85' lang='lat' dir='ltr'><strong>lucem;</strong></span> <span class='ocrx_word' id='word_1_49' title='bbox 1057 933 1357 986; x_wconf 81' lang='lat' dir='ltr'><strong>dilexerunt</strong></span> <span class='ocrx_word' id='word_1_50' title='bbox 1381 925 1715 986; x_wconf 84' lang='lat' dir='ltr'><strong>ca-eitatcm,</strong></span> <span class='ocrx_word' id='word_1_51' title='bbox 1762 929 1815 972; x_wconf 83' lang='lat' dir='ltr'><strong>et</strong></span> 
     </span>
    </p>
   </div>
   <div class='ocr_carea' id='block_1_7' title="bbox 226 1010 1814 1090">
    <p class='ocr_par' dir='ltr' id='par_1_7' title="bbox 226 1010 1814 1090">
     <span class='ocr_line' id='line_1_7' title="bbox 226 1010 1814 1090; baseline -0.018 0"><span class='ocrx_word' id='word_1_52' title='bbox 226 1054 337 1090; x_wconf 72' lang='lat' dir='ltr'><strong>non</strong></span> <span class='ocrx_word' id='word_1_53' title='bbox 367 1037 648 1089; x_wconf 78' lang='lat' dir='ltr'><strong>visionem.</strong></span> <span class='ocrx_word' id='word_1_54' title='bbox 680 1012 810 1085; x_wconf 85' lang='lat' dir='ltr'><strong>Nam</strong></span> <span class='ocrx_word' id='word_1_55' title='bbox 858 1041 983 1082; x_wconf 88' lang='lat' dir='ltr'><strong>ecce</strong></span> <span class='ocrx_word' id='word_1_56' title='bbox 1032 1023 1287 1078; x_wconf 89' lang='lat' dir='ltr'><strong>Dominus</strong></span> <span class='ocrx_word' id='word_1_57' title='bbox 1315 1019 1471 1073; x_wconf 81' lang='lat' dir='ltr'><strong>Jesus</strong></span> <span class='ocrx_word' id='word_1_58' title='bbox 1500 1014 1665 1068; x_wconf 78' lang='lat' dir='ltr'><strong>eluxit</strong></span> <span class='ocrx_word' id='word_1_59' title='bbox 1693 1010 1814 1063; x_wconf 89' lang='lat' dir='ltr'><strong>uni-</strong></span> 
     </span>
    </p>
   </div>
   <div class='ocr_carea' id='block_1_8' title="bbox 228 1100 1812 1190">
    <p class='ocr_par' dir='ltr' id='par_1_8' title="bbox 228 1100 1812 1190">
     <span class='ocr_line' id='line_1_8' title="bbox 228 1100 1812 1190; baseline -0.018 -7"><span class='ocrx_word' id='word_1_60' title='bbox 228 1145 391 1186; x_wconf 89' lang='lat' dir='ltr'><strong>verso</strong></span> <span class='ocrx_word' id='word_1_61' title='bbox 418 1125 651 1190; x_wconf 89' lang='lat' dir='ltr'><strong>mundo;</strong></span> <span class='ocrx_word' id='word_1_62' title='bbox 696 1131 913 1176; x_wconf 86' lang='lat' dir='ltr'><strong>cantent</strong></span> <span class='ocrx_word' id='word_1_63' title='bbox 959 1120 1010 1172; x_wconf 91' lang='lat' dir='ltr'><strong>in</strong></span> <span class='ocrx_word' id='word_1_64' title='bbox 1051 1116 1254 1169; x_wconf 86' lang='lat' dir='ltr'><strong>unitate</strong></span> <span class='ocrx_word' id='word_1_65' title='bbox 1285 1126 1406 1164; x_wconf 90' lang='lat' dir='ltr'><strong>eum</strong></span> <span class='ocrx_word' id='word_1_66' title='bbox 1436 1118 1547 1161; x_wconf 72' lang='lat' dir='ltr'><strong>tow</strong></span> <span class='ocrx_word' id='word_1_67' title='bbox 1577 1100 1812 1158; x_wconf 83' lang='lat' dir='ltr'><strong>mundo:</strong></span> 
     </span>
    </p>
   </div>
   <div class='ocr_carea' id='block_1_9' title="bbox 231 1192 1813 1289">
    <p class='ocr_par' dir='ltr' id='par_1_9' title="bbox 231 1192 1813 1289">
     <span class='ocr_line' id='line_1_9' title="bbox 231 1192 1813 1289; baseline -0.021 -10"><span class='ocrx_word' id='word_1_68' title='bbox 231 1223 358 1278; x_wconf 85' lang='lat' dir='ltr'><strong>Non</strong></span> <span class='ocrx_word' id='word_1_69' title='bbox 387 1223 526 1276; x_wconf 88' lang='lat' dir='ltr'><strong>enim</strong></span> <span class='ocrx_word' id='word_1_70' title='bbox 559 1229 631 1272; x_wconf 88' lang='lat' dir='ltr'><strong>est</strong></span> <span class='ocrx_word' id='word_1_71' title='bbox 659 1217 747 1289; x_wconf 88' lang='lat' dir='ltr'><strong>qui</strong></span> <span class='ocrx_word' id='word_1_72' title='bbox 789 1231 842 1268; x_wconf 86' lang='lat' dir='ltr'><strong>se</strong></span> <span class='ocrx_word' id='word_1_73' title='bbox 878 1208 1154 1265; x_wconf 76' lang='lat' dir='ltr'><strong>abscondat</strong></span> <span class='ocrx_word' id='word_1_74' title='bbox 1183 1222 1215 1258; x_wconf 91' lang='lat' dir='ltr'><strong>a</strong></span> <span class='ocrx_word' id='word_1_75' title='bbox 1244 1205 1413 1256; x_wconf 79' lang='lat' dir='ltr'><strong>colore</strong></span> <span class='ocrx_word' id='word_1_76' title='bbox 1455 1197 1598 1252; x_wconf 85' lang='lat' dir='ltr'><strong>illius</strong></span> <span class='ocrx_word' id='word_1_77' title='bbox 1644 1192 1813 1267; x_wconf 84' lang='lat' dir='ltr'><strong>(Psal.</strong></span> 
     </span>
    </p>
   </div>
   <div class='ocr_carea' id='block_1_10' title="bbox 229 1289 1814 1384">
    <p class='ocr_par' dir='ltr' id='par_1_10' title="bbox 229 1289 1814 1384">
     <span class='ocr_line' id='line_1_10' title="bbox 229 1289 1814 1384; baseline -0.023 -11"><span class='ocrx_word' id='word_1_78' title='bbox 229 1333 388 1381; x_wconf 67' lang='lat' dir='ltr'><strong>svnt,</strong></span> <span class='ocrx_word' id='word_1_79' title='bbox 417 1315 490 1384; x_wconf 88' lang='lat'><strong>7).</strong></span> <span class='ocrx_word' id='word_1_80' title='bbox 521 1313 597 1366; x_wconf 87' lang='lat' dir='ltr'><strong>Illi</strong></span> <span class='ocrx_word' id='word_1_81' title='bbox 623 1320 798 1364; x_wconf 85' lang='lat' dir='ltr'><strong>autem</strong></span> <span class='ocrx_word' id='word_1_82' title='bbox 831 1304 1170 1360; x_wconf 77' lang='lat' dir='ltr'><strong>traducentes</strong></span> <span class='ocrx_word' id='word_1_83' title='bbox 1195 1312 1257 1351; x_wconf 89' lang='lat' dir='ltr'><strong>se</strong></span> <span class='ocrx_word' id='word_1_84' title='bbox 1288 1310 1316 1347; x_wconf 91' lang='lat' dir='ltr'><strong>a</strong></span> <span class='ocrx_word' id='word_1_85' title='bbox 1360 1302 1473 1346; x_wconf 89' lang='lat' dir='ltr'><strong>toto</strong></span> <span class='ocrx_word' id='word_1_86' title='bbox 1493 1289 1557 1343; x_wconf 86' lang='lat' dir='ltr'><strong>ad</strong></span> <span class='ocrx_word' id='word_1_87' title='bbox 1589 1295 1814 1356; x_wconf 86' lang='lat' dir='ltr'><strong>partem,</strong></span> 
     </span>
    </p>
   </div>
   <div class='ocr_carea' id='block_1_11' title="bbox 229 1377 1819 1479">
    <p class='ocr_par' dir='ltr' id='par_1_11' title="bbox 229 1377 1819 1479">
     <span class='ocr_line' id='line_1_11' title="bbox 229 1377 1819 1479; baseline -0.023 -13"><span class='ocrx_word' id='word_1_88' title='bbox 229 1428 261 1465; x_wconf 81' lang='lat' dir='ltr'><strong>a</strong></span> <span class='ocrx_word' id='word_1_89' title='bbox 290 1424 514 1479; x_wconf 84' lang='lat' dir='ltr'><strong>corpore</strong></span> <span class='ocrx_word' id='word_1_90' title='bbox 555 1406 621 1460; x_wconf 89' lang='lat' dir='ltr'><strong>ad</strong></span> <span class='ocrx_word' id='word_1_91' title='bbox 651 1400 862 1463; x_wconf 89' lang='lat' dir='ltr'><strong>vulnus,</strong></span> <span class='ocrx_word' id='word_1_92' title='bbox 909 1413 948 1451; x_wconf 80' lang='lat' dir='ltr'><strong>a&#39;</strong></span> <span class='ocrx_word' id='word_1_93' title='bbox 977 1395 1092 1448; x_wconf 84' lang='lat' dir='ltr'><strong>‘vita</strong></span> <span class='ocrx_word' id='word_1_94' title='bbox 1134 1390 1202 1444; x_wconf 87' lang='lat' dir='ltr'><strong>ad</strong></span> <span class='ocrx_word' id='word_1_95' title='bbox 1249 1384 1642 1459; x_wconf 66' lang='lat' dir='ltr'><strong>pratcisionem,</strong></span> <span class='ocrx_word' id='word_1_96' title='bbox 1693 1377 1819 1446; x_wconf 89' lang='lat' dir='ltr'><strong>quid</strong></span> 
     </span>
    </p>
   </div>
   <div class='ocr_carea' id='block_1_12' title="bbox 229 1472 1654 1576">
    <p class='ocr_par' dir='ltr' id='par_1_12' title="bbox 229 1472 1654 1576">
     <span class='ocr_line' id='line_1_12' title="bbox 229 1472 1654 1576; baseline -0.025 -17"><span class='ocrx_word' id='word_1_97' title='bbox 229 1504 443 1576; x_wconf 81' lang='lat' dir='ltr'><strong>passuri</strong></span> <span class='ocrx_word' id='word_1_98' title='bbox 472 1508 616 1564; x_wconf 91' lang='lat' dir='ltr'><strong>sunt,</strong></span> <span class='ocrx_word' id='word_1_99' title='bbox 646 1497 745 1551; x_wconf 88' lang='lat' dir='ltr'><strong>nisi</strong></span> <span class='ocrx_word' id='word_1_100' title='bbox 776 1495 827 1546; x_wconf 90' lang='lat' dir='ltr'><strong>in</strong></span> <span class='ocrx_word' id='word_1_101' title='bbox 861 1500 1076 1562; x_wconf 89' lang='lat' dir='ltr'><strong>puteum</strong></span> <span class='ocrx_word' id='word_1_102' title='bbox 1105 1478 1464 1550; x_wconf 82' lang='lat' dir='ltr'><strong>corruptionis</strong></span> <span class='ocrx_word' id='word_1_103' title='bbox 1486 1472 1654 1528; x_wconf 76' lang='lat' dir='ltr'><strong>ituri?</strong></span> 
     </span>
    </p>
   </div>
   <div class='ocr_carea' id='block_1_13' title="bbox 303 1562 1818 1658">
    <p class='ocr_par' dir='ltr' id='par_1_13' title="bbox 303 1562 1818 1658">
     <span class='ocr_line' id='line_1_13' title="bbox 303 1562 1818 1658; baseline -0.025 -10"><span class='ocrx_word' id='word_1_104' title='bbox 303 1593 395 1648; x_wconf 72' lang='grc'><strong>26.</strong></span> <span class='ocrx_word' id='word_1_105' title='bbox 438 1587 542 1644; x_wconf 79' lang='lat' dir='ltr'><strong>Viri</strong></span> <span class='ocrx_word' id='word_1_106' title='bbox 568 1562 870 1658; x_wconf 81' lang='lat' dir='ltr'><strong>sanguiuum</strong></span> <span class='ocrx_word' id='word_1_107' title='bbox 901 1591 947 1634; x_wconf 88' lang='lat' dir='ltr'><strong>et</strong></span> <span class='ocrx_word' id='word_1_108' title='bbox 989 1574 1292 1631; x_wconf 83' lang='lat' dir='ltr'><strong>dolositatis.</strong></span> <span class='ocrx_word' id='word_1_109' title='bbox 1323 1570 1476 1629; x_wconf 73' lang='lat' dir='ltr'><strong>Viros</strong></span> <span class='ocrx_word' id='word_1_110' title='bbox 1503 1562 1818 1630; x_wconf 77' lang='lat' dir='ltr'><strong>sanguinum</strong></span> 
     </span>
    </p>
   </div>
   <div class='ocr_carea' id='block_1_14' title="bbox 227 1651 1818 1757">
    <p class='ocr_par' dir='ltr' id='par_1_14' title="bbox 227 1651 1818 1757">
     <span class='ocr_line' id='line_1_14' title="bbox 227 1651 1818 1757; baseline -0.025 -16"><span class='ocrx_word' id='word_1_111' title='bbox 227 1693 453 1757; x_wconf 81' lang='lat' dir='ltr'><strong>propter</strong></span> <span class='ocrx_word' id='word_1_112' title='bbox 478 1651 870 1734; x_wconf 75' lang='lat' dir='ltr'><strong>interfectiones</strong></span> <span class='ocrx_word' id='word_1_113' title='bbox 900 1669 1061 1732; x_wconf 84' lang='lat' dir='ltr'><strong>dicit;</strong></span> <span class='ocrx_word' id='word_1_114' title='bbox 1093 1675 1250 1734; x_wconf 86' lang='lat' dir='ltr'><strong>atque</strong></span> <span class='ocrx_word' id='word_1_115' title='bbox 1272 1661 1472 1714; x_wconf 83' lang='lat' dir='ltr'><strong>utinam</strong></span> <span class='ocrx_word' id='word_1_116' title='bbox 1494 1651 1818 1722; x_wconf 70' lang='lat' dir='ltr'><strong>corporales,</strong></span> 
     </span>
    </p>
   </div>
   <div class='ocr_carea' id='block_1_15' title="bbox 228 1743 1819 1842">
    <p class='ocr_par' dir='ltr' id='par_1_15' title="bbox 228 1743 1819 1842">
     <span class='ocr_line' id='line_1_15' title="bbox 228 1743 1819 1842; baseline -0.025 -9"><span class='ocrx_word' id='word_1_117' title='bbox 228 1787 290 1833; x_wconf 88' lang='lat' dir='ltr'><strong>et</strong></span> <span class='ocrx_word' id='word_1_118' title='bbox 334 1791 439 1830; x_wconf 88' lang='lat' dir='ltr'><strong>non</strong></span> <span class='ocrx_word' id='word_1_119' title='bbox 477 1766 823 1842; x_wconf 86' lang='lat' dir='ltr'><strong>spirituales!</strong></span> <span class='ocrx_word' id='word_1_120' title='bbox 865 1759 1090 1832; x_wconf 71' lang='lat' dir='ltr'><strong>Sanguis</strong></span> <span class='ocrx_word' id='word_1_121' title='bbox 1133 1756 1275 1812; x_wconf 90' lang='lat' dir='ltr'><strong>enim</strong></span> <span class='ocrx_word' id='word_1_122' title='bbox 1322 1752 1389 1807; x_wconf 87' lang='lat' dir='ltr'><strong>de</strong></span> <span class='ocrx_word' id='word_1_123' title='bbox 1431 1763 1592 1804; x_wconf 89' lang='lat' dir='ltr'><strong>carne</strong></span> <span class='ocrx_word' id='word_1_124' title='bbox 1614 1743 1819 1806; x_wconf 64' lang='lat' dir='ltr'><strong>exiens,</strong></span> 
     </span>
    </p>
   </div>
   <div class='ocr_carea' id='block_1_16' title="bbox 229 1835 1821 1925">
    <p class='ocr_par' dir='ltr' id='par_1_16' title="bbox 229 1835 1821 1925">
     <span class='ocr_line' id='line_1_16' title="bbox 229 1835 1821 1925; baseline -0.022 -5"><span class='ocrx_word' id='word_1_125' title='bbox 229 1867 446 1922; x_wconf 84' lang='lat' dir='ltr'><strong>videtur</strong></span> <span class='ocrx_word' id='word_1_126' title='bbox 470 1873 524 1918; x_wconf 93' lang='lat' dir='ltr'><strong>et</strong></span> <span class='ocrx_word' id='word_1_127' title='bbox 554 1863 798 1914; x_wconf 89' lang='lat' dir='ltr'><strong>horretur</strong></span> <span class='ocrx_word' id='word_1_128' title='bbox 829 1874 842 1910; x_wconf 90' lang='lat'><strong>:</strong></span> <span class='ocrx_word' id='word_1_129' title='bbox 875 1854 994 1925; x_wconf 84' lang='lat' dir='ltr'><strong>quis</strong></span> <span class='ocrx_word' id='word_1_130' title='bbox 1039 1849 1184 1903; x_wconf 82' lang='lat' dir='ltr'><strong>videt</strong></span> <span class='ocrx_word' id='word_1_131' title='bbox 1219 1843 1532 1914; x_wconf 78' lang='lat' dir='ltr'><strong>sanguinem</strong></span> <span class='ocrx_word' id='word_1_132' title='bbox 1565 1835 1740 1892; x_wconf 88' lang='lat' dir='ltr'><strong>cordis</strong></span> <span class='ocrx_word' id='word_1_133' title='bbox 1769 1835 1821 1886; x_wconf 91' lang='lat' dir='ltr'><strong>in</strong></span> 
     </span>
    </p>
   </div>
   <div class='ocr_carea' id='block_1_17' title="bbox 231 1928 1826 2028">
    <p class='ocr_par' dir='ltr' id='par_1_17' title="bbox 231 1928 1826 2028">
     <span class='ocr_line' id='line_1_17' title="bbox 231 1928 1826 2028; baseline -0.024 -11"><span class='ocrx_word' id='word_1_134' title='bbox 231 1955 606 2028; x_wconf 83' lang='lat' dir='ltr'><strong>rebaptizato?</strong></span> <span class='ocrx_word' id='word_1_135' title='bbox 635 1949 743 2006; x_wconf 72' lang='lat' dir='ltr'><strong>lllte</strong></span> <span class='ocrx_word' id='word_1_136' title='bbox 767 1957 967 2004; x_wconf 89' lang='lat' dir='ltr'><strong>mortes</strong></span> <span class='ocrx_word' id='word_1_137' title='bbox 995 1944 1126 1997; x_wconf 89' lang='lat' dir='ltr'><strong>alios</strong></span> <span class='ocrx_word' id='word_1_138' title='bbox 1152 1939 1336 1995; x_wconf 90' lang='lat' dir='ltr'><strong>oculos</strong></span> <span class='ocrx_word' id='word_1_139' title='bbox 1361 1942 1627 2006; x_wconf 84' lang='lat' dir='ltr'><strong>quaerunt.</strong></span> <span class='ocrx_word' id='word_1_140' title='bbox 1649 1928 1826 1998; x_wconf 84' lang='lat' dir='ltr'><strong>Quan-</strong></span> 
     </span>
    </p>
   </div>
   <div class='ocr_carea' id='block_1_18' title="bbox 231 2021 1825 2121">
    <p class='ocr_par' dir='ltr' id='par_1_18' title="bbox 231 2021 1825 2121">
     <span class='ocr_line' id='line_1_18' title="bbox 231 2021 1825 2121; baseline -0.022 -16"><span class='ocrx_word' id='word_1_141' title='bbox 231 2021 398 2121; x_wconf 81' lang='lat' dir='ltr'><strong>quam</strong></span> <span class='ocrx_word' id='word_1_142' title='bbox 432 2057 487 2102; x_wconf 87' lang='lat' dir='ltr'><strong>et</strong></span> <span class='ocrx_word' id='word_1_143' title='bbox 524 2045 593 2100; x_wconf 91' lang='lat' dir='ltr'><strong>de</strong></span> <span class='ocrx_word' id='word_1_144' title='bbox 635 2043 751 2097; x_wconf 81' lang='lat' dir='ltr'><strong>iStis</strong></span> <span class='ocrx_word' id='word_1_145' title='bbox 778 2036 1038 2094; x_wconf 88' lang='lat' dir='ltr'><strong>mortibus</strong></span> <span class='ocrx_word' id='word_1_146' title='bbox 1076 2029 1371 2086; x_wconf 84' lang='lat' dir='ltr'><strong>visibilibus</strong></span> <span class='ocrx_word' id='word_1_147' title='bbox 1405 2040 1509 2078; x_wconf 90' lang='lat' dir='ltr'><strong>non</strong></span> <span class='ocrx_word' id='word_1_148' title='bbox 1551 2021 1825 2092; x_wconf 79' lang='lat' dir='ltr'><strong>quiescant</strong></span> 
     </span>
    </p>
   </div>
   <div class='ocr_carea' id='block_1_19' title="bbox 233 2111 1826 2206">
    <p class='ocr_par' dir='ltr' id='par_1_19' title="bbox 233 2111 1826 2206">
     <span class='ocr_line' id='line_1_19' title="bbox 233 2111 1826 2206; baseline -0.023 -7"><span class='ocrx_word' id='word_1_149' title='bbox 233 2111 431 2199; x_wconf 73' lang='lat' dir='ltr'><strong>armati</strong></span> <span class='ocrx_word' id='word_1_150' title='bbox 464 2139 660 2206; x_wconf 89' lang='lat' dir='ltr'><strong>ubique</strong></span> <span class='ocrx_word' id='word_1_151' title='bbox 702 2127 1191 2188; x_wconf 82' lang='lat' dir='ltr'><strong>Circumcelliones.</strong></span> <span class='ocrx_word' id='word_1_152' title='bbox 1240 2122 1305 2174; x_wconf 87' lang='lat' dir='ltr'><strong>Et</strong></span> <span class='ocrx_word' id='word_1_153' title='bbox 1333 2119 1376 2174; x_wconf 88' lang='lat' dir='ltr'><strong>si</strong></span> <span class='ocrx_word' id='word_1_154' title='bbox 1418 2118 1547 2171; x_wconf 87' lang='lat' dir='ltr'><strong>istas</strong></span> <span class='ocrx_word' id='word_1_155' title='bbox 1591 2111 1826 2167; x_wconf 79' lang='lat' dir='ltr'><strong>visibiles</strong></span> 
     </span>
    </p>
   </div>
   <div class='ocr_carea' id='block_1_20' title="bbox 232 2203 1828 2288">
    <p class='ocr_par' dir='ltr' id='par_1_20' title="bbox 232 2203 1828 2288">
     <span class='ocr_line' id='line_1_20' title="bbox 232 2203 1828 2288; baseline -0.023 1"><span class='ocrx_word' id='word_1_156' title='bbox 232 2227 446 2288; x_wconf 77' lang='lat' dir='ltr'><strong>mortes</strong></span> <span class='ocrx_word' id='word_1_157' title='bbox 471 2203 827 2284; x_wconf 75' lang='lat' dir='ltr'><strong>attendamus,</strong></span> <span class='ocrx_word' id='word_1_158' title='bbox 864 2220 958 2274; x_wconf 73' lang='lat' dir='ltr'><strong>tiri</strong></span> <span class='ocrx_word' id='word_1_159' title='bbox 978 2214 1281 2287; x_wconf 86' lang='lat' dir='ltr'><strong>songuinum</strong></span> <span class='ocrx_word' id='word_1_160' title='bbox 1309 2217 1453 2263; x_wconf 91' lang='lat' dir='ltr'><strong>sunt.</strong></span> <span class='ocrx_word' id='word_1_161' title='bbox 1483 2203 1711 2260; x_wconf 83' lang='lat' dir='ltr'><strong>Attende</strong></span> <span class='ocrx_word' id='word_1_162' title='bbox 1739 2218 1828 2256; x_wconf 87' lang='lat' dir='ltr'><strong>ar-</strong></span> 
     </span>
    </p>
   </div>
   <div class='ocr_carea' id='block_1_21' title="bbox 231 2294 1824 2386">
    <p class='ocr_par' dir='ltr' id='par_1_21' title="bbox 231 2294 1824 2386">
     <span class='ocr_line' id='line_1_21' title="bbox 231 2294 1824 2386; baseline -0.023 -6"><span class='ocrx_word' id='word_1_163' title='bbox 231 2331 466 2386; x_wconf 85' lang='lat' dir='ltr'><strong>matum,</strong></span> <span class='ocrx_word' id='word_1_164' title='bbox 499 2319 542 2373; x_wconf 90' lang='lat' dir='ltr'><strong>si</strong></span> <span class='ocrx_word' id='word_1_165' title='bbox 576 2317 657 2369; x_wconf 85' lang='lat' dir='ltr'><strong>vir</strong></span> <span class='ocrx_word' id='word_1_166' title='bbox 698 2313 842 2384; x_wconf 82' lang='lat' dir='ltr'><strong>pacis</strong></span> <span class='ocrx_word' id='word_1_167' title='bbox 869 2320 970 2375; x_wconf 90' lang='lat' dir='ltr'><strong>est,</strong></span> <span class='ocrx_word' id='word_1_168' title='bbox 1001 2316 1054 2362; x_wconf 85' lang='lat' dir='ltr'><strong>et</strong></span> <span class='ocrx_word' id='word_1_169' title='bbox 1082 2320 1187 2360; x_wconf 89' lang='lat' dir='ltr'><strong>non</strong></span> <span class='ocrx_word' id='word_1_170' title='bbox 1213 2299 1506 2370; x_wconf 80' lang='lat' dir='ltr'><strong>sanguinis.</strong></span> <span class='ocrx_word' id='word_1_171' title='bbox 1536 2295 1593 2352; x_wconf 88' lang='lat' dir='ltr'><strong>Si</strong></span> <span class='ocrx_word' id='word_1_172' title='bbox 1634 2294 1824 2348; x_wconf 78' lang='lat' dir='ltr'><strong>fustem</strong></span> 
     </span>
    </p>
   </div>
   <div class='ocr_carea' id='block_1_22' title="bbox 236 2387 1827 2470">
    <p class='ocr_par' dir='ltr' id='par_1_22' title="bbox 236 2387 1827 2470">
     <span class='ocr_line' id='line_1_22' title="bbox 236 2387 1827 2470; baseline -0.021 0"><span class='ocrx_word' id='word_1_173' title='bbox 236 2415 431 2470; x_wconf 83' lang='lat' dir='ltr'><strong>saltem</strong></span> <span class='ocrx_word' id='word_1_174' title='bbox 461 2412 474 2442; x_wconf 88' lang='grc'>¹</span> <span class='ocrx_word' id='word_1_175' title='bbox 507 2409 679 2462; x_wconf 85' lang='lat' dir='ltr'><strong>solum</strong></span> <span class='ocrx_word' id='word_1_176' title='bbox 713 2408 902 2465; x_wconf 69' lang='lat' dir='ltr'><strong>ferret;</strong></span> <span class='ocrx_word' id='word_1_177' title='bbox 929 2399 1023 2454; x_wconf 88' lang='lat' dir='ltr'><strong>sed</strong></span> <span class='ocrx_word' id='word_1_178' title='bbox 1066 2398 1168 2454; x_wconf 82' lang='lat' dir='ltr'><strong>fert</strong></span> <span class='ocrx_word' id='word_1_179' title='bbox 1197 2393 1551 2455; x_wconf 80' lang='lat' dir='ltr'><strong>fundibulum,</strong></span> <span class='ocrx_word' id='word_1_180' title='bbox 1596 2387 1698 2443; x_wconf 82' lang='lat' dir='ltr'><strong>fert</strong></span> <span class='ocrx_word' id='word_1_181' title='bbox 1741 2399 1827 2439; x_wconf 89' lang='lat' dir='ltr'><strong>se-</strong></span> 
     </span>
    </p>
   </div>
   <div class='ocr_carea' id='block_1_23' title="bbox 231 2486 1829 2570">
    <p class='ocr_par' dir='ltr' id='par_1_23' title="bbox 231 2486 1829 2570">
     <span class='ocr_line' id='line_1_23' title="bbox 231 2486 1829 2570; baseline -0.021 -5"><span class='ocrx_word' id='word_1_182' title='bbox 231 2508 434 2570; x_wconf 82' lang='lat' dir='ltr'><strong>curim,</strong></span> <span class='ocrx_word' id='word_1_183' title='bbox 477 2504 580 2560; x_wconf 86' lang='lat' dir='ltr'><strong>fert</strong></span> <span class='ocrx_word' id='word_1_184' title='bbox 617 2500 838 2569; x_wconf 82' lang='lat' dir='ltr'><strong>lapides.</strong></span> <span class='ocrx_word' id='word_1_185' title='bbox 882 2497 986 2550; x_wconf 80' lang='lat' dir='ltr'><strong>fert</strong></span> <span class='ocrx_word' id='word_1_186' title='bbox 1031 2492 1245 2547; x_wconf 86' lang='lat' dir='ltr'><strong>lanceas</strong></span> <span class='ocrx_word' id='word_1_187' title='bbox 1275 2507 1289 2541; x_wconf 77' lang='grc' dir='ltr'><strong>ε</strong></span> <span class='ocrx_word' id='word_1_188' title='bbox 1317 2496 1373 2542; x_wconf 90' lang='lat' dir='ltr'><strong>et</strong></span> <span class='ocrx_word' id='word_1_189' title='bbox 1419 2486 1516 2540; x_wconf 87' lang='lat' dir='ltr'><strong>ista</strong></span> <span class='ocrx_word' id='word_1_190' title='bbox 1557 2489 1829 2552; x_wconf 80' lang='lat' dir='ltr'><strong>portantes</strong></span> 
     </span>
    </p>
   </div>
   <div class='ocr_carea' id='block_1_24' title="bbox 231 2576 1830 2670">
    <p class='ocr_par' dir='ltr' id='par_1_24' title="bbox 231 2576 1830 2670">
     <span class='ocr_line' id='line_1_24' title="bbox 231 2576 1830 2670; baseline -0.018 -16"><span class='ocrx_word' id='word_1_191' title='bbox 231 2601 441 2670; x_wconf 87' lang='lat' dir='ltr'><strong>ubique</strong></span> <span class='ocrx_word' id='word_1_192' title='bbox 467 2611 568 2666; x_wconf 86' lang='lat' dir='ltr'><strong>qua</strong></span> <span class='ocrx_word' id='word_1_193' title='bbox 603 2599 823 2666; x_wconf 86' lang='lat' dir='ltr'><strong>possunt</strong></span> <span class='ocrx_word' id='word_1_194' title='bbox 859 2593 1184 2656; x_wconf 78' lang='lat' dir='ltr'><strong>evagantur,</strong></span> <span class='ocrx_word' id='word_1_195' title='bbox 1229 2579 1536 2649; x_wconf 76' lang='lat' dir='ltr'><strong>sanguinem</strong></span> <span class='ocrx_word' id='word_1_196' title='bbox 1575 2576 1830 2628; x_wconf 87' lang='lat' dir='ltr'><strong>innocen-</strong></span> 
     </span>
    </p>
   </div>
   <div class='ocr_carea' id='block_1_25' title="bbox 233 2664 1831 2752">
    <p class='ocr_par' dir='ltr' id='par_1_25' title="bbox 233 2664 1831 2752">
     <span class='ocr_line' id='line_1_25' title="bbox 233 2664 1831 2752; baseline -0.018 -7"><span class='ocrx_word' id='word_1_197' title='bbox 233 2664 375 2746; x_wconf 83' lang='lat' dir='ltr'><strong>tium</strong></span> <span class='ocrx_word' id='word_1_198' title='bbox 397 2664 601 2742; x_wconf 74' lang='lat' dir='ltr'><strong>sitiunt.</strong></span> <span class='ocrx_word' id='word_1_199' title='bbox 635 2664 775 2752; x_wconf 76' lang='lat' dir='ltr'><strong>Ergo</strong></span> <span class='ocrx_word' id='word_1_200' title='bbox 803 2690 857 2735; x_wconf 91' lang='lat' dir='ltr'><strong>et</strong></span> <span class='ocrx_word' id='word_1_201' title='bbox 881 2679 948 2733; x_wconf 91' lang='lat' dir='ltr'><strong>de</strong></span> <span class='ocrx_word' id='word_1_202' title='bbox 977 2677 1090 2730; x_wconf 91' lang='lat' dir='ltr'><strong>istis</strong></span> <span class='ocrx_word' id='word_1_203' title='bbox 1111 2671 1407 2726; x_wconf 87' lang='lat' dir='ltr'><strong>visibilibus</strong></span> <span class='ocrx_word' id='word_1_204' title='bbox 1427 2666 1685 2721; x_wconf 85' lang='lat' dir='ltr'><strong>mortibus</strong></span> <span class='ocrx_word' id='word_1_205' title='bbox 1707 2672 1831 2717; x_wconf 86' lang='lat' dir='ltr'><strong>sunt</strong></span> 
     </span>
    </p>
   </div>
   <div class='ocr_carea' id='block_1_26' title="bbox 234 2756 1832 2848">
    <p class='ocr_par' dir='ltr' id='par_1_26' title="bbox 234 2756 1832 2848">
     <span class='ocr_line' id='line_1_26' title="bbox 234 2756 1832 2848; baseline -0.019 -13"><span class='ocrx_word' id='word_1_206' title='bbox 234 2776 680 2848; x_wconf 75' lang='lat' dir='ltr'><strong>vii-isanguinum.</strong></span> <span class='ocrx_word' id='word_1_207' title='bbox 703 2772 810 2828; x_wconf 85' lang='lat' dir='ltr'><strong>Sed</strong></span> <span class='ocrx_word' id='word_1_208' title='bbox 851 2779 906 2847; x_wconf 84' lang='lat' dir='ltr'><strong>et</strong></span> <span class='ocrx_word' id='word_1_209' title='bbox 942 2767 1010 2822; x_wconf 89' lang='lat' dir='ltr'><strong>de</strong></span> <span class='ocrx_word' id='word_1_210' title='bbox 1036 2766 1144 2828; x_wconf 83' lang='lat' dir='ltr'><strong>illis</strong></span> <span class='ocrx_word' id='word_1_211' title='bbox 1166 2763 1406 2817; x_wconf 89' lang='lat' dir='ltr'><strong>dicamus</strong></span> <span class='ocrx_word' id='word_1_212' title='bbox 1443 2776 1456 2811; x_wconf 88' lang='lat'>:</span> <span class='ocrx_word' id='word_1_213' title='bbox 1495 2756 1708 2811; x_wconf 82' lang='lat' dir='ltr'><strong>Utinam</strong></span> <span class='ocrx_word' id='word_1_214' title='bbox 1745 2769 1832 2807; x_wconf 88' lang='lat' dir='ltr'><strong>so—</strong></span> 
     </span>
    </p>
   </div>
   <div class='ocr_carea' id='block_1_27' title="bbox 233 2843 1830 2943">
    <p class='ocr_par' dir='ltr' id='par_1_27' title="bbox 233 2843 1830 2943">
     <span class='ocr_line' id='line_1_27' title="bbox 233 2843 1830 2943; baseline -0.02 -16"><span class='ocrx_word' id='word_1_215' title='bbox 233 2874 328 2927; x_wconf 78' lang='lat' dir='ltr'><strong>las</strong></span> <span class='ocrx_word' id='word_1_216' title='bbox 355 2868 430 2943; x_wconf 84' lang='grc' dir='ltr'><strong>(α)</strong></span> <span class='ocrx_word' id='word_1_217' title='bbox 459 2868 712 2928; x_wconf 80' lang='lat' dir='ltr'><strong>facerent,</strong></span> <span class='ocrx_word' id='word_1_218' title='bbox 759 2871 815 2917; x_wconf 90' lang='lat' dir='ltr'><strong>et</strong></span> <span class='ocrx_word' id='word_1_219' title='bbox 848 2843 1055 2914; x_wconf 85' lang='lat' dir='ltr'><strong>animas</strong></span> <span class='ocrx_word' id='word_1_220' title='bbox 1101 2869 1206 2908; x_wconf 87' lang='lat' dir='ltr'><strong>non</strong></span> <span class='ocrx_word' id='word_1_221' title='bbox 1251 2851 1592 2921; x_wconf 89' lang='lat' dir='ltr'><strong>perimerent.</strong></span> <span class='ocrx_word' id='word_1_222' title='bbox 1627 2845 1713 2902; x_wconf 89' lang='lat' dir='ltr'><strong>Isti</strong></span> <span class='ocrx_word' id='word_1_223' title='bbox 1742 2843 1830 2913; x_wconf 91' lang='lat' dir='ltr'><strong>qui</strong></span> 
     </span>
    </p>
   </div>
   <div class='ocr_carea' id='block_1_28' title="bbox 235 2940 1833 3028">
    <p class='ocr_par' dir='ltr' id='par_1_28' title="bbox 235 2940 1833 3028">
     <span class='ocr_line' id='line_1_28' title="bbox 235 2940 1833 3028; baseline -0.018 -8"><span class='ocrx_word' id='word_1_224' title='bbox 235 2940 376 3021; x_wconf 83' lang='lat' dir='ltr'><strong>sunt</strong></span> <span class='ocrx_word' id='word_1_225' title='bbox 397 2961 492 3015; x_wconf 79' lang='lat' dir='ltr'><strong>uiri</strong></span> <span class='ocrx_word' id='word_1_226' title='bbox 514 2957 816 3028; x_wconf 83' lang='lat' dir='ltr'><strong>sanguinunt</strong></span> <span class='ocrx_word' id='word_1_227' title='bbox 845 2961 890 3007; x_wconf 84' lang='lat' dir='ltr'><strong>et</strong></span> <span class='ocrx_word' id='word_1_228' title='bbox 919 2948 1221 3011; x_wconf 82' lang='lat' dir='ltr'><strong>dolositatis,</strong></span> <span class='ocrx_word' id='word_1_229' title='bbox 1254 2959 1322 2999; x_wconf 90' lang='lat' dir='ltr'><strong>ne</strong></span> <span class='ocrx_word' id='word_1_230' title='bbox 1361 2950 1546 3013; x_wconf 89' lang='lat' dir='ltr'><strong>putent</strong></span> <span class='ocrx_word' id='word_1_231' title='bbox 1574 2940 1694 3008; x_wconf 88' lang='lat' dir='ltr'><strong>quia</strong></span> <span class='ocrx_word' id='word_1_232' title='bbox 1735 2952 1833 2992; x_wconf 90' lang='lat' dir='ltr'><strong>nos</strong></span> 
     </span>
    </p>
   </div>
   <div class='ocr_carea' id='block_1_29' title="bbox 232 3031 1833 3118">
    <p class='ocr_par' dir='ltr' id='par_1_29' title="bbox 232 3031 1833 3118">
     <span class='ocr_line' id='line_1_29' title="bbox 232 3031 1833 3118; baseline -0.017 -6"><span class='ocrx_word' id='word_1_233' title='bbox 232 3057 386 3112; x_wconf 75' lang='lat' dir='ltr'><strong>suale</strong></span> <span class='ocrx_word' id='word_1_234' title='bbox 436 3055 513 3108; x_wconf 90' lang='lat' dir='ltr'><strong>sic</strong></span> <span class='ocrx_word' id='word_1_235' title='bbox 562 3048 906 3118; x_wconf 72' lang='lat' dir='ltr'><strong>intelligimus</strong></span> <span class='ocrx_word' id='word_1_236' title='bbox 950 3044 1095 3096; x_wconf 86' lang='lat' dir='ltr'><strong>viros</strong></span> <span class='ocrx_word' id='word_1_237' title='bbox 1134 3037 1471 3108; x_wconf 83' lang='lat' dir='ltr'><strong>sanguinum,</strong></span> <span class='ocrx_word' id='word_1_238' title='bbox 1501 3033 1590 3104; x_wconf 86' lang='lat' dir='ltr'><strong>qni</strong></span> <span class='ocrx_word' id='word_1_239' title='bbox 1630 3031 1833 3084; x_wconf 90' lang='lat' dir='ltr'><strong>animas</strong></span> 
     </span>
    </p>
   </div>
   <div class='ocr_carea' id='block_1_30' title="bbox 235 3125 1832 3212">
    <p class='ocr_par' dir='ltr' id='par_1_30' title="bbox 235 3125 1832 3212">
     <span class='ocr_line' id='line_1_30' title="bbox 235 3125 1832 3212; baseline -0.017 -9"><span class='ocrx_word' id='word_1_240' title='bbox 235 3147 531 3210; x_wconf 78' lang='lat' dir='ltr'><strong>occidunt;</strong></span> <span class='ocrx_word' id='word_1_241' title='bbox 559 3142 656 3212; x_wconf 90' lang='lat' dir='ltr'><strong>ipsi</strong></span> <span class='ocrx_word' id='word_1_242' title='bbox 688 3134 1104 3194; x_wconf 80' lang='lat' dir='ltr'><strong>Maximianistas</strong></span> <span class='ocrx_word' id='word_1_243' title='bbox 1153 3144 1277 3185; x_wconf 90' lang='lat' dir='ltr'><strong>suos</strong></span> <span class='ocrx_word' id='word_1_244' title='bbox 1307 3129 1385 3184; x_wconf 92' lang='lat' dir='ltr'><strong>sic</strong></span> <span class='ocrx_word' id='word_1_245' title='bbox 1434 3125 1832 3180; x_wconf 75' lang='lat' dir='ltr'><strong>intellexerunt.</strong></span> 
     </span>
    </p>
   </div>
   <div class='ocr_carea' id='block_1_31' title="bbox 242 3214 1834 3294">
    <p class='ocr_par' dir='ltr' id='par_1_31' title="bbox 242 3214 1834 3294">
     <span class='ocr_line' id='line_1_31' title="bbox 242 3214 1834 3294; baseline -0.016 0"><span class='ocrx_word' id='word_1_246' title='bbox 242 3239 380 3294; x_wconf 80' lang='lat' dir='ltr'><strong>Nam</strong></span> <span class='ocrx_word' id='word_1_247' title='bbox 406 3253 525 3291; x_wconf 91' lang='lat' dir='ltr'><strong>cum</strong></span> <span class='ocrx_word' id='word_1_248' title='bbox 556 3250 648 3289; x_wconf 91' lang='lat' dir='ltr'><strong>eos</strong></span> <span class='ocrx_word' id='word_1_249' title='bbox 673 3221 1010 3287; x_wconf 87' lang='lat' dir='ltr'><strong>damnarent.</strong></span> <span class='ocrx_word' id='word_1_250' title='bbox 1059 3223 1111 3278; x_wconf 89' lang='lat' dir='ltr'><strong>in</strong></span> <span class='ocrx_word' id='word_1_251' title='bbox 1159 3223 1271 3292; x_wconf 90' lang='lat' dir='ltr'><strong>ipsa</strong></span> <span class='ocrx_word' id='word_1_252' title='bbox 1314 3218 1579 3274; x_wconf 83' lang='lat' dir='ltr'><strong>sententia</strong></span> <span class='ocrx_word' id='word_1_253' title='bbox 1623 3214 1834 3271; x_wconf 88' lang='lat' dir='ltr'><strong>concilii</strong></span> 
     </span>
    </p>
   </div>
   <div class='ocr_carea' id='block_1_32' title="bbox 239 3305 1836 3398">
    <p class='ocr_par' dir='ltr' id='par_1_32' title="bbox 239 3305 1836 3398">
     <span class='ocr_line' id='line_1_32' title="bbox 239 3305 1836 3398; baseline -0.018 -13"><span class='ocrx_word' id='word_1_254' title='bbox 239 3332 328 3385; x_wconf 84' lang='lat' dir='ltr'><strong>sui</strong></span> <span class='ocrx_word' id='word_1_255' title='bbox 367 3329 438 3398; x_wconf 90' lang='lat' dir='ltr'><strong>(b)</strong></span> <span class='ocrx_word' id='word_1_256' title='bbox 468 3328 566 3381; x_wconf 83' lang='lat' dir='ltr'><strong>ista</strong></span> <span class='ocrx_word' id='word_1_257' title='bbox 594 3323 756 3379; x_wconf 86' lang='lat' dir='ltr'><strong>verba</strong></span> <span class='ocrx_word' id='word_1_258' title='bbox 784 3324 1081 3392; x_wconf 88' lang='lat' dir='ltr'><strong>posuerunt</strong></span> <span class='ocrx_word' id='word_1_259' title='bbox 1109 3331 1123 3368; x_wconf 90' lang='lat'>:</span> <span class='ocrx_word' id='word_1_260' title='bbox 1163 3313 1366 3367; x_wconf 84' lang='lat' dir='ltr'><strong>Veloces</strong></span> <span class='ocrx_word' id='word_1_261' title='bbox 1397 3309 1547 3379; x_wconf 80' lang='lat' dir='ltr'><strong>pedes</strong></span> <span class='ocrx_word' id='word_1_262' title='bbox 1573 3324 1744 3362; x_wconf 86' lang='lat' dir='ltr'><strong>eorum</strong></span> <span class='ocrx_word' id='word_1_263' title='bbox 1767 3305 1836 3358; x_wconf 83' lang='lat' dir='ltr'><strong>ad</strong></span> 
     </span>
    </p>
   </div>
   <div class='ocr_carea' id='block_1_33' title="bbox 237 3399 1836 3489">
    <p class='ocr_par' dir='ltr' id='par_1_33' title="bbox 237 3399 1836 3489">
     <span class='ocr_line' id='line_1_33' title="bbox 237 3399 1836 3489; baseline -0.014 -13"><span class='ocrx_word' id='word_1_264' title='bbox 237 3420 612 3489; x_wconf 67' lang='lat' dir='ltr'><strong>eﬂ&#39;undentlum</strong></span> <span class='ocrx_word' id='word_1_265' title='bbox 635 3414 929 3486; x_wconf 86' lang='lat' dir='ltr'><strong>sanguinem</strong></span> <span class='ocrx_word' id='word_1_266' title='bbox 955 3405 1387 3463; x_wconf 86' lang='lat' dir='ltr'><strong>annuntiatorum</strong></span> <span class='ocrx_word' id='word_1_267' title='bbox 1404 3404 1446 3454; x_wconf 77' lang='grc'><strong>⁸.</strong></span> <span class='ocrx_word' id='word_1_268' title='bbox 1472 3399 1836 3455; x_wconf 81' lang='lat' dir='ltr'><strong>Contribulutio</strong></span> 
     </span>
    </p>
   </div>
   <div class='ocr_carea' id='block_1_34' title="bbox 243 3494 1837 3567">
    <p class='ocr_par' dir='ltr' id='par_1_34' title="bbox 243 3494 1837 3567">
     <span class='ocr_line' id='line_1_34' title="bbox 243 3494 1837 3567; baseline -0.016 0"><span class='ocrx_word' id='word_1_269' title='bbox 243 3526 294 3567; x_wconf 86' lang='lat' dir='ltr'><strong>et</strong></span> <span class='ocrx_word' id='word_1_270' title='bbox 321 3511 586 3565; x_wconf 77' lang='lat' dir='ltr'><strong>calamitas</strong></span> <span class='ocrx_word' id='word_1_271' title='bbox 617 3509 670 3560; x_wconf 88' lang='lat' dir='ltr'><strong>in</strong></span> <span class='ocrx_word' id='word_1_272' title='bbox 696 3505 787 3559; x_wconf 82' lang='lat' dir='ltr'><strong>viis</strong></span> <span class='ocrx_word' id='word_1_273' title='bbox 806 3515 1003 3565; x_wconf 85' lang='lat' dir='ltr'><strong>eorum,</strong></span> <span class='ocrx_word' id='word_1_274' title='bbox 1035 3507 1079 3552; x_wconf 86' lang='lat' dir='ltr'><strong>et</strong></span> <span class='ocrx_word' id='word_1_275' title='bbox 1108 3497 1240 3551; x_wconf 85' lang='lat' dir='ltr'><strong>viam</strong></span> <span class='ocrx_word' id='word_1_276' title='bbox 1284 3494 1421 3564; x_wconf 86' lang='lat' dir='ltr'><strong>pacis</strong></span> <span class='ocrx_word' id='word_1_277' title='bbox 1462 3509 1563 3546; x_wconf 85' lang='lat' dir='ltr'><strong>non</strong></span> <span class='ocrx_word' id='word_1_278' title='bbox 1589 3507 1837 3559; x_wconf 82' lang='lat' dir='ltr'><strong>cognoue-</strong></span> 
     </span>
    </p>
   </div>
   <div class='ocr_carea' id='block_1_35' title="bbox 239 3570 1834 3671">
    <p class='ocr_par' dir='ltr' id='par_1_35' title="bbox 239 3570 1834 3671">
     <span class='ocr_line' id='line_1_35' title="bbox 239 3570 1834 3671; baseline -0.015 -13"><span class='ocrx_word' id='word_1_279' title='bbox 239 3612 371 3658; x_wconf 80' lang='lat' dir='ltr'><strong>runt</strong></span> <span class='ocrx_word' id='word_1_280' title='bbox 400 3599 568 3671; x_wconf 84' lang='lat' dir='ltr'><strong>(Psal.</strong></span> <span class='ocrx_word' id='word_1_281' title='bbox 603 3613 717 3659; x_wconf 82' lang='lat' dir='ltr'><strong>xui,</strong></span> <span class='ocrx_word' id='word_1_282' title='bbox 759 3593 838 3664; x_wconf 82' lang='grc'><strong>5).</strong></span> <span class='ocrx_word' id='word_1_283' title='bbox 871 3592 984 3646; x_wconf 79' lang='lat' dir='ltr'><strong>Hoc</strong></span> <span class='ocrx_word' id='word_1_284' title='bbox 1026 3589 1095 3643; x_wconf 90' lang='lat' dir='ltr'><strong>de</strong></span> <span class='ocrx_word' id='word_1_285' title='bbox 1125 3570 1527 3640; x_wconf 79' lang='lat' dir='ltr'><strong>Maximianistis</strong></span> <span class='ocrx_word' id='word_1_286' title='bbox 1565 3581 1834 3636; x_wconf 83' lang='lat' dir='ltr'><strong>dixerunt.</strong></span> 
     </span>
    </p>
   </div>
   <div class='ocr_carea' id='block_1_36' title="bbox 234 3674 1836 3768">
    <p class='ocr_par' dir='ltr' id='par_1_36' title="bbox 234 3674 1836 3768">
     <span class='ocr_line' id='line_1_36' title="bbox 234 3674 1836 3768; baseline -0.014 -19"><span class='ocrx_word' id='word_1_287' title='bbox 234 3703 446 3768; x_wconf 75' lang='lat' dir='ltr'><strong>Quer</strong></span> <span class='ocrx_word' id='word_1_288' title='bbox 472 3703 646 3747; x_wconf 89' lang='lat' dir='ltr'><strong>autem</strong></span> <span class='ocrx_word' id='word_1_289' title='bbox 675 3704 775 3759; x_wconf 79' lang='lat' dir='ltr'><strong>ego</strong></span> <span class='ocrx_word' id='word_1_290' title='bbox 811 3688 878 3740; x_wconf 89' lang='lat' dir='ltr'><strong>ab</strong></span> <span class='ocrx_word' id='word_1_291' title='bbox 905 3686 983 3739; x_wconf 90' lang='lat' dir='ltr'><strong>eis</strong></span> <span class='ocrx_word' id='word_1_292' title='bbox 1008 3680 1222 3753; x_wconf 85' lang='lat' dir='ltr'><strong>quando</strong></span> <span class='ocrx_word' id='word_1_293' title='bbox 1250 3676 1649 3733; x_wconf 66' lang='lat' dir='ltr'><strong>Maximianistaa</strong></span> <span class='ocrx_word' id='word_1_294' title='bbox 1686 3674 1836 3728; x_wconf 83' lang='lat' dir='ltr'><strong>fude-</strong></span> 
     </span>
    </p>
   </div>
   <div class='ocr_carea' id='block_1_37' title="bbox 249 3768 1841 3856">
    <p class='ocr_par' dir='ltr' id='par_1_37' title="bbox 249 3768 1841 3856">
     <span class='ocr_line' id='line_1_37' title="bbox 249 3768 1841 3856; baseline -0.015 -10"><span class='ocrx_word' id='word_1_295' title='bbox 249 3795 361 3846; x_wconf 87' lang='lat' dir='ltr'><strong>rint</strong></span> <span class='ocrx_word' id='word_1_296' title='bbox 387 3785 627 3856; x_wconf 86' lang='lat' dir='ltr'><strong>corporis</strong></span> <span class='ocrx_word' id='word_1_297' title='bbox 648 3781 984 3850; x_wconf 79' lang='lat' dir='ltr'><strong>sanguinem,</strong></span> <span class='ocrx_word' id='word_1_298' title='bbox 1017 3792 1122 3830; x_wconf 89' lang='lat' dir='ltr'><strong>non</strong></span> <span class='ocrx_word' id='word_1_299' title='bbox 1158 3773 1278 3843; x_wconf 88' lang='lat' dir='ltr'><strong>quia</strong></span> <span class='ocrx_word' id='word_1_300' title='bbox 1309 3781 1362 3826; x_wconf 88' lang='lat' dir='ltr'><strong>et</strong></span> <span class='ocrx_word' id='word_1_301' title='bbox 1390 3771 1498 3839; x_wconf 83' lang='lat' dir='ltr'><strong>ipsi</strong></span> <span class='ocrx_word' id='word_1_302' title='bbox 1519 3785 1622 3823; x_wconf 93' lang='lat' dir='ltr'><strong>non</strong></span> <span class='ocrx_word' id='word_1_303' title='bbox 1656 3768 1841 3822; x_wconf 74' lang='lat' dir='ltr'><strong>itinde-</strong></span> 
     </span>
    </p>
   </div>
   <div class='ocr_carea' id='block_1_38' title="bbox 243 3859 1839 3944">
    <p class='ocr_par' dir='ltr' id='par_1_38' title="bbox 243 3859 1839 3944">
     <span class='ocr_line' id='line_1_38' title="bbox 243 3859 1839 3944; baseline -0.017 -7"><span class='ocrx_word' id='word_1_304' title='bbox 243 3891 374 3937; x_wconf 81' lang='lat' dir='ltr'><strong>reut</strong></span> <span class='ocrx_word' id='word_1_305' title='bbox 397 3880 434 3944; x_wconf 87' lang='grc'>³,</span> <span class='ocrx_word' id='word_1_306' title='bbox 465 3879 506 3931; x_wconf 92' lang='lat' dir='ltr'><strong>si</strong></span> <span class='ocrx_word' id='word_1_307' title='bbox 534 3883 678 3930; x_wconf 85' lang='lat' dir='ltr'><strong>esset</strong></span> <span class='ocrx_word' id='word_1_308' title='bbox 703 3873 822 3927; x_wconf 90' lang='lat' dir='ltr'><strong>talis</strong></span> <span class='ocrx_word' id='word_1_309' title='bbox 849 3867 1129 3923; x_wconf 81' lang='lat' dir='ltr'><strong>multitudo</strong></span> <span class='ocrx_word' id='word_1_310' title='bbox 1154 3881 1270 3934; x_wconf 86' lang='lat' dir='ltr'><strong>quae</strong></span> <span class='ocrx_word' id='word_1_311' title='bbox 1300 3862 1564 3925; x_wconf 83' lang='lat' dir='ltr'><strong>funderet,</strong></span> <span class='ocrx_word' id='word_1_312' title='bbox 1594 3859 1687 3914; x_wconf 88' lang='lat' dir='ltr'><strong>sed</strong></span> <span class='ocrx_word' id='word_1_313' title='bbox 1714 3875 1839 3928; x_wconf 91' lang='lat' dir='ltr'><strong>pro-</strong></span> 
     </span>
    </p>
   </div>
   <div class='ocr_carea' id='block_1_39' title="bbox 249 3950 1840 4047">
    <p class='ocr_par' dir='ltr' id='par_1_39' title="bbox 249 3950 1840 4047">
     <span class='ocr_line' id='line_1_39' title="bbox 249 3950 1840 4047; baseline -0.015 -19"><span class='ocrx_word' id='word_1_314' title='bbox 249 3985 376 4047; x_wconf 79' lang='lat' dir='ltr'><strong>pter</strong></span> <span class='ocrx_word' id='word_1_315' title='bbox 419 3970 749 4025; x_wconf 83' lang='lat' dir='ltr'><strong>timiditatem</strong></span> <span class='ocrx_word' id='word_1_316' title='bbox 790 3961 1068 4032; x_wconf 82' lang='lat' dir='ltr'><strong>paucitatis</strong></span> <span class='ocrx_word' id='word_1_317' title='bbox 1110 3974 1218 4013; x_wconf 75' lang='lat' dir='ltr'><strong>sua:</strong></span> <span class='ocrx_word' id='word_1_318' title='bbox 1251 3955 1418 4026; x_wconf 79' lang='lat' dir='ltr'><strong>magis</strong></span> <span class='ocrx_word' id='word_1_319' title='bbox 1445 3955 1511 4007; x_wconf 86' lang='lat' dir='ltr'><strong>ab</strong></span> <span class='ocrx_word' id='word_1_320' title='bbox 1538 3954 1615 4006; x_wconf 88' lang='lat' dir='ltr'><strong>eis</strong></span> <span class='ocrx_word' id='word_1_321' title='bbox 1643 3950 1840 4020; x_wconf 89' lang='lat' dir='ltr'><strong>aliquid</strong></span> 
     </span>
    </p>
   </div>
   <div class='ocr_carea' id='block_1_40' title="bbox 248 4043 1841 4138">
    <p class='ocr_par' dir='ltr' id='par_1_40' title="bbox 248 4043 1841 4138">
     <span class='ocr_line' id='line_1_40' title="bbox 248 4043 1841 4138; baseline -0.012 -21"><span class='ocrx_word' id='word_1_322' title='bbox 248 4043 400 4138; x_wconf 70' lang='lat' dir='ltr'><strong>passi</strong></span> <span class='ocrx_word' id='word_1_323' title='bbox 427 4070 572 4126; x_wconf 88' lang='lat' dir='ltr'><strong>sunt,</strong></span> <span class='ocrx_word' id='word_1_324' title='bbox 604 4073 761 4128; x_wconf 86' lang='lat' dir='ltr'><strong>quam</strong></span> <span class='ocrx_word' id='word_1_325' title='bbox 793 4055 890 4124; x_wconf 87' lang='lat' dir='ltr'><strong>ipsi</strong></span> <span class='ocrx_word' id='word_1_326' title='bbox 924 4053 1028 4106; x_wconf 89' lang='lat' dir='ltr'><strong>tale</strong></span> <span class='ocrx_word' id='word_1_327' title='bbox 1049 4051 1246 4120; x_wconf 86' lang='lat' dir='ltr'><strong>aliquid</strong></span> <span class='ocrx_word' id='word_1_328' title='bbox 1269 4046 1552 4116; x_wconf 83' lang='lat' dir='ltr'><strong>aliquando</strong></span> <span class='ocrx_word' id='word_1_329' title='bbox 1580 4043 1841 4098; x_wconf 82' lang='lat' dir='ltr'><strong>fecerunt.</strong></span> 
     </span>
    </p>
   </div>
   <div class='ocr_carea' id='block_1_41' title="bbox 251 4135 1844 4226">
    <p class='ocr_par' dir='ltr' id='par_1_41' title="bbox 251 4135 1844 4226">
     <span class='ocr_line' id='line_1_41' title="bbox 251 4135 1844 4226; baseline -0.016 -14"><span class='ocrx_word' id='word_1_330' title='bbox 251 4172 388 4226; x_wconf 77' lang='lat' dir='ltr'><strong>ergo</strong></span> <span class='ocrx_word' id='word_1_331' title='bbox 433 4156 699 4219; x_wconf 78' lang='lat' dir='ltr'><strong>interrogo</strong></span> <span class='ocrx_word' id='word_1_332' title='bbox 738 4145 1081 4215; x_wconf 85' lang='lat' dir='ltr'><strong>donatistam,</strong></span> <span class='ocrx_word' id='word_1_333' title='bbox 1115 4153 1169 4195; x_wconf 92' lang='lat' dir='ltr'><strong>et</strong></span> <span class='ocrx_word' id='word_1_334' title='bbox 1198 4139 1316 4193; x_wconf 89' lang='lat' dir='ltr'><strong>dico</strong></span> <span class='ocrx_word' id='word_1_335' title='bbox 1349 4155 1364 4191; x_wconf 88' lang='lat'><strong>:</strong></span> <span class='ocrx_word' id='word_1_336' title='bbox 1398 4137 1454 4189; x_wconf 90' lang='lat' dir='ltr'><strong>In</strong></span> <span class='ocrx_word' id='word_1_337' title='bbox 1499 4135 1723 4188; x_wconf 67' lang='lat' dir='ltr'><strong>concilio</strong></span> <span class='ocrx_word' id='word_1_338' title='bbox 1756 4145 1844 4187; x_wconf 88' lang='lat' dir='ltr'><strong>tuo</strong></span> 
     </span>
    </p>
   </div>
   <div class='ocr_carea' id='block_1_42' title="bbox 251 4224 1844 4320">
    <p class='ocr_par' dir='ltr' id='par_1_42' title="bbox 251 4224 1844 4320">
     <span class='ocr_line' id='line_1_42' title="bbox 251 4224 1844 4320; baseline -0.016 -20"><span class='ocrx_word' id='word_1_339' title='bbox 251 4245 482 4320; x_wconf 75' lang='lat' dir='ltr'><strong>posuisti</strong></span> <span class='ocrx_word' id='word_1_340' title='bbox 509 4243 576 4296; x_wconf 86' lang='lat' dir='ltr'><strong>de</strong></span> <span class='ocrx_word' id='word_1_341' title='bbox 607 4237 1028 4297; x_wconf 77' lang='lat' dir='ltr'><strong>Maximianistis,</strong></span> <span class='ocrx_word' id='word_1_342' title='bbox 1072 4231 1271 4283; x_wconf 81' lang='lat' dir='ltr'><strong>i’cloccs</strong></span> <span class='ocrx_word' id='word_1_343' title='bbox 1300 4226 1449 4297; x_wconf 80' lang='lat' dir='ltr'><strong>pedes</strong></span> <span class='ocrx_word' id='word_1_344' title='bbox 1475 4242 1649 4279; x_wconf 82' lang='lat' dir='ltr'><strong>eorum</strong></span> <span class='ocrx_word' id='word_1_345' title='bbox 1672 4224 1740 4275; x_wconf 80' lang='lat' dir='ltr'><strong>tul</strong></span> <span class='ocrx_word' id='word_1_346' title='bbox 1766 4228 1844 4293; x_wconf 77' lang='lat' dir='ltr'><strong>ef-</strong></span> 
     </span>
    </p>
   </div>
   <div class='ocr_carea' id='block_1_43' title="bbox 257 4316 1846 4411">
    <p class='ocr_par' dir='ltr' id='par_1_43' title="bbox 257 4316 1846 4411">
     <span class='ocr_line' id='line_1_43' title="bbox 257 4316 1846 4411; baseline -0.014 -20"><span class='ocrx_word' id='word_1_347' title='bbox 257 4334 577 4411; x_wconf 73' lang='lat' dir='ltr'><strong>fundendum</strong></span> <span class='ocrx_word' id='word_1_348' title='bbox 614 4331 927 4399; x_wconf 78' lang='lat' dir='ltr'><strong>sanguinem.</strong></span> <span class='ocrx_word' id='word_1_349' title='bbox 978 4323 1150 4378; x_wconf 87' lang='lat' dir='ltr'><strong>Unum</strong></span> <span class='ocrx_word' id='word_1_350' title='bbox 1193 4320 1320 4372; x_wconf 81' lang='lat' dir='ltr'><strong>inibi</strong></span> <span class='ocrx_word' id='word_1_351' title='bbox 1349 4319 1469 4370; x_wconf 88' lang='lat' dir='ltr'><strong>date</strong></span> <span class='ocrx_word' id='word_1_352' title='bbox 1495 4333 1651 4385; x_wconf 87' lang='lat' dir='ltr'><strong>quem</strong></span> <span class='ocrx_word' id='word_1_353' title='bbox 1683 4316 1846 4382; x_wconf 75' lang='lat' dir='ltr'><strong>digito</strong></span> 
     </span>
    </p>
   </div>
   <div class='ocr_carea' id='block_1_44' title="bbox 253 4408 1848 4486">
    <p class='ocr_par' dir='ltr' id='par_1_44' title="bbox 253 4408 1848 4486">
     <span class='ocr_line' id='line_1_44' title="bbox 253 4408 1848 4486; baseline -0.016 -1"><span class='ocrx_word' id='word_1_354' title='bbox 253 4428 496 4486; x_wconf 63' lang='lat' dir='ltr'><strong>lzeserint</strong></span> <span class='ocrx_word' id='word_1_355' title='bbox 526 4417 958 4476; x_wconf 72' lang='lat' dir='ltr'><strong>Maximianistm?</strong></span> <span class='ocrx_word' id='word_1_356' title='bbox 997 4413 1134 4480; x_wconf 87' lang='lat' dir='ltr'><strong>Quid</strong></span> <span class='ocrx_word' id='word_1_357' title='bbox 1175 4411 1300 4465; x_wconf 90' lang='lat' dir='ltr'><strong>mibi</strong></span> <span class='ocrx_word' id='word_1_358' title='bbox 1326 4408 1466 4462; x_wconf 90' lang='lat' dir='ltr'><strong>aliud</strong></span> <span class='ocrx_word' id='word_1_359' title='bbox 1495 4421 1848 4476; x_wconf 84' lang='lat' dir='ltr'><strong>responsurus</strong></span> 
     </span>
    </p>
   </div>
   <div class='ocr_carea' id='block_1_45' title="bbox 251 4495 1849 4586">
    <p class='ocr_par' dir='ltr' id='par_1_45' title="bbox 251 4495 1849 4586">
     <span class='ocr_line' id='line_1_45' title="bbox 251 4495 1849 4586; baseline -0.019 -10"><span class='ocrx_word' id='word_1_360' title='bbox 251 4530 365 4586; x_wconf 87' lang='lat' dir='ltr'><strong>est,</strong></span> <span class='ocrx_word' id='word_1_361' title='bbox 397 4516 496 4571; x_wconf 88' lang='lat' dir='ltr'><strong>nisi</strong></span> <span class='ocrx_word' id='word_1_362' title='bbox 525 4511 666 4583; x_wconf 90' lang='lat' dir='ltr'><strong>quod</strong></span> <span class='ocrx_word' id='word_1_363' title='bbox 696 4525 794 4581; x_wconf 81' lang='lat' dir='ltr'><strong>ego</strong></span> <span class='ocrx_word' id='word_1_364' title='bbox 822 4506 977 4561; x_wconf 84' lang='lat' dir='ltr'><strong>dico?</strong></span> <span class='ocrx_word' id='word_1_365' title='bbox 1008 4504 1106 4572; x_wconf 89' lang='lat' dir='ltr'><strong>Qui</strong></span> <span class='ocrx_word' id='word_1_366' title='bbox 1137 4517 1197 4557; x_wconf 87' lang='lat' dir='ltr'><strong>se</strong></span> <span class='ocrx_word' id='word_1_367' title='bbox 1225 4505 1606 4569; x_wconf 86' lang='lat' dir='ltr'><strong>separaverunt</strong></span> <span class='ocrx_word' id='word_1_368' title='bbox 1632 4496 1698 4549; x_wconf 90' lang='lat' dir='ltr'><strong>ab</strong></span> <span class='ocrx_word' id='word_1_369' title='bbox 1729 4495 1849 4548; x_wconf 84' lang='lat' dir='ltr'><strong>uni-</strong></span> 
     </span>
    </p>
   </div>
   <div class='ocr_carea' id='block_1_46' title="bbox 254 4585 1856 4674">
    <p class='ocr_par' dir='ltr' id='par_1_46' title="bbox 254 4585 1856 4674">
     <span class='ocr_line' id='line_1_46' title="bbox 254 4585 1856 4674; baseline -0.019 -7"><span class='ocrx_word' id='word_1_370' title='bbox 254 4623 392 4674; x_wconf 84' lang='lat' dir='ltr'><strong>tate,</strong></span> <span class='ocrx_word' id='word_1_371' title='bbox 427 4617 479 4664; x_wconf 89' lang='lat' dir='ltr'><strong>et</strong></span> <span class='ocrx_word' id='word_1_372' title='bbox 523 4605 724 4661; x_wconf 85' lang='lat' dir='ltr'><strong>animas</strong></span> <span class='ocrx_word' id='word_1_373' title='bbox 763 4597 1074 4654; x_wconf 88' lang='lat' dir='ltr'><strong>seduccndo</strong></span> <span class='ocrx_word' id='word_1_374' title='bbox 1116 4591 1447 4649; x_wconf 83' lang='lat' dir='ltr'><strong>interimunt,</strong></span> <span class='ocrx_word' id='word_1_375' title='bbox 1479 4585 1856 4655; x_wconf 70' lang='lat' dir='ltr'><strong>spiritualitcr,</strong></span> 
     </span>
    </p>
   </div>
   <div class='ocr_carea' id='block_1_47' title="bbox 256 4675 1849 4762">
    <p class='ocr_par' dir='ltr' id='par_1_47' title="bbox 256 4675 1849 4762">
     <span class='ocr_line' id='line_1_47' title="bbox 256 4675 1849 4762; baseline -0.022 0"><span class='ocrx_word' id='word_1_376' title='bbox 256 4721 371 4762; x_wconf 83' lang='lat' dir='ltr'><strong>non</strong></span> <span class='ocrx_word' id='word_1_377' title='bbox 406 4698 693 4755; x_wconf 78' lang='lat' dir='ltr'><strong>carnaliter</strong></span> <span class='ocrx_word' id='word_1_378' title='bbox 723 4693 1035 4761; x_wconf 77' lang='lat' dir='ltr'><strong>sanguinem</strong></span> <span class='ocrx_word' id='word_1_379' title='bbox 1084 4684 1330 4745; x_wconf 77' lang='lat' dir='ltr'><strong>fundunt.</strong></span> <span class='ocrx_word' id='word_1_380' title='bbox 1361 4681 1572 4749; x_wconf 85' lang='lat' dir='ltr'><strong>Optime</strong></span> <span class='ocrx_word' id='word_1_381' title='bbox 1599 4675 1849 4746; x_wconf 79' lang='lat' dir='ltr'><strong>exposoi-</strong></span> 
     </span>
    </p>
   </div>
   <div class='ocr_carea' id='block_1_48' title="bbox 256 4766 1855 4860">
    <p class='ocr_par' dir='ltr' id='par_1_48' title="bbox 256 4766 1855 4860">
     <span class='ocr_line' id='line_1_48' title="bbox 256 4766 1855 4860; baseline -0.021 -8"><span class='ocrx_word' id='word_1_382' title='bbox 256 4797 351 4860; x_wconf 81' lang='lat' dir='ltr'><strong>sti,</strong></span> <span class='ocrx_word' id='word_1_383' title='bbox 375 4793 470 4849; x_wconf 80' lang='lat' dir='ltr'><strong>sed</strong></span> <span class='ocrx_word' id='word_1_384' title='bbox 500 4791 551 4844; x_wconf 90' lang='lat' dir='ltr'><strong>in</strong></span> <span class='ocrx_word' id='word_1_385' title='bbox 579 4786 908 4856; x_wconf 79' lang='lat' dir='ltr'><strong>expositione</strong></span> <span class='ocrx_word' id='word_1_386' title='bbox 937 4789 1021 4834; x_wconf 91' lang='lat' dir='ltr'><strong>tua</strong></span> <span class='ocrx_word' id='word_1_387' title='bbox 1048 4790 1277 4846; x_wconf 85' lang='lat' dir='ltr'><strong>agnosce</strong></span> <span class='ocrx_word' id='word_1_388' title='bbox 1299 4772 1432 4826; x_wconf 82' lang='lat' dir='ltr'><strong>facta</strong></span> <span class='ocrx_word' id='word_1_389' title='bbox 1458 4779 1566 4824; x_wconf 88' lang='lat' dir='ltr'><strong>tua.</strong></span> <span class='ocrx_word' id='word_1_390' title='bbox 1600 4766 1707 4821; x_wconf 81' lang='lat' dir='ltr'><strong>Viri</strong></span> <span class='ocrx_word' id='word_1_391' title='bbox 1732 4785 1855 4821; x_wconf 86' lang='lat' dir='ltr'><strong>san-</strong></span> 
     </span>
    </p>
   </div>
   <div class='ocr_carea' id='block_1_49' title="bbox 255 4861 1856 4964">
    <p class='ocr_par' dir='ltr' id='par_1_49' title="bbox 255 4861 1856 4964">
     <span class='ocr_line' id='line_1_49' title="bbox 255 4861 1856 4964; baseline -0.018 -24"><span class='ocrx_word' id='word_1_392' title='bbox 255 4889 477 4964; x_wconf 66' lang='lat' dir='ltr'><strong>guinum</strong></span> <span class='ocrx_word' id='word_1_393' title='bbox 517 4893 559 4935; x_wconf 88' lang='lat' dir='ltr'><strong>et</strong></span> <span class='ocrx_word' id='word_1_394' title='bbox 591 4876 893 4933; x_wconf 82' lang='lat' dir='ltr'><strong>dolositatis.</strong></span> <span class='ocrx_word' id='word_1_395' title='bbox 938 4873 991 4926; x_wconf 91' lang='lat' dir='ltr'><strong>ln</strong></span> <span class='ocrx_word' id='word_1_396' title='bbox 1023 4871 1206 4925; x_wconf 75' lang='lat' dir='ltr'><strong>fraude</strong></span> <span class='ocrx_word' id='word_1_397' title='bbox 1248 4865 1523 4928; x_wconf 89' lang='lat' dir='ltr'><strong>dolositas,</strong></span> <span class='ocrx_word' id='word_1_398' title='bbox 1548 4862 1601 4916; x_wconf 91' lang='lat' dir='ltr'><strong>in</strong></span> <span class='ocrx_word' id='word_1_399' title='bbox 1640 4861 1856 4916; x_wconf 85' lang='lat' dir='ltr'><strong>simula-</strong></span> 
     </span>
    </p>
   </div>
   <div class='ocr_carea' id='block_1_50' title="bbox 259 4954 1856 5042">
    <p class='ocr_par' dir='ltr' id='par_1_50' title="bbox 259 4954 1856 5042">
     <span class='ocr_line' id='line_1_50' title="bbox 259 4954 1856 5042; baseline -0.021 -4"><span class='ocrx_word' id='word_1_400' title='bbox 259 4986 434 5042; x_wconf 89' lang='lat' dir='ltr'><strong>tione,</strong></span> <span class='ocrx_word' id='word_1_401' title='bbox 465 4977 518 5030; x_wconf 92' lang='lat' dir='ltr'><strong>in</strong></span> <span class='ocrx_word' id='word_1_402' title='bbox 551 4972 879 5028; x_wconf 76' lang='lat' dir='ltr'><strong>scdumione.</strong></span> <span class='ocrx_word' id='word_1_403' title='bbox 910 4964 1047 5034; x_wconf 85' lang='lat' dir='ltr'><strong>Quid</strong></span> <span class='ocrx_word' id='word_1_404' title='bbox 1068 4978 1197 5032; x_wconf 83' lang='lat' dir='ltr'><strong>ergo</strong></span> <span class='ocrx_word' id='word_1_405' title='bbox 1226 4960 1296 5014; x_wconf 88' lang='lat' dir='ltr'><strong>illi</strong></span> <span class='ocrx_word' id='word_1_406' title='bbox 1321 4961 1420 5027; x_wconf 89' lang='lat' dir='ltr'><strong>ipsi</strong></span> <span class='ocrx_word' id='word_1_407' title='bbox 1449 4957 1536 5026; x_wconf 86' lang='lat' dir='ltr'><strong>qui</strong></span> <span class='ocrx_word' id='word_1_408' title='bbox 1565 4954 1711 5007; x_wconf 79' lang='lat' dir='ltr'><strong>diuisi</strong></span> <span class='ocrx_word' id='word_1_409' title='bbox 1737 4961 1856 5006; x_wconf 84' lang='lat' dir='ltr'><strong>sunt</strong></span> 
     </span>
    </p>
   </div>
   <div class='ocr_carea' id='block_1_51' title="bbox 260 5043 1858 5146">
    <p class='ocr_par' dir='ltr' id='par_1_51' title="bbox 260 5043 1858 5146">
     <span class='ocr_line' id='line_1_51' title="bbox 260 5043 1858 5146; baseline -0.018 -20"><span class='ocrx_word' id='word_1_410' title='bbox 260 5089 375 5146; x_wconf 67' lang='grc' dir='ltr'><strong>νην</strong></span> <span class='ocrx_word' id='word_1_411' title='bbox 397 5073 473 5124; x_wconf 87' lang='lat' dir='ltr'><strong>ira</strong></span> <span class='ocrx_word' id='word_1_412' title='bbox 502 5067 668 5121; x_wconf 79' lang='lat' dir='ltr'><strong>vultus</strong></span> <span class='ocrx_word' id='word_1_413' title='bbox 689 5065 802 5134; x_wconf 86' lang='lat' dir='ltr'><strong>ejus</strong></span> <span class='ocrx_word' id='word_1_414' title='bbox 828 5061 852 5114; x_wconf 84' lang='lat'><strong>.’</strong></span> <span class='ocrx_word' id='word_1_415' title='bbox 885 5060 989 5129; x_wconf 85' lang='lat' dir='ltr'><strong>ipsi</strong></span> <span class='ocrx_word' id='word_1_416' title='bbox 1021 5066 1143 5112; x_wconf 88' lang='lat' dir='ltr'><strong>sunt</strong></span> <span class='ocrx_word' id='word_1_417' title='bbox 1175 5053 1266 5106; x_wconf 79' lang='lat' dir='ltr'><strong>viri</strong></span> <span class='ocrx_word' id='word_1_418' title='bbox 1289 5050 1593 5121; x_wconf 84' lang='lat' dir='ltr'><strong>sanguinum</strong></span> <span class='ocrx_word' id='word_1_419' title='bbox 1624 5055 1670 5100; x_wconf 88' lang='lat' dir='ltr'><strong>et</strong></span> <span class='ocrx_word' id='word_1_420' title='bbox 1709 5043 1858 5099; x_wconf 86' lang='lat' dir='ltr'><strong>dolo-</strong></span> 
     </span>
    </p>
   </div>
   <div class='ocr_carea' id='block_1_52' title="bbox 259 5165 479 5222">
    <p class='ocr_par' dir='ltr' id='par_1_52' title="bbox 259 5165 479 5222">
     <span class='ocr_line' id='line_1_52' title="bbox 259 5165 479 5222; baseline -0.041 0"><span class='ocrx_word' id='word_1_421' title='bbox 259 5165 451 5222; x_wconf 81' lang='lat' dir='ltr'><strong>sitatis.</strong></span> <span class='ocrx_word' id='word_1_422' title='bbox 475 5173 479 5176; x_wconf 79' lang='grc'><em>’</em></span> 
     </span>
    </p>
   </div>
   <div class='ocr_carea' id='block_1_53' title="bbox 333 5310 1858 5387">
    <p class='ocr_par' dir='ltr' id='par_1_53' title="bbox 333 5310 1858 5387">
     <span class='ocr_line' id='line_1_53' title="bbox 333 5310 1858 5387; baseline -0.018 -1"><span class='ocrx_word' id='word_1_423' title='bbox 333 5341 351 5371; x_wconf 78' lang='grc' dir='ltr'><strong>ι</strong></span> <span class='ocrx_word' id='word_1_424' title='bbox 387 5337 463 5386; x_wconf 85' lang='lat' dir='ltr'><strong>sic</strong></span> <span class='ocrx_word' id='word_1_425' title='bbox 485 5339 594 5382; x_wconf 74' lang='lat' dir='ltr'><strong>Mss.</strong></span> <span class='ocrx_word' id='word_1_426' title='bbox 618 5337 671 5380; x_wconf 80' lang='lat' dir='ltr'><strong>At</strong></span> <span class='ocrx_word' id='word_1_427' title='bbox 700 5327 833 5383; x_wconf 58' lang='lat' dir='ltr'><strong>add,</strong></span> <span class='ocrx_word' id='word_1_428' title='bbox 857 5324 906 5376; x_wconf 84' lang='lat' dir='ltr'><strong>si</strong></span> <span class='ocrx_word' id='word_1_429' title='bbox 936 5323 1008 5376; x_wconf 81' lang='lat' dir='ltr'><strong>vir</strong></span> <span class='ocrx_word' id='word_1_430' title='bbox 1044 5320 1177 5387; x_wconf 77' lang='lat' dir='ltr'><strong>pacis</strong></span> <span class='ocrx_word' id='word_1_431' title='bbox 1209 5321 1418 5387; x_wconf 29' lang='lat' dir='ltr'><strong>essetne}</strong></span> <span class='ocrx_word' id='word_1_432' title='bbox 1447 5327 1548 5387; x_wconf 46' lang='lat' dir='ltr'><strong>.non</strong></span> <span class='ocrx_word' id='word_1_433' title='bbox 1573 5310 1858 5387; x_wconf 51' lang='lat' dir='ltr'><strong>sanguinis,</strong></span> 
     </span>
    </p>
   </div>
   <div class='ocr_carea' id='block_1_54' title="bbox 264 5375 1862 5451">
    <p class='ocr_par' dir='ltr' id='par_1_54' title="bbox 264 5375 1862 5451">
     <span class='ocr_line' id='line_1_54' title="bbox 264 5375 1862 5451; baseline -0.019 0"><span class='ocrx_word' id='word_1_434' title='bbox 264 5375 463 5450; x_wconf 51' lang='lat' dir='ltr'><strong>(usui;</strong></span> <span class='ocrx_word' id='word_1_435' title='bbox 680 5375 774 5440; x_wconf 49' lang='grc' dir='ltr'><strong>(εὖ.</strong></span> <span class='ocrx_word' id='word_1_436' title='bbox 801 5375 940 5451; x_wconf 55' lang='grc' dir='ltr'><strong>ὕδωρ</strong></span> <span class='ocrx_word' id='word_1_437' title='bbox 964 5375 1070 5449; x_wconf 71' lang='lat' dir='ltr'><strong>post</strong></span> <span class='ocrx_word' id='word_1_438' title='bbox 1091 5384 1214 5441; x_wconf 90' lang='lat' dir='ltr'><strong>loco,</strong></span> <span class='ocrx_word' id='word_1_439' title='bbox 1238 5375 1620 5443; x_wconf 51' lang='lat' dir='ltr'><strong>ﬁuntibulumﬁn</strong></span> <span class='ocrx_word' id='word_1_440' title='bbox 1639 5375 1862 5424; x_wconf 74' lang='lat' dir='ltr'><strong>euntibus</strong></span> 
     </span>
    </p>
   </div>
   <div class='ocr_carea' id='block_1_55' title="bbox 264 5449 1039 5520">
    <p class='ocr_par' dir='ltr' id='par_1_55' title="bbox 264 5449 1039 5520">
     <span class='ocr_line' id='line_1_55' title="bbox 264 5449 1039 5520; baseline -0.023 -7"><span class='ocrx_word' id='word_1_441' title='bbox 264 5449 451 5513; x_wconf 80' lang='lat' dir='ltr'><strong>nostris</strong></span> <span class='ocrx_word' id='word_1_442' title='bbox 472 5467 580 5520; x_wconf 76' lang='lat' dir='ltr'><strong>Mss.</strong></span> <span class='ocrx_word' id='word_1_443' title='bbox 605 5449 700 5512; x_wconf 86' lang='lat' dir='ltr'><strong>est,</strong></span> <span class='ocrx_word' id='word_1_444' title='bbox 722 5449 1039 5520; x_wconf 76' lang='lat' dir='ltr'><strong>fundibalmn.</strong></span> 
     </span>
    </p>
   </div>
   <div class='ocr_carea' id='block_1_56' title="bbox 334 5499 1864 5575">
    <p class='ocr_par' dir='ltr' id='par_1_56' title="bbox 334 5499 1864 5575">
     <span class='ocr_line' id='line_1_56' title="bbox 334 5499 1864 5575; baseline -0.015 -8"><span class='ocrx_word' id='word_1_445' title='bbox 334 5499 956 5575; x_wconf 45' lang='lat' dir='ltr'><strong>;&#39;\7o§,wann—tt}dtatorttm.</strong></span> <span class='ocrx_word' id='word_1_446' title='bbox 979 5510 1072 5575; x_wconf 74' lang='lat' dir='ltr'><strong>hic</strong></span> <span class='ocrx_word' id='word_1_447' title='bbox 1093 5507 1140 5555; x_wconf 89' lang='lat' dir='ltr'><strong>in</strong></span> <span class='ocrx_word' id='word_1_448' title='bbox 1164 5503 1344 5574; x_wconf 77' lang='lat' dir='ltr'><strong>aliquot</strong></span> <span class='ocrx_word' id='word_1_449' title='bbox 1366 5509 1471 5575; x_wconf 56' lang='lat' dir='ltr'><strong>uss.</strong></span> <span class='ocrx_word' id='word_1_450' title='bbox 1491 5499 1741 5575; x_wconf 44' lang='lat' dir='ltr'><strong>pangitur,</strong></span> <span class='ocrx_word' id='word_1_451' title='bbox 1771 5509 1864 5545; x_wconf 90' lang='lat' dir='ltr'><strong>nec</strong></span> 
     </span>
    </p>
   </div>
   <div class='ocr_carea' id='block_1_57' title="bbox 266 5559 1860 5640">
    <p class='ocr_par' dir='ltr' id='par_1_57' title="bbox 266 5559 1860 5640">
     <span class='ocr_line' id='line_1_57' title="bbox 266 5559 1860 5640; baseline -0.019 -4"><span class='ocrx_word' id='word_1_452' title='bbox 266 5559 482 5638; x_wconf 68' lang='lat' dir='ltr'><strong>habetur</strong></span> <span class='ocrx_word' id='word_1_453' title='bbox 498 5559 818 5640; x_wconf 33' lang='lat' dir='ltr'><strong>inmugit—ani</strong></span> <span class='ocrx_word' id='word_1_454' title='bbox 832 5559 1028 5623; x_wconf 76' lang='lat' dir='ltr'><strong>concilii</strong></span> <span class='ocrx_word' id='word_1_455' title='bbox 1057 5559 1302 5618; x_wconf 77' lang='lat' dir='ltr'><strong>sententia</strong></span> <span class='ocrx_word' id='word_1_456' title='bbox 1324 5564 1476 5612; x_wconf 87' lang='lat' dir='ltr'><strong>relata</strong></span> <span class='ocrx_word' id='word_1_457' title='bbox 1495 5565 1545 5611; x_wconf 88' lang='lat' dir='ltr'><strong>in</strong></span> <span class='ocrx_word' id='word_1_458' title='bbox 1587 5560 1667 5608; x_wconf 85' lang='lat' dir='ltr'><strong>lib.</strong></span> <span class='ocrx_word' id='word_1_459' title='bbox 1695 5559 1726 5606; x_wconf 84' lang='grc'><strong>4</strong></span> <span class='ocrx_word' id='word_1_460' title='bbox 1747 5571 1860 5608; x_wconf 88' lang='lat' dir='ltr'><strong>con-</strong></span> 
     </span>
    </p>
   </div>
   <div class='ocr_carea' id='block_1_58' title="bbox 267 5639 758 5700">
    <p class='ocr_par' dir='ltr' id='par_1_58' title="bbox 267 5639 758 5700">
     <span class='ocr_line' id='line_1_58' title="bbox 267 5639 758 5700; baseline -0.024 -2"><span class='ocrx_word' id='word_1_461' title='bbox 267 5653 620 5700; x_wconf 66' lang='lat' dir='ltr'><strong>uaCrescou.,</strong></span> <span class='ocrx_word' id='word_1_462' title='bbox 644 5639 688 5700; x_wconf 63' lang='grc' dir='ltr'><strong>ὸ,</strong></span> <span class='ocrx_word' id='word_1_463' title='bbox 711 5639 758 5700; x_wconf 69' lang='lat'><strong>4.</strong></span> 
     </span>
    </p>
   </div>
   <div class='ocr_carea' id='block_1_59' title="bbox 337 5686 1628 5769">
    <p class='ocr_par' dir='ltr' id='par_1_59' title="bbox 337 5686 1628 5769">
     <span class='ocr_line' id='line_1_59' title="bbox 337 5686 1628 5769; baseline -0.005 -29"><span class='ocrx_word' id='word_1_464' title='bbox 337 5686 638 5769; x_wconf 46' lang='lat' dir='ltr'><strong>sumas,</strong></span> <span class='ocrx_word' id='word_1_465' title='bbox 656 5686 888 5769; x_wconf 62' lang='lat' dir='ltr'><strong>fuderint.</strong></span> <span class='ocrx_word' id='word_1_466' title='bbox 909 5692 1074 5769; x_wconf 74' lang='lat' dir='ltr'><strong>Melius</strong></span> <span class='ocrx_word' id='word_1_467' title='bbox 1096 5700 1219 5750; x_wconf 66' lang='lat' dir='ltr'><strong>Mss,</strong></span> <span class='ocrx_word' id='word_1_468' title='bbox 1244 5701 1335 5739; x_wconf 78' lang='lat' dir='ltr'><strong>nm</strong></span> <span class='ocrx_word' id='word_1_469' title='bbox 1357 5686 1628 5749; x_wconf 66' lang='lat' dir='ltr'><strong>tunderem.</strong></span> 
     </span>
    </p>
   </div>
   <div class='ocr_carea' id='block_1_60' title="bbox 336 5759 1120 5830">
    <p class='ocr_par' dir='ltr' id='par_1_60' title="bbox 336 5759 1120 5830">
     <span class='ocr_line' id='line_1_60' title="bbox 336 5759 1120 5830; baseline -0.019 -12"><span class='ocrx_word' id='word_1_470' title='bbox 336 5772 411 5830; x_wconf 83' lang='lat' dir='ltr'><strong>ta)</strong></span> <span class='ocrx_word' id='word_1_471' title='bbox 445 5759 682 5830; x_wconf 58' lang='lat' dir='ltr'><strong>Suberat,</strong></span> <span class='ocrx_word' id='word_1_472' title='bbox 695 5759 898 5812; x_wconf 76' lang='lat' dir='ltr'><strong>visibiles</strong></span> <span class='ocrx_word' id='word_1_473' title='bbox 929 5763 1120 5806; x_wconf 77' lang='lat' dir='ltr'><strong>mortes.</strong></span> 
     </span>
    </p>
   </div>
   <div class='ocr_carea' id='block_1_61' title="bbox 337 5825 705 5895">
    <p class='ocr_par' dir='ltr' id='par_1_61' title="bbox 337 5825 705 5895">
     <span class='ocr_line' id='line_1_61' title="bbox 337 5825 705 5895; baseline -0.019 -13"><span class='ocrx_word' id='word_1_474' title='bbox 337 5825 410 5895; x_wconf 83' lang='lat' dir='ltr'><strong>(b)</strong></span> <span class='ocrx_word' id='word_1_475' title='bbox 446 5825 705 5892; x_wconf 69' lang='lat' dir='ltr'><strong>Bagaitani.</strong></span> 
     </span>
    </p>
   </div>
   <div class='ocr_carea' id='block_1_62' title="bbox 1283 350 2289 413">
    <p class='ocr_par' dir='ltr' id='par_1_62' title="bbox 1283 350 2289 413">
     <span class='ocr_line' id='line_1_62' title="bbox 1283 350 2289 413; baseline -0.01 0"><span class='ocrx_word' id='word_1_476' title='bbox 1283 353 1680 413; x_wconf 71' lang='lat' dir='ltr'><strong>ENARRATlO</strong></span> <span class='ocrx_word' id='word_1_477' title='bbox 1719 353 1782 407; x_wconf 76' lang='grc' dir='ltr'><strong>ΙΝ</strong></span> <span class='ocrx_word' id='word_1_478' title='bbox 1823 350 2138 407; x_wconf 60' lang='grc' dir='ltr'><strong>ΡΒᾹιΜυΜ</strong></span> <span class='ocrx_word' id='word_1_479' title='bbox 2183 351 2289 405; x_wconf 78' lang='lat' dir='ltr'><strong>LV.</strong></span> 
     </span>
    </p>
   </div>
   <div class='ocr_carea' id='block_1_63' title="bbox 3400 354 3504 408">
    <p class='ocr_par' dir='ltr' id='par_1_63' title="bbox 3400 354 3504 408">
     <span class='ocr_line' id='line_1_63' title="bbox 3400 354 3504 408; baseline 0.01 -1"><span class='ocrx_word' id='word_1_480' title='bbox 3400 354 3504 408; x_wconf 72' lang='grc'><strong>666</strong></span> 
     </span>
    </p>
   </div>
   <div class='ocr_carea' id='block_1_64' title="bbox 1989 465 3503 535">
    <p class='ocr_par' dir='ltr' id='par_1_64' title="bbox 1989 465 3503 535">
     <span class='ocr_line' id='line_1_64' title="bbox 1989 465 3503 535; baseline 0.009 -16"><span class='ocrx_word' id='word_1_481' title='bbox 1989 466 2076 519; x_wconf 77' lang='grc'><strong>27.</strong></span> <span class='ocrx_word' id='word_1_482' title='bbox 2105 465 2211 520; x_wconf 82' lang='lat' dir='ltr'><strong>Sed</strong></span> <span class='ocrx_word' id='word_1_483' title='bbox 2235 466 2358 535; x_wconf 90' lang='lat' dir='ltr'><strong>quid</strong></span> <span class='ocrx_word' id='word_1_484' title='bbox 2387 465 2451 518; x_wconf 89' lang='lat' dir='ltr'><strong>de</strong></span> <span class='ocrx_word' id='word_1_485' title='bbox 2475 465 2577 520; x_wconf 83' lang='lat' dir='ltr'><strong>illis</strong></span> <span class='ocrx_word' id='word_1_486' title='bbox 2601 467 2711 522; x_wconf 84' lang='lat' dir='ltr'><strong>ait?</strong></span> <span class='ocrx_word' id='word_1_487' title='bbox 2741 467 2861 522; x_wconf 83' lang='lat' dir='ltr'><strong>Non</strong></span> <span class='ocrx_word' id='word_1_488' title='bbox 2881 470 3216 526; x_wconf 80' lang='lat' dir='ltr'><strong>dimidiabunt</strong></span> <span class='ocrx_word' id='word_1_489' title='bbox 3235 475 3344 528; x_wconf 84' lang='lat' dir='ltr'><strong>dies</strong></span> <span class='ocrx_word' id='word_1_490' title='bbox 3365 492 3503 532; x_wconf 82' lang='lat' dir='ltr'><strong>suos.</strong></span> 
     </span>
    </p>
   </div>
   <div class='ocr_carea' id='block_1_65' title="bbox 1917 548 3506 632">
    <p class='ocr_par' dir='ltr' id='par_1_65' title="bbox 1917 548 3506 632">
     <span class='ocr_line' id='line_1_65' title="bbox 1917 548 3506 632; baseline 0.008 -20"><span class='ocrx_word' id='word_1_491' title='bbox 1917 558 2053 624; x_wconf 83' lang='lat' dir='ltr'><strong>Quid</strong></span> <span class='ocrx_word' id='word_1_492' title='bbox 2083 567 2184 624; x_wconf 90' lang='lat' dir='ltr'><strong>est,</strong></span> <span class='ocrx_word' id='word_1_493' title='bbox 2212 553 2331 610; x_wconf 80' lang='lat' dir='ltr'><strong>Non</strong></span> <span class='ocrx_word' id='word_1_494' title='bbox 2371 558 2706 613; x_wconf 85' lang='lat' dir='ltr'><strong>dimidiabunt</strong></span> <span class='ocrx_word' id='word_1_495' title='bbox 2729 560 2835 614; x_wconf 87' lang='lat' dir='ltr'><strong>dies</strong></span> <span class='ocrx_word' id='word_1_496' title='bbox 2871 563 3033 617; x_wconf 79' lang='lat' dir='ltr'><strong>suos?</strong></span> <span class='ocrx_word' id='word_1_497' title='bbox 3069 563 3183 618; x_wconf 87' lang='lat' dir='ltr'><strong>Non</strong></span> <span class='ocrx_word' id='word_1_498' title='bbox 3225 548 3506 632; x_wconf 74' lang='lat' dir='ltr'><strong>proﬁcient</strong></span> 
     </span>
    </p>
   </div>
   <div class='ocr_carea' id='block_1_66' title="bbox 1919 649 3503 727">
    <p class='ocr_par' dir='ltr' id='par_1_66' title="bbox 1919 649 3503 727">
     <span class='ocr_line' id='line_1_66' title="bbox 1919 649 3503 727; baseline 0.005 -24"><span class='ocrx_word' id='word_1_499' title='bbox 1919 659 2173 719; x_wconf 84' lang='lat' dir='ltr'><strong>quantum</strong></span> <span class='ocrx_word' id='word_1_500' title='bbox 2207 657 2392 717; x_wconf 91' lang='lat' dir='ltr'><strong>putant</strong></span> <span class='ocrx_word' id='word_1_501' title='bbox 2425 667 2438 703; x_wconf 91' lang='lat'><strong>:</strong></span> <span class='ocrx_word' id='word_1_502' title='bbox 2469 649 2603 705; x_wconf 86' lang='lat' dir='ltr'><strong>intra</strong></span> <span class='ocrx_word' id='word_1_503' title='bbox 2653 661 2862 721; x_wconf 83' lang='lat' dir='ltr'><strong>tempus</strong></span> <span class='ocrx_word' id='word_1_504' title='bbox 2902 655 3042 724; x_wconf 89' lang='lat' dir='ltr'><strong>quod</strong></span> <span class='ocrx_word' id='word_1_505' title='bbox 3084 668 3322 725; x_wconf 85' lang='lat' dir='ltr'><strong>sperant,</strong></span> <span class='ocrx_word' id='word_1_506' title='bbox 3378 673 3503 727; x_wconf 85' lang='lat' dir='ltr'><strong>per-</strong></span> 
     </span>
    </p>
   </div>
   <div class='ocr_carea' id='block_1_67' title="bbox 1919 722 3585 817">
    <p class='ocr_par' dir='ltr' id='par_1_67' title="bbox 1919 722 3585 817">
     <span class='ocr_line' id='line_1_67' title="bbox 1919 722 3585 817; baseline 0.005 -23"><span class='ocrx_word' id='word_1_507' title='bbox 1919 742 2091 796; x_wconf 87' lang='lat' dir='ltr'><strong>ibunt.</strong></span> <span class='ocrx_word' id='word_1_508' title='bbox 2129 739 2245 809; x_wconf 87' lang='lat' dir='ltr'><strong>ipse</strong></span> <span class='ocrx_word' id='word_1_509' title='bbox 2271 749 2354 794; x_wconf 88' lang='lat' dir='ltr'><strong>est</strong></span> <span class='ocrx_word' id='word_1_510' title='bbox 2381 739 2521 794; x_wconf 87' lang='lat' dir='ltr'><strong>enim</strong></span> <span class='ocrx_word' id='word_1_511' title='bbox 2572 743 2752 810; x_wconf 83' lang='lat' dir='ltr'><strong>perdix</strong></span> <span class='ocrx_word' id='word_1_512' title='bbox 2786 745 2892 808; x_wconf 89' lang='lat' dir='ltr'><strong>ille,</strong></span> <span class='ocrx_word' id='word_1_513' title='bbox 2919 722 2990 800; x_wconf 75' lang='lat' dir='ltr'><strong>de</strong></span> <span class='ocrx_word' id='word_1_514' title='bbox 3019 722 3127 817; x_wconf 79' lang='lat' dir='ltr'><strong>quo</strong></span> <span class='ocrx_word' id='word_1_515' title='bbox 3147 722 3348 803; x_wconf 85' lang='lat' dir='ltr'><strong>dictum</strong></span> <span class='ocrx_word' id='word_1_516' title='bbox 3378 722 3460 805; x_wconf 79' lang='lat' dir='ltr'><strong>est</strong></span> <span class='ocrx_word' id='word_1_517' title='bbox 3484 765 3506 802; x_wconf 88' lang='lat'><strong><em>:</em></strong></span> <span class='ocrx_word' id='word_1_518' title='bbox 3582 722 3585 724; x_wconf 10' lang='grc' dir='ltr'><strong>η</strong></span> 
     </span>
    </p>
   </div>
   <div class='ocr_carea' id='block_1_68' title="bbox 1924 831 3508 905">
    <p class='ocr_par' dir='ltr' id='par_1_68' title="bbox 1924 831 3508 905">
     <span class='ocr_line' id='line_1_68' title="bbox 1924 831 3508 905; baseline 0.006 -20"><span class='ocrx_word' id='word_1_519' title='bbox 1924 831 1987 885; x_wconf 86' lang='grc' dir='ltr'><strong>1η</strong></span> <span class='ocrx_word' id='word_1_520' title='bbox 2017 832 2226 884; x_wconf 86' lang='lat' dir='ltr'><strong>dimidio</strong></span> <span class='ocrx_word' id='word_1_521' title='bbox 2247 832 2438 884; x_wconf 83' lang='lat' dir='ltr'><strong>dierum</strong></span> <span class='ocrx_word' id='word_1_522' title='bbox 2472 833 2582 904; x_wconf 87' lang='lat' dir='ltr'><strong>ejus</strong></span> <span class='ocrx_word' id='word_1_523' title='bbox 2603 834 2945 905; x_wconf 86' lang='lat' dir='ltr'><strong>derelinquent</strong></span> <span class='ocrx_word' id='word_1_524' title='bbox 2971 853 3107 904; x_wconf 89' lang='lat' dir='ltr'><strong>eum,</strong></span> <span class='ocrx_word' id='word_1_525' title='bbox 3135 848 3180 890; x_wconf 89' lang='lat' dir='ltr'><strong>et</strong></span> <span class='ocrx_word' id='word_1_526' title='bbox 3205 840 3256 892; x_wconf 88' lang='lat' dir='ltr'><strong>in</strong></span> <span class='ocrx_word' id='word_1_527' title='bbox 3296 842 3508 894; x_wconf 83' lang='lat' dir='ltr'><strong>novissi-</strong></span> 
     </span>
    </p>
   </div>
   <div class='ocr_carea' id='block_1_69' title="bbox 1919 924 3509 999">
    <p class='ocr_par' dir='ltr' id='par_1_69' title="bbox 1919 924 3509 999">
     <span class='ocr_line' id='line_1_69' title="bbox 1919 924 3509 999; baseline 0.007 -23"><span class='ocrx_word' id='word_1_528' title='bbox 1919 924 2015 976; x_wconf 86' lang='lat' dir='ltr'><strong>mis</strong></span> <span class='ocrx_word' id='word_1_529' title='bbox 2041 925 2145 978; x_wconf 90' lang='lat' dir='ltr'><strong>suis</strong></span> <span class='ocrx_word' id='word_1_530' title='bbox 2164 926 2256 978; x_wconf 86' lang='lat' dir='ltr'><strong>erit</strong></span> <span class='ocrx_word' id='word_1_531' title='bbox 2279 925 2520 992; x_wconf 78' lang='lat' dir='ltr'><strong>insipiens</strong></span> <span class='ocrx_word' id='word_1_532' title='bbox 2533 924 2740 999; x_wconf 85' lang='lat' dir='ltr'><strong>(Jercm.</strong></span> <span class='ocrx_word' id='word_1_533' title='bbox 2769 943 2897 992; x_wconf 82' lang='lat' dir='ltr'><strong>xvu,</strong></span> <span class='ocrx_word' id='word_1_534' title='bbox 2933 928 3040 994; x_wconf 82' lang='lat' dir='ltr'><strong>ll).</strong></span> <span class='ocrx_word' id='word_1_535' title='bbox 3072 930 3382 995; x_wconf 73' lang='lat' dir='ltr'><strong>Proficiunt,</strong></span> <span class='ocrx_word' id='word_1_536' title='bbox 3413 933 3509 987; x_wconf 86' lang='lat' dir='ltr'><strong>sed</strong></span> 
     </span>
    </p>
   </div>
   <div class='ocr_carea' id='block_1_70' title="bbox 1919 1001 3512 1096">
    <p class='ocr_par' dir='ltr' id='par_1_70' title="bbox 1919 1001 3512 1096">
     <span class='ocr_line' id='line_1_70' title="bbox 1919 1001 3512 1096; baseline 0.006 -26"><span class='ocrx_word' id='word_1_537' title='bbox 1919 1018 1986 1072; x_wconf 87' lang='lat' dir='ltr'><strong>ad</strong></span> <span class='ocrx_word' id='word_1_538' title='bbox 2017 1027 2243 1087; x_wconf 87' lang='lat' dir='ltr'><strong>tempus.</strong></span> <span class='ocrx_word' id='word_1_539' title='bbox 2277 1018 2412 1086; x_wconf 87' lang='lat' dir='ltr'><strong>Quid</strong></span> <span class='ocrx_word' id='word_1_540' title='bbox 2442 1019 2583 1074; x_wconf 90' lang='lat' dir='ltr'><strong>enim</strong></span> <span class='ocrx_word' id='word_1_541' title='bbox 2629 1021 2703 1074; x_wconf 88' lang='lat' dir='ltr'><strong>ait</strong></span> <span class='ocrx_word' id='word_1_542' title='bbox 2739 1021 3058 1090; x_wconf 82' lang='lat' dir='ltr'><strong>Apostolus?</strong></span> <span class='ocrx_word' id='word_1_543' title='bbox 3087 1001 3317 1096; x_wconf 49' lang='grc' dir='ltr'><strong>’Διαιὶςηὶ</strong></span> <span class='ocrx_word' id='word_1_544' title='bbox 3341 1036 3512 1081; x_wconf 86' lang='lat' dir='ltr'><strong>autem</strong></span> 
     </span>
    </p>
   </div>
   <div class='ocr_carea' id='block_1_71' title="bbox 1921 1111 3510 1186">
    <p class='ocr_par' dir='ltr' id='par_1_71' title="bbox 1921 1111 3510 1186">
     <span class='ocr_line' id='line_1_71' title="bbox 1921 1111 3510 1186; baseline 0.007 -24"><span class='ocrx_word' id='word_1_545' title='bbox 1921 1111 2148 1163; x_wconf 78' lang='lat' dir='ltr'><strong>homines</strong></span> <span class='ocrx_word' id='word_1_546' title='bbox 2172 1120 2218 1163; x_wconf 90' lang='lat' dir='ltr'><strong>et</strong></span> <span class='ocrx_word' id='word_1_547' title='bbox 2247 1111 2530 1165; x_wconf 81' lang='lat' dir='ltr'><strong>seductores</strong></span> <span class='ocrx_word' id='word_1_548' title='bbox 2562 1113 2826 1180; x_wconf 79' lang='lat' dir='ltr'><strong>proﬁcient</strong></span> <span class='ocrx_word' id='word_1_549' title='bbox 2852 1114 2904 1166; x_wconf 89' lang='lat' dir='ltr'><strong>in</strong></span> <span class='ocrx_word' id='word_1_550' title='bbox 2938 1115 3102 1185; x_wconf 84' lang='lat' dir='ltr'><strong>pejus,</strong></span> <span class='ocrx_word' id='word_1_551' title='bbox 3140 1116 3240 1186; x_wconf 83' lang='lat' dir='ltr'><strong>ipsi</strong></span> <span class='ocrx_word' id='word_1_552' title='bbox 3263 1129 3510 1185; x_wconf 78' lang='lat' dir='ltr'><strong>errantes,</strong></span> 
     </span>
    </p>
   </div>
   <div class='ocr_carea' id='block_1_72' title="bbox 1921 1199 3514 1265">
    <p class='ocr_par' dir='ltr' id='par_1_72' title="bbox 1921 1199 3514 1265">
     <span class='ocr_line' id='line_1_72' title="bbox 1921 1199 3514 1265; baseline 0.008 -13"><span class='ocrx_word' id='word_1_553' title='bbox 1921 1211 1969 1252; x_wconf 86' lang='lat' dir='ltr'><strong>et</strong></span> <span class='ocrx_word' id='word_1_554' title='bbox 1989 1199 2118 1255; x_wconf 88' lang='lat' dir='ltr'><strong>alios</strong></span> <span class='ocrx_word' id='word_1_555' title='bbox 2146 1201 2198 1254; x_wconf 91' lang='lat' dir='ltr'><strong>in</strong></span> <span class='ocrx_word' id='word_1_556' title='bbox 2220 1218 2438 1255; x_wconf 87' lang='lat' dir='ltr'><strong>errorem</strong></span> <span class='ocrx_word' id='word_1_557' title='bbox 2467 1204 2735 1256; x_wconf 80' lang='lat' dir='ltr'><strong>mittentes.</strong></span> <span class='ocrx_word' id='word_1_558' title='bbox 2761 1203 2949 1259; x_wconf 70' lang='lat' dir='ltr'><strong>Cmcus</strong></span> <span class='ocrx_word' id='word_1_559' title='bbox 2977 1215 3154 1260; x_wconf 89' lang='lat' dir='ltr'><strong>autem</strong></span> <span class='ocrx_word' id='word_1_560' title='bbox 3185 1222 3384 1264; x_wconf 74' lang='lat' dir='ltr'><strong>cmcum</strong></span> <span class='ocrx_word' id='word_1_561' title='bbox 3417 1211 3514 1265; x_wconf 84' lang='lat' dir='ltr'><strong>dn-</strong></span> 
     </span>
    </p>
   </div>
   <div class='ocr_carea' id='block_1_73' title="bbox 1921 1291 3514 1368">
    <p class='ocr_par' dir='ltr' id='par_1_73' title="bbox 1921 1291 3514 1368">
     <span class='ocr_line' id='line_1_73' title="bbox 1921 1291 3514 1368; baseline 0.008 -24"><span class='ocrx_word' id='word_1_562' title='bbox 1921 1305 2069 1357; x_wconf 88' lang='lat' dir='ltr'><strong>cens,</strong></span> <span class='ocrx_word' id='word_1_563' title='bbox 2099 1291 2331 1345; x_wconf 88' lang='lat' dir='ltr'><strong>simulin</strong></span> <span class='ocrx_word' id='word_1_564' title='bbox 2358 1293 2563 1347; x_wconf 80' lang='lat' dir='ltr'><strong>foveam</strong></span> <span class='ocrx_word' id='word_1_565' title='bbox 2587 1294 2780 1348; x_wconf 87' lang='lat' dir='ltr'><strong>cadunt</strong></span> <span class='ocrx_word' id='word_1_566' title='bbox 2809 1294 3018 1366; x_wconf 82' lang='lat' dir='ltr'><strong>(Matth.</strong></span> <span class='ocrx_word' id='word_1_567' title='bbox 3049 1313 3138 1365; x_wconf 79' lang='lat' dir='ltr'><strong>xv,</strong></span> <span class='ocrx_word' id='word_1_568' title='bbox 3171 1297 3283 1368; x_wconf 72' lang='grc'><strong>14).</strong></span> <span class='ocrx_word' id='word_1_569' title='bbox 3326 1300 3514 1356; x_wconf 79' lang='lat' dir='ltr'><strong>Merito</strong></span> 
     </span>
    </p>
   </div>
   <div class='ocr_carea' id='block_1_74' title="bbox 1923 1383 3513 1460">
    <p class='ocr_par' dir='ltr' id='par_1_74' title="bbox 1923 1383 3513 1460">
     <span class='ocr_line' id='line_1_74' title="bbox 1923 1383 3513 1460; baseline 0.006 -25"><span class='ocrx_word' id='word_1_570' title='bbox 1923 1383 2118 1436; x_wconf 92' lang='lat' dir='ltr'><strong>cadunt</strong></span> <span class='ocrx_word' id='word_1_571' title='bbox 2143 1384 2194 1436; x_wconf 90' lang='lat' dir='ltr'><strong>in</strong></span> <span class='ocrx_word' id='word_1_572' title='bbox 2234 1393 2437 1452; x_wconf 82' lang='lat' dir='ltr'><strong>puteum</strong></span> <span class='ocrx_word' id='word_1_573' title='bbox 2475 1385 2829 1454; x_wconf 85' lang='lat' dir='ltr'><strong>corruptionis.</strong></span> <span class='ocrx_word' id='word_1_574' title='bbox 2875 1386 3009 1452; x_wconf 84' lang='lat' dir='ltr'><strong>Quid</strong></span> <span class='ocrx_word' id='word_1_575' title='bbox 3039 1402 3169 1458; x_wconf 81' lang='lat' dir='ltr'><strong>ergo</strong></span> <span class='ocrx_word' id='word_1_576' title='bbox 3194 1389 3302 1443; x_wconf 85' lang='lat' dir='ltr'><strong>ait?</strong></span> <span class='ocrx_word' id='word_1_577' title='bbox 3337 1390 3513 1460; x_wconf 85' lang='lat' dir='ltr'><strong>Pro/i-</strong></span> 
     </span>
    </p>
   </div>
   <div class='ocr_carea' id='block_1_75' title="bbox 1924 1474 3509 1548">
    <p class='ocr_par' dir='ltr' id='par_1_75' title="bbox 1924 1474 3509 1548">
     <span class='ocr_line' id='line_1_75' title="bbox 1924 1474 3509 1548; baseline 0.006 -20"><span class='ocrx_word' id='word_1_578' title='bbox 1924 1474 2052 1528; x_wconf 87' lang='lat' dir='ltr'><strong>cient</strong></span> <span class='ocrx_word' id='word_1_579' title='bbox 2077 1475 2130 1527; x_wconf 88' lang='lat' dir='ltr'><strong>in</strong></span> <span class='ocrx_word' id='word_1_580' title='bbox 2161 1476 2344 1545; x_wconf 81' lang='lat' dir='ltr'><strong>pejus;</strong></span> <span class='ocrx_word' id='word_1_581' title='bbox 2372 1490 2476 1528; x_wconf 91' lang='lat' dir='ltr'><strong>non</strong></span> <span class='ocrx_word' id='word_1_582' title='bbox 2509 1484 2684 1530; x_wconf 89' lang='lat' dir='ltr'><strong>tamen</strong></span> <span class='ocrx_word' id='word_1_583' title='bbox 2713 1477 2822 1530; x_wconf 91' lang='lat' dir='ltr'><strong>diu.</strong></span> <span class='ocrx_word' id='word_1_584' title='bbox 2854 1477 2986 1532; x_wconf 86' lang='lat' dir='ltr'><strong>Nam</strong></span> <span class='ocrx_word' id='word_1_585' title='bbox 3013 1480 3172 1548; x_wconf 86' lang='lat' dir='ltr'><strong>paulo</strong></span> <span class='ocrx_word' id='word_1_586' title='bbox 3203 1487 3329 1537; x_wconf 85' lang='lat' dir='ltr'><strong>ante</strong></span> <span class='ocrx_word' id='word_1_587' title='bbox 3355 1482 3509 1548; x_wconf 84' lang='lat' dir='ltr'><strong>dixit,</strong></span> 
     </span>
    </p>
   </div>
   <div class='ocr_carea' id='block_1_76' title="bbox 1927 1563 3512 1636">
    <p class='ocr_par' dir='ltr' id='par_1_76' title="bbox 1927 1563 3512 1636">
     <span class='ocr_line' id='line_1_76' title="bbox 1927 1563 3512 1636; baseline 0.005 -17"><span class='ocrx_word' id='word_1_588' title='bbox 1927 1563 2034 1619; x_wconf 86' lang='lat' dir='ltr'><strong>Sed</strong></span> <span class='ocrx_word' id='word_1_589' title='bbox 2062 1566 2196 1618; x_wconf 86' lang='lat' dir='ltr'><strong>ultra</strong></span> <span class='ocrx_word' id='word_1_590' title='bbox 2223 1583 2323 1619; x_wconf 89' lang='lat' dir='ltr'><strong>non</strong></span> <span class='ocrx_word' id='word_1_591' title='bbox 2358 1567 2660 1636; x_wconf 84' lang='lat' dir='ltr'><strong>proﬁcient:</strong></span> <span class='ocrx_word' id='word_1_592' title='bbox 2686 1567 2785 1622; x_wconf 85' lang='lat' dir='ltr'><strong>hoc</strong></span> <span class='ocrx_word' id='word_1_593' title='bbox 2805 1577 2907 1632; x_wconf 87' lang='lat' dir='ltr'><strong>est,</strong></span> <span class='ocrx_word' id='word_1_594' title='bbox 2931 1586 3031 1623; x_wconf 88' lang='lat' dir='ltr'><strong>non</strong></span> <span class='ocrx_word' id='word_1_595' title='bbox 3053 1569 3390 1626; x_wconf 86' lang='lat' dir='ltr'><strong>dimidiabunt</strong></span> <span class='ocrx_word' id='word_1_596' title='bbox 3407 1569 3512 1627; x_wconf 84' lang='lat' dir='ltr'><strong>dies</strong></span> 
     </span>
    </p>
   </div>
   <div class='ocr_carea' id='block_1_77' title="bbox 1925 1656 3514 1732">
    <p class='ocr_par' dir='ltr' id='par_1_77' title="bbox 1925 1656 3514 1732">
     <span class='ocr_line' id='line_1_77' title="bbox 1925 1656 3514 1732; baseline 0.006 -22"><span class='ocrx_word' id='word_1_597' title='bbox 1925 1673 2062 1711; x_wconf 90' lang='lat' dir='ltr'><strong>suos.</strong></span> <span class='ocrx_word' id='word_1_598' title='bbox 2089 1656 2352 1726; x_wconf 88' lang='lat' dir='ltr'><strong>Sequatur</strong></span> <span class='ocrx_word' id='word_1_599' title='bbox 2391 1659 2696 1725; x_wconf 79' lang='lat' dir='ltr'><strong>Apostolus,</strong></span> <span class='ocrx_word' id='word_1_600' title='bbox 2735 1670 2790 1714; x_wconf 88' lang='lat' dir='ltr'><strong>ct</strong></span> <span class='ocrx_word' id='word_1_601' title='bbox 2821 1661 2961 1716; x_wconf 90' lang='lat' dir='ltr'><strong>dicat</strong></span> <span class='ocrx_word' id='word_1_602' title='bbox 3001 1678 3168 1732; x_wconf 85' lang='lat' dir='ltr'><strong>quare</strong></span> <span class='ocrx_word' id='word_1_603' title='bbox 3203 1681 3218 1721; x_wconf 90' lang='lat'><strong>:</strong></span> <span class='ocrx_word' id='word_1_604' title='bbox 3252 1664 3514 1719; x_wconf 77' lang='lat' dir='ltr'><strong>Dementia</strong></span> 
     </span>
    </p>
   </div>
   <div class='ocr_carea' id='block_1_78' title="bbox 1927 1749 3515 1826">
    <p class='ocr_par' dir='ltr' id='par_1_78' title="bbox 1927 1749 3515 1826">
     <span class='ocr_line' id='line_1_78' title="bbox 1927 1749 3515 1826; baseline 0.006 -25"><span class='ocrx_word' id='word_1_605' title='bbox 1927 1749 2058 1801; x_wconf 88' lang='lat' dir='ltr'><strong>enim</strong></span> <span class='ocrx_word' id='word_1_606' title='bbox 2089 1765 2259 1802; x_wconf 88' lang='lat' dir='ltr'><strong>eorum</strong></span> <span class='ocrx_word' id='word_1_607' title='bbox 2285 1750 2549 1819; x_wconf 75' lang='lat' dir='ltr'><strong>manifesta</strong></span> <span class='ocrx_word' id='word_1_608' title='bbox 2570 1751 2662 1804; x_wconf 89' lang='lat' dir='ltr'><strong>erit</strong></span> <span class='ocrx_word' id='word_1_609' title='bbox 2689 1749 2934 1815; x_wconf 88' lang='lat' dir='ltr'><strong>omnibus,</strong></span> <span class='ocrx_word' id='word_1_610' title='bbox 2967 1754 3093 1807; x_wconf 84' lang='lat' dir='ltr'><strong>sicut</strong></span> <span class='ocrx_word' id='word_1_611' title='bbox 3118 1764 3165 1808; x_wconf 91' lang='lat' dir='ltr'><strong>et</strong></span> <span class='ocrx_word' id='word_1_612' title='bbox 3185 1753 3392 1809; x_wconf 85' lang='lat' dir='ltr'><strong>illorum</strong></span> <span class='ocrx_word' id='word_1_613' title='bbox 3420 1758 3515 1826; x_wconf 76' lang='lat' dir='ltr'><strong>fuit</strong></span> 
     </span>
    </p>
   </div>
   <div class='ocr_carea' id='block_1_79' title="bbox 1930 1837 3517 1918">
    <p class='ocr_par' dir='ltr' id='par_1_79' title="bbox 1930 1837 3517 1918">
     <span class='ocr_line' id='line_1_79' title="bbox 1930 1837 3517 1918; baseline 0.007 -30"><span class='ocrx_word' id='word_1_614' title='bbox 1930 1837 1996 1904; x_wconf 91' lang='lat' dir='ltr'><strong>(ll</strong></span> <span class='ocrx_word' id='word_1_615' title='bbox 2028 1837 2155 1890; x_wconf 87' lang='lat' dir='ltr'><strong>Tim.</strong></span> <span class='ocrx_word' id='word_1_616' title='bbox 2185 1854 2262 1901; x_wconf 85' lang='lat' dir='ltr'><strong>In,</strong></span> <span class='ocrx_word' id='word_1_617' title='bbox 2290 1839 2340 1903; x_wconf 87' lang='lat'><strong>9,</strong></span> <span class='ocrx_word' id='word_1_618' title='bbox 2375 1840 2488 1909; x_wconf 76' lang='lat' dir='ltr'><strong>l5).</strong></span> <span class='ocrx_word' id='word_1_619' title='bbox 2540 1839 2648 1918; x_wconf 69' lang='lat' dir='ltr'><strong>Yiri</strong></span> <span class='ocrx_word' id='word_1_620' title='bbox 2683 1843 2990 1912; x_wconf 86' lang='lat' dir='ltr'><strong>sanguinum</strong></span> <span class='ocrx_word' id='word_1_621' title='bbox 3027 1857 3075 1898; x_wconf 83' lang='lat' dir='ltr'><strong>et</strong></span> <span class='ocrx_word' id='word_1_622' title='bbox 3105 1844 3389 1899; x_wconf 87' lang='lat' dir='ltr'><strong>dolositatis</strong></span> <span class='ocrx_word' id='word_1_623' title='bbox 3415 1863 3517 1900; x_wconf 87' lang='lat' dir='ltr'><strong>non</strong></span> 
     </span>
    </p>
   </div>
   <div class='ocr_carea' id='block_1_80' title="bbox 1929 1930 3516 2006">
    <p class='ocr_par' dir='ltr' id='par_1_80' title="bbox 1929 1930 3516 2006">
     <span class='ocr_line' id='line_1_80' title="bbox 1929 1930 3516 2006; baseline 0.004 -22"><span class='ocrx_word' id='word_1_624' title='bbox 1929 1930 2265 1984; x_wconf 83' lang='lat' dir='ltr'><strong>dimidiabunt</strong></span> <span class='ocrx_word' id='word_1_625' title='bbox 2285 1932 2391 1985; x_wconf 90' lang='lat' dir='ltr'><strong>dies</strong></span> <span class='ocrx_word' id='word_1_626' title='bbox 2415 1949 2550 1987; x_wconf 88' lang='lat' dir='ltr'><strong>suos.</strong></span> <span class='ocrx_word' id='word_1_627' title='bbox 2580 1931 2690 2003; x_wconf 86' lang='lat' dir='ltr'><strong>Ego</strong></span> <span class='ocrx_word' id='word_1_628' title='bbox 2709 1943 2874 1987; x_wconf 87' lang='lat' dir='ltr'><strong>autem</strong></span> <span class='ocrx_word' id='word_1_629' title='bbox 2893 1935 2944 1987; x_wconf 89' lang='lat' dir='ltr'><strong>in</strong></span> <span class='ocrx_word' id='word_1_630' title='bbox 2963 1944 3012 1988; x_wconf 87' lang='lat' dir='ltr'><strong>te</strong></span> <span class='ocrx_word' id='word_1_631' title='bbox 3029 1937 3266 2006; x_wconf 84' lang='lat' dir='ltr'><strong>sperabo,</strong></span> <span class='ocrx_word' id='word_1_632' title='bbox 3282 1935 3516 1991; x_wconf 84' lang='lat' dir='ltr'><strong>Domine.</strong></span> 
     </span>
    </p>
   </div>
   <div class='ocr_carea' id='block_1_81' title="bbox 1930 2021 3515 2098">
    <p class='ocr_par' dir='ltr' id='par_1_81' title="bbox 1930 2021 3515 2098">
     <span class='ocr_line' id='line_1_81' title="bbox 1930 2021 3515 2098; baseline 0.006 -25"><span class='ocrx_word' id='word_1_633' title='bbox 1930 2021 2118 2074; x_wconf 82' lang='lat' dir='ltr'><strong>Merito</strong></span> <span class='ocrx_word' id='word_1_634' title='bbox 2147 2032 2322 2075; x_wconf 89' lang='lat' dir='ltr'><strong>autem</strong></span> <span class='ocrx_word' id='word_1_635' title='bbox 2353 2021 2425 2075; x_wconf 91' lang='lat' dir='ltr'><strong>illi</strong></span> <span class='ocrx_word' id='word_1_636' title='bbox 2456 2036 2561 2075; x_wconf 93' lang='lat' dir='ltr'><strong>non</strong></span> <span class='ocrx_word' id='word_1_637' title='bbox 2592 2021 2942 2078; x_wconf 83' lang='lat' dir='ltr'><strong>dimidiabunt</strong></span> <span class='ocrx_word' id='word_1_638' title='bbox 2973 2025 3088 2081; x_wconf 90' lang='lat' dir='ltr'><strong>dies</strong></span> <span class='ocrx_word' id='word_1_639' title='bbox 3120 2043 3268 2090; x_wconf 85' lang='lat' dir='ltr'><strong>suos.</strong></span> <span class='ocrx_word' id='word_1_640' title='bbox 3309 2027 3431 2098; x_wconf 84' lang='lat' dir='ltr'><strong>quia</strong></span> <span class='ocrx_word' id='word_1_641' title='bbox 3464 2028 3515 2082; x_wconf 91' lang='lat' dir='ltr'><strong>iu</strong></span> 
     </span>
    </p>
   </div>
   <div class='ocr_carea' id='block_1_82' title="bbox 1933 2113 3520 2187">
    <p class='ocr_par' dir='ltr' id='par_1_82' title="bbox 1933 2113 3520 2187">
     <span class='ocr_line' id='line_1_82' title="bbox 1933 2113 3520 2187; baseline 0.003 -21"><span class='ocrx_word' id='word_1_642' title='bbox 1933 2114 2147 2167; x_wconf 89' lang='lat' dir='ltr'><strong>homine</strong></span> <span class='ocrx_word' id='word_1_643' title='bbox 2170 2124 2541 2182; x_wconf 84' lang='lat' dir='ltr'><strong>speraverunt.</strong></span> <span class='ocrx_word' id='word_1_644' title='bbox 2574 2113 2688 2183; x_wconf 83' lang='lat' dir='ltr'><strong>Ego</strong></span> <span class='ocrx_word' id='word_1_645' title='bbox 2726 2126 2905 2170; x_wconf 88' lang='lat' dir='ltr'><strong>autem</strong></span> <span class='ocrx_word' id='word_1_646' title='bbox 2934 2133 2962 2170; x_wconf 89' lang='lat' dir='ltr'><strong>a</strong></span> <span class='ocrx_word' id='word_1_647' title='bbox 2989 2118 3179 2174; x_wconf 86' lang='lat' dir='ltr'><strong>diebus</strong></span> <span class='ocrx_word' id='word_1_648' title='bbox 3211 2121 3520 2187; x_wconf 81' lang='lat' dir='ltr'><strong>temporali-</strong></span> 
     </span>
    </p>
   </div>
   <div class='ocr_carea' id='block_1_83' title="bbox 1931 2203 3519 2280">
    <p class='ocr_par' dir='ltr' id='par_1_83' title="bbox 1931 2203 3519 2280">
     <span class='ocr_line' id='line_1_83' title="bbox 1931 2203 3519 2280; baseline 0.004 -22"><span class='ocrx_word' id='word_1_649' title='bbox 1931 2205 2030 2259; x_wconf 87' lang='lat' dir='ltr'><strong>bus</strong></span> <span class='ocrx_word' id='word_1_650' title='bbox 2053 2207 2265 2273; x_wconf 82' lang='lat' dir='ltr'><strong>perveni</strong></span> <span class='ocrx_word' id='word_1_651' title='bbox 2289 2205 2356 2259; x_wconf 89' lang='lat' dir='ltr'><strong>ad</strong></span> <span class='ocrx_word' id='word_1_652' title='bbox 2386 2203 2526 2259; x_wconf 89' lang='lat' dir='ltr'><strong>diem</strong></span> <span class='ocrx_word' id='word_1_653' title='bbox 2547 2214 2821 2261; x_wconf 79' lang='lat' dir='ltr'><strong>teternam.</strong></span> <span class='ocrx_word' id='word_1_654' title='bbox 2847 2208 3062 2275; x_wconf 88' lang='lat' dir='ltr'><strong>Quare?</strong></span> <span class='ocrx_word' id='word_1_655' title='bbox 3082 2210 3214 2276; x_wconf 89' lang='lat' dir='ltr'><strong>Quia</strong></span> <span class='ocrx_word' id='word_1_656' title='bbox 3247 2211 3297 2265; x_wconf 88' lang='lat' dir='ltr'><strong>in</strong></span> <span class='ocrx_word' id='word_1_657' title='bbox 3321 2220 3372 2265; x_wconf 93' lang='lat' dir='ltr'><strong>te</strong></span> <span class='ocrx_word' id='word_1_658' title='bbox 3397 2225 3519 2280; x_wconf 89' lang='lat' dir='ltr'><strong>spe-</strong></span> 
     </span>
    </p>
   </div>
   <div class='ocr_carea' id='block_1_84' title="bbox 1931 2298 2341 2362">
    <p class='ocr_par' dir='ltr' id='par_1_84' title="bbox 1931 2298 2341 2362">
     <span class='ocr_line' id='line_1_84' title="bbox 1931 2298 2341 2362; baseline -0.012 -7"><span class='ocrx_word' id='word_1_659' title='bbox 1931 2299 2065 2362; x_wconf 85' lang='lat' dir='ltr'><strong>ravi,</strong></span> <span class='ocrx_word' id='word_1_660' title='bbox 2100 2298 2341 2353; x_wconf 88' lang='lat' dir='ltr'><strong>Domine.</strong></span> 
     </span>
    </p>
   </div>
   <div class='ocr_carea' id='block_1_85' title="bbox 2411 2508 3079 2571">
    <p class='ocr_par' dir='ltr' id='par_1_85' title="bbox 2411 2508 3079 2571">
     <span class='ocr_line' id='line_1_85' title="bbox 2411 2508 3079 2571; baseline 0 -1"><span class='ocrx_word' id='word_1_661' title='bbox 2411 2508 2492 2570; x_wconf 83' lang='lat' dir='ltr'><strong>IN</strong></span> <span class='ocrx_word' id='word_1_662' title='bbox 2535 2509 2916 2571; x_wconf 82' lang='lat' dir='ltr'><strong>PSALMUM</strong></span> <span class='ocrx_word' id='word_1_663' title='bbox 2972 2509 3079 2570; x_wconf 84' lang='lat' dir='ltr'><strong>LV</strong></span> 
     </span>
    </p>
   </div>
   <div class='ocr_carea' id='block_1_86' title="bbox 2477 2629 2949 2718">
    <p class='ocr_par' dir='ltr' id='par_1_86' title="bbox 2477 2629 2949 2718">
     <span class='ocr_line' id='line_1_86' title="bbox 2477 2629 2949 2718; baseline -0.008 -32"><span class='ocrx_word' id='word_1_664' title='bbox 2477 2629 2878 2718; x_wconf 22' lang='lat' dir='ltr'><strong>ENA-RRATIO</strong></span> <span class='ocrx_word' id='word_1_665' title='bbox 2909 2632 2949 2682; x_wconf 77' lang='grc'><strong>³.</strong></span> 
     </span>
    </p>
   </div>
   <div class='ocr_carea' id='block_1_87' title="bbox 2543 2744 2840 2820">
    <p class='ocr_par' dir='ltr' id='par_1_87' title="bbox 2543 2744 2840 2820">
     <span class='ocr_line' id='line_1_87' title="bbox 2543 2744 2840 2820; baseline -0.01 -18"><span class='ocrx_word' id='word_1_666' title='bbox 2543 2761 2715 2802; x_wconf 71' lang='lat' dir='ltr'><strong>sam</strong></span> <span class='ocrx_word' id='word_1_667' title='bbox 2743 2744 2840 2820; x_wconf 79' lang='grc' dir='ltr'><strong>(α).</strong></span> 
     </span>
    </p>
   </div>
   <div class='ocr_carea' id='block_1_88' title="bbox 2006 2859 3524 2939">
    <p class='ocr_par' dir='ltr' id='par_1_88' title="bbox 2006 2859 3524 2939">
     <span class='ocr_line' id='line_1_88' title="bbox 2006 2859 3524 2939; baseline -0.005 -17"><span class='ocrx_word' id='word_1_668' title='bbox 2006 2868 2059 2922; x_wconf 76' lang='grc'><strong>1.</strong></span> <span class='ocrx_word' id='word_1_669' title='bbox 2086 2864 2238 2939; x_wconf 65' lang='grc' dir='ltr'><strong>[ναῖε.</strong></span> <span class='ocrx_word' id='word_1_670' title='bbox 2274 2861 2350 2937; x_wconf 79' lang='grc'><strong>1.]</strong></span> <span class='ocrx_word' id='word_1_671' title='bbox 2380 2863 2530 2918; x_wconf 89' lang='lat' dir='ltr'><strong>Sicut</strong></span> <span class='ocrx_word' id='word_1_672' title='bbox 2559 2862 2792 2931; x_wconf 86' lang='lat' dir='ltr'><strong>aliquam</strong></span> <span class='ocrx_word' id='word_1_673' title='bbox 2823 2860 3038 2915; x_wconf 90' lang='lat' dir='ltr'><strong>domum</strong></span> <span class='ocrx_word' id='word_1_674' title='bbox 3069 2859 3337 2927; x_wconf 88' lang='lat' dir='ltr'><strong>intraturi,</strong></span> <span class='ocrx_word' id='word_1_675' title='bbox 3370 2862 3524 2930; x_wconf 90' lang='lat' dir='ltr'><strong>cujus</strong></span> 
     </span>
    </p>
   </div>
   <div class='ocr_carea' id='block_1_89' title="bbox 1937 2952 3522 3026">
    <p class='ocr_par' dir='ltr' id='par_1_89' title="bbox 1937 2952 3522 3026">
     <span class='ocr_line' id='line_1_89' title="bbox 1937 2952 3522 3026; baseline -0.002 -14"><span class='ocrx_word' id='word_1_676' title='bbox 1937 2959 2006 3012; x_wconf 86' lang='lat' dir='ltr'><strong>sit</strong></span> <span class='ocrx_word' id='word_1_677' title='bbox 2025 2969 2086 3012; x_wconf 87' lang='lat' dir='ltr'><strong>et</strong></span> <span class='ocrx_word' id='word_1_678' title='bbox 2105 2956 2173 3011; x_wconf 87' lang='lat' dir='ltr'><strong>ad</strong></span> <span class='ocrx_word' id='word_1_679' title='bbox 2202 2971 2361 3026; x_wconf 84' lang='lat' dir='ltr'><strong>quem</strong></span> <span class='ocrx_word' id='word_1_680' title='bbox 2391 2955 2653 3024; x_wconf 88' lang='lat' dir='ltr'><strong>pertineat</strong></span> <span class='ocrx_word' id='word_1_681' title='bbox 2679 2955 2730 3007; x_wconf 92' lang='lat' dir='ltr'><strong>in</strong></span> <span class='ocrx_word' id='word_1_682' title='bbox 2761 2953 2911 3007; x_wconf 89' lang='lat' dir='ltr'><strong>titulo</strong></span> <span class='ocrx_word' id='word_1_683' title='bbox 2933 2952 3264 3021; x_wconf 91' lang='lat' dir='ltr'><strong>inspicimus,</strong></span> <span class='ocrx_word' id='word_1_684' title='bbox 3289 2969 3355 3008; x_wconf 88' lang='lat' dir='ltr'><strong>ne</strong></span> <span class='ocrx_word' id='word_1_685' title='bbox 3387 2953 3522 3009; x_wconf 82' lang='lat' dir='ltr'><strong>forte</strong></span> 
     </span>
    </p>
   </div>
   <div class='ocr_carea' id='block_1_90' title="bbox 1939 3019 3524 3120">
    <p class='ocr_par' dir='ltr' id='par_1_90' title="bbox 1939 3019 3524 3120">
     <span class='ocr_line' id='line_1_90' title="bbox 1939 3019 3524 3120; baseline -0.001 -14"><span class='ocrx_word' id='word_1_686' title='bbox 1939 3053 2241 3120; x_wconf 78' lang='lat' dir='ltr'><strong>importune</strong></span> <span class='ocrx_word' id='word_1_687' title='bbox 2281 3051 2545 3104; x_wconf 89' lang='lat' dir='ltr'><strong>irruamus</strong></span> <span class='ocrx_word' id='word_1_688' title='bbox 2571 3065 2676 3120; x_wconf 92' lang='lat' dir='ltr'><strong>quo</strong></span> <span class='ocrx_word' id='word_1_689' title='bbox 2711 3064 2816 3102; x_wconf 92' lang='lat' dir='ltr'><strong>non</strong></span> <span class='ocrx_word' id='word_1_690' title='bbox 2847 3057 3082 3116; x_wconf 89' lang='lat' dir='ltr'><strong>oportet,</strong></span> <span class='ocrx_word' id='word_1_691' title='bbox 3128 3062 3299 3118; x_wconf 89' lang='lat' dir='ltr'><strong>neque</strong></span> <span class='ocrx_word' id='word_1_692' title='bbox 3336 3019 3524 3104; x_wconf 80' lang='lat' dir='ltr'><strong>rursus</strong></span> 
     </span>
    </p>
   </div>
   <div class='ocr_carea' id='block_1_91' title="bbox 1939 3139 3523 3209">
    <p class='ocr_par' dir='ltr' id='par_1_91' title="bbox 1939 3139 3523 3209">
     <span class='ocr_line' id='line_1_91' title="bbox 1939 3139 3523 3209; baseline -0.001 -11"><span class='ocrx_word' id='word_1_693' title='bbox 1939 3144 2226 3198; x_wconf 86' lang='lat' dir='ltr'><strong>timiditate</strong></span> <span class='ocrx_word' id='word_1_694' title='bbox 2273 3156 2590 3197; x_wconf 83' lang='lat' dir='ltr'><strong>revocemur</strong></span> <span class='ocrx_word' id='word_1_695' title='bbox 2638 3139 2706 3194; x_wconf 91' lang='lat' dir='ltr'><strong>ab</strong></span> <span class='ocrx_word' id='word_1_696' title='bbox 2752 3154 2818 3195; x_wconf 89' lang='lat' dir='ltr'><strong>eo</strong></span> <span class='ocrx_word' id='word_1_697' title='bbox 2859 3155 2966 3209; x_wconf 86' lang='lat' dir='ltr'><strong>quo</strong></span> <span class='ocrx_word' id='word_1_698' title='bbox 3006 3147 3218 3209; x_wconf 84' lang='lat' dir='ltr'><strong>oportet</strong></span> <span class='ocrx_word' id='word_1_699' title='bbox 3273 3141 3523 3196; x_wconf 86' lang='lat' dir='ltr'><strong>intrare:</strong></span> 
     </span>
    </p>
   </div>
   <div class='ocr_carea' id='block_1_92' title="bbox 1941 3233 3525 3308">
    <p class='ocr_par' dir='ltr' id='par_1_92' title="bbox 1941 3233 3525 3308">
     <span class='ocr_line' id='line_1_92' title="bbox 1941 3233 3525 3308; baseline -0.003 -16"><span class='ocrx_word' id='word_1_700' title='bbox 1941 3247 2190 3308; x_wconf 83' lang='lat' dir='ltr'><strong>tanquam</strong></span> <span class='ocrx_word' id='word_1_701' title='bbox 2219 3252 2349 3307; x_wconf 73' lang='lat' dir='ltr'><strong>ergo</strong></span> <span class='ocrx_word' id='word_1_702' title='bbox 2377 3238 2420 3290; x_wconf 87' lang='lat' dir='ltr'><strong>si</strong></span> <span class='ocrx_word' id='word_1_703' title='bbox 2449 3236 2770 3305; x_wconf 78' lang='lat' dir='ltr'><strong>legeremus,</strong></span> <span class='ocrx_word' id='word_1_704' title='bbox 2803 3234 2928 3290; x_wconf 67' lang='lat' dir='ltr'><strong>Hcce</strong></span> <span class='ocrx_word' id='word_1_705' title='bbox 2951 3233 3150 3305; x_wconf 69' lang='lat' dir='ltr'><strong>praedia</strong></span> <span class='ocrx_word' id='word_1_706' title='bbox 3181 3235 3321 3290; x_wconf 88' lang='lat' dir='ltr'><strong>illius</strong></span> <span class='ocrx_word' id='word_1_707' title='bbox 3345 3244 3436 3288; x_wconf 88' lang='lat' dir='ltr'><strong>aut</strong></span> <span class='ocrx_word' id='word_1_708' title='bbox 3458 3237 3525 3288; x_wconf 85' lang='lat' dir='ltr'><strong>il-</strong></span> 
     </span>
    </p>
   </div>
   <div class='ocr_carea' id='block_1_93' title="bbox 1939 3325 3525 3396">
    <p class='ocr_par' dir='ltr' id='par_1_93' title="bbox 1939 3325 3525 3396">
     <span class='ocr_line' id='line_1_93' title="bbox 1939 3325 3525 3396; baseline -0.004 -11"><span class='ocrx_word' id='word_1_709' title='bbox 1939 3329 2079 3393; x_wconf 88' lang='lat' dir='ltr'><strong>lius;</strong></span> <span class='ocrx_word' id='word_1_710' title='bbox 2109 3330 2177 3382; x_wconf 88' lang='lat' dir='ltr'><strong>ita</strong></span> <span class='ocrx_word' id='word_1_711' title='bbox 2209 3329 2260 3382; x_wconf 91' lang='lat' dir='ltr'><strong>in</strong></span> <span class='ocrx_word' id='word_1_712' title='bbox 2306 3326 2701 3396; x_wconf 90' lang='lat' dir='ltr'><strong>superliminari</strong></span> <span class='ocrx_word' id='word_1_713' title='bbox 2743 3326 2930 3395; x_wconf 84' lang='lat' dir='ltr'><strong>psalmi</strong></span> <span class='ocrx_word' id='word_1_714' title='bbox 2959 3325 3116 3396; x_wconf 88' lang='lat' dir='ltr'><strong>bujus</strong></span> <span class='ocrx_word' id='word_1_715' title='bbox 3143 3325 3401 3380; x_wconf 87' lang='lat' dir='ltr'><strong>habemus</strong></span> <span class='ocrx_word' id='word_1_716' title='bbox 3442 3327 3525 3379; x_wconf 85' lang='lat' dir='ltr'><strong>in-</strong></span> 
     </span>
    </p>
   </div>
   <div class='ocr_carea' id='block_1_94' title="bbox 1941 3417 3524 3490">
    <p class='ocr_par' dir='ltr' id='par_1_94' title="bbox 1941 3417 3524 3490">
     <span class='ocr_line' id='line_1_94' title="bbox 1941 3417 3524 3490; baseline -0.004 -14"><span class='ocrx_word' id='word_1_717' title='bbox 1941 3422 2215 3490; x_wconf 86' lang='lat' dir='ltr'><strong>scriptum,</strong></span> <span class='ocrx_word' id='word_1_718' title='bbox 2245 3419 2310 3473; x_wconf 85' lang='lat' dir='ltr'><strong>In</strong></span> <span class='ocrx_word' id='word_1_719' title='bbox 2335 3421 2505 3489; x_wconf 81' lang='lat' dir='ltr'><strong>ﬁnem,</strong></span> <span class='ocrx_word' id='word_1_720' title='bbox 2539 3435 2630 3488; x_wconf 86' lang='lat' dir='ltr'><strong>pro</strong></span> <span class='ocrx_word' id='word_1_721' title='bbox 2660 3419 2848 3488; x_wconf 65' lang='lat' dir='ltr'><strong>populi)</strong></span> <span class='ocrx_word' id='word_1_722' title='bbox 2883 3417 2971 3487; x_wconf 83' lang='lat' dir='ltr'><strong>qui</strong></span> <span class='ocrx_word' id='word_1_723' title='bbox 2997 3433 3030 3470; x_wconf 90' lang='lat' dir='ltr'><strong>a</strong></span> <span class='ocrx_word' id='word_1_724' title='bbox 3053 3419 3239 3472; x_wconf 85' lang='lat' dir='ltr'><strong>sanctis</strong></span> <span class='ocrx_word' id='word_1_725' title='bbox 3267 3417 3415 3489; x_wconf 87' lang='lat' dir='ltr'><strong>longe</strong></span> <span class='ocrx_word' id='word_1_726' title='bbox 3437 3419 3524 3484; x_wconf 77' lang='lat' dir='ltr'><strong>[a-</strong></span> 
     </span>
    </p>
   </div>
   <div class='ocr_carea' id='block_1_95' title="bbox 1940 3511 3527 3586">
    <p class='ocr_par' dir='ltr' id='par_1_95' title="bbox 1940 3511 3527 3586">
     <span class='ocr_line' id='line_1_95' title="bbox 1940 3511 3527 3586; baseline -0.005 -15"><span class='ocrx_word' id='word_1_727' title='bbox 1940 3527 2049 3571; x_wconf 88' lang='lat' dir='ltr'><strong>ctus</strong></span> <span class='ocrx_word' id='word_1_728' title='bbox 2070 3525 2161 3582; x_wconf 88' lang='lat' dir='ltr'><strong>est,</strong></span> <span class='ocrx_word' id='word_1_729' title='bbox 2190 3515 2290 3586; x_wconf 87' lang='lat' dir='ltr'><strong>ipsi</strong></span> <span class='ocrx_word' id='word_1_730' title='bbox 2320 3513 2483 3566; x_wconf 72' lang='lat' dir='ltr'><strong>David</strong></span> <span class='ocrx_word' id='word_1_731' title='bbox 2510 3514 2562 3565; x_wconf 90' lang='lat' dir='ltr'><strong>in</strong></span> <span class='ocrx_word' id='word_1_732' title='bbox 2586 3513 2718 3564; x_wconf 85' lang='lat' dir='ltr'><strong>tituli</strong></span> <span class='ocrx_word' id='word_1_733' title='bbox 2759 3511 3156 3581; x_wconf 86' lang='lat' dir='ltr'><strong>inscriptionem,</strong></span> <span class='ocrx_word' id='word_1_734' title='bbox 3199 3527 3313 3563; x_wconf 86' lang='lat' dir='ltr'><strong>cum</strong></span> <span class='ocrx_word' id='word_1_735' title='bbox 3353 3519 3527 3564; x_wconf 82' lang='lat' dir='ltr'><strong>tenue-</strong></span> 
     </span>
    </p>
   </div>
   <div class='ocr_carea' id='block_1_96' title="bbox 1941 3604 3527 3677">
    <p class='ocr_par' dir='ltr' id='par_1_96' title="bbox 1941 3604 3527 3677">
     <span class='ocr_line' id='line_1_96' title="bbox 1941 3604 3527 3677; baseline -0.009 -13"><span class='ocrx_word' id='word_1_736' title='bbox 1941 3621 2058 3664; x_wconf 86' lang='lat' dir='ltr'><strong>runt</strong></span> <span class='ocrx_word' id='word_1_737' title='bbox 2083 3626 2194 3663; x_wconf 86' lang='lat' dir='ltr'><strong>eum</strong></span> <span class='ocrx_word' id='word_1_738' title='bbox 2222 3607 2482 3677; x_wconf 80' lang='lat' dir='ltr'><strong>Allophyli</strong></span> <span class='ocrx_word' id='word_1_739' title='bbox 2519 3606 2570 3659; x_wconf 89' lang='lat' dir='ltr'><strong>in</strong></span> <span class='ocrx_word' id='word_1_740' title='bbox 2609 3604 2757 3659; x_wconf 84' lang='lat' dir='ltr'><strong>Geth.</strong></span> <span class='ocrx_word' id='word_1_741' title='bbox 2792 3605 3156 3672; x_wconf 81' lang='lat' dir='ltr'><strong>Aguoscamus</strong></span> <span class='ocrx_word' id='word_1_742' title='bbox 3194 3618 3324 3674; x_wconf 80' lang='lat' dir='ltr'><strong>ergo</strong></span> <span class='ocrx_word' id='word_1_743' title='bbox 3353 3619 3527 3673; x_wconf 84' lang='lat' dir='ltr'><strong>pepu-</strong></span> 
     </span>
    </p>
   </div>
   <div class='ocr_carea' id='block_1_97' title="bbox 1943 3698 3531 3776">
    <p class='ocr_par' dir='ltr' id='par_1_97' title="bbox 1943 3698 3531 3776">
     <span class='ocr_line' id='line_1_97' title="bbox 1943 3698 3531 3776; baseline -0.004 -18"><span class='ocrx_word' id='word_1_744' title='bbox 1943 3706 2049 3759; x_wconf 93' lang='lat' dir='ltr'><strong>lum</strong></span> <span class='ocrx_word' id='word_1_745' title='bbox 2080 3705 2167 3776; x_wconf 85' lang='lat' dir='ltr'><strong>qui</strong></span> <span class='ocrx_word' id='word_1_746' title='bbox 2188 3704 2337 3775; x_wconf 84' lang='lat' dir='ltr'><strong>longe</strong></span> <span class='ocrx_word' id='word_1_747' title='bbox 2362 3706 2527 3772; x_wconf 76' lang='lat' dir='ltr'><strong>factus</strong></span> <span class='ocrx_word' id='word_1_748' title='bbox 2543 3710 2613 3753; x_wconf 86' lang='lat' dir='ltr'><strong>est</strong></span> <span class='ocrx_word' id='word_1_749' title='bbox 2640 3717 2673 3752; x_wconf 89' lang='lat' dir='ltr'><strong>a</strong></span> <span class='ocrx_word' id='word_1_750' title='bbox 2692 3700 2878 3753; x_wconf 84' lang='lat' dir='ltr'><strong>sanctis</strong></span> <span class='ocrx_word' id='word_1_751' title='bbox 2904 3700 2955 3751; x_wconf 91' lang='lat' dir='ltr'><strong>in</strong></span> <span class='ocrx_word' id='word_1_752' title='bbox 2977 3698 3108 3775; x_wconf 80' lang='lat' dir='ltr'><strong>tituli</strong></span> <span class='ocrx_word' id='word_1_753' title='bbox 3127 3698 3531 3768; x_wconf 81' lang='lat' dir='ltr'><strong>inscriptionem.</strong></span> 
     </span>
    </p>
   </div>
   <div class='ocr_carea' id='block_1_98' title="bbox 1944 3772 3531 3860">
    <p class='ocr_par' dir='ltr' id='par_1_98' title="bbox 1944 3772 3531 3860">
     <span class='ocr_line' id='line_1_98' title="bbox 1944 3772 3531 3860; baseline -0.004 -9"><span class='ocrx_word' id='word_1_754' title='bbox 1944 3797 2183 3851; x_wconf 86' lang='lat' dir='ltr'><strong>Pertinet</strong></span> <span class='ocrx_word' id='word_1_755' title='bbox 2214 3794 2315 3848; x_wconf 88' lang='lat' dir='ltr'><strong>hoc</strong></span> <span class='ocrx_word' id='word_1_756' title='bbox 2337 3793 2480 3847; x_wconf 89' lang='lat' dir='ltr'><strong>enim</strong></span> <span class='ocrx_word' id='word_1_757' title='bbox 2513 3791 2577 3845; x_wconf 91' lang='lat' dir='ltr'><strong>ad</strong></span> <span class='ocrx_word' id='word_1_758' title='bbox 2608 3791 2779 3860; x_wconf 85' lang='lat' dir='ltr'><strong>ipsum</strong></span> <span class='ocrx_word' id='word_1_759' title='bbox 2815 3789 2998 3853; x_wconf 84' lang='lat' dir='ltr'><strong>David,</strong></span> <span class='ocrx_word' id='word_1_760' title='bbox 3039 3772 3195 3859; x_wconf 87' lang='lat' dir='ltr'><strong>quem</strong></span> <span class='ocrx_word' id='word_1_761' title='bbox 3223 3772 3332 3858; x_wconf 72' lang='lat' dir='ltr'><strong>iam</strong></span> <span class='ocrx_word' id='word_1_762' title='bbox 3364 3791 3531 3844; x_wconf 89' lang='lat' dir='ltr'><strong>nostis</strong></span> 
     </span>
    </p>
   </div>
   <div class='ocr_carea' id='block_1_99' title="bbox 1948 3881 3533 3957">
    <p class='ocr_par' dir='ltr' id='par_1_99' title="bbox 1948 3881 3533 3957">
     <span class='ocr_line' id='line_1_99' title="bbox 1948 3881 3533 3957; baseline -0.005 -14"><span class='ocrx_word' id='word_1_763' title='bbox 1948 3890 2242 3957; x_wconf 75' lang='lat' dir='ltr'><strong>intelligere</strong></span> <span class='ocrx_word' id='word_1_764' title='bbox 2293 3885 2635 3953; x_wconf 87' lang='lat' dir='ltr'><strong>spiritualiter</strong></span> <span class='ocrx_word' id='word_1_765' title='bbox 2673 3899 2688 3937; x_wconf 87' lang='lat'>:</span> <span class='ocrx_word' id='word_1_766' title='bbox 2722 3885 2912 3950; x_wconf 82' lang='lat' dir='ltr'><strong>neque</strong></span> <span class='ocrx_word' id='word_1_767' title='bbox 2951 3883 3091 3935; x_wconf 90' lang='lat' dir='ltr'><strong>enim</strong></span> <span class='ocrx_word' id='word_1_768' title='bbox 3128 3881 3533 3935; x_wconf 86' lang='lat' dir='ltr'><strong>commendatur</strong></span> 
     </span>
    </p>
   </div>
   <div class='ocr_carea' id='block_1_100' title="bbox 1949 3970 3534 4044">
    <p class='ocr_par' dir='ltr' id='par_1_100' title="bbox 1949 3970 3534 4044">
     <span class='ocr_line' id='line_1_100' title="bbox 1949 3970 3534 4044; baseline -0.004 -12"><span class='ocrx_word' id='word_1_769' title='bbox 1949 3980 2102 4036; x_wconf 80' lang='lat' dir='ltr'><strong>nobis</strong></span> <span class='ocrx_word' id='word_1_770' title='bbox 2131 3978 2227 4031; x_wconf 76' lang='lat' dir='ltr'><strong>nisi</strong></span> <span class='ocrx_word' id='word_1_771' title='bbox 2266 3977 2354 4030; x_wconf 91' lang='lat' dir='ltr'><strong>ille</strong></span> <span class='ocrx_word' id='word_1_772' title='bbox 2381 3975 2446 4028; x_wconf 85' lang='lat' dir='ltr'><strong>de</strong></span> <span class='ocrx_word' id='word_1_773' title='bbox 2472 3989 2577 4044; x_wconf 86' lang='lat' dir='ltr'><strong>quo</strong></span> <span class='ocrx_word' id='word_1_774' title='bbox 2602 3974 2799 4028; x_wconf 88' lang='lat' dir='ltr'><strong>dictum</strong></span> <span class='ocrx_word' id='word_1_775' title='bbox 2828 3982 2928 4039; x_wconf 86' lang='lat' dir='ltr'><strong>est,</strong></span> <span class='ocrx_word' id='word_1_776' title='bbox 2963 3970 3108 4026; x_wconf 84' lang='lat' dir='ltr'><strong>Finis</strong></span> <span class='ocrx_word' id='word_1_777' title='bbox 3128 3971 3278 4041; x_wconf 87' lang='lat' dir='ltr'><strong>Legis</strong></span> <span class='ocrx_word' id='word_1_778' title='bbox 3303 3971 3534 4026; x_wconf 80' lang='lat' dir='ltr'><strong>Christus</strong></span> 
     </span>
    </p>
   </div>
   <div class='ocr_carea' id='block_1_101' title="bbox 1950 4061 3534 4142">
    <p class='ocr_par' dir='ltr' id='par_1_101' title="bbox 1950 4061 3534 4142">
     <span class='ocr_line' id='line_1_101' title="bbox 1950 4061 3534 4142; baseline -0.006 -17"><span class='ocrx_word' id='word_1_779' title='bbox 1950 4073 2016 4125; x_wconf 87' lang='lat' dir='ltr'><strong>ad</strong></span> <span class='ocrx_word' id='word_1_780' title='bbox 2046 4071 2304 4142; x_wconf 81' lang='lat' dir='ltr'><strong>justitiam</strong></span> <span class='ocrx_word' id='word_1_781' title='bbox 2347 4069 2482 4120; x_wconf 78' lang='lat' dir='ltr'><strong>omni</strong></span> <span class='ocrx_word' id='word_1_782' title='bbox 2520 4066 2743 4119; x_wconf 87' lang='lat' dir='ltr'><strong>credenti</strong></span> <span class='ocrx_word' id='word_1_783' title='bbox 2780 4064 2960 4137; x_wconf 80' lang='lat' dir='ltr'><strong>(Rom.</strong></span> <span class='ocrx_word' id='word_1_784' title='bbox 2993 4081 3048 4128; x_wconf 73' lang='grc' dir='ltr'><strong>ι,</strong></span> <span class='ocrx_word' id='word_1_785' title='bbox 3077 4061 3153 4136; x_wconf 73' lang='grc'><strong>4).</strong></span> <span class='ocrx_word' id='word_1_786' title='bbox 3189 4062 3440 4133; x_wconf 70' lang='grc' dir='ltr'><strong>Ετςο.’1η</strong></span> <span class='ocrx_word' id='word_1_787' title='bbox 3467 4066 3534 4132; x_wconf 77' lang='lat' dir='ltr'><strong>ﬁ-</strong></span> 
     </span>
    </p>
   </div>
   <div class='ocr_carea' id='block_1_102' title="bbox 1950 4155 3537 4229">
    <p class='ocr_par' dir='ltr' id='par_1_102' title="bbox 1950 4155 3537 4229">
     <span class='ocr_line' id='line_1_102' title="bbox 1950 4155 3537 4229; baseline -0.006 -11"><span class='ocrx_word' id='word_1_788' title='bbox 1950 4181 2084 4229; x_wconf 89' lang='lat' dir='ltr'><strong>nem,</strong></span> <span class='ocrx_word' id='word_1_789' title='bbox 2127 4177 2248 4218; x_wconf 92' lang='lat' dir='ltr'><strong>cum</strong></span> <span class='ocrx_word' id='word_1_790' title='bbox 2275 4160 2446 4223; x_wconf 85' lang='lat' dir='ltr'><strong>audis,</strong></span> <span class='ocrx_word' id='word_1_791' title='bbox 2496 4159 2547 4211; x_wconf 91' lang='lat' dir='ltr'><strong>in</strong></span> <span class='ocrx_word' id='word_1_792' title='bbox 2575 4157 2856 4212; x_wconf 85' lang='lat' dir='ltr'><strong>Christum</strong></span> <span class='ocrx_word' id='word_1_793' title='bbox 2887 4155 3122 4216; x_wconf 85' lang='lat' dir='ltr'><strong>intende.</strong></span> <span class='ocrx_word' id='word_1_794' title='bbox 3147 4171 3214 4208; x_wconf 90' lang='lat' dir='ltr'><strong>ne</strong></span> <span class='ocrx_word' id='word_1_795' title='bbox 3244 4157 3295 4208; x_wconf 92' lang='lat' dir='ltr'><strong>in</strong></span> <span class='ocrx_word' id='word_1_796' title='bbox 3342 4155 3422 4208; x_wconf 88' lang='lat' dir='ltr'><strong>via</strong></span> <span class='ocrx_word' id='word_1_797' title='bbox 3452 4170 3537 4209; x_wconf 79' lang='lat' dir='ltr'><strong>re-</strong></span> 
     </span>
    </p>
   </div>
   <div class='ocr_carea' id='block_1_103' title="bbox 1952 4248 3536 4322">
    <p class='ocr_par' dir='ltr' id='par_1_103' title="bbox 1952 4248 3536 4322">
     <span class='ocr_line' id='line_1_103' title="bbox 1952 4248 3536 4322; baseline -0.007 -10"><span class='ocrx_word' id='word_1_798' title='bbox 1952 4257 2217 4312; x_wconf 88' lang='lat' dir='ltr'><strong>manendo</strong></span> <span class='ocrx_word' id='word_1_799' title='bbox 2245 4271 2347 4308; x_wconf 91' lang='lat' dir='ltr'><strong>non</strong></span> <span class='ocrx_word' id='word_1_800' title='bbox 2379 4252 2654 4322; x_wconf 84' lang='lat' dir='ltr'><strong>pervenias</strong></span> <span class='ocrx_word' id='word_1_801' title='bbox 2677 4251 2740 4304; x_wconf 90' lang='lat' dir='ltr'><strong>ad</strong></span> <span class='ocrx_word' id='word_1_802' title='bbox 2772 4249 2950 4303; x_wconf 87' lang='lat' dir='ltr'><strong>linem.</strong></span> <span class='ocrx_word' id='word_1_803' title='bbox 2975 4248 3241 4318; x_wconf 88' lang='lat' dir='ltr'><strong>Quidquid</strong></span> <span class='ocrx_word' id='word_1_804' title='bbox 3263 4249 3404 4305; x_wconf 90' lang='lat' dir='ltr'><strong>enim</strong></span> <span class='ocrx_word' id='word_1_805' title='bbox 3431 4257 3536 4311; x_wconf 87' lang='lat' dir='ltr'><strong>est,</strong></span> 
     </span>
    </p>
   </div>
   <div class='ocr_carea' id='block_1_104' title="bbox 1954 4341 3534 4411">
    <p class='ocr_par' dir='ltr' id='par_1_104' title="bbox 1954 4341 3534 4411">
     <span class='ocr_line' id='line_1_104' title="bbox 1954 4341 3534 4411; baseline -0.006 -6"><span class='ocrx_word' id='word_1_806' title='bbox 1954 4351 2041 4405; x_wconf 92' lang='lat' dir='ltr'><strong>ubi</strong></span> <span class='ocrx_word' id='word_1_807' title='bbox 2084 4349 2218 4402; x_wconf 89' lang='lat' dir='ltr'><strong>inl&#39;ra</strong></span> <span class='ocrx_word' id='word_1_808' title='bbox 2246 4346 2478 4408; x_wconf 76' lang='lat' dir='ltr'><strong>steteris,</strong></span> <span class='ocrx_word' id='word_1_809' title='bbox 2505 4353 2786 4411; x_wconf 87' lang='lat' dir='ltr'><strong>antequam</strong></span> <span class='ocrx_word' id='word_1_810' title='bbox 2832 4341 2897 4394; x_wconf 89' lang='lat' dir='ltr'><strong>ad</strong></span> <span class='ocrx_word' id='word_1_811' title='bbox 2939 4341 3208 4394; x_wconf 87' lang='lat' dir='ltr'><strong>Christum</strong></span> <span class='ocrx_word' id='word_1_812' title='bbox 3237 4341 3534 4410; x_wconf 87' lang='lat' dir='ltr'><strong>pervenias,</strong></span> 
     </span>
    </p>
   </div>
   <div class='ocr_carea' id='block_1_105' title="bbox 1955 4433 3538 4514">
    <p class='ocr_par' dir='ltr' id='par_1_105' title="bbox 1955 4433 3538 4514">
     <span class='ocr_line' id='line_1_105' title="bbox 1955 4433 3538 4514; baseline -0.007 -16"><span class='ocrx_word' id='word_1_813' title='bbox 1955 4441 2084 4498; x_wconf 87' lang='lat' dir='ltr'><strong>nihil</strong></span> <span class='ocrx_word' id='word_1_814' title='bbox 2117 4438 2375 4514; x_wconf 85' lang='lat' dir='ltr'><strong>tibialiud</strong></span> <span class='ocrx_word' id='word_1_815' title='bbox 2405 4438 2612 4491; x_wconf 84' lang='lat' dir='ltr'><strong>divinus</strong></span> <span class='ocrx_word' id='word_1_816' title='bbox 2639 4450 2815 4489; x_wconf 89' lang='lat' dir='ltr'><strong>sermo</strong></span> <span class='ocrx_word' id='word_1_817' title='bbox 2839 4434 2987 4498; x_wconf 89' lang='lat' dir='ltr'><strong>dicit,</strong></span> <span class='ocrx_word' id='word_1_818' title='bbox 3012 4434 3134 4493; x_wconf 85' lang='lat' dir='ltr'><strong>nisi,</strong></span> <span class='ocrx_word' id='word_1_819' title='bbox 3161 4433 3390 4496; x_wconf 84' lang='lat' dir='ltr'><strong>Accede,</strong></span> <span class='ocrx_word' id='word_1_820' title='bbox 3416 4449 3538 4488; x_wconf 86' lang='lat' dir='ltr'><strong>nou-</strong></span> 
     </span>
    </p>
   </div>
   <div class='ocr_carea' id='block_1_106' title="bbox 1955 4523 3540 4592">
    <p class='ocr_par' dir='ltr' id='par_1_106' title="bbox 1955 4523 3540 4592">
     <span class='ocr_line' id='line_1_106' title="bbox 1955 4523 3540 4592; baseline -0.006 -4"><span class='ocrx_word' id='word_1_821' title='bbox 1955 4534 2079 4589; x_wconf 89' lang='lat' dir='ltr'><strong>dum</strong></span> <span class='ocrx_word' id='word_1_822' title='bbox 2109 4540 2190 4586; x_wconf 92' lang='lat' dir='ltr'><strong>est</strong></span> <span class='ocrx_word' id='word_1_823' title='bbox 2213 4530 2357 4583; x_wconf 89' lang='lat' dir='ltr'><strong>locus</strong></span> <span class='ocrx_word' id='word_1_824' title='bbox 2389 4528 2474 4582; x_wconf 83' lang='lat' dir='ltr'><strong>ubi</strong></span> <span class='ocrx_word' id='word_1_825' title='bbox 2501 4525 2758 4581; x_wconf 88' lang='lat' dir='ltr'><strong>securitas</strong></span> <span class='ocrx_word' id='word_1_826' title='bbox 2787 4524 2876 4577; x_wconf 92' lang='lat' dir='ltr'><strong>sit.</strong></span> <span class='ocrx_word' id='word_1_827' title='bbox 2913 4523 3010 4579; x_wconf 86' lang='lat' dir='ltr'><strong>Est</strong></span> <span class='ocrx_word' id='word_1_828' title='bbox 3035 4523 3247 4592; x_wconf 85' lang='lat' dir='ltr'><strong>quidam</strong></span> <span class='ocrx_word' id='word_1_829' title='bbox 3277 4523 3426 4577; x_wconf 87' lang='lat' dir='ltr'><strong>locus</strong></span> <span class='ocrx_word' id='word_1_830' title='bbox 3453 4524 3540 4578; x_wconf 83' lang='lat' dir='ltr'><strong>ubi</strong></span> 
     </span>
    </p>
   </div>
   <div class='ocr_carea' id='block_1_107' title="bbox 1957 4615 3542 4686">
    <p class='ocr_par' dir='ltr' id='par_1_107' title="bbox 1957 4615 3542 4686">
     <span class='ocr_line' id='line_1_107' title="bbox 1957 4615 3542 4686; baseline -0.011 -3"><span class='ocrx_word' id='word_1_831' title='bbox 1957 4626 2117 4683; x_wconf 87' lang='lat' dir='ltr'><strong>statio</strong></span> <span class='ocrx_word' id='word_1_832' title='bbox 2157 4621 2409 4678; x_wconf 81' lang='lat' dir='ltr'><strong>ﬁdissima</strong></span> <span class='ocrx_word' id='word_1_833' title='bbox 2438 4619 2756 4680; x_wconf 83' lang='lat' dir='ltr'><strong>collocatur;</strong></span> <span class='ocrx_word' id='word_1_834' title='bbox 2785 4623 2868 4671; x_wconf 89' lang='lat' dir='ltr'><strong>est</strong></span> <span class='ocrx_word' id='word_1_835' title='bbox 2890 4615 3130 4686; x_wconf 62' lang='lat' dir='ltr'><strong>quoidam</strong></span> <span class='ocrx_word' id='word_1_836' title='bbox 3153 4625 3301 4685; x_wconf 85' lang='lat' dir='ltr'><strong>pelra</strong></span> <span class='ocrx_word' id='word_1_837' title='bbox 3331 4615 3417 4669; x_wconf 91' lang='lat' dir='ltr'><strong>ubi</strong></span> <span class='ocrx_word' id='word_1_838' title='bbox 3447 4617 3542 4670; x_wconf 79' lang='lat' dir='ltr'><strong>do-</strong></span> 
     </span>
    </p>
   </div>
   <div class='ocr_carea' id='block_1_108' title="bbox 1960 4708 3544 4781">
    <p class='ocr_par' dir='ltr' id='par_1_108' title="bbox 1960 4708 3544 4781">
     <span class='ocr_line' id='line_1_108' title="bbox 1960 4708 3544 4781; baseline -0.007 -7"><span class='ocrx_word' id='word_1_839' title='bbox 1960 4738 2077 4774; x_wconf 84' lang='lat' dir='ltr'><strong>mus</strong></span> <span class='ocrx_word' id='word_1_840' title='bbox 2105 4732 2289 4772; x_wconf 86' lang='lat' dir='ltr'><strong>secura</strong></span> <span class='ocrx_word' id='word_1_841' title='bbox 2328 4713 2617 4781; x_wconf 57' lang='lat' dir='ltr'><strong>consurgit,</strong></span> <span class='ocrx_word' id='word_1_842' title='bbox 2662 4719 2718 4762; x_wconf 92' lang='lat' dir='ltr'><strong>ut</strong></span> <span class='ocrx_word' id='word_1_843' title='bbox 2758 4725 2862 4764; x_wconf 93' lang='lat' dir='ltr'><strong>non</strong></span> <span class='ocrx_word' id='word_1_844' title='bbox 2911 4718 3111 4762; x_wconf 88' lang='lat' dir='ltr'><strong>metuat</strong></span> <span class='ocrx_word' id='word_1_845' title='bbox 3156 4708 3378 4763; x_wconf 90' lang='lat' dir='ltr'><strong>imbrem</strong></span> <span class='ocrx_word' id='word_1_846' title='bbox 3410 4718 3544 4764; x_wconf 84' lang='lat' dir='ltr'><strong>tem-</strong></span> 
     </span>
    </p>
   </div>
   <div class='ocr_carea' id='block_1_109' title="bbox 1960 4800 3542 4884">
    <p class='ocr_par' dir='ltr' id='par_1_109' title="bbox 1960 4800 3542 4884">
     <span class='ocr_line' id='line_1_109' title="bbox 1960 4800 3542 4884; baseline -0.009 -16"><span class='ocrx_word' id='word_1_847' title='bbox 1960 4814 2196 4884; x_wconf 85' lang='lat' dir='ltr'><strong>pestatis.</strong></span> <span class='ocrx_word' id='word_1_848' title='bbox 2229 4808 2468 4862; x_wconf 85' lang='lat' dir='ltr'><strong>Flumina</strong></span> <span class='ocrx_word' id='word_1_849' title='bbox 2510 4803 2651 4858; x_wconf 91' lang='lat' dir='ltr'><strong>enim</strong></span> <span class='ocrx_word' id='word_1_850' title='bbox 2682 4804 3018 4871; x_wconf 85' lang='lat' dir='ltr'><strong>impegerunt</strong></span> <span class='ocrx_word' id='word_1_851' title='bbox 3045 4801 3094 4852; x_wconf 91' lang='lat' dir='ltr'><strong>in</strong></span> <span class='ocrx_word' id='word_1_852' title='bbox 3122 4800 3337 4854; x_wconf 89' lang='lat' dir='ltr'><strong>domum</strong></span> <span class='ocrx_word' id='word_1_853' title='bbox 3377 4800 3542 4865; x_wconf 88' lang='lat' dir='ltr'><strong>illam,</strong></span> 
     </span>
    </p>
   </div>
   <div class='ocr_carea' id='block_1_110' title="bbox 1961 4892 3546 4963">
    <p class='ocr_par' dir='ltr' id='par_1_110' title="bbox 1961 4892 3546 4963">
     <span class='ocr_line' id='line_1_110' title="bbox 1961 4892 3546 4963; baseline -0.01 0"><span class='ocrx_word' id='word_1_854' title='bbox 1961 4918 2015 4963; x_wconf 92' lang='lat' dir='ltr'><strong>et</strong></span> <span class='ocrx_word' id='word_1_855' title='bbox 2035 4922 2139 4961; x_wconf 93' lang='lat' dir='ltr'><strong>non</strong></span> <span class='ocrx_word' id='word_1_856' title='bbox 2157 4903 2377 4962; x_wconf 81' lang='lat' dir='ltr'><strong>cecidit;</strong></span> <span class='ocrx_word' id='word_1_857' title='bbox 2396 4899 2607 4951; x_wconf 83' lang='lat' dir='ltr'><strong>fundata</strong></span> <span class='ocrx_word' id='word_1_858' title='bbox 2637 4897 2777 4950; x_wconf 90' lang='lat' dir='ltr'><strong>enim</strong></span> <span class='ocrx_word' id='word_1_859' title='bbox 2797 4905 2909 4948; x_wconf 88' lang='lat' dir='ltr'><strong>erat</strong></span> <span class='ocrx_word' id='word_1_860' title='bbox 2935 4907 3092 4962; x_wconf 86' lang='lat' dir='ltr'><strong>supra</strong></span> <span class='ocrx_word' id='word_1_861' title='bbox 3117 4903 3314 4961; x_wconf 90' lang='lat' dir='ltr'><strong>petram</strong></span> <span class='ocrx_word' id='word_1_862' title='bbox 3331 4892 3546 4963; x_wconf 80' lang='lat' dir='ltr'><strong>(Matth.</strong></span> 
     </span>
    </p>
   </div>
   <div class='ocr_carea' id='block_1_111' title="bbox 1963 4984 3547 5067">
    <p class='ocr_par' dir='ltr' id='par_1_111' title="bbox 1963 4984 3547 5067">
     <span class='ocr_line' id='line_1_111' title="bbox 1963 4984 3547 5067; baseline -0.009 -12"><span class='ocrx_word' id='word_1_863' title='bbox 1963 5018 2054 5064; x_wconf 84' lang='lat' dir='ltr'><strong>vn,</strong></span> <span class='ocrx_word' id='word_1_864' title='bbox 2084 4997 2176 5067; x_wconf 68' lang='lat'><strong>25)</strong></span> <span class='ocrx_word' id='word_1_865' title='bbox 2215 5015 2228 5050; x_wconf 92' lang='lat'><strong>:</strong></span> <span class='ocrx_word' id='word_1_866' title='bbox 2259 4995 2415 5050; x_wconf 79' lang='lat' dir='ltr'><strong>Petra</strong></span> <span class='ocrx_word' id='word_1_867' title='bbox 2440 5000 2608 5044; x_wconf 87' lang='lat' dir='ltr'><strong>autem</strong></span> <span class='ocrx_word' id='word_1_868' title='bbox 2647 4997 2752 5041; x_wconf 91' lang='lat' dir='ltr'><strong>erat</strong></span> <span class='ocrx_word' id='word_1_869' title='bbox 2779 4987 3007 5040; x_wconf 80' lang='lat' dir='ltr'><strong>Christus</strong></span> <span class='ocrx_word' id='word_1_870' title='bbox 3037 4984 3078 5055; x_wconf 95' lang='grc'>(1</span> <span class='ocrx_word' id='word_1_871' title='bbox 3107 4986 3224 5038; x_wconf 85' lang='lat' dir='ltr'><strong>Cor.</strong></span> <span class='ocrx_word' id='word_1_872' title='bbox 3255 4985 3418 5053; x_wconf 57' lang='lat' dir='ltr'><strong>sui).</strong></span> <span class='ocrx_word' id='word_1_873' title='bbox 3439 4986 3547 5040; x_wconf 85' lang='lat' dir='ltr'><strong>Sub</strong></span> 
     </span>
    </p>
   </div>
   <div class='ocr_carea' id='block_1_112' title="bbox 1965 5066 3550 5147">
    <p class='ocr_par' dir='ltr' id='par_1_112' title="bbox 1965 5066 3550 5147">
     <span class='ocr_line' id='line_1_112' title="bbox 1965 5066 3550 5147; baseline -0.012 0"><span class='ocrx_word' id='word_1_874' title='bbox 1965 5066 2182 5147; x_wconf 88' lang='lat' dir='ltr'><strong>nomine</strong></span> <span class='ocrx_word' id='word_1_875' title='bbox 2218 5082 2378 5138; x_wconf 78' lang='lat' dir='ltr'><strong>David</strong></span> <span class='ocrx_word' id='word_1_876' title='bbox 2406 5081 2649 5134; x_wconf 84' lang='lat' dir='ltr'><strong>Christus</strong></span> <span class='ocrx_word' id='word_1_877' title='bbox 2680 5077 2934 5146; x_wconf 77' lang='lat' dir='ltr'><strong>ﬁguratur</strong></span> <span class='ocrx_word' id='word_1_878' title='bbox 2964 5077 3018 5138; x_wconf 84' lang='grc'><strong>²;</strong></span> <span class='ocrx_word' id='word_1_879' title='bbox 3053 5075 3176 5144; x_wconf 84' lang='lat' dir='ltr'><strong>quia</strong></span> <span class='ocrx_word' id='word_1_880' title='bbox 3219 5066 3286 5130; x_wconf 76' lang='lat' dir='ltr'><strong>de</strong></span> <span class='ocrx_word' id='word_1_881' title='bbox 3331 5075 3420 5128; x_wconf 91' lang='lat' dir='ltr'><strong>illo</strong></span> <span class='ocrx_word' id='word_1_882' title='bbox 3465 5075 3550 5128; x_wconf 86' lang='lat' dir='ltr'><strong>di-</strong></span> 
     </span>
    </p>
   </div>
   <div class='ocr_carea' id='block_1_113' title="bbox 1965 5163 3552 5244">
    <p class='ocr_par' dir='ltr' id='par_1_113' title="bbox 1965 5163 3552 5244">
     <span class='ocr_line' id='line_1_113' title="bbox 1965 5163 3552 5244; baseline -0.013 -7"><span class='ocrx_word' id='word_1_883' title='bbox 1965 5191 2108 5237; x_wconf 90' lang='lat' dir='ltr'><strong>ctum</strong></span> <span class='ocrx_word' id='word_1_884' title='bbox 2135 5186 2217 5232; x_wconf 87' lang='lat' dir='ltr'><strong>est</strong></span> <span class='ocrx_word' id='word_1_885' title='bbox 2243 5194 2256 5230; x_wconf 88' lang='lat'>:</span> <span class='ocrx_word' id='word_1_886' title='bbox 2284 5175 2370 5242; x_wconf 82' lang='lat' dir='ltr'><strong>qui</strong></span> <span class='ocrx_word' id='word_1_887' title='bbox 2395 5173 2558 5244; x_wconf 68' lang='lat' dir='ltr'><strong>[actus</strong></span> <span class='ocrx_word' id='word_1_888' title='bbox 2577 5179 2646 5224; x_wconf 88' lang='lat' dir='ltr'><strong>est</strong></span> <span class='ocrx_word' id='word_1_889' title='bbox 2668 5185 2730 5221; x_wconf 75' lang='lat' dir='ltr'><strong>ex</strong></span> <span class='ocrx_word' id='word_1_890' title='bbox 2748 5166 2934 5221; x_wconf 83' lang='lat' dir='ltr'><strong>semine</strong></span> <span class='ocrx_word' id='word_1_891' title='bbox 2957 5165 3127 5218; x_wconf 78' lang='lat' dir='ltr'><strong>David</strong></span> <span class='ocrx_word' id='word_1_892' title='bbox 3143 5163 3420 5219; x_wconf 81' lang='lat' dir='ltr'><strong>secundum</strong></span> <span class='ocrx_word' id='word_1_893' title='bbox 3441 5181 3552 5217; x_wconf 66' lang='lat' dir='ltr'><strong>car.</strong></span> 
     </span>
    </p>
   </div>
   <div class='ocr_carea' id='block_1_114' title="bbox 1969 5267 2457 5342">
    <p class='ocr_par' dir='ltr' id='par_1_114' title="bbox 1969 5267 2457 5342">
     <span class='ocr_line' id='line_1_114' title="bbox 1969 5267 2457 5342; baseline -0.023 -12"><span class='ocrx_word' id='word_1_894' title='bbox 1969 5287 2082 5331; x_wconf 84' lang='lat' dir='ltr'><strong>nem</strong></span> <span class='ocrx_word' id='word_1_895' title='bbox 2112 5271 2286 5342; x_wconf 78' lang='lat' dir='ltr'><strong>(Rom.</strong></span> <span class='ocrx_word' id='word_1_896' title='bbox 2313 5284 2352 5330; x_wconf 83' lang='grc' dir='ltr'><strong>ι,</strong></span> <span class='ocrx_word' id='word_1_897' title='bbox 2379 5267 2457 5330; x_wconf 75' lang='lat'><strong>3).</strong></span> 
     </span>
    </p>
   </div>
   <div class='ocr_carea' id='block_1_115' title="bbox 2038 5345 3554 5430">
    <p class='ocr_par' dir='ltr' id='par_1_115' title="bbox 2038 5345 3554 5430">
     <span class='ocr_line' id='line_1_115' title="bbox 2038 5345 3554 5430; baseline -0.015 -10"><span class='ocrx_word' id='word_1_898' title='bbox 2038 5366 2095 5420; x_wconf 74' lang='grc'><strong>2.</strong></span> <span class='ocrx_word' id='word_1_899' title='bbox 2139 5362 2268 5430; x_wconf 83' lang='lat' dir='ltr'><strong>Quis</strong></span> <span class='ocrx_word' id='word_1_900' title='bbox 2306 5367 2389 5416; x_wconf 89' lang='lat' dir='ltr'><strong>est</strong></span> <span class='ocrx_word' id='word_1_901' title='bbox 2416 5370 2543 5425; x_wconf 81' lang='lat' dir='ltr'><strong>ergo</strong></span> <span class='ocrx_word' id='word_1_902' title='bbox 2568 5351 2790 5424; x_wconf 88' lang='lat' dir='ltr'><strong>populus</strong></span> <span class='ocrx_word' id='word_1_903' title='bbox 2820 5351 2907 5420; x_wconf 84' lang='lat' dir='ltr'><strong>qui</strong></span> <span class='ocrx_word' id='word_1_904' title='bbox 2940 5350 3088 5419; x_wconf 84' lang='lat' dir='ltr'><strong>longe</strong></span> <span class='ocrx_word' id='word_1_905' title='bbox 3110 5363 3142 5400; x_wconf 87' lang='lat' dir='ltr'><strong>a</strong></span> <span class='ocrx_word' id='word_1_906' title='bbox 3174 5345 3360 5401; x_wconf 84' lang='lat' dir='ltr'><strong>sanctis</strong></span> <span class='ocrx_word' id='word_1_907' title='bbox 3388 5349 3554 5418; x_wconf 78' lang='lat' dir='ltr'><strong>[actus</strong></span> 
     </span>
    </p>
   </div>
   <div class='ocr_carea' id='block_1_116' title="bbox 3324 5520 3556 5569">
    <p class='ocr_par' dir='ltr' id='par_1_116' title="bbox 3324 5520 3556 5569">
     <span class='ocr_line' id='line_1_116' title="bbox 3324 5520 3556 5569; baseline -0.004 0"><span class='ocrx_word' id='word_1_908' title='bbox 3324 5531 3416 5569; x_wconf 73' lang='lat' dir='ltr'><strong>sus</strong></span> <span class='ocrx_word' id='word_1_909' title='bbox 3462 5520 3556 5568; x_wconf 77' lang='lat' dir='ltr'><strong>iste</strong></span> 
     </span>
    </p>
   </div>
   <div class='ocr_carea' id='block_1_117' title="bbox 2036 5524 3430 5592">
    <p class='ocr_par' dir='ltr' id='par_1_117' title="bbox 2036 5524 3430 5592">
     <span class='ocr_line' id='line_1_117' title="bbox 2036 5524 3430 5592; baseline -0.009 -5"><span class='ocrx_word' id='word_1_910' title='bbox 2036 5545 2052 5576; x_wconf 71' lang='grc' dir='ltr'>ί</span> <span class='ocrx_word' id='word_1_911' title='bbox 2089 5546 2207 5592; x_wconf 74' lang='lat' dir='ltr'><strong>Huic</strong></span> <span class='ocrx_word' id='word_1_912' title='bbox 2242 5533 2533 5587; x_wconf 81' lang='lat' dir='ltr'><strong>Enarrationi</strong></span> <span class='ocrx_word' id='word_1_913' title='bbox 2566 5527 2734 5580; x_wconf 83' lang='lat' dir='ltr'><strong>titulus</strong></span> <span class='ocrx_word' id='word_1_914' title='bbox 2773 5528 2826 5592; x_wconf 78' lang='lat' dir='ltr'><strong>in</strong></span> <span class='ocrx_word' id='word_1_915' title='bbox 2856 5524 3024 5592; x_wconf 28' lang='lat' dir='ltr'><strong>Abegit?</strong></span> <span class='ocrx_word' id='word_1_916' title='bbox 3065 5524 3430 5592; x_wconf 49' lang='lat' dir='ltr'><strong>iisjl‘stﬁ</strong></span> 
     </span>
    </p>
   </div>
   <div class='ocr_carea' id='block_1_118' title="bbox 3307 5587 3554 5639">
    <p class='ocr_par' dir='ltr' id='par_1_118' title="bbox 3307 5587 3554 5639">
     <span class='ocr_line' id='line_1_118' title="bbox 3307 5587 3554 5639; baseline -0.012 -9"><span class='ocrx_word' id='word_1_917' title='bbox 3307 5587 3554 5639; x_wconf 76' lang='lat' dir='ltr'><strong>nestum.</strong></span> 
     </span>
    </p>
   </div>
   <div class='ocr_carea' id='block_1_119' title="bbox 1973 5581 3172 5666">
    <p class='ocr_par' dir='ltr' id='par_1_119' title="bbox 1973 5581 3172 5666">
     <span class='ocr_line' id='line_1_119' title="bbox 1973 5581 3172 5666; baseline -0.021 -10"><span class='ocrx_word' id='word_1_918' title='bbox 1973 5617 2051 5658; x_wconf 88' lang='lat' dir='ltr'><strong>est</strong></span> <span class='ocrx_word' id='word_1_919' title='bbox 2073 5581 2762 5666; x_wconf 39' lang='lat' dir='ltr'><strong>carthagineer</strong></span> <span class='ocrx_word' id='word_1_920' title='bbox 2784 5581 2974 5635; x_wconf 70' lang='lat' dir='ltr'><strong>habitus</strong></span> <span class='ocrx_word' id='word_1_921' title='bbox 2996 5585 3046 5635; x_wconf 85' lang='lat' dir='ltr'><strong>in</strong></span> <span class='ocrx_word' id='word_1_922' title='bbox 3070 5581 3172 5633; x_wconf 84' lang='lat' dir='ltr'><strong>basi</strong></span> 
     </span>
    </p>
   </div>
   <div class='ocr_carea' id='block_1_120' title="bbox 1971 5656 2722 5733">
    <p class='ocr_par' dir='ltr' id='par_1_120' title="bbox 1971 5656 2722 5733">
     <span class='ocr_line' id='line_1_120' title="bbox 1971 5656 2722 5733; baseline -0.028 -13"><span class='ocrx_word' id='word_1_923' title='bbox 1971 5656 2096 5733; x_wconf 55' lang='lat' dir='ltr'><strong>{etin</strong></span> <span class='ocrx_word' id='word_1_924' title='bbox 2118 5656 2281 5730; x_wconf 77' lang='lat' dir='ltr'><strong>quinta</strong></span> <span class='ocrx_word' id='word_1_925' title='bbox 2294 5701 2314 5733; x_wconf 86' lang='lat'><strong>,_</strong></span> <span class='ocrx_word' id='word_1_926' title='bbox 2333 5662 2395 5711; x_wconf 89' lang='lat' dir='ltr'><strong>de</strong></span> <span class='ocrx_word' id='word_1_927' title='bbox 2423 5656 2608 5733; x_wconf 50' lang='lat' dir='ltr'><strong>Paulini)</strong></span> 
     </span>
    </p>
   </div>
   <div class='ocr_carea' id='block_1_121' title="bbox 2038 5701 3524 5786">
    <p class='ocr_par' dir='ltr' id='par_1_121' title="bbox 2038 5701 3524 5786">
     <span class='ocr_line' id='line_1_121' title="bbox 2038 5701 3524 5786; baseline -0.021 -5"><span class='ocrx_word' id='word_1_928' title='bbox 2038 5701 2713 5786; x_wconf 43' lang='grc' dir='ltr'><strong>’ωθῗεξῖϊὲἶιῖηῆἇιὶῆξραξσὶἀ</strong></span> <span class='ocrx_word' id='word_1_929' title='bbox 2736 5709 3044 5777; x_wconf 70' lang='lat' dir='ltr'><strong>figuraliter:</strong></span> <span class='ocrx_word' id='word_1_930' title='bbox 3067 5711 3264 5769; x_wconf 85' lang='lat' dir='ltr'><strong>omisso,</strong></span> <span class='ocrx_word' id='word_1_931' title='bbox 3289 5701 3524 5755; x_wconf 67' lang='lat' dir='ltr'><strong>Cln‘istus.</strong></span> 
     </span>
    </p>
   </div>
   <div class='ocr_carea' id='block_1_122' title="bbox 2036 5780 2883 5859">
    <p class='ocr_par' dir='ltr' id='par_1_122' title="bbox 2036 5780 2883 5859">
     <span class='ocr_line' id='line_1_122' title="bbox 2036 5780 2883 5859; baseline -0.027 -14"><span class='ocrx_word' id='word_1_932' title='bbox 2036 5795 2110 5859; x_wconf 82' lang='lat' dir='ltr'><strong>(tt)</strong></span> <span class='ocrx_word' id='word_1_933' title='bbox 2146 5780 2215 5841; x_wconf 71' lang='grc' dir='ltr'><strong>,ω’</strong></span> <span class='ocrx_word' id='word_1_934' title='bbox 2225 5789 2422 5853; x_wconf 85' lang='lat' dir='ltr'><strong>plebem</strong></span> <span class='ocrx_word' id='word_1_935' title='bbox 2442 5780 2883 5856; x_wconf 54' lang='lat' dir='ltr'><strong>armagineusem.</strong></span> 
     </span>
    </p>
   </div>
  </div>
