3968 6326
473 366 545 411 est
575 356 626 408 in
649 352 782 407 tituli
809 345 1222 416 inscriptionem?
1253 344 1366 414 Ipse
1397 342 1580 397 titulus
1620 341 1868 395 ostendat
1912 340 2065 393 nobis

474 446 727 516 populum
772 443 954 497 istum.
987 439 1230 508 Scriptus
1257 447 1339 491 est
1365 436 1510 490 enim
1538 433 1754 505 quidam
1799 432 1984 486 titulus
2011 433 2063 486 in

470 536 738 592 dominica
764 532 1034 605 passione,
1056 529 1268 600 quando
1312 528 1571 581 Dominus
1605 522 1895 579 cruciﬁxus
1923 531 2007 577 est
2045 538 2062 577 :

472 636 590 684 erat
610 626 679 682 ibi
711 625 896 680 titulus
926 622 1234 692 inscriptus,
1262 618 1531 684 hebraice,
1573 632 1769 687 graece,
1796 626 1849 671 et
1878 615 2059 679 latine,

476 720 587 777 Rea:
608 717 948 779 Iudaeorum;
972 715 1144 769 tribus
1163 713 1357 783 linguis
1378 703 1624 781 tanquam
1653 710 1820 764 tribus
1842 709 2065 765 testibus

474 811 661 864 titulus
690 809 1036 878 approbatus,
1065 804 1188 875 quia
1218 805 1269 856 in
1297 818 1392 856 ore
1412 802 1639 855 duorum
1670 800 1754 854 vel
1784 800 1941 853 trium
1980 806 2064 853 te-

475 904 637 958 stium
658 901 818 954 stabit
843 912 1001 952 omne
1027 896 1245 950 verbum
1283 892 1460 965 (Deut.
1492 907 1610 955 ιιι,
1647 891 1755 961 15).
1790 889 1953 944 Istum
1994 889 2063 943 ti-

478 995 644 1048 tulum
673 1007 796 1047 cum
827 990 1081 1061 legissent
1124 986 1313 1046 Judmi,
1359 983 1613 1053 indignati
1657 991 1804 1047 sunt,
1833 992 1885 1036 et
1909 981 2065 1035 dixe-

479 1094 602 1140 runt
626 1084 692 1139 ad
730 1082 994 1137 Pilatum:
1039 1078 1164 1133 Noli
1198 1076 1429 1136 scribere,
1475 1074 1584 1128 Rea:
1620 1072 1949 1136 Jndarorum;
1977 1071 2067 1125 sed

477 1177 595 1249 quia
615 1175 723 1247 ipse
740 1174 869 1228 dixit
899 1188 954 1227 se
986 1187 1153 1243 regem
1181 1185 1286 1224 esse
1307 1167 1626 1222 Jndwornm.
1657 1163 1831 1235 Ipsum
1867 1163 2067 1220 dixisse

476 1270 669 1330 scribe,
694 1266 982 1330 dixerunt;
1016 1278 1121 1317 non
1149 1260 1251 1316 hoc
1276 1274 1397 1315 esse
1438 1257 1580 1329 quod
1620 1258 1773 1313 dixit.
1804 1256 1908 1311 Sed
1940 1255 2063 1326 quia

410 1398 412 1401 -
477 1375 657 1413 verum
696 1366 782 1412 est
824 1357 875 1409 in
906 1355 1014 1409 alio
1048 1353 1271 1423 psalmo,
1323 1349 1390 1404 In
1424 1348 1559 1403 tituli
1588 1348 1972 1419 inscriptionem
2002 1362 2067 1400 ne

472 1467 768 1519 corrumpas
787 1447 960 1518 (Psal.
987 1463 1093 1512 LVI,
1119 1446 1194 1517 ί),
1223 1441 1499 1514 respondit
1526 1441 1743 1503 Pilatus,
1772 1440 1921 1508 Quod
1940 1440 2065 1494 scri-

474 1546 571 1617 psi,
599 1544 783 1613 scripsi
811 1558 832 1596 :
861 1552 1109 1610 tanquam
1133 1537 1341 1602 dicens,
1382 1535 1496 1590 Non
1537 1548 1826 1603 corrumpe
1867 1532 2067 1586 verita-

474 1650 601 1699 tem.
634 1636 734 1691 etsi
764 1650 861 1689 vos
889 1631 1107 1702 diligitis
1142 1628 1443 1683 falsitatem.
1481 1624 1614 1694 Quia
1643 1637 1774 1693 ergo
1806 1624 1857 1677 in
1901 1622 2067 1677 male-

472 1731 619 1787 dicto
646 1729 748 1784 isto
777 1724 1035 1796 indignati
1065 1731 1188 1777 sunt
1207 1718 1399 1782 Judaei,
1428 1718 1689 1782 dicentes,
1715 1712 1828 1769 Nos
1851 1731 1953 1767 non
1974 1714 2066 1767 lm-

474 1825 647 1877 berttus
675 1835 842 1891 regem
875 1816 973 1871 nisi
997 1816 1162 1869 solum
1188 1811 1437 1866 Casuram
1475 1806 1655 1881 (Joan.
1699 1820 1811 1871 xix,
1855 1803 2063 1873 15-22),

473 1914 544 1969 de
587 1912 726 1967 tituli
771 1907 1069 1964 oﬂ'ensione
1102 1905 1259 1973 longe
1287 1900 1412 1956 facti
1442 1908 1621 1953 snnta
1661 1896 1882 1952 sanctis.
1936 1894 2066 1948 Pro-

474 2007 736 2076 pinquent
763 2001 986 2065 sanctis,
1032 2006 1089 2053 et
1115 1995 1512 2066 agglutineutur
1551 1999 1737 2045 sancto
1763 1990 1853 2059 qui
1882 2003 2063 2059 regem

473 2100 745 2157 Christum
784 2101 1082 2167 agnoscunt
1118 2099 1174 2145 et
1210 2087 1409 2143 habere
1447 2084 1830 2153 concupiscunt
1860 2099 1874 2136 :
1906 2081 2066 2150 longe

477 2194 607 2249 liant
654 2205 683 2243 a
725 2187 928 2244 sanctis
970 2184 1059 2255 qui
1089 2179 1520 2237 contradicentes
1563 2175 1717 2230 titulo
1744 2179 2068 2243 respuerant

478 2300 657 2354 regem
702 2280 892 2342 Deum,
938 2286 992 2331 et
1032 2274 1309 2343 elegerunt
1344 2284 1522 2339 regem
1562 2266 1854 2321 hominem.
1879 2263 2065 2320 Omnis

474 2391 606 2448 ergo
636 2372 861 2445 populus
903 2370 1136 2423 lmmano
1176 2378 1343 2433 regno
1380 2361 1697 2425 delectatus,
1728 2372 1987 2427 respuens
2007 2357 2064 2448 in

477 2485 536 2525 se
564 2481 790 2539 regnare
824 2461 1127 2525 Dominum,
1158 2469 1267 2527 quo
1299 2462 1559 2539 regnante
1587 2451 1658 2505 ita
1686 2448 1909 2520 quisque
1938 2447 2066 2502 sub~

475 2536 651 2633 iectus
684 2566 788 2623 est,
837 2564 895 2610 ut
922 2559 1110 2623 regnet
1148 2558 1206 2605 et
1233 2536 1347 2617 ipse
1379 2540 1920 2633 cupiditatibusisuis,
1942 2554 2065 2633 om-

478 2631 562 2709 nis
585 2666 714 2722 ergo
739 2647 968 2720 populus
998 2644 1119 2699 talis
1162 2641 1320 2709 longe
1344 2646 1427 2692 est
1450 2651 1480 2691 a
1511 2633 1732 2691 sanctis.
1760 2632 1938 2688 Nolite
1960 2631 2065 2686 ita-

478 2760 605 2818 que,
634 2743 845 2804 fratres,
869 2738 921 2792 in
948 2735 1078 2791 solis
1104 2730 1303 2788 Judaeis
1333 2729 1434 2783 hoc
1458 2726 1756 2782 advertere.
1775 2724 1912 2818 Data
1940 2730 2068 2778 sunt

478 2816 693 2908 quidem
722 2834 774 2889 in
804 2831 910 2886 illis
938 2827 1090 2900 quasi
1118 2823 1381 2896 primitiva
1402 2818 1665 2889 exempla,
1684 2827 1742 2872 ut
1770 2817 1823 2871 in
1848 2816 1942 2872 illo
1965 2830 2068 2908 pos

479 2907 607 3000 pulo
630 2926 865 2991 eluceret
892 2918 1036 2991 quod
1064 2914 1241 2972 omnis
1274 2913 1435 2968 homo
1468 2918 1705 2967 caveret.
1752 2910 1951 2979 Aperte
1988 2907 2067 2962 illi

478 3034 659 3092 regem
700 3015 973 3071 Christum
1025 3013 1428 3071 recusaverunt,
1481 3012 1538 3057 et
1572 3015 1775 3092 regem
1798 3001 2068 3056 Cmsarem

479 3089 777 3181 elegerunt.
804 3105 903 3159 Est
922 3100 1140 3174 quidem
1164 3107 1220 3153 et
1244 3094 1429 3153 C:esar
1448 3109 1540 3149 rex
1571 3092 1732 3148 homo
1761 3089 2068 3148 hominibus

478 3203 547 3258 ad
572 3201 829 3264 humana,
855 3196 950 3252 sed
983 3194 1122 3249 alius
1146 3206 1241 3247 rex
1269 3197 1354 3247 est
1387 3187 1455 3244 ad
1480 3187 1691 3252 divina;
1715 3185 1854 3241 alius
1879 3200 1974 3241 rex
2000 3185 2069 3241 ad

480 3293 642 3349 vitam
686 3287 1036 3360 temporalem
1067 3326 1084 3351 ,
1132 3284 1268 3339 alius
1312 3280 1379 3336 ad
1435 3289 1736 3344 :cternam;
1793 3278 1929 3332 alius
1973 3292 2069 3332 rex

479 3398 746 3451 terrenus,
777 3383 914 3437 alius
946 3396 1041 3436 rex
1075 3376 1316 3435 etelestis
1346 3393 1362 3432 :
1389 3390 1484 3429 rex
1530 3381 1775 3428 terrenus
1808 3370 1910 3425 sub
1944 3385 2071 3441 rege

478 3478 681 3536 calcati
709 3518 724 3541 ,
753 3490 850 3530 rex
881 3469 1121 3529 caelestis
1157 3481 1321 3536 super
1339 3463 1542 3520 omnia.
1565 3461 1684 3518 Non
1700 3476 1828 3532 ergo
1847 3460 1920 3515 illi
1946 3461 2069 3530 quia

474 3572 728 3627 dixemnt
750 3582 811 3622 se
835 3562 1034 3619 habere
1051 3559 1322 3617 Caesarem
1343 3570 1547 3627 regem,
1570 3560 1951 3625 peccaverunt;
1974 3551 2069 3607 sed

478 3664 604 3738 quia
644 3674 827 3732 regem
870 3656 1146 3713 Christum
1194 3649 1395 3706 habere
1436 3648 1743 3703 noluerunt.
1794 3644 1863 3700 Et
1908 3645 2071 3738 modo

426 3764 429 3766 ’
478 3737 632 3814 inulti
657 3752 930 3808 Christum
977 3759 1158 3817 regem
1194 3745 1246 3797 in
1287 3741 1426 3798 calo
1468 3739 1743 3797 sedentem
1787 3746 1842 3793 et
1874 3737 2071 3806 ubique

480 3857 792 3924 regnantem
823 3843 1022 3900 habere
1061 3841 1253 3895 nolunt
1278 3855 1292 3892 :
1319 3844 1374 3892 et
1402 3834 1503 3905 ipsi
1534 3842 1660 3888 sunt
1690 3832 1781 3901 qui
1818 3830 2072 3924 tribulam

478 3921 599 4000 nos.
628 3940 829 3997 Contra
850 3936 985 3992 tales
1010 3934 1111 3987 iste
1134 3930 1373 4001 psalmus
1392 3925 1677 3982 conﬁrmat
1703 3938 1821 3977 nos.
1837 3921 2071 3977 Necesse

476 4046 564 4095 est
588 4035 731 4091 enim
758 4040 816 4086 nt
842 4030 976 4084 tales
1003 4026 1265 4096 patiamur
1302 4033 1473 4091 usque
1499 4018 1553 4073 in
1580 4014 1739 4071 ﬁnem
1763 4031 1778 4070 :
1802 4028 1937 4085 quos
1964 4028 2069 4069 non

478 4136 785 4199 pateremur
800 4161 816 4186 ,
845 4119 950 4175 nisi
977 4116 1131 4173 nobis
1153 4111 1452 4184 expediret.
1473 4106 1829 4199 Omniscnim
1849 4104 2071 4199 tentatio

480 4195 721 4291 probatio
735 4220 899 4280 est,et
911 4209 1087 4265 omnis
1098 4203 1424 4277 probationis
1436 4200 1659 4259 effectus
1671 4197 1830 4291 habet
1842 4195 2069 4291 fructum

478 4289 807 4377 suum.Quia
836 4303 996 4360 homo
1039 4300 1353 4370 plerumque
1390 4294 1553 4351 etiam
1587 4290 1690 4347 sibi
1716 4290 1815 4360 ipsi
1858 4289 2071 4360 ignotus

476 4412 564 4461 est
590 4418 608 4458 :
634 4399 761 4472 quid
774 4398 926 4461 ferat,
940 4392 1138 4465 quidve
1164 4404 1273 4445 non
1289 4387 1443 4454 ferat,
1455 4389 1692 4472 ignorat;
1714 4392 1769 4439 et
1786 4381 2071 4453 aliquando

477 4468 759 4567 praesumit
798 4502 860 4543 se
896 4485 1040 4541 ferre
1085 4479 1226 4552 quod
1279 4493 1388 4534 non
1443 4468 1642 4547 potest,
1686 4472 2071 4567 etgaliquando

472 4565 728 4655 desperat
753 4594 815 4635 se
841 4590 999 4648 posse
1028 4573 1171 4630 ferre
1188 4570 1329 4642 quod
1357 4577 1533 4639 potest
1566 4585 1581 4624 :
1612 4565 1822 4622 accedit
1847 4565 2071 4621 tentatio

472 4677 632 4750 quasi
654 4669 1023 4741 interrogatio,
1062 4676 1120 4724 et
1151 4662 1420 4721 invenitur
1440 4662 1605 4717 homo
1635 4676 1665 4715 a
1703 4661 1918 4730 seipse;
1947 4659 2070 4729 quia

476 4766 680 4822 latebat
699 4772 756 4819 et
781 4762 1037 4831 seipsum,
1071 4756 1166 4812 sed
1191 4754 1453 4810 artiﬁcem
1471 4769 1578 4808 non
1600 4752 1821 4807 latebat.
1843 4750 2071 4807 Proinde

479 4857 671 4916 Petrus
712 4851 1054 4924 praesumpsit
1085 4848 1268 4903 nescio
1292 4846 1417 4916 quid
1445 4845 1590 4915 quod
1620 4844 1672 4898 in
1713 4843 1807 4898 illo
1834 4842 2069 4898 nondum

477 4958 621 5015 erat,
642 4958 810 5016 usque
833 4941 899 4995 ad
918 4949 1144 4995 mortem
1172 4952 1234 4993 se
1253 4950 1377 4991 cum
1418 4935 1642 4990 Domino
1684 4933 1811 4990 Jesu
1856 4933 2071 4989 Christo

476 5054 602 5097 esse
626 5041 1121 5109 perseveraturum:
1142 5028 1283 5083 vires
1302 5041 1426 5098 suas
1447 5022 1634 5080 Petrus
1656 5024 1950 5110 ignorabat,
1974 5023 2069 5079 sed

481 5132 741 5188 Dominus
777 5132 1019 5181 noverat.
1068 5118 1364 5189 Respondit
1400 5118 1418 5149 ⁸
1461 5116 1638 5171 minus
1677 5116 1928 5170 idoneum
1977 5115 2069 5186 qui

481 5225 852 5283 fabricaverat,
890 5214 980 5287 qui
1012 5212 1175 5268 etiam
1202 5210 1459 5265 fabricato
1500 5222 1529 5261 a
1573 5220 1634 5261 se
1676 5208 1820 5261 vires
1851 5204 2070 5261 idoneas

479 5316 705 5370 daturus
733 5320 871 5375 erat,
894 5306 1023 5378 quid
1044 5303 1279 5362 nondum
1305 5301 1547 5366 dederat,
1576 5300 1808 5364 sciebat;
1846 5299 1935 5354 iile
1977 5298 2070 5369 qui

480 5408 720 5465 nondum
768 5411 1084 5473 acceperat,
1144 5395 1414 5452 nesciebat
1457 5411 1474 5449 :
1521 5394 1745 5449 accessit
1796 5394 2066 5457 tentatio;

546 5628 563 5662 ί
597 5628 672 5677 sic
695 5633 844 5676 nostri
866 5633 1041 5673 omnes
1065 5627 1169 5670 ita.
1196 5625 1251 5667 At
1271 5616 1405 5671 ιλιι..
1435 5613 1733 5665 Prm'itlebat
1774 5613 1931 5677 utinm
1964 5613 2071 5665 ido-

479 5674 757 5749 ttctutletc.
782 5695 834 5735 t~‘.t
857 5684 996 5748 paulo
1020 5692 1127 5746 post
1151 5695 1165 5731 ε
1190 5680 1276 5744 qui
1295 5678 1507 5729 nomium
1526 5678 1725 5727 dederat
1749 5674 1942 5726 sciebat.

1813 244 2195 303 AUCUSTINI
2235 243 2544 303 EPISCOPI

2177 345 2409 412 negavit,
2434 343 2596 407 flevit,
2619 348 2825 413 accepit
2863 343 3010 415 (Luc.
3035 360 3172 409 xxu,
3196 346 3415 416 33-62).
3460 347 3593 403 Cum
3635 365 3765 421 ergo

2172 438 2473 491 nesciamus
2512 436 2637 506 quid
2674 447 2917 506 petamus
2954 447 3204 508 tanquam
3243 453 3350 493 non
3382 439 3681 504 habentes.
3713 453 3765 500 et

2175 526 2317 582 unde
2346 528 2544 598 gratias
2570 542 2788 597 agamus
2828 537 3078 599 tanquam
3124 529 3458 599 accipientes
3476 570 3493 596 ,
3518 547 3659 602 opus
3685 547 3767 590 est

2173 632 2388 688 semper
2414 618 2797 674 tentationihus
2825 630 2881 676 et
2907 619 3338 677 tribulationibus
3353 622 3554 679 erudiri
3583 626 3634 678 in
3666 625 3767 681 isto

2174 709 2411 775 smculo;
2443 711 2537 765 sed
2578 710 2815 765 trihulari
2850 727 2955 765 non
2997 704 3300 782 possumus,
3332 714 3433 769 nisi
3461 715 3532 770 ab
3566 718 3646 773 eis
3678 718 3765 785 qui

2173 799 2333 869 longe
2358 801 2493 857 ﬁunt
2518 817 2547 855 a
2575 802 2793 857 sanctis.
2822 801 3289 874 Longinquitatem
3318 804 3478 860 istam
3499 848 3515 869 ,
3548 806 3765 875 fratres,

2174 894 2453 966 intelligite
2481 895 2661 950 cordis
2685 900 2827 961 esse,
2851 911 2955 950 non
2977 896 3241 965 corporis.
3262 896 3349 953 Fit
3372 899 3518 954 enim
3538 899 3763 970 plerum

2174 994 2280 1049 que
2309 989 2367 1034 ut
2392 981 2481 1049 qui
2508 994 2734 1050 corpore
2759 980 2915 1052 longe
2959 984 3326 1052 peregrinatur
3355 998 3386 1038 a
3415 993 3501 1050 te,
3538 985 3765 1055 conjun-

2173 1083 2295 1127 ctus
2314 1073 2384 1126 sit
2410 1072 2523 1139 tibi,
2548 1072 2669 1143 quia
2698 1070 2800 1127 hoc
2821 1082 2966 1128 amat
2994 1073 3135 1144 quod
3167 1084 3221 1129 tu
3245 1091 3261 1128 :
3283 1083 3339 1130 et
3359 1075 3419 1130 fit
3446 1076 3765 1147 plerumque

2172 1175 2231 1219 ut
2254 1174 2402 1219 smus
2418 1165 2565 1235 juxta
2596 1175 2666 1229 te,
2690 1168 3013 1235 coniunctus
3049 1168 3119 1223 sit
3159 1169 3285 1236 tibi,
3307 1170 3431 1240 quia
3477 1170 3581 1226 hoc
3618 1180 3764 1227 amat

2172 1257 2314 1323 quod
2333 1266 2386 1310 tu
2418 1266 2508 1312 :et
2544 1256 2604 1311 fit
2621 1258 2939 1329 plerumque
2965 1270 3022 1314 ut
3041 1268 3191 1315 stans
3210 1260 3360 1331 juxta
3382 1271 3452 1325 te.
3477 1278 3624 1319 exeo
3638 1264 3763 1333 quia

2172 1345 2342 1416 diligit
2362 1348 2642 1411 mundum.
2668 1363 2792 1406 cum
2817 1360 2870 1403 tu
2892 1350 3084 1421 diligas
3117 1352 3304 1415 Deum.
3331 1354 3488 1426 longe
3521 1356 3594 1412 sit
3628 1374 3658 1411 a
3688 1368 3759 1414 te.

2244 1440 2300 1494 5.
2338 1439 2474 1507 Quid
2528 1457 2656 1512 ergo
2707 1443 2810 1498 sibi
2854 1443 2986 1509 vult,
3041 1445 3183 1515 quod
3228 1446 3296 1502 ad
3338 1449 3511 1517 ipsum
3547 1451 3761 1507 titulum

2172 1530 2345 1584 adhuc
2374 1532 2623 1600 pertinet,
2653 1534 2773 1602 quia
2799 1543 3062 1588 tenuemnt
3080 1553 3193 1591 eum
3225 1536 3485 1610 Allopltyli
3510 1541 3563 1594 in
3584 1539 3716 1596 (ἱειὴ
3737 1542 3763 1595 Ρ

2172 1620 2308 1677 Geth
2336 1624 2522 1677 civitas
2550 1623 2791 1693 qumdam
2825 1636 2941 1681 erat
2971 1626 3403 1700 Allnphylorum,
3425 1630 3476 1685 id
3517 1641 3603 1687 est
3628 1633 3761 1687 alie-

2173 1715 2509 1782 nigenarum,
2542 1715 2723 1784 utique
2746 1717 2925 1785 populi
2951 1718 3108 1789 longe
3137 1736 3165 1772 a
3191 1721 3409 1776 sanctis.
3437 1722 3513 1777 Ex
3533 1739 3601 1779 eo
3616 1728 3759 1780 enim

2172 1804 2312 1872 quod
2339 1804 2676 1875 alienigenae,
2708 1823 2814 1862 non
2850 1810 3029 1879 utique
3066 1814 3493 1884 appropinquant
3523 1818 3758 1885 sanctis,

2172 1894 2267 1947 sed
2300 1890 2455 1965 longe
2482 1905 2605 1950 sunt
2634 1912 2664 1951 a
2695 1899 2911 1953 sanctis.
2956 1900 3155 1956 Omnes
3181 1903 3273 1973 qui
3309 1918 3557 1962 recusant
3596 1909 3762 1964 Chri-

2172 1995 2313 2039 Stnm
2340 2002 2517 2057 regem
2537 1988 2848 2059 alienigena:
2872 1993 3021 2045 tiunt.
3050 1992 3225 2061 Quare
3240 1996 3554 2068 alienigena:
3581 1999 3763 2057 nunt?

2174 2074 2309 2143 Quia
2342 2086 2397 2131 et
2427 2077 2512 2131 illa
2546 2081 2667 2134 vitis
2692 2083 2936 2150 quamvis
2960 2084 3028 2137 ab
3058 2085 3147 2141 illo
3187 2086 3441 2155 plantata,
3471 2105 3656 2147 amara
3679 2092 3761 2149 fa—

2172 2180 2256 2224 cta
2277 2169 2403 2240 quid
2423 2172 2662 2228 audivit?
2685 2174 2855 2239 Quare
2876 2193 3114 2232 conversa
3154 2196 3208 2234 es
3243 2180 3295 2235 in
3333 2185 3759 2254 amaritudinem,

2172 2260 2284 2314 vitis
2311 2262 2478 2315 aliena
2505 2260 2720 2331 (Jerem.
2754 2282 2811 2329 ιι,
2827 2266 2920 2336 2t)
2937 2267 3086 2323 lNon
3101 2268 3302 2326 dictum
3324 2282 3428 2339 est,
3453 2274 3589 2330 Vitis
3603 2293 3758 2336 mea:

2172 2353 2296 2421 quia
2322 2352 2368 2407 si
2399 2368 2539 2418 mea,
2567 2355 2766 2421 dulcis;
2799 2358 2841 2412 si
2863 2373 3067 2427 amara,
3094 2376 3199 2416 non
3230 2378 3381 2431 mea;
3407 2366 3451 2420 si
3474 2382 3583 2421 non
3616 2384 3760 2436 mea,

2173 2447 2356 2517 utique
2379 2446 2572 2504 aliena.
2608 2448 2900 2505 Terruerunt
2927 2468 3054 2523 ergo
3085 2471 3201 2510 eum
3230 2456 3493 2530 Allopltyli
3515 2461 3577 2527 in,
3602 2459 3759 2518 Octb.

2174 2537 2478 2596 Invenimus
2526 2541 2764 2610 quidem,
2811 2545 3021 2613 fratres,
3074 2546 3238 2604 David
3288 2550 3457 2619 ipsum
3513 2553 3534 2585 ¹
3589 2549 3759 2610 ﬁlium

2172 2629 2345 2693 Iesse,
2370 2647 2547 2703 regem
2572 2635 2755 2699 Israel.
2785 2640 3176 2707 peregrinatum
3197 2656 3316 2699 esse
3333 2643 3472 2712 apud
3496 2647 3763 2719 Allophy-

2175 2722 2276 2789 los,
2307 2738 2427 2777 cmn
2455 2736 2789 2795 quaereretur
2815 2742 2844 2781 a
2872 2728 3033 2786 Sai'tle
3059 2730 3101 2803 (Ι
3124 2730 3251 2803 Reg.
3286 2750 3400 2800 ιιι,
3428 2737 3515 2807 10)
3536 2754 3553 2802 ;
3578 2750 3635 2795 et
3665 2740 3764 2796 fuit

2176 2811 2228 2867 in
2258 2815 2358 2869 ista
2391 2814 2607 2872 civitate
2632 2826 2686 2872 et
2707 2818 2846 2888 apud
2876 2836 3057 2891 regem
3087 2823 3315 2878 civitatis
3343 2826 3497 2894 hujus
3521 2843 3539 2882 :
3562 2831 3657 2885 sed
3691 2832 3762 2887 ibi

2176 2916 2441 2963 retentum
2469 2925 2587 2965 esse
2615 2927 2720 2966 non
2751 2913 2997 2984 legimus.
3030 2914 3167 2985 Ergo
3195 2918 3357 2972 David
3383 2931 3626 2976 nostrum
3661 2924 3765 2977 Do-

2175 2999 2377 3053 minum
2402 2999 2584 3057 Jesnm
2610 3001 2881 3059 Christum
2909 3015 3094 3062 natum
3133 3023 3198 3063 ex
3235 3011 3439 3066 semine
3471 3012 3613 3069 illius
3656 3016 3763 3070 Da-

2177 3091 2284 3157 vid,
2308 3107 2414 3147 non
2441 3094 2614 3149 solum
2646 3104 2952 3163 tenuerunt,
2983 3098 3081 3156 sed
3116 3109 3174 3157 et
3195 3109 3379 3159 tenent
3408 3104 3585 3163 adhuc
3608 3110 3765 3164 Allo-

2176 3185 2320 3258 phyli
2348 3188 2400 3240 in
2426 3186 2585 3245 Geth.
2610 3188 2748 3245 Geth
2779 3189 3011 3248 diximus
3034 3195 3177 3264 quod
3206 3196 3395 3253 civitas
3412 3199 3502 3255 sit.
3532 3200 3768 3258 Interro-

2174 3289 2294 3346 gata
2346 3290 2520 3333 autem
2568 3279 2938 3352 interpretatio
3004 3284 3167 3355 hujus
3223 3290 3490 3353 nominis,
3568 3293 3764 3350 indicat

2176 3367 2451 3424 Torcular.
2495 3371 2741 3427 Christus
2796 3376 3089 3430 secundum
3135 3379 3277 3444 quod
3311 3395 3469 3449 caput
3519 3383 3765 3440 Salvator

2175 3462 2435 3531 corporis,
2467 3460 2556 3518 ille
2588 3474 2745 3519 natus
2790 3481 2854 3520 ex
2895 3467 3100 3537 virgine
3152 3472 3460 3537 cruciﬁxus,
3510 3477 3600 3545 qui
3652 3477 3761 3547 jant

2176 3557 2331 3609 nobis
2373 3557 2677 3625 exemplum
2727 3561 3139 3617 resurrectionis
3180 3574 3375 3621 nostra:
3425 3567 3477 3621 in
3517 3584 3763 3625 resurre-

2176 3648 2355 3704 ctione
2393 3665 2504 3704 suie
2532 3652 2710 3705 carnis
2738 3652 2993 3718 ostendit,
3043 3655 3133 3723 qui
3178 3659 3332 3711 sedet
3380 3659 3446 3713 ad
3485 3660 3763 3718 dexteram

2176 3739 2372 3802 Patris.
2397 3751 2450 3795 et
2482 3757 2575 3810 pro
2608 3742 2762 3797 nobis
2792 3744 3116 3813 interpellat,
3139 3755 3294 3803 estet
3315 3749 3420 3811 hic.
3450 3752 3543 3807 sed
3572 3754 3627 3807 iu
3652 3770 3777 3809 cor-.

2179 3850 2309 3905 pore
2332 3850 2429 3890 suo
2458 3838 2596 3905 quod
2624 3847 2707 3895 est
2750 3837 3012 3893 Ecclesia.
3055 3838 3261 3910 Corpus
3297 3844 3641 3914 conjunctum
3683 3857 3765 3903 est

2175 3924 2336 3996 capiti
2358 3941 2479 3989 suo,
2511 3935 2672 3997 caput
2698 3941 2794 3997 pro
2821 3943 3047 3999 corpore
3072 3930 3267 3986 clamat
3294 3948 3310 3988 :
3342 3932 3536 4002 Sinite,
3567 3935 3761 4005 Sinite,

2175 4016 2299 4086 quid
2331 4032 2412 4070 me
2440 4019 2746 4088 persequeris
2776 4018 2912 4090 (Act.
2945 4035 3025 4085 ιι,
3057 4021 3157 4092 4)ἳ
3185 4022 3250 4077 Et
3276 4038 3471 4094 corpus
3506 4025 3559 4079 in
3586 4013 3765 4097 capite

2176 4124 2275 4163 suo
2328 4118 2412 4164 est
2447 4110 2738 4165 secundum
2779 4112 3093 4181 Apostolnm
3133 4114 3399 4172 dicentem
3440 4129 3461 4170 τ
3502 4118 3567 4173 Et
3610 4121 3766 4177 simul

2175 4202 2507 4265 resuscitavit,
2541 4212 2589 4257 et
2612 4202 2767 4257 simul
2800 4203 2972 4259 sedere
2992 4206 3109 4275 fecit
3138 4207 3192 4261 in
3220 4208 3497 4265 celatim
3542 4210 3763 4283 (Ephcs.

2178 4310 2240 4362 ll,
2266 4297 2344 4365 6).
2376 4294 2446 4349 Et
2484 4309 2584 4349 nos
2615 4294 2686 4350 ibi
2724 4294 2995 4363 sedemus,
3026 4307 3082 4354 et
3108 4298 3222 4369 ipse
3256 4297 3347 4355 hic
3386 4301 3592 4358 laborat
3619 4320 3635 4358 :
3663 4316 3764 4360 nos

2178 4388 2251 4443 ibi
2278 4387 2529 4442 sedemus
2549 4387 2843 4442 secundum
2871 4403 3044 4457 spem,
3071 4398 3127 4445 et
3152 4390 3243 4446 ille
3267 4391 3351 4447 hic
3380 4393 3766 4452 nobiscunrest

2176 4482 2469 4538 secundum
2496 4482 2832 4540 charitatem.
2865 4484 2991 4540 Haec
3028 4500 3289 4557 compago
3315 4497 3569 4557 tanquam
3602 4491 3766 4547 unius

2178 4575 2409 4638 hominis
2435 4576 2559 4632 facit
2582 4576 2717 4633 duos
2744 4577 2799 4632 in
2836 4593 3000 4633 carne
3037 4592 3166 4645 una,
3195 4593 3453 4649 sponsum
3500 4589 3557 4636 et
3599 4596 3766 4650 spon-

2174 4684 2309 4723 sam.
2344 4668 2494 4725 Unde
2524 4679 2580 4725 et
2598 4671 2713 4739 ipse
2734 4669 2993 4725 Dominus
3013 4668 3177 4725 dicit:
3198 4666 3367 4742 Igitur
3370 4672 3485 4742 jam
3511 4688 3613 4726 non
3635 4672 3762 4741 duo,

2174 4762 2265 4817 sed
2288 4779 2389 4815 una
2408 4778 2526 4816 caro
2553 4761 2768 4833 (Matth.
2794 4778 2910 4828 χιχ,
2933 4762 3012 4833 6).
3042 4763 3326 4832 Quomodo
3352 4779 3481 4836 ergo
3506 4764 3606 4820 hic.
3622 4776 3767 4822 tetre-

2175 4863 2263 4908 tnr
2290 4854 2341 4908 in
2365 4852 2509 4909 Geth
2532 4853 2556 4908 2
2581 4852 2821 4909 Tenetur
2845 4855 2902 4909 in
2932 4854 3186 4910 torculari
3213 4869 3409 4926 corpus
3434 4855 3573 4926 ejus,
3601 4856 3653 4912 id
3679 4867 3768 4913 est

2177 4944 2412 5001 Ecclesia
2430 4945 2545 5014 ejus
2570 4944 2783 5015 (Epkes.
2810 4961 2848 5011 ι,
2868 4944 2960 5011 22,
2976 4945 3091 5015 25).
3114 4946 3252 5015 Quid
3273 4955 3375 5010 est,
3396 4946 3449 5002 in
3472 4948 3727 5003 torculari
3742 4950 3769 5002 2

2176 5035 2232 5091 In
2257 5036 2542 5105 pressaris.
2567 5035 2673 5091 Sed
2724 5037 2777 5089 in
2801 5037 3052 5093 torculari
3092 5036 3359 5093 fructuosa
3386 5054 3632 5107 pressura
3655 5051 3762 5094 est.

2176 5128 2287 5185 Uva
2314 5129 2367 5183 in
2406 5129 2510 5183 vite
2558 5113 2862 5197 pressuram
2888 5143 2995 5183 non
3045 5129 3234 5195 sentit,
3277 5129 3481 5200 integra
3526 5131 3762 5198 videtur,

2177 5220 2271 5276 sed
2296 5219 2425 5274 nihil
2465 5218 2587 5273 inde
2608 5227 2824 5273 manat:
2850 5218 3083 5275 mittitur
3107 5220 3162 5275 in
3193 5221 3427 5276 torcular
3448 5262 3464 5283 ,
3490 5221 3759 5285 caieatnr,

2176 5315 2473 5385 premitur;
2501 5312 2692 5382 injuria
2728 5311 2941 5367 videtur
2967 5311 3086 5367 fieri
3120 5324 3265 5378 ovat,
3289 5310 3384 5367 sed
3430 5314 3527 5367 ista
3570 5313 3762 5382 injuria

2176 5405 2377 5459 sterilis
2407 5419 2511 5457 non
2537 5411 2653 5469 est;
2678 5403 2785 5458 imo
2814 5404 2859 5458 si
2882 5403 3025 5459 nulla
3057 5402 3248 5475 injuria
3276 5404 3573 5469 accederet,
3601 5405 3762 5459 sterio

2179 5495 2244 5551 iis
2265 5504 2585 5551 remaneret.

2175 5610 2471 5731 mfmﬁ‘ssézc.
2482 5617 2557 5662 Est
2599 5606 2794 5671 quidem
2814 5642 2830 5669 ,
2874 5605 3086 5670 patres,
3139 5607 3254 5672 quia
3295 5605 3559 5659 amem
3611 5599 3769 5659 David
