3968 6344
509 387 617 445 65Β

513 515 672 586 facies
689 528 789 566 ros.
826 508 1015 565 Docuit
1042 518 1092 563 et
1122 521 1219 578 pro
1265 503 1395 576 ipsis
1418 520 1592 559 orare.
1638 504 1837 573 Nempe
1875 507 2092 557 incolenl

505 617 554 661 et
578 610 899 671 abscondent,
922 616 1114 670 nempe
1141 599 1333 663 dolosi,
1359 613 1552 665 nempe
1569 598 1907 651 simulaturos
1932 607 2090 666 atque

504 699 846 754 insidiatores
905 704 1031 748 sunt
1067 711 1080 748 :
1116 702 1169 745 tu
1215 707 1306 745 ora
1356 705 1453 759 pro
1495 690 1594 755 eis,
1630 699 1683 742 et
1738 690 1843 742 noli
1891 677 2088 754 dicere,

503 787 765 858 Numquid
781 794 840 841 et
860 787 1016 840 talem
1041 783 1309 836 hominem
1343 781 1479 834 Deus
1498 790 1832 834 correcturus
1859 792 1957 841 est,
1985 789 2089 833 tant

504 879 724 939 malum,
755 889 862 930 tam
901 870 1248 943 perversum?
1273 869 1390 925 Noli
1438 869 1726 939 desperare
1757 887 1770 920 τ
1800 885 1956 939 quem
2007 885 2091 923 ro-

486 982 597 1038 ges
624 967 862 1029 attende,
892 980 998 1018 non
1030 978 1129 1034 pro
1157 978 1262 1032 quo
1288 977 1464 1031 roges.
1489 960 1897 1028 Magnitudinem
1918 961 2086 1013 morbi

502 1059 672 1120 vides,
717 1057 1004 1127 potentiam
1045 1053 1234 1108 medici
1282 1069 1384 1106 non
1417 1050 1599 1105 vides?
1635 1049 1865 1104 Incolcnt
1901 1060 1946 1104 et
1973 1050 2087 1104 abs-

502 1151 717 1204 condent
739 1165 757 1203 :
781 1150 909 1202 sicut
935 1145 1169 1201 sustinuit
1207 1143 1378 1196 anima
1415 1159 1543 1196 mea.
1584 1141 1798 1195 Sustine
1823 1181 1838 1204 ,
1869 1155 1958 1194 ora
1986 1157 1998 1192 :
2033 1150 2087 1195 et

498 1243 626 1311 quid
659 1241 757 1295 iit?
789 1239 890 1292 Pro
917 1237 1075 1290 nihilo
1103 1236 1264 1288 salvos
1292 1233 1447 1304 facies
1478 1249 1578 1286 eos.
1623 1233 1712 1285 Sic
1753 1233 1869 1286 illos
1909 1233 2084 1285 salvos

497 1333 661 1388 facies
684 1373 700 1398 ,
732 1341 788 1385 ut
819 1329 950 1383 nihil
977 1328 1068 1382 tibi
1100 1328 1205 1393 sit,
1235 1325 1285 1378 id
1317 1332 1434 1391 est,
1480 1333 1535 1378 ut
1580 1323 1755 1377 nullus
1796 1323 1946 1377 labor
1992 1324 2081 1378 tibi

495 1426 588 1479 sit.
611 1421 935 1477 Hominibus
960 1416 1227 1486 desperati
1254 1424 1378 1471 sunt
1402 1456 1416 1480 ,
1446 1413 1539 1468 sed
1582 1424 1636 1467 tu
1676 1414 1840 1468 verbo
1880 1427 2036 1467 curas
2066 1431 2080 1467 :

497 1534 602 1572 non
638 1513 904 1570 laborabis
942 1510 994 1563 in
1044 1507 1280 1563 curamlo
1303 1548 1319 1571 ,
1361 1505 1603 1576 quamvis
1642 1520 1739 1559 nos
1775 1514 2083 1573 stupeamns

495 1606 846 1677 inspiciendo.
879 1603 973 1658 Est
996 1600 1132 1655 alius
1158 1613 1347 1654 sensus
1374 1600 1425 1652 in
1452 1597 1552 1652 hoc
1580 1611 1736 1651 versu
1760 1638 1776 1661 ,
1814 1595 1915 1649 l'ro
1943 1596 2080 1648 nihi-

495 1701 544 1753 lo
569 1699 733 1753 salvos
762 1697 916 1764 facies
943 1710 1027 1748 eos
1051 1708 1069 1746 :
1097 1692 1257 1746 nullis
1285 1705 1468 1743 eormn
1502 1688 1708 1743 meritis
1735 1688 2081 1756 prmcedenti-

496 1794 594 1845 bus
621 1792 796 1845 salvos
822 1789 981 1841 iacies
1005 1801 1121 1841 eos.
1169 1783 1268 1849 Qui
1307 1783 1449 1853 prius
1487 1783 1561 1853 [ui
1607 1782 1962 1851 blasphemus,
1999 1782 2078 1835 in-

492 1885 644 1953 quit,
673 1890 718 1934 et
743 1887 1032 1951 persecutor
1058 1887 1102 1928 et
1126 1876 1404 1946 iujuriosus
1425 1872 1443 1942 (
1467 1872 1482 1926 Ι
1508 1871 1638 1925 Tim.
1668 1887 1684 1926 ι
1709 1913 1724 1936 ,
1761 1872 1829 1927 i3
1851 1872 1891 1940 ).
1923 1872 2076 1927 Acci-

492 1977 668 2042 piebat
695 1974 900 2028 litteras
923 1986 952 2022 a
979 1965 1344 2022 Sacerdotibus
1360 2007 1377 2032 ,
1401 1975 1457 2019 ut
1479 1965 1799 2034 ubicumque
1819 1965 2080 2019 inveniret

488 2066 827 2122 Christianos
849 2102 866 2127 ,
887 2059 1127 2131 alligaret
1147 2065 1202 2112 et
1220 2055 1508 2110 adduceret
1532 2055 1685 2128 (Act.
1715 2070 1769 2110 Ix
1791 2093 1808 2119 ,
1834 2055 1870 2108 2
1966 2053 2080 2110 Uti-

487 2174 593 2228 que
623 2165 679 2210 ιιι
718 2154 960 2223 alligaret
1004 2159 1058 2206 et
1098 2148 1427 2212 adduceret,
1474 2144 1646 2215 primo
1691 2144 1992 2208 incolebat,
2022 2153 2080 2199 et

485 2245 865 2304 abscondebat.
895 2240 1049 2297 Nulla
1081 2255 1207 2310 ergo
1231 2238 1388 2307 hujus
1406 2237 1544 2291 bona
1575 2235 1761 2291 merita
1789 2251 2079 2306 praecesse-

485 2346 645 2402 rant,
673 2336 781 2390 imo
813 2333 934 2388 talia
965 2337 1352 2403 przecesserant
1379 2326 1449 2383 de
1476 2325 1668 2396 quibus
1693 2327 2071 2388 damnaretur;

483 2430 615 2485 nihil
645 2427 769 2486 boni
798 2425 972 2479 attulit
994 2465 1008 2488 ,
1041 2433 1095 2476 et
1122 2421 1300 2474 salvus
1331 2417 1497 2474 factus
1518 2427 1620 2472 est.
1656 2416 1761 2470 Pro
1787 2418 1946 2471 nihilo
1971 2419 2075 2471 snt-

480 2537 568 2575 vos
591 2520 747 2591 [acies
773 2533 875 2570 eos.
921 2513 1036 2568 Non
1082 2512 1149 2567 ad
1200 2521 1252 2566 te
1297 2509 1519 2564 atierent
1566 2508 1782 2574 hircos,
1831 2509 2026 2562 arietes
2053 2550 2068 2574 ,

483 2621 664 2666 tauros
687 2650 703 2676 ,
731 2624 835 2662 non
862 2607 1000 2661 dona
1022 2615 1073 2659 et
1099 2611 1338 2658 aromata
1367 2604 1382 2633 ‘
1407 2599 1629 2656 atl‘erent
1656 2600 1708 2653 in
1737 2601 1936 2670 templo
1958 2609 2070 2663 tuo,

481 2721 587 2759 nun
617 2700 817 2772 aliquid
843 2697 911 2753 de
937 2695 1262 2751 conscientia
1307 2693 1445 2748 boaa
1483 2691 1751 2746 libaminis
1791 2689 2072 2760 superfun-

478 2798 650 2860 dnnt;
682 2803 847 2848 totum
880 2789 942 2844 in.
965 2789 1072 2842 illis
1096 2801 1345 2856 asperum
1372 2826 1388 2849 ,
1426 2793 1595 2840 totum
1630 2790 1823 2838 tetrum
1849 2824 1865 2848 ,
1897 2790 2068 2835 totum

478 2885 892 2942 detestandum:
924 2889 978 2935 et
1005 2894 1128 2934 cum
1169 2878 1242 2932 illi
1287 2875 1355 2931 ad
1395 2884 1446 2931 te
1488 2874 1619 2929 nihil
1666 2873 1891 2929 ail'erant
1930 2874 2071 2928 unde

476 2978 749 3032 salventur
769 3016 784 3040 ,
822 2972 928 3030 Pro
959 2970 1118 3026 nihilo
1141 2968 1307 3024 salvos
1333 2967 1490 3040 {acies
1517 2983 1643 3032 eos,
1687 2965 1737 3021 id
1774 2974 1857 3020 est
1900 2965 2070 3037 gratis

475 3071 596 3124 data
627 3066 794 3138 gratia
827 3073 936 3120 tua.
972 3061 1110 3131 Quid
1142 3061 1229 3116 ille
1258 3061 1396 3116 latro
1424 3058 1676 3114 attulerat
1711 3056 1778 3113 ad
1802 3071 2015 3112 crucem
2044 3059 2068 3112 2

476 3164 552 3219 De
583 3161 778 3216 lauce'
824 3159 877 3213 in
917 3156 1175 3229 judicium
1201 3195 1216 3218 ,
1265 3152 1334 3209 de
1379 3149 1580 3222 judicio
1619 3150 1671 3205 in
1718 3150 1959 3221 lignum,
2000 3149 2066 3205 de

475 3257 618 3327 ligno
644 3254 698 3308 iu
727 3248 1032 3323 paradisum
1063 3247 1083 3320 (
1110 3245 1234 3301 Luc.
1267 3259 1392 3299 χχιιι
1416 3285 1430 3307 ,
1466 3243 1536 3297 45
1565 3241 1603 3312 ).
1633 3241 1909 3298 Credidit.
1938 3255 2064 3310 pro-

473 3357 593 3419 pter
619 3344 763 3418 quod
794 3344 1006 3399 loeutus
1031 3339 1156 3411 est(
1190 3337 1333 3392 Psal.
1366 3351 1489 3402 cxv,
1517 3335 1583 3390 to
1611 3335 1650 3404 ).
1678 3333 1782 3388 Sed
1811 3345 1863 3387 et
1894 3334 2060 3400 ipsam

472 3441 631 3494 iidem
653 3438 773 3508 quis
798 3432 1055 3499 donavit,
1090 3432 1189 3485 nisi
1221 3431 1308 3499 qui
1331 3428 1486 3498 juxta
1522 3425 1820 3496 pependit?
1851 3424 1955 3478 l’ro
1983 3425 2062 3476 nio

471 3529 578 3585 hilo
605 3529 772 3583 salvos
801 3526 955 3596 facies
983 3538 1090 3577 eos.

543 3621 629 3676 l5.
672 3616 738 3672 In
774 3618 852 3670 ira
880 3613 1097 3685 populos
1132 3609 1368 3664 dedoces.
1414 3607 1667 3661 irasceris
1709 3615 1764 3660 et
1801 3603 2020 3658 deducis
2044 3646 2059 3668 ,

467 3714 625 3769 5‘1‘.\‘is
651 3720 705 3765 et
733 3708 908 3763 salvas
933 3747 945 3767 .
978 3716 1147 3759 terres
1171 3712 1226 3758 ct
1262 3694 1446 3755 vocas.
1482 3698 1618 3767 Quid
1664 3709 1746 3752 est
1783 3698 1924 3752 enim
1950 3739 1965 3764 ,
1994 3696 2061 3750 1η

467 3807 545 3859 ira
569 3801 786 3873 populos
807 3795 1066 3852 dedoces?
1091 3793 1285 3863 imples
1311 3781 1741 3845 tribulationibus
1762 3789 1938 3842 omnia
1964 3831 1978 3854 ,
2004 3797 2064 3843 ut

467 3899 520 3950 iit
552 3890 979 3949 tribulationibus
1010 3885 1167 3956 positi
1200 3883 1442 3937 homines
1475 3890 1750 3935 recurrant
1779 3879 1844 3934 ad
1872 3889 1924 3934 te
1948 3921 1962 3943 ,
1993 3895 2062 3936 ne

465 3986 676 4041 deliciis
718 3991 772 4038 et
814 3980 1103 4034 securitate
1145 3987 1393 4044 perversa
1429 3971 1770 4027 seducantur.
1802 3971 1846 4024 A
1890 3978 1942 4025 te
1981 3971 2059 4025 ira

465 4080 676 4134 videtur
699 4117 714 4141 ,
747 4072 840 4128 sed
866 4080 1108 4142 paterna.
1136 4066 1385 4134 Irascitur
1408 4071 1555 4133 pater
1578 4062 1685 4114 iiiio
1705 4061 2056 4128 contemplari

467 4179 851 4242 praceptorum
905 4174 1171 4215 suorum:
1227 4157 1395 4210 iratus
1441 4154 1491 4209 ei
1544 4167 1668 4208 eum
1718 4151 2054 4223 eolaphizat,

465 4261 622 4316 ea-dit
645 4301 660 4322 ,
687 4270 872 4311 aurem
902 4251 1086 4313 vellit',
1120 4262 1281 4302 manu
1309 4243 1469 4298 trahit
1493 4285 1508 4309 ,
1531 4243 1596 4297 ad
1627 4242 1863 4297 scholam
1890 4242 2054 4296 ducit.

467 4355 531 4407 tu
557 4354 633 4405 ira
657 4347 871 4418 populos
912 4342 1149 4398 deducas.
1179 4338 1364 4405 .Quam
1416 4335 1566 4390 multi
1612 4333 1840 4403 ingressi
1889 4343 2053 4398 sunt,

466 4460 624 4512 quam
658 4438 809 4492 nmlli
837 4434 1191 4504 impleverunt
1221 4427 1436 4482 domum
1466 4425 1675 4478 Domini
1702 4465 1717 4488 ,
1751 4424 1801 4476 in
1837 4423 1911 4476 ira
1942 4423 2056 4492 ejus

465 4531 682 4588 dmin-sti
711 4572 724 4593 ,
753 4530 802 4583 id
827 4537 908 4582 est
928 4517 1359 4579 tribulationibus
1380 4515 1549 4572 territi
1573 4557 1588 4578 ,
1617 4525 1671 4570 et
1698 4515 1799 4569 (ide
1822 4515 2052 4583 impleti!

469 4626 693 4682 Ad‘hoc
737 4621 877 4675 enim
925 4616 1158 4685 exagitat
1210 4609 1516 4674 tribulatio,
1555 4617 1612 4662 ιιι
1649 4609 1917 4663 exinaniat
1964 4623 2056 4664 vas

463 4719 604 4789 quod
649 4717 861 4785 plenum
902 4721 986 4764 est
1025 4705 1258 4777 nequitia
1285 4744 1300 4769 ,
1340 4712 1397 4758 ut
1437 4701 1721 4772 impleatur
1759 4699 1949 4770 gratia.
1988 4699 2056 4753 tu

462 4815 540 4869 im
570 4806 784 4879 populos
805 4802 1037 4855 deduces.

539 4878 624 4953 Li.
667 4897 686 4970 [
711 4910 835 4947 vers.
866 4891 918 4946 9.
945 4889 964 4963 ]
1008 4889 1142 4942 Deus
1166 4930 1178 4951 ,
1202 4888 1357 4939 vitam
1380 4899 1542 4937 meum
1568 4881 1822 4935 enuntiari
1851 4878 1958 4933 tibi.
1987 4879 2055 4935 Ut

465 4994 637 5045 vivam
666 4986 810 5041 enim
838 4993 890 5036 tu
921 4979 1087 5034 iecisti
1115 5019 1129 5042 ,
1153 4987 1206 5030 et
1232 4976 1296 5028 ad
1323 4977 1422 5027 hoc
1449 4972 1668 5028 enuntio
1691 4973 1850 5049 vitant
1880 4986 2052 5025 nteant

465 5083 580 5138 tibi.
615 5081 760 5134 itane
784 5090 911 5129 vero
941 5073 1079 5126 Deus
1117 5067 1392 5138 ignorabat
1434 5063 1575 5134 quod
1616 5062 1874 5116 dederat?
1917 5062 2053 5128 Quid

463 5184 584 5236 est,
615 5169 755 5239 quod
808 5167 882 5218 illi
919 5161 1208 5216 enuntias?
1258 5157 1462 5212 Dorere
1508 5156 1587 5208 vis
1626 5153 1839 5208 Deum?
1881 5154 2048 5207 Absit.

468 5265 607 5334 Ergo
637 5260 762 5332 quid
811 5259 920 5321 ait,
974 5250 1249 5307 Enuntiuvi
1275 5248 1406 5302 tibi?
1444 5250 1522 5301 Att
1571 5245 1738 5310 forte,
1779 5243 1912 5310 Quia
1958 5247 2050 5299 tibi

466 5356 688 5427 prodest
711 5348 851 5420 quod
880 5343 1147 5402 enuntiari
1171 5341 1330 5396 vitam
1356 5341 1570 5393 meam?
1601 5337 1658 5392 Et
1688 5337 1812 5405 quid
1839 5335 2055 5405 prodest

466 5450 575 5508 Deo
595 5449 619 5502 ἲ
637 5447 820 5502 Lucr-is
845 5441 933 5496 Dei
959 5437 1193 5509 prodest.
1218 5433 1499 5488 Enuntiavi
1526 5431 1638 5484 Deo
1659 5431 1817 5484 vitam
1845 5445 2049 5493 meam,

467 5544 582 5619 quia
612 5541 786 5594 vivere
816 5551 901 5589 me
928 5531 1050 5588 iecit
1083 5532 1240 5584 Deus.
1269 5521 1867 5593 Qumnodoenuntiavit
1888 5521 2051 5576 vitam

528 5705 541 5734 ι
581 5699 802 5759 ιιιρτὶεῃιε
826 5701 951 5759 Mss,
977 5697 1272 5759 ornamento.
1311 5745 1321 5759 _
1395 5730 1588 5759 id?"

525 5767 544 5797 ι
579 5738 802 5812 ξςδῖίάίίἷῆ
818 5738 954 5811 ἆῘᾶ
981 5738 1048 5801 be
1065 5750 1207 5810 falce.
1231 5745 1322 5812 sed
1347 5745 1512 5812 verius
1527 5741 1626 5812 alii,
1654 5749 1721 5790 ne
1745 5742 1881 5812 {Inice
1904 5751 1929 5812 ί
1949 5738 2056 5812 loco

459 5807 646 5872 scilicet
669 5821 751 5869 tibi
778 5807 1020 5867 latrocinia
1049 5807 1340 5872 exercebat.
1355 5809 1429 5855 sic
1449 5807 1497 5852 in
1534 5811 1707 5872 ilvaag.
1738 5809 2052 5872 dqal‘l..'i'l‘3tit.

464 5863 968 5945 i‘,".;f'£i;"itiir‘o‘q'u
989 5871 1204 5940 procedit
1227 5869 1292 5920 ad
1311 5868 1504 5936 {alterm
1523 5866 1742 5917 occidere
1765 5863 2019 5915 hominem.

1717 385 1758 442 ἢ
1817 385 2177 446 AUGUSTI?"
2221 388 2518 448 EPISCOPI

3689 391 3803 458 ωε

2204 519 2354 559 suam
2379 507 2574 564 Paulus
2594 509 2868 578 apostolus
2891 549 2908 569 .
2930 509 3115 566 dicens
3135 551 3149 570 .
3176 507 3273 579 Qui
3294 510 3436 580 prius
3457 514 3536 584 fui
3555 511 3801 584 blasphe-

2201 612 2312 650 mus
2337 607 2381 650 et
2413 611 2697 659 persecutor
2720 612 2766 656 et
2792 603 3111 674 iujuriostts!
3137 604 3389 659 Enuntiet
3409 605 3570 659 vitam
3591 621 3750 660 suam
3779 623 3795 660 :

2202 688 2309 742 Sed
2348 691 2744 748 misericordiam
2779 705 3073 750 consecutus
3101 713 3211 750 sum
3249 695 3311 770 (Ι
3363 695 3501 751 Tim.
3547 711 3603 762 ι,
3654 698 3790 767 15).

2199 779 2512 838 Enuntiavit
2535 785 2696 840 vitam
2739 801 2890 842 suam
2915 828 2933 852 ,
2970 801 3077 843 non
3116 788 3257 854 sibi,
3289 787 3381 843 sed
3408 787 3483 842 illi
3513 804 3528 842 :
3555 789 3682 859 quia
3711 790 3794 845 sic

2197 874 2495 928 enuntiavit
2520 884 2575 928 ut
2607 877 2681 931 illi
2711 876 3056 944 crederetur;
3086 893 3193 932 non
3231 877 3297 932 ad
3329 878 3472 933 lucra
3515 891 3609 932 sua
3635 919 3651 941 ,
3688 878 3790 934 sed

2195 964 2260 1016 ad
2287 965 2430 1019 lucra
2463 965 2623 1022 illius.
2652 968 2790 1036 Quid
2818 969 2959 1024 enim
2984 969 3060 1024 ait
3085 968 3200 1041 ipse
3225 969 3422 1025 Paulus
3440 969 3465 1023 ?
3485 967 3613 1024 Ideo
3632 966 3791 1024 ειη-ε.

2195 1067 2300 1111 slus
2327 1069 2554 1113 mortuus
2583 1071 2656 1114 est
2678 1072 2728 1116 et
2750 1063 3058 1126 resurrexit,
3088 1072 3147 1117 ut
3172 1064 3257 1134 qui
3282 1063 3397 1116 uiuit
3413 1064 3524 1133 jam
3554 1079 3656 1116 non
3688 1062 3792 1116 sibi

2191 1149 2353 1214 vivat,
2383 1149 2471 1202 sed
2493 1151 2538 1203 ei
2559 1153 2640 1219 qui
2657 1169 2749 1222 pro
2771 1153 2998 1207 omnibus
3019 1162 3244 1208 mortuus
3265 1163 3336 1207 est
3361 1153 3425 1223 (ll
3446 1151 3560 1207 Cor.
3587 1169 3638 1218 ν,
3670 1154 3784 1222 15).

2194 1239 2249 1293 Si
2282 1255 2408 1309 ergo
2436 1241 2567 1295 vivis
2588 1283 2602 1307 ,
2632 1253 2686 1296 et.
2717 1259 2820 1296 non
2849 1259 2876 1296 a
2907 1255 2959 1299 te
2987 1244 3120 1299 vivis
3146 1285 3161 1312 ,
3209 1246 3330 1314 quia
3365 1254 3421 1297 ιιι
3456 1246 3662 1299 viveres
3690 1243 3786 1300 illo

2194 1331 2472 1398 praestitit,
2505 1334 2721 1386 enuntia
2768 1334 2929 1387 vitam
2975 1343 3115 1388 tuam
3142 1376 3159 1401 ,
3204 1350 3309 1389 non
3355 1335 3488 1400 tibi,
3529 1336 3624 1390 sed
3665 1335 3782 1400 illi;

2191 1435 2295 1473 non
2327 1429 2414 1474 tua
2441 1437 2686 1492 quaerens
2710 1465 2724 1486 ,
2753 1440 2858 1477 non
2907 1425 2997 1478 tibi
3043 1425 3225 1479 vivens
3252 1465 3268 1489 ,
3314 1425 3408 1479 sed
3444 1426 3491 1478 ei
3531 1426 3621 1504 qui
3672 1439 3776 1494 pro

2189 1511 2440 1565 oumibus
2469 1522 2709 1566 mortuus
2733 1523 2836 1568 est.
2870 1514 3076 1568 Etenim
3105 1514 3171 1570 de
3190 1514 3505 1585 quibusdam
3535 1514 3785 1583 reprobis

2189 1603 2314 1672 quid
2339 1605 2412 1658 ait
2441 1604 2579 1660 idem
2630 1605 2961 1674 Apostolus?
3003 1604 3191 1662 Omnes
3230 1607 3361 1659 enim
3392 1622 3484 1658 sua
3524 1615 3778 1674 quierunt,

2188 1713 2288 1748 non
2309 1712 2421 1765 qua:
2441 1695 2567 1750 Iesu
2587 1695 2774 1751 Christi
2809 1696 2830 1770 (
2856 1696 3088 1769 Philipp.
3121 1714 3156 1753 tt
3176 1740 3192 1760 .
3222 1697 3284 1754 9-1
3317 1698 3360 1770 ).
3385 1699 3441 1753 Si
3489 1707 3776 1768 prepterea

2188 1790 2437 1842 enuntias
2468 1790 2627 1843 vitam
2660 1799 2805 1844 tuam
2836 1791 3008 1846 ut"tibi
3039 1791 3238 1859 prosit,
3269 1800 3323 1846 et
3363 1789 3479 1845 aliis
3507 1806 3613 1844 non
3647 1806 3777 1860 pro-

2189 1879 2255 1931 sit
2282 1919 2299 1944 ,
2331 1879 2423 1933 tibi
2451 1879 2594 1934 illam
2611 1880 2857 1935 enuntias
2875 1921 2891 1946 ,
2915 1896 3020 1935 non
3046 1880 3157 1935 Deo
3183 1897 3197 1932 :
3224 1881 3267 1935 si
3293 1888 3470 1934 autem
3498 1880 3577 1934 sic
3599 1895 3778 1933 enitu-

2188 1970 2289 2023 tias
2312 1970 2474 2024 vitam
2507 1981 2651 2026 tuam
2677 2012 2694 2038 ,
2726 1980 2785 2026 ut
2809 1972 2945 2028 alios
2968 1972 3130 2028 etiam
3175 1973 3367 2028 invites
3401 1971 3468 2026 ad
3508 1973 3776 2042 accipien-

2185 2059 2307 2114 dam
2345 2063 2511 2115 vitam
2555 2077 2713 2133 quam
2750 2070 2807 2118 et
2861 2069 2915 2118 tu
2965 2063 3264 2135 accepisti,
3315 2063 3563 2118 enuntias
3612 2065 3774 2116 vitam

2186 2164 2329 2206 tuam
2361 2153 2435 2208 illi
2464 2169 2494 2207 a
2525 2168 2632 2224 quo
2657 2154 2908 2225 accepisti
2938 2197 2955 2221 ,
2982 2164 3037 2209 et
3063 2154 3288 2209 habebis
3321 2153 3623 2210 mercedem
3655 2169 3775 2208 am-

2185 2247 2409 2317 pliorem
2436 2288 2451 2312 ,
2479 2248 2602 2316 quia
2633 2255 2690 2302 et
2712 2262 2778 2301 ex
2804 2261 2872 2302 eo
2912 2246 3056 2317 quod
3091 2245 3345 2316 accepisti
3386 2261 3488 2298 non
3535 2245 3775 2316 ingratus

2181 2339 2453 2395 exstitisti.
2503 2338 2847 2405 Deus,sitam
2885 2355 3048 2392 meam
3091 2337 3345 2393 euuntiuui
3381 2337 3486 2391 tibi.
3546 2337 3773 2391 Posuisti

2181 2429 2434 2499 lacrymas
2455 2444 2592 2483 meas
2621 2430 2673 2482 in
2703 2437 2973 2499 conspectu
3011 2439 3119 2483 tuo.
3151 2427 3425 2483 Exaudisti
3454 2442 3540 2481 me
3580 2426 3775 2496 deprc-

2179 2533 2389 2575 cantem
2420 2529 2490 2574 te.
2525 2519 2670 2575 Sicut
2695 2520 2811 2573 etin
2837 2517 3223 2590 repromissione
3245 2527 3351 2571 tua.
3371 2515 3503 2584 Quia
3537 2517 3616 2571 sic
3652 2531 3772 2587 pro-

2180 2611 2404 2665 miseras
2430 2651 2445 2676 ,
2470 2611 2575 2665 hoc
2598 2611 2775 2681 egisti.
2811 2609 2997 2664 Dixisti
3028 2619 3080 2665 te
3103 2607 3477 2665 exanditurum
3505 2607 3723 2662 ﬂentem
3752 2625 3768 2662 :

2178 2702 2418 2767 credidi,
2449 2701 2569 2757 iievi
2594 2743 2609 2768 ,
2643 2702 2927 2757 exauditus
2950 2715 3112 2765 sum;
3144 2699 3323 2755 inveni
3367 2709 3420 2754 te
3461 2698 3772 2753 niisericorc

2176 2793 2300 2848 dem
2331 2794 2384 2847 in
2418 2792 2843 2864 reprotnittendo
2866 2835 2882 2860 ,
2909 2806 3154 2848 veracem
3191 2792 3245 2846 in
3279 2789 3574 2846 reddendo.
3625 2788 3772 2845 Sicut

2174 2895 2222 2940 et
2242 2885 2295 2939 in
2316 2885 2708 2956 repromissione
2735 2894 2844 2938 tua.

2248 2978 2337 3036 ιε.
2377 2973 2403 3053 [
2426 2992 2554 3031 vers.
2585 2973 2711 3048 10.]
2733 2975 3099 3030 Convertuntur
3121 2971 3314 3028 inimici
3338 2971 3435 3026 mei
3464 2982 3767 3025 retrorsum.

2174 3070 2289 3126 iloc
2318 3069 2447 3141 ipsis
2472 3065 2714 3139 prodest,
2741 3082 2847 3121 non
2880 3066 3018 3121 male
3041 3063 3148 3120 illis
3174 3070 3324 3134 optat
3351 3079 3368 3118 :
3398 3061 3600 3117 etenim
3635 3076 3766 3131 pm.-

2170 3162 2365 3216 eedere
2393 3161 2580 3214 volunt
2604 3199 2621 3223 ,
2649 3157 2770 3212 ideo
2791 3155 2985 3226 corrigi
3017 3154 3224 3210 nolunt.
3263 3150 3450 3207 Iones
3487 3149 3766 3206 inimicum

2173 3263 2323 3306 tttnm
2357 3259 2413 3304 ut
2446 3250 2582 3304 bene
2608 3249 2790 3314 vivat,
2819 3257 2876 3301 ιιι
2901 3260 2962 3303 se
2986 3243 3254 3316 corrigat:
3300 3243 3391 3300 ille
3431 3243 3762 3307 contemnit,

2175 3345 2268 3398 ille
2292 3343 2497 3412 respuit
2523 3340 2739 3396 verbum
2770 3352 2917 3395 tuum
2949 3356 2962 3394 :
2988 3339 3126 3395 Ecce
3145 3338 3233 3410 qui
3264 3352 3353 3393 me
3375 3345 3563 3392 monet
3586 3377 3602 3402 ,
3630 3346 3761 3393 ecce

2170 3451 2200 3496 ιι
2223 3451 2328 3504 quo
2354 3432 2636 3487 auditurus
2659 3445 2776 3485 sum
2805 3439 3070 3500 precepts
3097 3428 3291 3499 quibus
3309 3428 3486 3482 vivam
3510 3427 3526 3481 !
3557 3427 3763 3482 Drances

2171 3525 2299 3578 dere
2326 3533 2378 3577 te
2404 3523 2553 3586 vult,
2583 3529 2637 3578 et
2659 3519 3014 3591 prmeedendo
3041 3534 3148 3574 non
3179 3519 3486 3589 corrigitur.
3535 3517 3654 3572 Non
3678 3529 3758 3573 ato

2173 3614 2345 3669 tendit
2371 3613 2494 3684 quia
2521 3613 2685 3667 verba
2716 3620 2806 3665 tua
2829 3624 2936 3666 non
2957 3619 3083 3665 sunt
3109 3619 3230 3674 tua;
3259 3625 3365 3664 non
3387 3607 3613 3662 attendit
3636 3609 3761 3678 quia

2169 3708 2330 3759 vitam
2364 3715 2510 3758 tuam
2543 3704 2654 3759 Deo
2675 3701 2921 3758 enuntias
2945 3743 2962 3768 ,
2985 3716 3090 3756 non
3105 3701 3221 3755 tibi.
3242 3698 3610 3755 Praecedendo
3633 3715 3763 3771 ergo

2168 3813 2274 3851 non
2302 3797 2590 3865 corrigitur
2613 3813 2629 3850 :
2655 3798 2856 3849 bonum
2883 3801 2968 3850 est
2998 3793 3074 3848 illi
3105 3800 3162 3847 ut
3188 3797 3535 3848 convertatur
3561 3803 3760 3846 retror-

2167 3905 2286 3945 sum
2311 3931 2325 3956 ,
2358 3898 2410 3944 et
2431 3889 2588 3959 quem
2613 3886 2918 3958 prmcedere
2942 3885 3156 3941 volebat
3193 3892 3467 3954 sequatur.
3500 3883 3760 3938 Dominus

2165 3980 2233 4035 de
2258 3979 2508 4050 passione
2535 3991 2629 4033 sua
2652 3978 2823 4032 l’utura
2851 3974 3132 4045 discipulis
3161 3973 3480 4044 loquebatur
3501 4009 3518 4040 ,
3547 3973 3749 4027 exhin-

2166 4074 2272 4128 ruit
2299 4074 2484 4127 Petrus
2512 4113 2526 4131 .
2551 4080 2605 4126 ct
2633 4071 2745 4136 ait,
2788 4068 2967 4133 Absit,
3013 4067 3227 4121 Domine
3250 4107 3266 4132 ,
3309 4081 3411 4119 non
3452 4065 3537 4133 [iet
3578 4066 3755 4119 istud:

2164 4166 2253 4234 qui
2282 4163 2438 4232 paulo
2460 4171 2583 4216 ante
2610 4162 2816 4216 dixerat
2839 4199 2855 4226 ,
2883 4157 2964 4212 Tu
2989 4173 3042 4212 es
3064 4155 3292 4212 Cliristus
3319 4153 3488 4208 Filius
3511 4153 3606 4208 Dei
3625 4156 3721 4208 uiri
3737 4196 3753 4215 .

2163 4254 2439 4310 confessas
2471 4254 2637 4308 Deum
2663 4295 2678 4318 ,
2708 4251 2882 4305 timuit
2918 4263 3039 4303 eum
3083 4246 3220 4302 mori
3260 4245 3412 4315 quasi
3460 4243 3750 4299 hominem.

2164 4347 2420 4401 Dominus
2448 4353 2626 4398 autem
2659 4342 2748 4410 qui
2778 4340 2857 4395 sic
2882 4349 3105 4394 venerat
3135 4348 3193 4392 ut
3223 4343 3527 4406 pateretur,
3581 4352 3753 4407 neque

2162 4440 2304 4494 enim
2331 4438 2484 4493 aliter
2507 4435 2639 4490 salvi
2669 4448 2789 4489 esse
2831 4445 3112 4504 possemus
3135 4472 3152 4496 ,
3197 4429 3296 4484 nisi
3340 4428 3457 4498 ejus
3495 4430 3754 4498 sanguine

2163 4533 2588 4594 redimeremur,
2621 4527 2776 4598 paulo
2791 4536 2916 4580 ante
2939 4523 3330 4579 confessionem
3358 4520 3499 4574 Petri
3530 4523 3545 4550 ⁸
3575 4521 3754 4574 lauda-

2162 4634 2312 4680 verat
2338 4665 2354 4691 ,
2384 4635 2437 4678 et
2462 4623 2669 4676 dixerat
2694 4637 2708 4673 :
2741 4619 2874 4686 Quia
2895 4631 2993 4670 non
3016 4617 3104 4669 tibi
3121 4630 3242 4668 caro
3263 4623 3312 4667 et
3332 4611 3538 4684 sanguis
3558 4613 3750 4666 revela-

2162 4718 2226 4770 rit
2249 4717 2363 4783 hoc,
2387 4713 2478 4774 sed
2499 4711 2653 4766 Pater
2673 4725 2810 4763 meus
2831 4707 2915 4778 qui
2939 4707 2992 4760 in
3014 4705 3153 4761 catis
3171 4714 3264 4759 est.
3305 4702 3586 4772 Propterea
3612 4712 3666 4755 tu
3703 4718 3754 4756 es

2161 4809 2348 4864 Petrus
2372 4849 2385 4870 ,
2442 4814 2488 4859 et
2531 4819 2683 4872 super
2723 4804 2869 4855 istam
2919 4810 3113 4871 petram
3158 4795 3423 4865 (cdt/imbri
3467 4793 3757 4850 Ecclesium

2161 4915 2323 4954 meum
2347 4938 2364 4965 ,
2391 4906 2438 4950 et
2459 4895 2922 4967 portw‘iuferorum
2967 4905 3068 4943 non
3091 4891 3286 4943 vincent
3307 4902 3417 4941 eam
3439 4901 3459 4949 ;
3479 4895 3527 4940 et
3547 4886 3639 4940 tibi
3659 4888 3752 4940 dn-

2163 4994 2223 5046 bo
2247 4991 2410 5045 claves
2435 4988 2574 5057 regni
2599 4985 2859 5039 cistarum.
2890 4979 3080 5036 Videte
3103 4975 3549 5049 quemadmodum
3575 4991 3764 5046 prosc-

2161 5096 2315 5142 cutus
2340 5092 2422 5138 est
2446 5078 2839 5136 confessionem
2883 5089 3102 5139 veram,
3141 5073 3313 5141 piam,
3355 5069 3567 5137 plenam
3611 5068 3751 5123 tida--

2161 5180 2257 5230 ciae
2279 5219 2293 5243 ,
2315 5173 2437 5245 quia
2463 5172 2630 5233 dixit,
2659 5168 2737 5224 Tu
2790 5185 2841 5223 es
2871 5166 3100 5221 Christus
3127 5163 3294 5220 Filius
3333 5162 3430 5217 Dei
3461 5161 3578 5216 rivi.
3605 5161 3750 5216 Cotto

2163 5271 2308 5322 tinuo
2331 5275 2505 5318 autem
2525 5262 2612 5315 ubi
2635 5263 2800 5328 capit
2826 5257 2967 5327 loqui
2998 5256 3254 5310 Dominus
3273 5253 3338 5309 de
3358 5253 3607 5323 passione
3628 5268 3748 5319 sua,

2162 5361 2332 5415 timuit
2361 5359 2448 5410 ille
2478 5369 2544 5408 ne
2576 5354 2770 5424 periret
2797 5347 3094 5414 moriendo,
3124 5362 3246 5402 cum
3278 5345 3376 5415 ipsi
3404 5359 3502 5399 nos
3541 5344 3750 5414 perire-

2161 5466 2278 5506 ntus
2310 5449 2407 5503 nisi
2436 5449 2523 5502 ille
2567 5456 2900 5506 moreretur;
2950 5449 3005 5496 et
3043 5441 3136 5507 ait,
3175 5439 3336 5504 Absit,
3376 5437 3604 5503 Domine,
3645 5454 3749 5492 non

2160 5546 2244 5613 ﬁet
2288 5541 2439 5597 istud.
2494 5539 2561 5593 Ει
2605 5535 2861 5603 Dominus
2905 5534 3000 5597 illi,
3045 5534 3129 5587 cui
3169 5531 3325 5601 paulo
3365 5541 3489 5585 ante
3517 5530 3744 5593 dixerat,

2158 5635 2348 5689 Beatus
2383 5649 2454 5696 es,
2493 5642 2537 5684 ct
2576 5646 2730 5699 super
2759 5629 2888 5680 hanc
2927 5636 3119 5697 petram
3163 5625 3426 5679 (artificem
3469 5621 3747 5677 Ecclesium

2161 5742 2343 5784 meum.
2379 5724 2522 5786 Redi,
2558 5722 2749 5788 inquit,
2777 5729 2907 5773 retro
2927 5728 3152 5781 satanas,
3184 5734 3482 5770 sequentum
3509 5712 3632 5766 mihi
3658 5727 3742 5779 es;

2228 5861 2244 5892 ι
2279 5858 2353 5906 sic
2376 5863 2478 5906 uss.
2501 5862 2555 5906 At
2578 5851 2710 5914 ΕΜ..
2739 5859 2945 5903 Petrum.
