3968 6340
189 380 317 441 651

188 498 368 563 Quale
392 510 523 567 ergo
560 504 795 562 satanas,
826 493 917 564 qui
953 492 1108 563 paulo
1146 501 1270 548 ante
1294 492 1481 549 beatus
1505 503 1559 548 et
1596 490 1790 562 petra?

189 586 314 643 Non
335 590 469 642 enim
488 587 626 658 sapis
649 601 764 656 qui:
792 585 888 638 mei
906 595 1044 649 sunt,
1062 585 1156 649 ait,
1187 583 1277 639 sed
1300 599 1415 653 qua:
1432 593 1549 637 sunt
1569 583 1787 637 hominis

186 681 405 750 (.llattlt.
434 696 545 745 ινι,
578 676 778 749 1625).
804 676 969 732 Paulo
994 685 1117 730 ante
1143 692 1261 745 qua?
1294 674 1387 731 Dei
1406 675 1553 745 :quia
1577 691 1677 728 non
1698 690 1783 727 rc-

184 771 372 825 t-elarit
390 771 476 824 tibi
502 786 622 824 caro
657 779 702 822 et
714 767 941 839 sanguis,
977 767 1064 821 sed
1097 765 1257 820 Pater
1285 782 1427 819 meus
1454 765 1539 834 qui
1567 764 1619 817 in
1644 765 1784 818 cwlis

182 875 279 919 est.
307 863 529 931 Quando
552 864 604 917 in
628 863 738 917 Deo
764 860 1013 916 laudabat
1040 874 1367 926 sermonem,
1406 872 1513 913 non
1543 869 1779 924 satanas,

180 955 280 1010 sed
314 956 501 1010 Petrus
518 970 551 1008 ι
571 964 718 1023 petra
743 969 758 1007 :
782 950 994 1021 quando
1013 959 1192 1005 autem
1213 965 1244 1004 a
1268 964 1347 1012 se,
1375 959 1429 1006 et
1457 966 1521 1004 ex
1547 948 1779 1004 humana

180 1047 516 1113 inﬁrmitate,
535 1059 719 1099 amore
739 1042 971 1098 hominis
984 1041 1204 1105 carnali,
1232 1040 1373 1111 quod
1398 1039 1780 1108 impedimento

179 1148 332 1193 esset
360 1137 516 1192 saluti
549 1137 715 1207 ipsius
740 1146 793 1190 et
834 1143 1174 1197 czcterorum,
1218 1142 1432 1186 satanas
1458 1131 1635 1185 dictus
1674 1140 1776 1183 est.

177 1229 402 1298 Quare?
453 1228 584 1299 Quia
632 1226 936 1298 pnecedcre
980 1224 1263 1279 Dominum
1293 1223 1524 1285 volebat,
1568 1231 1622 1275 et
1649 1220 1776 1275 Duci

175 1321 388 1378 cmlesti
410 1330 681 1375 terrenum
718 1319 847 1373 dare
874 1317 1179 1374 consilium.
1208 1315 1371 1381 Absit,
1407 1314 1642 1379 Domine,
1676 1330 1776 1367 non

179 1415 270 1483 ﬁet
294 1412 451 1467 istud.
495 1412 609 1467 Dici
645 1453 661 1477 ,
714 1410 891 1474 Absit,-
934 1418 989 1462 et
1026 1409 1180 1472 dicis,
1217 1406 1431 1460 Domine
1459 1421 1478 1459 :
1518 1406 1699 1474 utique
1729 1405 1773 1459 si

176 1504 437 1558 Dominus
466 1511 568 1565 est,
612 1508 878 1571 poteState
918 1497 1081 1563 facit;
1122 1500 1165 1551 si
1196 1498 1448 1568 magister
1476 1506 1577 1559 est,
1628 1496 1775 1551 novit

172 1596 303 1667 quid
337 1596 514 1661 faciat,
563 1598 708 1649 novlt
734 1592 861 1663 quid
888 1592 1097 1645 doceat.
1143 1589 1224 1644 'l‘u
1249 1599 1426 1644 autem
1460 1590 1537 1642 vis
1577 1591 1772 1644 ducere

169 1689 389 1750 ducem,
444 1686 641 1741 docere
674 1684 1006 1752 magistrum,
1038 1682 1230 1751 jubere
1260 1680 1505 1743 Domino,
1547 1679 1768 1749 optare.i

172 1780 285 1833 Deo
320 1796 334 1831 :
368 1778 589 1831 multum
616 1773 895 1845 pra‘cedis,
926 1775 1032 1828 redi
1073 1781 1227 1827 retro.
1271 1771 1533 1842 Numquid
1575 1787 1678 1825 non
1716 1780 1772 1826 et

169 1872 288 1927 istis
325 1870 556 1925 inimicis
591 1868 693 1923 hoc
716 1865 1004 1937 proderat?
1049 1863 1416 1921 Convertuntur
1448 1864 1643 1916 inimici
1670 1863 1768 1916 mei

164 1974 444 2017 retrorsum
476 1977 496 2016 :
522 1962 615 2015 sed
648 1976 751 2014 non
792 1968 1107 2014 remaneant
1134 1966 1449 2011 retrorsum.
1496 1955 1617 2010 Ideo
1638 1970 1768 2010 con-

165 2064 450 2111 vertantur
475 2063 790 2117 retrorsum,
841 2066 907 2106 ne
946 2048 1282 2119 praecedant:
1326 2047 1420 2102 sed
1452 2057 1507 2101 ttt
1534 2063 1764 2117 sequan-

165 2159 277 2212 tur,
313 2163 418 2201 non
451 2154 509 2199 ut
542 2151 872 2201 remaneant.
914 2140 1281 2198 Convertuntur
1314 2139 1508 2193 inimici
1550 2138 1648 2193 mei
1686 2155 1766 2193 re-

160 2251 407 2295 (rursum.

239 2333 328 2386 ili.
377 2329 439 2383 In
472 2344 785 2399 quacumque
806 2326 890 2380 die
913 2327 1205 2379 invocarem
1241 2335 1307 2389 te,
1337 2339 1460 2399 ecce
1486 2323 1607 2377 scivi
1628 2339 1758 2393 quo-

160 2427 305 2481 niam
340 2423 477 2495 Dens
514 2438 651 2475 meus
679 2438 729 2474 es
756 2431 828 2473 tu.
858 2418 1041 2487 Magna
1066 2417 1318 2471 scicntia!
1350 2414 1463 2469 Non
1492 2414 1585 2477 ait,
1618 2414 1761 2469 Scivi

156 2519 286 2588 quia
332 2517 474 2570 Deus
501 2529 600 2577 es;
644 2512 759 2573 sed,
808 2498 929 2581 quia
958 2510 1093 2564 Deus
1122 2525 1262 2562 meus
1299 2525 1351 2562 es
1377 2517 1451 2561 tu.
1494 2506 1640 2560 Tuus
1677 2517 1763 2562 est

155 2609 330 2672 cnim,
376 2621 496 2661 cum
545 2605 634 2659 tibi
691 2601 977 2667 subvenit;
1019 2608 1141 2655 tuus
1170 2608 1276 2665 est,
1318 2615 1437 2653 cum
1469 2608 1525 2653 tu
1562 2599 1629 2651 ab
1669 2597 1760 2651 illo

154 2702 372 2756 alienus
401 2714 505 2751 non
533 2712 611 2752 es.
669 2694 821 2752 Unde
854 2692 1049 2748 dicitur
1076 2709 1088 2744 :
1126 2690 1314 2745 Beatus
1339 2690 1582 2759 populus,
1613 2691 1760 2761 cujus

153 2808 231 2850 est
254 2792 506 2847 Dominus
530 2788 666 2843 Deus
694 2787 879 2859 ipsius.
903 2786 1100 2853 Quare,
1125 2785 1273 2852 cuius
1295 2782 1404 2838 est?
1437 2782 1589 2850 cujus
1615 2783 1756 2836 enim

155 2902 267 2942 non
292 2883 413 2941 est?
439 2879 688 2937 Omnium
718 2878 932 2949 quidem
966 2877 1104 2930 Deus
1123 2884 1205 2929 est
1236 2892 1250 2929 :
1282 2873 1374 2929 sed
1406 2890 1592 2928 eorum
1620 2874 1758 2929 Deus

152 2977 376 3049 proprie
405 2974 620 3035 dicitur,
675 2972 762 3042 qui
807 2986 929 3026 eum
974 2968 1221 3037 diligunt,
1270 2967 1360 3037 qui
1398 2982 1518 3021 cum
1552 2978 1753 3029 tenent,

151 3070 249 3140 qui
286 3070 433 3123 illum
484 3063 790 3137 possident,
836 3062 923 3132 qui
954 3063 1101 3116 illum
1128 3062 1346 3124 colunt;
1389 3070 1639 3128 tauquam
1688 3059 1757 3115 de

151 3161 323 3217 domo
386 3159 575 3229 ipsius,
631 3170 820 3225 magna
871 3162 996 3208 sunt
1048 3150 1244 3207 familia
1296 3152 1434 3221 ejus,
1497 3151 1754 3219 redempti

153 3270 355 3327 magno
406 3252 663 3322 sanguine
715 3248 853 3303 unici
896 3246 1041 3302 Filii.
1098 3246 1368 3313 Quantum
1411 3245 1559 3300 dedit
1603 3245 1757 3300 nobis

151 3351 324 3415 Deus,
374 3358 432 3400 ut
461 3345 628 3416 ipsius
655 3356 898 3401 essemus
924 3352 978 3397 et
1013 3341 1126 3411 ipse
1158 3341 1227 3394 sit
1261 3340 1481 3394 noster!
1532 3342 1598 3393 At
1627 3356 1756 3393 vero

149 3440 475 3509 aliarigeme
502 3438 655 3504 longe
681 3432 805 3488 lacti
829 3448 861 3487 a
887 3432 1108 3496 sanctis,
1159 3429 1252 3484 lilii
1280 3430 1438 3484 alieni
1477 3441 1623 3486 sunt.
1654 3430 1749 3485 Vi-

149 3529 281 3586 dete
304 3526 438 3599 quid
475 3526 543 3582 de
574 3525 679 3581 illis
706 3521 915 3578 dicatur
961 3521 1014 3576 in
1061 3520 1168 3574 alio
1215 3520 1420 3588 psalmo
1454 3536 1467 3571 :
1517 3518 1752 3587 Domine,

151 3625 319 3679 libera
350 3636 447 3686 me,
477 3620 570 3681 ait,
599 3617 663 3671 de
684 3631 839 3669 inanti
867 3612 1093 3682 ﬁliorum
1120 3611 1421 3674 alienorum,
1449 3627 1662 3679 quorum
1699 3628 1755 3665 os

152 3717 386 3772 locutum
408 3721 482 3766 est
502 3709 793 3768 vanitatem,
825 3713 871 3760 et
895 3704 1103 3758 dextera
1133 3719 1305 3757 eorum
1339 3702 1545 3755 dextera
1569 3702 1757 3772 iniqui-

152 3808 295 3862 tatis.
341 3803 415 3859 Et
459 3802 580 3857 vide
608 3798 941 3855 altitudinem
989 3795 1244 3865 ipsorum,
1292 3792 1387 3849 sed
1418 3793 1752 3847 altitudim-m

150 3896 292 3962 diei,
342 3894 397 3949 id
446 3902 532 3948 est
578 3888 885 3960 superbiam
940 3885 1311 3956 temporalem.
1385 3885 1615 3952 Quorum
1658 3886 1754 3953 lilii

149 4004 355 4045 eorum.
389 3984 580 4053 inquit,
625 3982 753 4035 sicut
785 3977 998 4033 novella:
1035 3976 1389 4039 constabilitte,
1421 3975 1545 4045 filia:
1578 3992 1754 4030 eorum

148 4088 353 4138 ornata
372 4088 424 4134 ut
443 4073 723 4133 similitudo
747 4071 940 4143 templi.
971 4069 1298 4125 Felicitatem
1331 4069 1582 4124 describit
1610 4085 1751 4137 prae-

148 4174 331 4230 seutis
355 4168 559 4235 sasenli,
606 4168 658 4221 in
695 4180 797 4233 qua
846 4172 1087 4220 errantes
1139 4162 1384 4216 homines
1424 4171 1480 4215 et
1507 4176 1623 4215 eam
1657 4176 1753 4231 pro

146 4282 357 4336 magno
386 4262 665 4324 habentes,
698 4257 1003 4313 felicitatem
1042 4272 1221 4311 verum
1267 4256 1753 4324 sempiternumque

149 4374 263 4414 non
292 4362 560 4426 quierunt.
591 4350 718 4406 Inde
747 4365 876 4420 ergo
904 4348 988 4403 isti
1020 4348 1111 4401 lilii
1143 4346 1322 4409 alicui,
1358 4361 1462 4400 non
1494 4346 1584 4399 lilii
1620 4345 1708 4398 Dei
1736 4364 1749 4398 :

150 4452 391 4517 Quorum
421 4446 519 4514 ,‘ilii
544 4459 738 4507 eorum,
769 4441 958 4511 inquit,
987 4440 1116 4492 sicut
1147 4438 1358 4491 novella:
1396 4436 1749 4499 constubilitte.

146 4543 281 4611 filia
319 4553 496 4593 eorum
540 4545 736 4591 ornatis
787 4532 916 4587 sicut
953 4530 1234 4586 similitudo
1279 4530 1499 4598 teutpli:
1546 4531 1755 4584 cellario

146 4648 336 4689 eorum
378 4630 549 4696 plena,
594 4623 879 4680 eructantia
908 4638 973 4676 ea:
1002 4622 1096 4675 hoc
1132 4622 1185 4674 in
1223 4621 1317 4674 hoc
1347 4636 1365 4673 :
1411 4621 1555 4673 boves
1581 4637 1755 4674 eorum

147 4725 341 4789 crassi,
382 4737 495 4778 oves
520 4733 696 4775 eorum
727 4716 978 4787 (antidit,
1026 4711 1420 4783 multiplicantes
1449 4713 1501 4765 in
1539 4712 1754 4766 exitibus

146 4818 263 4874 suis
295 4831 315 4869 :
366 4831 468 4868 non
502 4822 575 4866 est
612 4809 763 4865 ruina
796 4806 1028 4861 maceria:
1081 4820 1244 4871 neque
1284 4806 1549 4867 transitus,
1598 4819 1757 4872 neque

145 4912 356 4968 clautor
392 4908 445 4959 in
484 4904 663 4974 plateis
707 4915 901 4955 eorum.
955 4898 1019 4951 Et
1057 4896 1183 4967 quid
1214 4895 1499 4965 sequitur?
1543 4893 1754 4948 Beatum

146 5003 397 5058 dixerunt
425 4995 670 5067 populum
694 4991 780 5045 cui
810 4990 918 5042 Itwc
938 4998 1075 5041 sunt.
1107 4986 1213 5042 Sed
1240 4986 1328 5055 qui
1350 4984 1633 5041 dixerunt?
1661 4985 1752 5040 Fi-

150 5097 211 5152 lii
236 5091 419 5149 alieni,
459 5102 675 5157 quorum
704 5102 760 5138 os
792 5083 1019 5136 locutum
1060 5089 1131 5134 est
1173 5080 1460 5133 nouitatem.
1502 5078 1583 5133 Tu
1627 5080 1754 5148 quid

148 5188 328 5245 dicis?
364 5184 551 5239 Beatus
580 5182 821 5251 populus,
862 5182 1011 5250 cujus
1037 5186 1111 5231 est
1144 5176 1390 5229 Dominus
1428 5173 1568 5229 Deus
1597 5176 1756 5242 ipsius

149 5282 330 5352 (ιιωι.
358 5293 540 5341 cum,
585 5274 776 5342 tl—l5)
798 5312 811 5326 .
856 5273 1004 5327 Tulit
1032 5270 1212 5324 omnia
1242 5269 1315 5323 de
1354 5269 1532 5323 medio
1560 5280 1753 5323 caetera

147 5390 280 5444 quae
302 5375 396 5425 dat
431 5372 590 5431 Deus.
633 5376 690 5425 et
712 5366 859 5423 dedit
887 5366 1060 5434 ipsum
1090 5363 1279 5418 Deum.
1326 5360 1517 5415 Omnia
1561 5362 1757 5431 quippe

152 5468 271 5529 Illa,
320 5463 532 5526 inuras,
584 5475 703 5530 qua:
739 5463 1226 5513 commemorarunt
1254 5452 1346 5507 lilii
1371 5452 1571 5518 alieni,
1619 5450 1757 5505 Deus

151 5559 283 5618 dat;
334 5554 430 5608 sed
486 5561 542 5605 et
586 5550 779 5605 alienis
815 5546 927 5609 dat,
981 5544 1077 5600 sed
1124 5554 1179 5598 et
1226 5543 1380 5597 malis
1429 5543 1542 5608 dat,
1574 5542 1668 5595 sed
1704 5552 1757 5596 et

153 5646 488 5718 blasphemis
512 5642 623 5706 dat,
655 5641 743 5710 qui
770 5640 936 5695 solem
964 5654 1121 5692 suum
1152 5635 1281 5691 oriri
1326 5634 1448 5690 facit
1472 5650 1632 5704 super
1658 5632 1756 5687 bo-

153 5757 261 5799 nos
283 5752 339 5794 et
369 5737 559 5796 malos,
593 5742 646 5788 et
675 5733 805 5802 pluit
833 5745 995 5799 super
1016 5728 1187 5796 iustos
1208 5737 1262 5781 et
1293 5726 1517 5796 injustos
1544 5723 1754 5797 (Matth.

228 5878 245 5911 ⁸
281 5878 354 5927 ste
375 5880 483 5923 ass.
510 5874 564 5919 At
585 5866 724 5922 πίσω,
745 5862 995 5927 imperare.

1334 376 1729 433 ENARRATIO
1761 377 1823 431 lN
1866 378 2185 438 PSALMUM
2213 383 2320 438 LV.

3388 398 3495 458 658

1890 508 1942 557 ν,
1969 494 2084 563 ιδ).
2118 497 2418 567 Aliquando
2441 500 2537 554 ista
2571 501 2725 559 bonis
2752 504 2862 569 dat,
2892 507 3178 577 aliquando
3210 526 3313 565 non
3354 513 3446 568 dat
3474 532 3491 579 ;

1891 594 1945 638 et
1971 586 2124 640 malis
2153 588 2440 659 aliquando
2468 590 2577 657 dat,
2619 583 2903 669 aliquando
2930 615 3033 653 non
3057 601 3147 656 dat
3170 619 3183 655 :
3236 604 3387 659 bonis
3411 617 3490 659 ta-

1892 696 2015 737 men
2037 694 2215 739 servat
2230 688 2483 756 seipsum,
2510 691 2662 747 malis
2680 705 2855 748 autem
2880 696 3052 766 ignem
3074 703 3480 770 sempiternum.

1891 773 1987 828 Est
2029 790 2157 846 ergo
2186 778 2383 833 ntalum
2425 782 2567 851 quod
2598 799 2702 838 non
2730 785 2823 839 dat
2857 788 3031 854 bonis,
3082 804 3136 845 et
3178 808 3251 847 ρει
3286 796 3483 853 bonum

1889 867 2028 936 qttod
2059 883 2164 923 non
2195 868 2287 924 dat
2306 873 2460 927 malis
2493 891 2506 927 :
2532 884 2657 928 sunt
2684 877 2927 946 qtnedam
2962 883 3155 947 media,
3188 898 3242 938 et
3274 887 3408 941 bona
3431 902 3487 945 et

1887 960 2050 1024 mala,
2079 978 2197 1029 quae
2226 962 2319 1017 dat
2343 974 2395 1019 ct
2420 965 2573 1020 bonis
2604 977 2657 1021 et
2691 971 2865 1024 utalis.

1962 1052 2046 1105 l7.
2070 1051 2178 1106 Nos
2200 1068 2329 1124 ergo
2354 1055 2515 1110 Deum
2538 1075 2799 1125 amemus,
2827 1064 3016 1118 fratres
3035 1106 3050 1129 ,
3085 1084 3211 1133 pure.
3241 1082 3296 1125 et
3315 1083 3483 1128 caste.

1884 1140 1999 1195 Non
2020 1146 2103 1197 est
2128 1156 2332 1202 castum
2356 1162 2472 1211 cor,
2501 1151 2543 1202 si
2572 1151 2734 1204 Deum
2756 1153 2822 1206 ad
2848 1158 3149 1212 mercedem
3177 1164 3323 1217 colit.
3347 1163 3482 1230 Quid

1883 1236 2048 1303 ergo?
2078 1238 2380 1293 mercedem
2408 1241 2478 1295 de
2503 1242 2594 1297 Dei
2617 1245 2763 1299 cultu
2792 1263 2897 1301 non
2929 1250 3240 1310 habebimus
3259 1261 3277 1307 ἐ
3310 1256 3483 1313 llahe-

1882 1326 2057 1381 bitnus
2087 1328 2263 1396 plane,
2310 1331 2404 1386 sed
2451 1331 2620 1401 ipsum
2667 1335 2831 1390 Deum
2881 1356 3038 1409 quem
3086 1345 3330 1399 colimus.
3364 1348 3480 1417 lpsc

1881 1419 2035 1473 nobis
2086 1437 2293 1476 merces
2341 1423 2463 1488 erit,
2515 1426 2638 1494 quia
2682 1428 2976 1484 videbimus
3020 1449 3142 1487 eum
3193 1438 3348 1492 sicuti
3394 1450 3477 1493 est

1881 1510 1923 1583 (l
1952 1512 2108 1566 Joan.
2134 1530 2209 1578 Ill,
2232 1515 2310 1585 2).
2338 1518 2567 1571 Attende
2588 1521 2710 1589 quia
2736 1522 2753 1551 ¹
2776 1524 3079 1577 mercedem
3105 1526 3471 1598 consequeris.

1877 1606 2221 1659 Amatoribus
2251 1608 2363 1661 sols
2394 1611 2646 1664 Dominus
2686 1625 2867 1668 noster
2889 1614 3046 1672 .lesns
3071 1619 3313 1675 Clu-istos
3343 1625 3469 1693 quid

1876 1693 2039 1781 dicit?
2068 1695 2169 1760 Qui
2196 1698 2361 1768 diligit
2392 1716 2487 1762 tne,
2516 1703 2763 1757 mandata
2790 1722 2902 1759 mea
2931 1711 3181 1774 custodit;
3208 1726 3254 1765 et
3281 1715 3367 1783 qui
3393 1718 3473 1769 di-

1877 1784 1987 1855 ligit
2027 1804 2127 1849 me,-
2166 1788 2406 1859 diligetur
2438 1808 2470 1844 a
2502 1790 2655 1846 l’atrc
2695 1812 2825 1858 meo,
2868 1809 2913 1851 et
2955 1816 3045 1870 ego
3089 1802 3297 1872 diligant
3335 1825 3471 1863 eunt.

1874 1879 2009 1948 Quid
2039 1880 2111 1933 illi
2136 1896 2265 1952 ergo
2290 1882 2481 1938 dabis?
2504 1881 2568 1937 Et
2598 1890 2860 1941 ostendam
2889 1893 3133 1961 mcipsum
3162 1895 3237 1948 illi
3270 1900 3285 1965 (
3311 1899 3470 1957 λυπεῖ.

1875 1990 1989 2041 xw,
2010 1975 2124 2045 25).
2147 1974 2203 2030 Si
2241 1991 2347 2031 non
2377 1993 2544 2043 amas,
2578 1994 2763 2048 parum
2795 1992 2877 2037 est
2903 2000 2916 2037 :
2943 1985 2985 2038 si
3018 2002 3185 2046 amas.
3214 1989 3258 2043 si
3291 1994 3472 2060 suspi-

1872 2083 1980 2131 ras,
2019 2067 2065 2122 si
2101 2070 2265 2139 gratis
2293 2069 2431 2125 colis
2467 2088 2590 2127 eum
2620 2090 2648 2125 a
2676 2089 2782 2144 quo
2807 2077 2974 2145 gratis
3012 2090 3224 2147 emptus
3252 2096 3330 2145 es,
3366 2101 3469 2137 nou

1870 2160 2014 2214 enim
2038 2175 2160 2215 eum
2193 2176 2566 2230 promet-ueras
2595 2174 2651 2219 ut
2679 2176 2729 2220 te
2756 2169 3061 2235 redimeret,
3092 2172 3135 2223 si
3163 2175 3471 2227 considera-

1870 2253 1937 2306 tis
1967 2253 2018 2305 in
2052 2262 2103 2308 te
2129 2252 2404 2309 beneﬁciis
2428 2254 2545 2323 ejus
2574 2257 2832 2326 suspiras,
2871 2269 2924 2314 et
2964 2261 3261 2331 inquietum
3304 2265 3466 2319 hahes

1868 2359 1964 2398 cor
1982 2344 2255 2401 desiderio
2282 2347 2432 2417 ejus;
2462 2350 2565 2401 noli
2594 2359 2742 2403 extra
2769 2367 2893 2406 eum
2922 2353 3119 2424 aliquid
3144 2356 3212 2410 ab
3236 2372 3301 2410 eo
3320 2372 3467 2427 quae-

1868 2452 2009 2502 rere,
2041 2437 2153 2506 ipse
2182 2436 2273 2492 tibi
2313 2438 2527 2493 sul‘licit.
2558 2438 2957 2508 Quantutnlihet
2996 2444 3069 2496 sis
3110 2461 3320 2513 avarus,
3353 2447 3465 2502 suf-

1865 2532 1979 2587 ﬁcit
2002 2532 2094 2588 tibi
2119 2533 2277 2588 Deus.
2304 2533 2516 2589 Etenim
2539 2535 2759 2588 avaritia
2785 2546 2982 2591 terram
3008 2540 3276 2609 quaerebat
3303 2543 3466 2609 possi-

1865 2623 1994 2678 dere
2022 2632 2209 2690 totam,
2238 2625 2373 2681 adde
2404 2636 2459 2680 et
2487 2626 2683 2680 caelum
2706 2643 2719 2679 :
2743 2627 2859 2697 plus
2888 2638 2971 2680 est
2995 2630 3082 2697 qui
3121 2632 3243 2684 fecit
3266 2634 3459 2686 ctclum

1864 2723 1918 2768 et
1946 2724 2160 2768 terram.
2187 2715 2392 2782 Dicam,
2424 2716 2614 2771 fratres
2640 2735 2652 2771 :
2687 2718 2737 2772 in
2772 2718 2886 2772 istis
2922 2718 3166 2774 humanis
3196 2723 3464 2791 conjttgiis

1864 2806 2203 2861 considerate
2233 2823 2328 2862 cor
2355 2817 2559 2861 ca~lum
2591 2809 2747 2878 quale
2779 2810 2848 2862 sit
2877 2810 2942 2863 ad
2974 2810 3158 2864 Deum.
3182 2811 3343 2868 Certe
3366 2815 3463 2868 lm-

1863 2912 2016 2951 mana
2065 2898 2311 2967 Coniugia
2361 2909 2485 2952 sunt
2509 2918 2521 2950 ε
2548 2916 2651 2952 non
2681 2900 2853 2970 diligit
2893 2917 3112 2955 uxorem
3167 2920 3338 2965 suam,
3370 2906 3459 2973 qui

1862 3002 2080 3057 promer
2106 2989 2285 3042 dotem
2320 2990 2463 3043 illam
2490 2990 2694 3059 diligit;
2726 3007 2831 3045 non
2873 2995 3121 3046 maritqu
3160 3007 3303 3048 caste
3335 2996 3458 3049 diti.

1859 3080 1955 3149 git,
1987 3095 2107 3150 quae
2150 3091 2433 3148 propterea
2472 3080 2662 3150 diligit,
2694 3082 2816 3151 quia
2858 3083 3058 3151 aliquid
3094 3087 3329 3148 donavit,
3369 3095 3461 3139 aut

1860 3174 1982 3242 quia
2012 3174 2236 3229 multum
2267 3173 2503 3229 donavit.
2528 3174 2597 3229 Et
2623 3176 2771 3230 dives
2800 3179 3044 3242 maritus,
3074 3189 3127 3231 et
3152 3195 3355 3249 pauper
3379 3182 3461 3234 la-

1859 3279 1979 3322 ctus
2031 3270 2254 3323 maritus
2292 3278 2376 3324 est
2396 3271 2436 3324 '.
2461 3270 2629 3337 Quam
2675 3270 2825 3323 multi
2877 3272 3179 3340 proscripti,
3224 3291 3250 3324 a
3296 3276 3459 3327 castis

1862 3362 2116 3415 uxoribus
2160 3362 2390 3430 amplius
2434 3362 2613 3416 dilecti
2666 3364 3083 3417 suntil’rohata
3126 3376 3249 3419 sunt
3292 3367 3455 3420 multa

1859 3464 2003 3509 casta
2053 3454 2300 3525 conjugt‘a
2345 3455 2739 3511 calamitatibus
2790 3460 3101 3513 tuaritorum
3144 3478 3157 3513 :
3196 3476 3263 3514 ne
3307 3461 3456 3516 aliud

1859 3562 2041 3601 amare
2066 3562 2223 3616 quam
2252 3548 2500 3603 maritum
2525 3557 2859 3620 putarentur,
2892 3566 2994 3605 uoo
3022 3551 3195 3605 solum
3230 3570 3333 3606 non
3362 3555 3456 3606 de-

1859 3646 2164 3702 seruerunt,
2192 3634 2286 3691 sed
2324 3639 2553 3708 amplius
2579 3639 2851 3695 obsecuta:
2880 3650 3022 3695 stitit.
3051 3640 3105 3697 Si
3132 3657 3259 3711 ergo
3291 3644 3454 3697 mati-

1863 3737 1945 3781 tus
1969 3729 2199 3782 carnalis
2228 3729 2391 3798 gratis
2412 3729 2669 3798 diligitur,
2692 3731 2737 3784 si
2759 3743 2905 3786 caste
2932 3730 3207 3803 diligitur;
3236 3745 3289 3789 et
3320 3751 3457 3789 uxor

1860 3820 2091 3872 carnalis
2117 3820 2285 3887 gratis
2314 3819 2570 3890 diligitur,
2600 3821 2643 3875 si
2671 3830 2818 3876 caste
2842 3823 3078 3895 diligitur
3104 3842 3116 3876 :
3154 3825 3293 3879 Dens
3318 3842 3454 3895 quo.

1860 3912 2021 3966 modo
2040 3911 2341 3983 diligendus
2362 3922 2465 3979 est,
2492 3927 2649 3968 verus
2667 3925 2721 3969 et
2742 3930 2899 3970 verax
2922 3919 3115 3969 anima:
3147 3934 3227 3970 ma
3238 3919 3368 3971 ritus
3388 3919 3452 3972 ad

1861 4007 2065 4077 prolem
2112 4007 2452 4076 sempiternae
2500 4007 2621 4061 vita:
2671 4008 2985 4073 fecundans,
3015 4019 3070 4064 et
3097 4011 3309 4065 Steriles
3354 4026 3455 4064 nos

1860 4118 1965 4156 non
2012 4116 2132 4156 esse
2177 4102 2528 4170 permittens?
2564 4101 2712 4157 Illum
2760 4118 2890 4173 ergo
2937 4104 3016 4156 sic
3058 4102 3363 4172 diligamus,
3399 4112 3456 4158 ut

1858 4192 1999 4246 aliud
2026 4201 2220 4261 praeter
2248 4192 2419 4261 ipsum
2449 4207 2555 4246 non
2576 4192 2825 4260 diligatur
2848 4209 2862 4258 ;
2886 4203 2941 4250 et
2964 4194 3022 4247 lit
3052 4194 3103 4247 in
3133 4197 3284 4250 nobis
3311 4197 3453 4266 quod

1858 4285 2112 4347 diximus,
2138 4283 2278 4352 quod
2301 4285 2656 4346 cantavimus,
2682 4285 2803 4354 quia
2828 4293 2881 4339 et
2904 4286 2990 4340 hic
3012 4302 3110 4339 vox
3139 4300 3317 4340 nostra
3342 4298 3454 4342 est:

1860 4376 1927 4429 In
1971 4390 2284 4447 quacumque
2324 4374 2406 4429 die
2455 4377 2748 4430 invocarem
2794 4388 2865 4440 te,
2904 4393 3017 4430 ecce
3054 4378 3175 4431 scivi
3214 4379 3456 4449 quoniam

1860 4470 1999 4525 Deus
2028 4486 2168 4524 meus
2193 4486 2246 4524 es
2274 4478 2350 4523 tu.
2378 4469 2489 4523 lloe
2513 4479 2597 4524 est
2626 4471 2876 4525 invocare
2904 4470 3087 4536 Deum,
3112 4474 3277 4542 gratis
3309 4473 3455 4526 invo-

1858 4579 2003 4619 care.
2032 4563 2263 4618 Proinde
2301 4563 2368 4618 de
2396 4563 2713 4633 quibusdam
2745 4563 2867 4633 quid
2897 4563 3096 4618 dictum
3128 4566 3249 4619 est?
3274 4564 3453 4618 Domi—

1860 4672 1980 4707 nunt
2011 4671 2113 4708 non
2152 4654 2525 4709 invocaverunt.
2558 4653 2720 4723 Quasi
2755 4654 3035 4710 Dominum
3066 4657 3165 4727 sibi
3209 4657 3457 4711 invot-ate

1860 4747 2211 4813 videbantur;
2256 4756 2309 4802 et
2356 4746 2607 4816 petebant
2653 4762 2775 4800 eum
2820 4747 2888 4801 de
2940 4747 3359 4804 lucreditatihns.
3389 4748 3456 4801 do

1859 4842 2163 4911 amplianda
2190 4841 2431 4909 pecunia,
2456 4840 2524 4895 de
2548 4839 2906 4909 proionganda
2933 4840 3035 4892 vita
3061 4840 3180 4904 ista,
3205 4840 3271 4892 de
3292 4849 3455 4892 etrtc-

1862 4936 1935 4988 ris
1963 4933 2342 5002 temporalibus
2371 4933 2532 4987 rebus
2564 4950 2577 4984 :
2611 4939 2666 4985 et
2710 4930 2836 5001 quid
2880 4930 2949 4986 de
2998 4931 3104 4987 illis
3144 4930 3458 4998 Scriptura?

1862 5025 2136 5080 Dominum
2176 5042 2277 5078 non
2316 5025 2687 5077 invocaverunt.
2735 5022 2858 5077 Ideo
2895 5022 3020 5094 quid
3066 5021 3336 5092 sequitur?
3378 5021 3455 5073 lbi

1863 5126 2134 5173 timuerunt
2184 5118 2378 5181 timore,
2425 5116 2509 5169 ubi
2559 5133 2662 5170 non
2705 5125 2813 5169 erat
2862 5116 3011 5168 timor
3040 5113 3208 5186 (l’sal.
3235 5129 3345 5173 xm,
3374 5112 3455 5173 5).

1861 5209 1997 5277 Quid
2028 5218 2131 5275 est,
2156 5208 2239 5263 ubi
2269 5224 2368 5261 non
2395 5216 2505 5261 erat
2534 5208 2726 5261 timor?
2776 5204 2854 5261 Ne
2911 5205 3014 5260 illis
3044 5204 3456 5259 subtralteretur

1863 5302 2106 5373 pecunia,
2145 5318 2212 5357 ne
2235 5299 2431 5371 aliquid
2450 5300 2503 5353 in
2520 5300 2680 5353 domo
2709 5314 2895 5354 eorum
2920 5301 3107 5353 minus
3137 5297 3326 5357 ﬁeret;
3359 5308 3459 5364 po—

1863 5404 2065 5451 stremo
2088 5410 2155 5448 ne
2178 5393 2351 5447 minus
2375 5406 2637 5446 annorum
2660 5390 2922 5460 haberent
2944 5390 2996 5442 in
3025 5391 3122 5443 hac
3150 5389 3275 5449 vita,
3298 5400 3457 5454 quam

1863 5491 1962 5546 sibi
2014 5490 2343 5560 sperabant:
2375 5502 2561 5542 verum
2605 5484 2672 5539 ibi
2723 5484 3099 5552 trepidavertmt
3145 5484 3342 5542 timore,
3374 5478 3459 5533 ubi

1864 5600 1965 5637 non
1995 5591 2101 5636 erat
2131 5581 2299 5633 timor.
2323 5579 2522 5645 Quales
2549 5578 2760 5632 fuerunt
2786 5574 2858 5631 illi
2884 5573 3053 5630 Judzei
3082 5593 3094 5628 :
3121 5574 3181 5628 Si
3210 5569 3459 5624 dimiseri-

1930 5735 1947 5765 ι
1982 5729 2198 5796 Nonnulli
2222 5736 2329 5779 Mss.
2346 5765 2360 5789 ,
2386 5742 2548 5793 quam.
2592 5791 2603 5796 _
2624 5790 2635 5796 _
2799 5790 2808 5796 _
2968 5787 2978 5796 .
3107 5786 3133 5796 ..
3197 5794 3206 5796 -
3354 5781 3363 5791 -

1929 5796 1950 5825 ²
1982 5794 2054 5843 sic
2077 5792 2312 5842 meliores
2336 5787 2438 5841 us's.
2466 5802 2521 5840 At.
2544 5790 2683 5847 Edd.,
2708 5790 2910 5839 multum
2946 5787 3153 5838 donavit.
3186 5787 3381 5836 Donavit
3410 5792 3454 5838 at

1866 5854 1999 5907 dites
2021 5854 2238 5915 maritus,
2267 5862 2311 5905 et
2336 5866 2521 5917 pauper
2543 5856 2698 5916 [actus
2721 5861 2789 5901 est
2813 5850 3030 5902 nutritus.
3061 5858 3142 5897 etc
