3968 6328
506 359 608 416 (ἴδε)

503 498 614 554 ntus
637 497 750 536 eum
778 479 961 547 vivere,
979 464 1184 535 venient
1209 474 1459 544 Romani,
1489 489 1535 533 et
1564 480 1795 550 auferent
1819 495 1853 532 a
1882 473 2024 531 nobis
2050 484 2097 532 et

501 576 667 646 locum
713 583 760 626 et
799 583 995 644 gentem
1023 571 1217 644 (Joan.
1245 589 1321 636 st,
1344 573 1416 629 48
1509 571 1588 626 lbi
1621 574 1893 626 timuerunt
1917 572 2099 625 timore

500 666 582 718 ubi
603 661 706 718 non
725 673 844 718 erat
861 667 1032 719 timor.
1059 661 1190 718 Ecce
1209 664 1352 730 scivi,
1375 665 1612 734 quoniam
1635 662 1772 717 Deus
1793 678 1930 716 meus
1950 679 2003 715 es
2017 671 2072 716 tu

499 755 703 825 Magnae
731 755 933 809 divitia!
959 754 1158 818 cordis,
1188 769 1439 824 magnum
1473 756 1649 808 lumen
1688 754 1828 809 oculi
1872 754 2097 807 interio-

498 846 596 910 ris,
644 835 838 914 magna
893 844 1085 900 fiducia
1140 844 1480 912 securitatis!
1509 843 1644 916 Ecce
1687 846 1815 917 sciui
1857 843 2094 916 queniam

503 936 641 990 Deus
669 953 810 990 meus
833 953 888 991 es
917 945 990 992 tu.
1163 988 1165 990 .

573 1031 665 1086 18.
705 1029 860 1103 [υεη.
888 1026 1000 1103 η]
1025 1029 1092 1086 In
1121 1027 1231 1085 Deo
1263 1029 1485 1085 laudabo
1522 1030 1747 1095 verbum,
1786 1032 1838 1082 in
1879 1028 2094 1083 Domino

503 1121 722 1176 laudabo
760 1137 1036 1177 sermonem
1057 1138 1082 1178 ,ο
1105 1123 1159 1176 in
1185 1121 1296 1176 Deo
1324 1124 1523 1191 speravi
1555 1121 1595 1186 ‘,
1623 1138 1722 1176 non
1760 1122 1940 1176 timebo
1973 1121 2097 1191 quid

502 1214 661 1282 faciat
689 1213 818 1267 mihi
839 1216 1009 1271 homo.
1036 1214 1164 1270 Jam'
1181 1206 1298 1287 ipse
1321 1223 1402 1269 est
1421 1228 1614 1270 sensus
1637 1215 1726 1286 qui
1747 1215 1995 1285 superius
2012 1225 2097 1269 est

501 1303 779 1372 repetitus.

573 1393 661 1449 l9.
702 1390 856 1466 [κη.
884 1389 999 1465 13.]
1026 1389 1091 1447 In
1116 1409 1197 1449 me
1221 1403 1359 1460 sunt,
1385 1393 1542 1456 Deus,
1571 1404 1687 1449 vota
1711 1405 1820 1460 tua,
1851 1411 1964 1464 quia
1981 1397 2097 1448 red-

496 1484 615 1539 dam
650 1483 818 1541 laudis
842 1485 952 1541 tibi.
977 1469 1196 1548 νονυιὸ.
1221 1497 1276 1542 et
1303 1486 1509 1542 reddite
1532 1487 1757 1541 Domino
1785 1488 1897 1543 Deo
1919 1499 2096 1543 vestro

499 1574 675 1644 (Psal.
710 1591 872 1644 uxv,
903 1576 1013 1649 12).
1056 1575 1194 1643 Quid
1235 1579 1491 1643 voveatis,
1536 1577 1663 1648 quid
1707 1577 1982 1634 reddatis?
2011 1581 2093 1632 An

496 1666 634 1724 forte
657 1669 906 1724 animalia
934 1668 1022 1724 illa
1045 1684 1166 1740 qua:
1181 1668 1542 1725 offerebantur
1555 1669 1622 1723 ad
1638 1683 1760 1738 aras
1785 1667 2096 1739 aliquando?

495 1757 636 1814 Nihil
668 1758 772 1813 tale
791 1759 988 1814 oﬂ‘eras
1012 1777 1026 1814 :
1050 1759 1102 1814 in
1133 1768 1186 1814 te
1209 1769 1292 1814 est
1313 1759 1454 1830 quod
1476 1775 1676 1814 voveas
1705 1769 1761 1815 et
1784 1759 1995 1816 reddas.
2021 1761 2096 1815 De

499 1850 679 1906 cordis
705 1865 829 1908 arca
859 1844 1038 1921 profer
1065 1833 1237 1916 laudis
1275 1842 1574 1918 incensum,
1603 1851 1671 1905 de
1694 1851 1913 1906 cellario
1941 1851 2095 1907 bona)

496 1941 842 1998 conscientia:
865 1942 1044 2011 profer
1062 1939 1384 1996 sacrificium
1407 1940 1550 1996 fidei.
1573 1928 1838 2010 Quidquid
1867 1943 2090 2010 profers,

497 2032 732 2089 aceende
759 2033 1051 2109 cbaritate.
1063 2032 1119 2088 in
1153 2042 1205 2087 te
1232 2032 1339 2087 sint
1363 2042 1484 2088 vota
1504 2073 1535 2095 ,ε
1553 2048 1674 2104 quae
1700 2033 1894 2089 reddas
1923 2033 2096 2089 laudis

499 2123 632 2178 Deo.
656 2122 820 2193 Cujus
843 2121 1210 2190 laudiszuid
1234 2122 1377 2177 enim
1410 2120 1504 2176 tibi
1533 2121 1812 2192 praestitit?
1840 2123 2094 2190 Quoniam

491 2213 669 2268 eruisti
693 2214 917 2267 animum
942 2228 1107 2267 meam
1135 2211 1199 2266 de
1223 2211 1536 2282 mortstsa
1565 2219 1650 2266 est
1677 2211 1766 2265 illa
1797 2213 1904 2267 vita
1932 2227 2091 2281 quam

492 2305 737 2359 enuntiat
777 2296 1075 2368 illi:Deus,
1117 2301 1273 2357 vitam
1313 2318 1479 2357 uteam
1517 2302 1774 2357 enuntiari
1820 2303 1929 2357 tibi.
1952 2301 2092 2370 Quid

491 2394 637 2449 enim
682 2393 866 2449 eram?
889 2393 1150 2448 Mortuus.
1179 2391 1284 2457 Per
1324 2391 1586 2462 meipsum
1625 2407 1773 2447 eram
1802 2403 2089 2450 mortuus:

491 2501 587 2556 per
617 2495 676 2542 te
699 2487 825 2556 quid
864 2486 1024 2556 sum?
1047 2483 1234 2541 Vivus.
1261 2482 1388 2540 Ideo
1415 2484 1470 2539 in
1503 2500 1595 2547 me,
1611 2493 1754 2551 sunt,
1785 2484 1945 2551 Deus,
1975 2485 2092 2542 vota

492 2555 603 2643 tua,
648 2555 765 2646 quae
809 2555 1019 2630 reddam
1063 2575 1234 2630 laudis
1273 2575 1384 2630 tibi.
1414 2574 1499 2630 En'
1519 2590 1644 2631 amo
1670 2576 1837 2632 Deum
1872 2588 2088 2645 meum;

492 2682 654 2723 nemo
679 2667 820 2722 hunc
845 2667 976 2722 mibi
999 2667 1158 2738 eripit
1181 2684 1196 2722 :
1222 2667 1364 2737 quod
1396 2667 1470 2722 illi
1496 2667 1618 2722 dem
1648 2683 1805 2724 nemo
1833 2667 1964 2725 mihi
1984 2670 2093 2725 eri-

491 2748 599 2828 pit,
629 2759 750 2830 quia
784 2758 836 2814 in
868 2758 1032 2813 corde
1060 2759 1324 2812 inclusum
1353 2768 1458 2814 est.
1483 2757 1672 2813 Merito
1698 2757 1893 2814 dicitur
1916 2759 1970 2814 in
1999 2759 2089 2815 illa

490 2852 771 2922 superiore
821 2848 1050 2915 fiducia,
1091 2848 1229 2912 Quid
1283 2849 1441 2920 faciat
1491 2849 1616 2904 mihi
1663 2848 1850 2904 homo?
1893 2849 2091 2906 Saeviat

491 2943 675 3005 homo,
721 2940 1061 3012 permittatur
1098 2939 1311 3006 saevire,
1336 2938 1676 3008 permittatur
1704 2938 1919 2996 efficere
1944 2939 2088 3012 quod

489 3041 752 3088 conatur:
781 3031 907 3100 quid
953 3039 1038 3086 est
1078 3028 1390 3085 ablaturus?
1413 3031 1638 3098 Aurum,
1665 3039 1964 3101 argentum,
1995 3048 2089 3102 pe.

489 3140 638 3189 cora,
661 3138 864 3185 servos.
888 3123 1134 3191 ancillas,
1157 3122 1370 3190 fundos,
1392 3123 1618 3189 domos;
1641 3123 1846 3180 auferat
1869 3126 2047 3181 omnia
2066 3144 2086 3184 :

487 3216 746 3287 numquid
776 3214 953 3272 aufert
977 3223 1100 3269 vota
1130 3229 1252 3285 quae
1291 3215 1344 3268 in
1388 3229 1476 3269 me
1513 3223 1667 3279 sunt,
1703 3229 1823 3284 qua:
1864 3215 2087 3271 reddam

484 3309 660 3366 laudis
690 3308 838 3364 Deo?
863 3307 1166 3363 Permissus
1206 3314 1289 3360 est
1333 3314 1540 3362 tentare
1579 3313 1813 3361 tentator
1839 3314 2085 3362 sanctum

467 3398 654 3460 'viruu‘
677 3403 778 3460 Job
801 3419 815 3457 :
841 3417 946 3458 uno
967 3409 1164 3472 puncto
1187 3400 1444 3469 temporis
1463 3389 1683 3454 abstulit
1703 3399 1905 3461 omnia.
1926 3398 2087 3469 quid-

472 3499 611 3567 .quid
643 3497 957 3552 facultatum
990 3495 1249 3549 habuerat
1278 3493 1510 3557 ademit,
1551 3493 1771 3548 abstulit
1796 3492 2085 3550 haeredita-

485 3604 614 3656 tem,
666 3589 934 3644 interfecit
981 3584 1265 3652 baeredes;
1300 3599 1473 3652 neque
1525 3584 1625 3638 hoc
1669 3583 2083 3654 paulatim,sed

482 3680 817 3743 catervatim,
862 3693 972 3733 uno
1017 3677 1150 3740 ictu,
1183 3689 1287 3730 uno
1332 3673 1554 3743 impetu,
1586 3682 1644 3728 ut
1681 3675 1860 3730 omnia
1903 3675 2084 3732 subito

483 3772 879 3826 nuntiarentur.
910 3768 1118 3823 Ablatis
1163 3765 1413 3822 omnibus
1458 3765 1607 3820 solus
1653 3766 1910 3821 remansit
1939 3764 2080 3833 Job;

484 3864 576 3920 sed
605 3863 658 3916 in
690 3861 780 3916 illo
809 3870 968 3917 erant
990 3867 1112 3914 vota
1139 3857 1310 3912 laudis
1337 3872 1457 3928 quae
1487 3856 1738 3912 redderet
1757 3857 1889 3923 Deo,
1915 3857 1967 3911 in
1991 3857 2083 3913 illo

480 3957 643 4028 plano
670 3963 860 4011 erant:
889 3967 1069 4007 arcam
1112 3951 1280 4005 sancti
1322 3949 1554 4019 pectoris
1596 3947 1680 4003 sui
1717 3948 1803 4003 fur
1838 3950 2083 4006 diabolus

483 4066 590 4103 non
621 4050 907 4108 invaserat,
936 4047 1125 4114 plenus
1145 4051 1262 4097 erat
1280 4041 1419 4096 unde
1441 4041 1788 4095 sacrificaret.
1808 4041 1943 4098 Audi
1961 4057 2082 4111 quas
2143 4049 2148 4054 '

386 4162 391 4166 '
479 4140 730 4205 habebat,
759 4137 881 4192 audi
911 4151 1034 4206 quae
1068 4133 1325 4204 protulit:
1349 4131 1601 4187 Dominus
1626 4131 1794 4198 dedit,
1829 4131 2081 4188 Dominus

478 4232 722 4295 abstulit,-
745 4230 874 4284 sicut
901 4227 1124 4281 Domino
1153 4225 1367 4297 placuit,
1395 4227 1468 4278 ita
1507 4226 1700 4294 factum
1735 4234 1808 4279 est
1836 4241 1856 4279 :
1885 4227 1948 4280 sit
1982 4242 2080 4280 no-

477 4339 592 4378 men
628 4319 832 4375 Domini
861 4315 1176 4372 benedictum
1205 4315 1225 4387 (
1250 4313 1351 4368 Job
1375 4329 1414 4378 I,
1448 4314 1657 4386 12-21).
1683 4313 1728 4369 Ο
1757 4314 1955 4370 divitiae
1994 4315 2078 4370 in-

478 4416 726 4478 tet-iores,
754 4425 860 4482 quo
877 4410 962 4465 fur
987 4424 1094 4462 non
1124 4406 1332 4462 accedit
1349 4406 1365 4462 ε
1385 4405 1501 4474 lpse
1524 4405 1744 4463 dederat
1771 4406 1913 4460 Deus
1940 4408 2081 4463 unde

476 4505 804 4576 accipiebat;
857 4504 975 4573 ipse
1002 4499 1302 4563 ditaverat,
1337 4495 1480 4554 unde
1523 4496 1598 4550 illi
1643 4495 1901 4554 offerebat
1936 4497 2078 4567 quod

475 4599 713 4653 amabat.
754 4593 992 4650 Laudem
1042 4606 1072 4645 a
1125 4600 1178 4645 te
1229 4583 1435 4660 quaerit
1473 4587 1634 4653 Deus,
1683 4587 2075 4643 confessionem

477 4704 625 4744 tnam
647 4687 838 4757 quierit
860 4685 1020 4741 Deus.
1039 4679 1145 4738 Sed
1168 4680 1235 4735 de
1258 4694 1388 4750 agro
1408 4686 1501 4735 tuo
1520 4675 1718 4748 aliquid
1739 4676 1962 4732 daturus
1981 4678 2078 4732 es?

477 4783 598 4852 Ipse
649 4780 780 4850 pluit
825 4786 885 4833 ut
931 4775 1180 4830 haberes.
1208 4772 1284 4832 De
1322 4787 1446 4827 arca
1490 4771 1710 4825 daturus
1752 4785 1810 4824 es
1839 4770 2076 4841 aliquid?

478 4877 595 4942 ipse
626 4871 852 4928 inStituit
885 4868 1028 4940 quod
1061 4867 1284 4923 daturus
1312 4880 1390 4921 es.
1415 4863 1554 4935 Quid
1591 4863 1812 4919 daturus
1849 4881 1906 4920 es
1933 4866 2074 4934 quod

474 4967 543 5021 ab
575 4966 668 5019 illo
693 4979 798 5018 non
829 4960 1089 5030 accepisti
1105 4963 1126 5010 ’ἐ
1150 4957 1287 5026 Quid
1312 4957 1456 5013 enim
1489 4954 1655 5010 habes
1678 4956 1820 5027 quod
1852 4972 1957 5011 non
1985 4973 2075 5012 ac-

475 5057 666 5128 cepisti
704 5057 724 5125 (
751 5055 768 5108 l
795 5051 918 5109 Cor.
940 5066 1015 5127 tv,
1044 5050 1075 5105 7
1098 5050 1155 5118 )‘l
1182 5049 1260 5104 De
1287 5048 1450 5103 corde
1477 5045 1666 5101 dabis?
1693 5046 1811 5117 ipse
1839 5046 1986 5103 dedit
2015 5047 2076 5101 li-

476 5154 623 5213 dem,
655 5161 806 5216 spem
835 5152 892 5199 et
912 5142 1227 5197 charitatcm
1253 5157 1265 5192 :
1297 5138 1400 5194 hoc
1429 5140 1755 5207 prolaturus,
1782 5138 1884 5194 hoc
1908 5141 2076 5194 sacri-

478 5242 733 5293 ﬁcalttrtts
759 5251 837 5292 es.
865 5233 972 5291 Sed
997 5235 1154 5308 plane
1187 5228 1366 5286 omnia
1407 5229 1496 5283 illa
1531 5239 1725 5282 cmtera
1767 5237 1941 5298 potest
1979 5230 2070 5285 tibi

478 5330 689 5383 :mferre
738 5328 987 5382 inimicus
1033 5324 1222 5388 invito,
1254 5321 1359 5376 hoc
1390 5320 1601 5375 auferre
1629 5335 1736 5376 non
1765 5329 1938 5388 potest
1970 5322 2071 5376 nisi

481 5421 698 5475 volenti.
753 5419 846 5473 llla
900 5416 1089 5487 perdet
1135 5422 1188 5468 et
1245 5413 1489 5477 invitus;
1536 5421 1590 5467 et
1643 5413 1828 5466 volens
1876 5413 2075 5471 habere

479 5528 705 5572 aurum,
735 5509 930 5586 perdet
977 5523 1200 5567 aurmn,
1247 5516 1298 5559 et
1342 5507 1528 5559 volens
1576 5503 1774 5558 habere
1815 5505 2074 5574 domum,

483 5607 668 5675 perdet
714 5605 932 5657 domum
963 5620 977 5655 :
1011 5601 1168 5671 fidem
1214 5617 1369 5656 nemo
1412 5597 1600 5669 perdet
1637 5598 1738 5653 nisi
1785 5599 1871 5668 qui
1919 5617 2074 5670 spre-

481 5707 636 5751 νρτιι.

555 5829 572 5864 ⁸
606 5827 786 5887 Aliquot
813 5834 939 5886 Mss,
966 5827 1183 5884 spetalm.

1723 358 1782 415 s.
1823 354 2188 439 AUGUSTtNi
2219 358 2519 419 EPlSCOPl

3697 394 3797 451 ϐω

2278 479 2372 533 20;
2411 478 2561 554 [ναῖε.
2587 483 2702 561 15.]
2731 487 2795 543 In
2825 507 2904 545 me
2924 503 3062 564 sunt,
3086 493 3243 568 Deus,
3270 511 3386 556 uota
3415 515 3524 572 tua,
3546 525 3665 576 qua:
3687 515 3786 566 red

2205 571 2324 673 dant
2354 576 2521 630 .audis
2555 579 2646 632 tibi
2667 595 2688 636 :
2706 584 2824 648 quia
2859 587 3034 641 eruisti
3065 595 3287 648 animam
3326 614 3496 654 meant
3522 571 3592 657 de
3617 619 3796 673 morte,

2203 663 2379 764 oculos
2420 682 2556 721 meos
2601 686 2634 722 a
2675 671 2933 764 lacrymis,
2965 688 3010 730 et
3035 683 3190 747 pedes
3229 701 3363 740 meos
3407 692 3473 745 de
3517 693 3713 764 lapsu;
3747 663 3800 751 ul

2205 755 2431 824 placeam
2474 775 2645 815 coram
2685 761 2797 820 Deo
2844 769 2896 821 in
2927 768 3117 826 lumine
3157 777 3441 836 viventium.
3474 755 3668 842 Merito
3696 755 3795 845 non

2168 854 2171 859 '
2204 845 2379 948 placet
2421 850 2544 905 filiis
2589 853 2777 909 alienis
2828 857 2985 932 longe
3031 863 3186 920 factis
3221 883 3250 921 a
3285 877 3507 941 sanctis,
3535 880 3664 948 quia
3695 897 3795 936 non

2204 938 2404 1039 habent
2437 942 2634 1039 lumen
2688 949 2998 1020 viventium,
3046 958 3187 1013 unde
3233 962 3447 1022 videant
3692 972 3801 1027 Deo

2201 1031 2396 1131 placet.
2437 1035 2644 1093 Lumen
2690 1041 2982 1100 viventium
3023 1056 3106 1103 est
3159 1051 3335 1109 lumen
3388 1031 3795 1131 immortalium,

2202 1125 2744 1223 lumensanctorum.
2775 1135 2876 1203 Qui
2905 1153 3009 1193 non
3039 1152 3122 1195 est
3165 1144 3215 1198 in
3249 1149 3504 1217 tenebris,
3535 1152 3720 1223 placet
3747 1125 3796 1210 in

2202 1215 2402 1272 lmnine
2427 1220 2738 1278 viventium.
2763 1227 3072 1284 A-tteuditur
3097 1231 3259 1289 homo
3287 1247 3339 1291 et
3376 1254 3438 1295 ea
3632 1243 3798 1314 ipsius

2200 1317 2347 1371 sunt,
2376 1324 2537 1365 nemo
2561 1315 2660 1366 scit
2689 1317 2861 1386 qualis
2888 1331 2972 1372 est
2995 1338 3011 1375 :
3038 1320 3176 1378 Deus
3197 1325 3338 1383 videt
3355 1331 3529 1399 qualis
3557 1343 3662 1390 est.
3689 1336 3797 1391 Ali-

2201 1399 2416 1466 quando
2443 1411 2500 1455 et
2526 1402 2699 1471 ipsum
2717 1405 2996 1464 diabolum
3025 1412 3189 1480 latet;
3223 1417 3325 1472 nisi
3351 1428 3541 1486 tentet,
3574 1439 3681 1478 non
3715 1425 3796 1478 in-

2203 1491 2349 1545 venit
2376 1492 2516 1546 sicut
2553 1495 2623 1550 de
2667 1497 2769 1563 isto
2806 1501 2925 1554 viro
2958 1519 3118 1572 quem
3153 1507 3313 1563 modo
3348 1521 3791 1574 commemoravi.

2201 1583 2434 1675 Noverat
2475 1603 2593 1642 eum
2640 1590 2802 1657 Deus,
2831 1595 2980 1653 etei
3027 1599 3388 1658 testimonium
3434 1609 3789 1675 perhibebat:

2200 1674 2444 1770 diabolus
2471 1695 2590 1733 eum
2619 1697 2724 1735 non
2757 1694 2997 1752 noverat,
3025 1696 3081 1742 et
3108 1688 3228 1746 ideo
3250 1674 3494 1761 dixerat,
3522 1695 3793 1770 Numquid

2198 1765 2299 1821 Job
2326 1770 2483 1838 gratis
2511 1772 2630 1831 colit
2654 1771 2821 1828 Deum
2848 1775 2972 1846 (Job
3018 1794 3057 1845 ι,
3079 1779 3176 1852 9)?
3204 1782 3385 1840 Videte
3409 1803 3515 1857 quo
3537 1765 3792 1858 provocat

2196 1861 2447 1918 inimicus
2473 1880 2487 1917 :
2503 1863 2572 1918 ibi
2591 1867 2846 1934 perfectio
2859 1879 2959 1925 est.
2973 1871 3162 1936 Videte
3171 1875 3295 1946 quid
3313 1878 3493 1948 objicit
3517 1881 3786 1940 inimicus.

2203 1950 2427 2007 Videbat
2455 1953 2726 2012 hominem
2755 1959 2868 2015 Deo
2893 1964 3236 2032 servientem,
3267 1968 3319 2023 in
3355 1973 3600 2030 omnibus
3631 1977 3793 2034 obse-

2197 2052 2474 2131 quentem,
2504 2046 2682 2102 omnia
2713 2048 2849 2105 bene
2885 2065 3196 2123 operantem
3221 2075 3236 2124 ;
3265 2071 3317 2114 et
3343 2044 3645 2131 quiadives
3671 2081 3792 2126 erat

2197 2140 2255 2186 et
2275 2130 2581 2224 felicissima
2601 2138 2815 2206 domus,
2842 2141 2942 2196 hoc
2962 2143 3146 2213 objicit
3163 2148 3285 2217 quia
3313 2130 3430 2205 ideo
3449 2155 3580 2209 colit
3596 2156 3784 2224 Deum,

2197 2221 2448 2320 quoniam
2490 2224 2639 2283 dedit
2674 2228 2748 2283 illi
2793 2228 2908 2286 haec
2944 2237 3120 2290 omnia
3148 2255 3161 2292 :
3188 2238 3451 2311 Numquid
3487 2244 3589 2301 Job
3628 2221 3790 2320 gratis

2197 2315 2319 2370 colit
2337 2316 2541 2375 Deum?
2563 2319 2678 2377 Hoc
2701 2324 2845 2379 enim
2872 2337 2987 2380 erat
3013 2344 3194 2384 verum
3233 2333 3434 2403 lumen,
3468 2336 3571 2393 hoc
3607 2315 3786 2398 lumen

2195 2408 2509 2477 viventium,
2551 2421 2609 2466 ut
2650 2415 2818 2483 gratis
2862 2419 3066 2474 coleret
3102 2421 3293 2478 Deum.
3319 2427 3457 2484 Deus
3482 2430 3695 2488 videbat
3735 2436 3785 2489 in

2195 2499 2359 2554 corde
2408 2504 2548 2557 servi
2595 2504 2681 2558 sui
2733 2507 2936 2586 cultum
2994 2501 3147 2565 suum
3195 2519 3504 2584 gratuitum.
3538 2522 3787 2582 Placebat

2195 2590 2337 2644 enim
2363 2590 2492 2646 illud
2519 2609 2614 2666 cor
2637 2595 2692 2649 in
2711 2610 3002 2667 conspectu
3034 2602 3262 2671 Domini,
3288 2607 3340 2661 in
3372 2609 3570 2666 lumine
3599 2615 3787 2669 viven-

2195 2682 2364 2737 tium:
2389 2682 2657 2739 diabolum
2690 2686 2907 2754 latebat,
2929 2690 3050 2760 quia
3082 2692 3133 2747 in
3167 2695 3402 2752 tenebris
3426 2710 3560 2756 erat.
3593 2704 3785 2760 Admi-

2193 2775 2263 2828 sit
2285 2774 2423 2830 Deus
2451 2785 2793 2842 tentatorem,
2815 2796 2923 2835 non
2950 2791 3008 2836 ut
3037 2783 3150 2853 ipse
3176 2800 3357 2843 nosset
3375 2792 3516 2860 quod
3538 2809 3783 2861 noverat,

2192 2865 2286 2919 sed
2304 2875 2362 2920 ut
2385 2867 2537 2922 nobis
2550 2871 2872 2925 noscendum
2893 2881 2949 2928 et
2970 2873 3283 2933 imitandum
3308 2881 3593 2949 praeberet.
3618 2885 3785 2942 Num-
3829 2936 3833 2937 ,

2193 2957 2322 3026 quid
2373 2959 2517 3015 enim
2563 2961 2608 3015 si
2655 2970 2888 3019 tentator
2924 2982 3028 3022 non
3067 2969 3457 3041 admitteretur,
3479 2961 3785 3036 videremus

2190 3064 2290 3105 nos
2321 3051 2418 3121 ipsi
2450 3051 2502 3107 in
2528 3051 2631 3108 Job
2661 3055 2802 3126 quod
2832 3056 3148 3117 deberemus
3173 3075 3227 3118 et
3254 3067 3512 3125 vellemus
3549 3071 3784 3130 imitari?

2189 3139 2474 3198 Admissus
2515 3153 2599 3200 est
2638 3147 2889 3212 tentatur,
2918 3150 3135 3227 abstulit
3163 3158 3360 3222 omnia,
3400 3164 3657 3218 remansit
3697 3167 3784 3222 ille

2190 3231 2338 3288 solus
2362 3245 2392 3286 a
2420 3230 2776 3299 facultatibus,
2801 3237 2948 3293 solus
2974 3233 3009 3292 a'
3031 3239 3250 3307 familia,
3269 3248 3415 3302 solus
3437 3263 3466 3303 a
3494 3251 3642 3320 filiis,
3669 3256 3784 3323 ple-

2190 3337 2292 3417 nus
2318 3323 2626 3417 DediUxor
2651 3342 2782 3383 sane
2805 3329 2986 3385 relicta
3017 3342 3150 3388 erat.
3199 3336 3596 3398 Misericordcm
3627 3357 3784 3417 puta-

2188 3413 2258 3469 tis
2301 3413 2593 3510 diabolum,
2636 3418 2727 3492 qui
2771 3421 2820 3475 ei
2872 3423 3083 3493 reliquit
3128 3431 3387 3483 uxorem?
3413 3413 3649 3491 Noverat
3691 3455 3782 3510 per

2187 3522 2348 3577 quam
2387 3508 2673 3599 deceperat
2697 3511 2889 3567 Adam.
2917 3515 3076 3572 Suam
3119 3520 3406 3589 reliquerat
3439 3508 3778 3599 adiutricem,

2187 3611 2297 3652 non
2340 3598 2517 3652 mariti
2567 3602 3000 3659 consolatriccm.
3031 3605 3121 3662 Ille
3165 3624 3294 3679 ergo
3337 3613 3523 3680 plenus
3563 3618 3702 3687 Deo,
3729 3598 3780 3678 in

2185 3703 2296 3760 quo
2338 3699 2459 3744 vota
2501 3701 2655 3747 erant
2703 3708 2824 3764 qua:
2871 3695 3121 3754 redderet
3167 3700 3358 3769 laudis,
3387 3715 3444 3760 ut
3469 3713 3780 3770 ostendOret

2186 3780 2306 3849 quia
2329 3782 2492 3850 gratis
2514 3782 2679 3837 Deum
2706 3782 2936 3850 colebat,
2958 3801 3064 3843 non
3093 3789 3214 3845 ideo
3236 3791 3359 3862 quia
3382 3776 3524 3852 tanta
3551 3815 3781 3872 accepe-

2186 3884 2302 3939 rat;
2328 3882 2381 3929 et
2403 3873 2616 3934 amissis
2644 3877 2891 3933 omnibus
2921 3871 3040 3934 talis
3063 3890 3166 3949 est,
3187 3885 3306 3954 quia
3330 3885 3478 3943 illum
3502 3893 3595 3960 qui
3616 3871 3782 3953 dede—

2186 3974 2269 4020 rat
2293 3968 2470 4021 omnia
2492 3983 2598 4022 non
2624 3969 2832 4022 amisit:
2852 3970 3101 4027 Dominus
3122 3974 3281 4043 dedit,
3307 3978 3498 4049 inquit,
3527 3983 3778 4044 Dominus

2185 4059 2389 4113 abstulit
2411 4077 2428 4123 ;
2449 4060 2811 4116 sicutDomino
2833 4065 3040 4133 placuit,
3059 4057 3138 4119 ita
3161 4071 3348 4138 factum
3374 4083 3447 4127 est
3469 4089 3488 4127 :
3506 4077 3576 4130 εἱι
3595 4096 3778 4137 nomen

2183 4148 2395 4204 Domini
2421 4150 2753 4238 benedictum.
2787 4154 3013 4209 Vulnere
3041 4157 3200 4212 etiam
3233 4175 3512 4227 percussus
3541 4183 3572 4220 a
3601 4173 3777 4240 capite

2187 4258 2354 4311 usque
2379 4242 2449 4296 ad
2475 4243 2656 4311 pedes,
2680 4244 2887 4313 integer
2909 4255 3086 4302 tamen
3111 4249 3273 4316 intus,
3303 4257 3578 4324 respondit
3607 4271 3775 4318 tenta.

2187 4333 2326 4400 trici,
2369 4333 2436 4387 de
2486 4331 2690 4387 lumine
2728 4334 3040 4403 viventium,
3085 4338 3152 4423 de
3196 4339 3397 4398 lumine
3433 4349 3616 4405 cordis
3644 4354 3772 4408 sui°

2183 4423 2379 4517 Locuta
2484 4435 2723 4494 tanquam
2752 4443 2853 4480 una
2883 4445 2946 4482 ea:
2969 4429 3318 4500 insipientibus
3346 4439 3640 4497 mulieribus
3660 4444 3768 4517 (Id.

2183 4530 2244 4580 ιι,
2276 4516 2388 4585 10),
2417 4515 2468 4568 id
2497 4527 2599 4581 est,
2634 4525 2883 4587 tanquam
2914 4533 2978 4575 ea
3006 4535 3128 4590 quae
3156 4537 3263 4577 non
3295 4524 3452 4582 habet
3483 4515 3772 4587 lumt'n‘vi-

2183 4606 2441 4659 vt-ntittm.
2482 4606 2686 4660 Lumen
2717 4609 2859 4662 enim
2892 4611 3180 4666 viventium
3223 4616 3504 4686 sapientia,
3533 4635 3590 4677 et
3622 4635 3773 4682 teuc-

2182 4696 2294 4750 bra:
2325 4696 2686 4764 insipientium
2719 4699 2942 4772 stultitia
2972 4711 3073 4755 est.
3105 4701 3296 4759 Locuta
3319 4725 3373 4761 es
3401 4720 3643 4782 tanquam
3674 4734 3774 4772 una

2181 4802 2246 4841 ea:
2274 4787 2626 4856 insipientibus
2663 4791 2961 4845 mulieribus
2989 4806 3009 4845 :
3031 4807 3246 4850 carnem
3275 4813 3448 4853 meam
3476 4804 3658 4872 vides,
3690 4808 3772 4862 lu-

2181 4893 2305 4945 men
2339 4879 2518 4932 cordis
2545 4879 2650 4933 mei
2684 4895 2789 4933 non
2819 4881 2985 4936 vides.
3010 4883 3228 4940 Poterat
3254 4889 3394 4942 enim
3426 4891 3514 4946 illa
3545 4905 3672 4952 tunc
3701 4901 3778 4954 rio

2181 4988 2302 5026 rum
2347 4972 2574 5041 amplius
2617 4988 2819 5036 amare,
2865 4974 2911 5029 si
2961 4976 3406 5044 pulchritudinem
3460 4985 3773 5045 interiorem

2181 5072 2395 5124 nosset,
2446 5072 2502 5115 et
2553 5061 2836 5131 inspiceret
2866 5065 2881 5095 ¹
2907 5065 2996 5119 ubi
3040 5066 3132 5120 ille
3175 5070 3395 5138 pulcher
3431 5085 3547 5129 erat
3589 5093 3766 5135 coram

2179 5159 2350 5210 oculis
2373 5155 2466 5210 Dei
2490 5171 2504 5208 :
2528 5155 2648 5223 quia
2677 5155 2729 5208 in
2759 5156 2852 5209 illo
2880 5169 3033 5211 erant
3061 5170 3205 5227 vota,
3233 5179 3353 5231 qua:
3381 5166 3631 5224 redderet
3660 5173 3761 5226 lau-

2178 5251 2263 5304 dis
2290 5249 2419 5303 Deo.
2450 5247 2728 5315 Quomodo
2770 5248 2899 5303 illud
2932 5250 3307 5318 patrimonium
3350 5273 3453 5311 non
3504 5259 3770 5320 invaserat

2180 5341 2463 5397 inimicus!
2493 5340 2665 5407 Quam
2717 5341 2977 5410 integrum
3015 5354 3133 5397 erat
3175 5347 3314 5414 quod
3359 5350 3681 5420 pessidebat,
3715 5369 3772 5411 et

2182 5445 2398 5504 propter
2425 5433 2565 5502 quod
2593 5434 2820 5502 amplius
2846 5436 3222 5502 possidendum
3251 5441 3500 5508 sperabat
3541 5447 3711 5502 iturus
3735 5466 3766 5503 a

2179 5527 2465 5582 virtutibus
2511 5526 2561 5579 in
2609 5527 2892 5580 virtutem!
2922 5528 3083 5598 Ergo,
3115 5529 3327 5597 fratres,
3367 5535 3432 5586 ad
3474 5533 3572 5591 hoc
3611 5541 3764 5595 nobis

2244 5697 2264 5734 ι
2301 5702 2396 5751 Fr,
2418 5694 2620 5756 sufferre
2642 5702 2686 5744 et
2710 5693 2962 5763 insincera.
2995 5705 3128 5757 ων..
3148 5699 3286 5763 suffer
3297 5707 3370 5748 ret
3392 5699 3643 5763 inspicere.
3671 5706 3764 5754 ιιι-

2181 5768 2300 5829 qupt
2321 5764 2410 5805 alas
2433 5791 2448 5812 .
2473 5764 2626 5806 nasse!
2645 5763 2689 5808 ct
2710 5759 2986 5821 inspiceret.
3010 5769 3106 5808 am.
3135 5768 3184 5809 et
3207 5759 3286 5808 alii
3312 5769 3437 5822 Mss,
3452 5759 3604 5814 nosset
3621 5772 3666 5815 α
3688 5765 3761 5817 iss—

2182 5833 2379 5884 spicere.
