3968 6400
195 434 296 490 601

194 573 407 626 valeant
452 568 569 627 hare
615 567 818 632 omnia,
859 573 917 620 ut
955 564 1122 619 Deum
1166 560 1331 632 gratis
1370 558 1685 636 diligamus.
1738 557 1790 608 in

194 665 291 721 illo
320 677 610 735 speremus
651 675 887 730 semper,
928 672 1027 712 nec
1071 654 1367 716 hominem,
1396 664 1495 704 nec
1520 646 1793 702 diabolmn

196 759 501 812 timeamus.
525 753 635 810 Nec
660 753 768 816 ille,
798 766 899 811 nec
928 748 1029 803 iste
1058 740 1423 813 lacitaliquid,
1456 738 1555 793 nisi
1582 735 1796 807 quando

201 843 829 918 permittitur:pcrmitti
875 840 940 896 ad
988 838 1211 894 nihilum
1264 830 1459 905 potest.
1507 830 1605 886 nisi
1654 826 1795 897 quod

199 940 358 995 nobis
382 938 620 1007 prodest.
643 935 960 991 'l‘oleremus
1001 930 1191 996 malos,
1222 929 1391 982 simus
1416 924 1563 987 boni,
1594 921 1717 990 quia
1746 926 1800 971 et

198 1047 303 1086 nos
329 1030 524 1085 luimus
547 1027 690 1082 mali.
718 1027 823 1081 Pro
852 1024 1019 1078 nihilo
1048 1020 1230 1076 salvos
1252 1016 1407 1073 laciet
1429 1016 1568 1069 Deus
1588 1023 1797 1071 onmes,

199 1126 271 1179 de
297 1125 490 1194 quibus
515 1122 803 1192 desperare
830 1117 1089 1171 audemus
1114 1114 1152 1164 ¹.
1182 1113 1319 1181 Ergo
1356 1107 1427 1163 de
1462 1103 1675 1160 nemine
1702 1099 1802 1154 tle-

204 1230 508 1288 speremus,
542 1229 637 1283 pro
666 1209 913 1265 omnibus
938 1221 1073 1277 quos
1100 1204 1328 1274 patimur
1354 1210 1601 1255 oremus,
1631 1208 1661 1247 a
1694 1192 1803 1245 Deo

204 1322 479 1376 numquam
506 1303 844 1360 recedamus.
877 1296 1259 1353 Patrimonium
1293 1302 1533 1345 nostrum
1567 1288 1678 1354 ipse
1713 1284 1801 1343 sit,

203 1414 336 1468 spes
378 1395 561 1452 nostra
612 1394 726 1465 ipse
768 1392 858 1456 sit,
897 1390 1042 1445 salus
1082 1394 1262 1440 nostra
1308 1384 1423 1450 ipse
1460 1380 1546 1434 sit.
1575 1378 1693 1444 Ipse
1721 1373 1807 1426 hic

203 1489 535 1553 consolator,
567 1486 637 1541 ibi
679 1490 1010 1541 muneratur,
1047 1477 1247 1546 ubique
1280 1471 1577 1526 viviﬁcator
1604 1474 1659 1519 et
1687 1465 1808 1517 vita:

204 1582 386 1647 dator;
414 1596 520 1636 non
547 1579 765 1634 alterius
793 1576 934 1631 vitae.
958 1570 1053 1627 scd
1085 1558 1225 1623 illius
1249 1564 1317 1620 de
1341 1579 1443 1633 qua
1474 1562 1673 1613 dictum
1704 1562 1807 1618 est,

209 1673 329 1747 Ego
355 1690 467 1729 sum
496 1672 576 1726 via
602 1676 650 1724 ιι
677 1668 861 1723 veritas
891 1673 936 1716 et
962 1661 1064 1715 vita
1088 1659 1267 1731 (Joan.
1293 1667 1409 1709 xlv.
1435 1651 1489 1719 6)
1517 1669 1529 1703 :
1556 1658 1615 1703 ut
1642 1657 1695 1700 et
1724 1644 1812 1698 hic

208 1743 285 1823 ini
312 1766 518 1822 lumine
568 1759 711 1826 ﬁdei,
751 1767 807 1812 et
848 1755 918 1810 ibi
970 1753 1023 1807 in
1068 1749 1269 1804 lumine
1311 1743 1531 1816 speciei,
1561 1749 1810 1809 tanquam

210 1862 268 1918 in
315 1858 519 1915 lumine
561 1852 873 1914 viventium,
918 1847 972 1902 in
1003 1853 1293 1914 conSpectu
1342 1835 1548 1893 Domini
1600 1833 1813 1902 placea-

212 1969 357 2013 mus.

219 2053 1799 2104 ________________________________

676 2175 755 2239 IN
802 2164 1184 2234 PSALMUM
1228 2161 1364 2224 [Νι

822 2306 1245 2369 ENARRATIO.

757 2460 929 2503 SERIO
968 2460 1036 2499 ιι)
1064 2454 1293 2496 ινιειςειι.

296 2593 350 2647 l.
395 2586 710 2645 Audivimus
750 2582 802 2636 in
837 2575 1129 2647 Evangelia
1160 2572 1341 2637 modo,
1394 2568 1620 2629 fratres,
1650 2577 1824 2632 quatt—

175 2760 179 2761 ί
218 2693 339 2739 tum
389 2695 486 2734 nos
533 2674 716 2745 diligat
773 2669 1024 2724 Dominus
1063 2676 1119 2720 et
1155 2661 1402 2719 Salvator
1452 2666 1631 2711 uoster
1670 2653 1828 2707 Jesus

216 2775 495 2837 Christus,
544 2769 685 2822 Deus
728 2762 870 2833 apud
912 2760 1147 2820 Patrem,
1206 2756 1367 2808 homo
1410 2750 1548 2820 apud
1601 2763 1719 2809 nos,
1758 2759 1827 2798 ex

218 2866 383 2923 nobis
413 2861 563 2933 ipsis,
588 2859 698 2929 jam
725 2856 867 2910 circa
894 2853 1167 2907 dexteram
1198 2845 1391 2910 Patris,
1418 2842 1831 2906 audistiSquan-

219 2972 341 3015 tum
389 2970 489 3010 nos
528 2952 733 3021 diligat.
766 2946 897 3002 Nam
948 2958 1060 2998 sua:
1099 2939 1378 2996 charitutis
1418 2947 1744 2995 mensuram,
1775 2937 1832 2984 et

223 3053 349 3121 ipse
374 3048 528 3108 dixit,
561 3054 615 3100 et
645 3040 800 3097 nobis
851 3034 1062 3099 indixit,
1109 3031 1415 3087 tuandatum
1462 3042 1616 3080 suum
1645 3024 1831 3077 dicens

219 3112 349 3195 esse
378 3147 434 3193 ut
466 3150 563 3190 uos
589 3133 817 3187 invicem
841 3127 1121 3196 diligamus
1148 3120 1326 3192 (Joan.
1358 3134 1472 3181 χιιι,
1505 3117 1574 3171 54
1594 3115 1634 3185 ).
1664 3112 1729 3169 Et
1758 3126 1829 3166 ne

222 3240 599 3303 qumreremus
646 3222 952 3277 dubitantes
998 3224 1054 3271 et
1094 3221 1387 3268 mstuantes
1427 3215 1682 3277 quantum
1728 3216 1832 3256 nos

226 3295 526 3380 debeamus
555 3317 783 3370 invicem
824 3310 1077 3379 diligere,
1117 3311 1424 3374 quantaque
1475 3296 1562 3352 illa
1608 3295 1677 3350 sit
1712 3308 1833 3363 qua:

225 3418 345 3472 Deo
372 3413 541 3485 placet
566 3404 847 3464 charitalis
878 3399 1114 3473 perfecta
1139 3408 1408 3457 mensura,
1440 3405 1502 3446 ea
1533 3389 1675 3445 cnim
1708 3401 1832 3456 per-

226 3479 498 3567 fectavest,
529 3516 636 3573 qua
667 3496 837 3567 major
862 3507 992 3548 esse
1012 3505 1119 3547 non
1150 3494 1325 3557 potest
1346 3526 1363 3547 ,
1395 3481 1660 3551 expressit
1687 3479 1831 3543 ipse,

161 3652 165 3654 ν
225 3597 436 3659 docuit,
482 3570 648 3650 et'ait
680 3606 697 3645 :
726 3586 983 3657 Majorcm
1026 3582 1122 3634 hac
1149 3577 1445 3632 clmritatem
1486 3588 1631 3626 nemo
1664 3570 1831 3634 habet,

224 3709 385 3765 quam
411 3699 468 3743 ut
491 3687 718 3741 animam
743 3694 891 3735 suam
917 3675 1030 3745 quis
1052 3681 1209 3744 ponat
1245 3685 1338 3741 pro
1362 3665 1537 3720 amicis
1562 3664 1667 3719 suis
1694 3662 1714 3734 (
1746 3661 1833 3717 Id.

226 3757 324 3851 xv,
360 3782 477 3851 1'3).
506 3777 654 3835 Fecit
698 3774 812 3843 ipse
860 3767 1002 3841 quod
1052 3765 1266 3826 docuit,
1299 3760 1540 3816 fecerunt
1591 3757 1834 3825 Apostoli

227 3847 381 3951 quod
409 3847 479 3926 ab
499 3869 593 3925 illo
620 3864 945 3927 didicerunt,
982 3868 1037 3914 et
1063 3855 1216 3909 nobis
1252 3851 1550 3907 faciendum
1577 3847 1836 3916 pra-dica-

228 3936 453 4034 verunt,
500 3958 781 4018 Faciamus
809 3962 864 4009 et
894 3965 1021 4014 nos;
1052 3947 1175 4019 quia
1204 3944 1305 4001 etsi
1340 3957 1446 3997 non
1486 3953 1670 3995 sumus
1696 3936 1839 4007 quod

230 4064 325 4119 illc
355 4032 650 4126 secundum
686 4048 740 4104 id
770 4044 913 4118 quod
950 4041 1154 4098 creavit
1196 4054 1292 4092 nos
1314 4077 1329 4100 ,
1374 4033 1514 4104 quod
1545 4032 1633 4086 ille
1661 4040 1838 4085 tamen

229 4165 428 4211 sumus
466 4123 761 4202 secundum
793 4137 845 4193 Id
874 4133 1017 4207 quod
1048 4131 1218 4187 factus
1258 4136 1342 4182 est
1374 4133 1596 4196 propter
1627 4136 1743 4176 nos.
1776 4121 1841 4175 Et

230 4249 283 4305 si
312 4244 463 4302 solus
484 4232 719 4297 iecisset,
748 4240 891 4289 ενι-ιθ
918 4240 1079 4283 nemo
1106 4231 1348 4278 nostrum
1398 4217 1617 4272 deberet
1643 4212 1841 4268 audere

233 4344 437 4393 ltmlafl
455 4374 471 4398 ,
502 4339 569 4386 ita
593 4328 736 4382 enim
763 4321 855 4379 ille
878 4322 1040 4374 homo
1062 4323 1199 4381 erat,
1227 4318 1357 4367 utet
1381 4310 1522 4363 Deus
1541 4316 1719 4360 esset:
1745 4303 1841 4358 sed

230 4433 294 4488 in
314 4443 384 4483 eo
408 4422 549 4495 quod
577 4419 739 4474 homo
762 4420 899 4476 erat,
933 4408 1123 4463 imitati
1145 4412 1271 4462 sunt
1296 4400 1436 4455 servi
1462 4398 1765 4457 Dominum,
1788 4404 1844 4450 et

233 4493 490 4591 discipuli
517 4510 851 4582 Magistrum.
877 4512 931 4559 et
958 4500 1200 4556 fecerunt
1220 4493 1311 4566 qui
1332 4509 1430 4546 nos
1454 4495 1843 4561 praecesserunt

238 4616 296 4669 in
327 4580 528 4666 fainilia
568 4580 772 4672 ipsius,
802 4602 981 4667 patres
1025 4588 1245 4660 quidem
1284 4582 1475 4647 nostri,
1520 4580 1613 4635 sed
1666 4588 1840 4651 tamen

235 4700 493 4761 conservi
523 4693 720 4753 nostri;
746 4702 921 4758 neque
946 4686 1240 4751 imperaret
1269 4678 1370 4731 hoc
1400 4676 1539 4729 Deus
1570 4672 1845 4727 utl'acerc—

237 4809 387 4856 mus,
418 4791 464 4846 si
491 4781 820 4857 impossibile
838 4771 1100 4848 iudicaret
1132 4778 1187 4825 ut
1208 4769 1311 4823 hoc
1331 4769 1397 4821 ab
1419 4764 1635 4820 homine
1670 4762 1843 4817 ﬁeret.

236 4887 353 4946 Sed
383 4856 734 4939 considerans
760 4870 1123 4928 inﬁrmitatem
1153 4874 1319 4924 tuam,
1350 4858 1543 4922 delicis
1570 4856 1669 4909 sub
1707 4871 1844 4923 prse-

236 4977 441 5048 cepto?
467 4969 785 5027 Confortare
826 4967 877 5018 in
925 4957 1190 5023 exemplo.
1222 4951 1329 5007 Sed
1356 4951 1515 5005 etiam
1545 4948 1846 5015 exemplum

237 5040 328 5125 ad.
347 5080 398 5124 te
429 5063 655 5121 multum
683 5056 810 5114 est?
837 5054 1004 5110 Adest
1027 5051 1115 5104 ille
1142 5047 1231 5117 qui
1259 5041 1484 5114 pnehuit
1506 5040 1810 5109 exenaplum
1829 5080 1843 5103 ,

239 5158 558 5231 utpr:1:bcat
580 5146 929 5209 etauxilium.
952 5142 1244 5196 Audiamus
1270 5135 1462 5204 crgoin
1478 5134 1580 5185 isto
1606 5132 1847 5201 psalmo:

238 5260 546 5325 opportune
573 5255 803 5312 namque
831 5224 1043 5300 accidit,
1075 5244 1126 5287 et
1171 5231 1264 5283 illo
1308 5233 1651 5298 procurante,
1702 5231 1757 5275 ut
1800 5222 1848 5275 ei

184 5386 193 5392 .
241 5341 573 5401 cumularet
604 5331 976 5403 Evangelium,
999 5320 1385 5381 commendans
1416 5317 1569 5371 nobis
1599 5314 1845 5368 dilectio-

243 5450 373 5493 nem
406 5422 624 5491 Christi,
656 5425 748 5495 qui
779 5423 1010 5475 animam
1046 5430 1196 5470 suam
1247 5412 1423 5479 posuit
1466 5424 1561 5476 pro
1592 5406 1767 5463 nobis.
1797 5416 1851 5458 ut

242 5538 303 5585 et
333 5539 434 5585 nos
453 5493 686 5575 animato
703 5524 940 5575 nostram
961 5525 1055 5580 pro
1082 5493 1605 5570 fratribusjmnamns
1625 5498 1663 5568 (Ι
1690 5495 1849 5550 Joan.

246 5633 330 5682 ut,
364 5616 471 5684 l6).
527 5604 887 5667 Concordavit
929 5612 984 5657 et
1023 5594 1306 5655 consonuit
1353 5591 1475 5645 huic
1523 5589 1751 5659 psalmo,
1801 5596 1855 5639 ut

247 5711 533 5766 videamus
584 5696 855 5773 quomodo
904 5696 1018 5765 ipse
1066 5686 1323 5746 Dominus
1378 5696 1563 5739 noster
1611 5683 1844 5735 animum

247 5870 343 5986 ὦ
370 5864 505 5923 ηιμ,
546 5860 810 5921 desperare
837 5859 931 5904 nan
954 5850 1210 5901 debemus.
1240 5851 1294 5895 Αι
1327 5851 1453 5901 uss,
1487 5841 1747 5901 desperare
1770 5849 1852 5887 att-

344 5940 433 5979 una.

344 5940 433 5979 ωι-

1320 418 1717 478 ΕΝΑΚΒΛΠΟ
1758 415 1820 470 ΙΝ
1862 415 2181 474 ΡΞΔΙΛΙΠΜ
2221 419 2351 476 [Νι.

1903 549 2054 635 suam
2079 537 2255 604 posuit
2405 537 2561 595 nobis
2590 556 2604 590 :
2642 541 2874 609 psalmus
2894 545 3036 601 enim
3059 548 3159 604 istc
3185 551 3494 617 passionem

1905 628 2072 692 ipsius
2091 636 2292 680 cantat.
2326 628 2393 682 Et
2418 632 2669 698 quoniam
2699 642 2844 689 totus
2867 636 3111 695 Christus
3146 654 3306 712 caput
3330 656 3415 702 est
3439 659 3499 703 et

1903 730 2118 816 eor-pus,
2143 719 2289 816 quod
2320 721 2457 777 bene
2488 738 2583 778 vos
2621 740 2778 782 nosse
2804 745 2911 785 non
2955 732 3140 790 dubito
3169 754 3184 792 :
3209 752 3377 809 caput
3414 754 3499 798 est

1907 809 2019 875 ipse
2067 809 2314 868 Salvator
2343 824 2543 880 noster,
2579 833 2767 885 passus
2805 822 2905 877 sub
2935 823 3124 882 Pontio
3163 830 3362 900 Pilato,
3406 839 3497 907 qui

1908 915 2049 964 nune
2093 913 2276 973 postea
2316 921 2477 975 quam
2535 914 2832 968 resurrexit
2864 930 2895 969 a
2940 879 3183 984 mortuis:
3407 879 3501 987 “aud

1909 991 2185 1049 dexteram
2216 996 2388 1052 Patris
2421 1015 2435 1054 :
2466 1014 2662 1071 corpus
2708 1012 2888 1060 autem
2936 1008 3053 1078 ejus
3096 1025 3181 1068 est
3232 1016 3500 1078 Ecclesia:

1912 1101 2021 1141 non
2044 1088 2164 1155 ista,
2188 1097 2282 1182 aut
2310 1089 2421 1155 illa,
2447 1092 2541 1148 sed
2566 1066 2688 1152 toto
2727 1098 2860 1154 orbe
2903 1066 3133 1171 dill'usa;
3166 1066 3508 1182 $337.};

1912 1193 2054 1277 nunc
2081 1187 2170 1277 est
2204 1179 2257 1235 in
2300 1183 2605 1277 hominibus
2629 1189 2721 1256 qui
2754 1204 3072 1259 praesentem
3110 1153 3273 1257 ζίιᾷξῆ

1915 1268 2011 1322 sed
2029 1268 2094 1323 ad
2114 1285 2233 1325 eam
2262 1250 2659 1341 pertinentibus
2677 1250 2838 1337 etiam
2872 1283 2957 1339 his
3002 1290 3091 1358 qui

1917 1374 2035 1425 nos,
2061 1370 2122 1462 et
2148 1361 2231 1462 his
2270 1365 2359 1433 qui
2382 1364 2565 1462 -l'nturi
2594 1381 2719 1426 sunt
2749 1384 2866 1441 post
2911 1391 3010 1433 nos
3042 1395 3209 1452 usque
3252 1385 3304 1440 in
3347 1388 3509 1445 ﬁnem

1917 1451 2119 1505 sa'culi.
2152 1451 2284 1508 Tota
2308 1457 2450 1510 enim
2477 1458 2712 1516 Ecclesia
2739 1434 2993 1524 constans
3019 1486 3082 1524 ex
3104 1434 3510 1534 timuimus-ﬁde:

1921 1542 2081 1647 illius,
2112 1546 2233 1614 quia
2264 1548 2449 1604 lideles
2475 1566 2663 1609 omnes
2691 1556 2930 1613 membra
2959 1574 3081 1617 sunt
3100 1565 3316 1634 Christi,
3352 1545 3514 1631 hanc}

1920 1635 2047 1690 illud
2098 1649 2257 1736 caput
2310 1644 2539 1710 positum
2569 1646 2619 1700 in
2647 1651 2802 1705 ('(elis
2829 1610 3515 1736 quod

1920 1744 2107 1835 suum;
2136 1735 2237 1835 etsi
2264 1733 2567 1807 separatum
2594 1752 2675 1797 est
2698 1744 2920 1810 visione,
2951 1750 3045 1804 sed
3068 1757 3371 1813 annectitur
3386 1733 3517 1817 chao

1922 1823 2098 1922 ritate.
2129 1823 2262 1892 Quia
2292 1842 2420 1899 ergo
2449 1840 2591 1887 totus
2632 1830 2877 1893 Christus
2906 1852 3065 1907 caput
3112 1854 3196 1900 est
3234 1858 3288 1905 et
3324 1866 3519 1922 corpus

1924 1915 2076 1986 ejus;
2112 1929 2394 1990 propterea
2437 1922 2491 1978 in
2536 1927 2787 1983 omnibus
2836 1929 3065 1993 Psalmis
3112 1938 3190 1992 sic
3241 1915 3522 2003 audiamus

1925 2011 2320 2116 voces-capitis,
2368 2025 2427 2069 ut
2468 2017 2752 2116 audiamus
2781 2032 2836 2078 et
2861 2036 3023 2081 voces
3050 2034 3313 2102 corporis.
3344 2036 3525 2097 Noluit

1923 2118 2069 2159 enim
2092 2105 2234 2176 loqui
2262 2111 2571 2178 separatim,
2600 2115 2721 2184 quia
2751 2118 2923 2173 noluit
2952 2136 3071 2175 esse
3114 2139 3411 2195 separatus,
3443 2132 3525 2187 di-

1926 2211 2057 2255 oens
2086 2216 2101 2253 :
2130 2198 2267 2257 Ecce
2301 2219 2393 2273 ego
2420 2206 2671 2261 vobiscum
2710 2226 2821 2263 sunt
2852 2229 3009 2284 usque
3040 2216 3109 2269 ad
3136 2174 3527 2279 cdnsumm’at‘io-

1929 2308 2045 2396 nem
2069 2295 2246 2396 saeculi
2266 2294 2503 2396 (dial-(lt.
2531 2315 2717 2359 xxvm.
2746 2302 2817 2357 20
2846 2302 2884 2374 ).
2912 2305 2965 2358 Si
2999 2307 3275 2365 nobiscum
3306 2324 3407 2381 est,
3444 2317 3525 2371 lo-

1930 2385 2186 2487 quiturin
2217 2388 2389 2487 nobis,
2412 2390 2656 2487 loquitur
2681 2393 2748 2447 de
2792 2357 2965 2460 ndbis,
3004 2357 3522 2477 loquitur-petrwt’tds’;

1930 2474 2054 2577 quia
2081 2485 2134 2579 et
2159 2492 2258 2579 nos
2285 2477 2554 2549 loquimur
2575 2480 2626 2534 in
2660 2482 2752 2535 illo
2780 2502 2795 2536 :
2820 2494 2873 2538 et
2903 2486 3022 2541 ideo
3046 2453 3226 2546 verum

1929 2568 2056 2634 quia
2108 2568 2161 2620 in
2194 2568 2285 2622 illo
2332 2569 2619 2640 loquimur.
2670 2572 2801 2627 Nam
2848 2580 3062 2646 quando
3092 2583 3144 2637 in
3191 2586 3345 2640 nobis
3372 2598 3424 2643 et
3463 2606 3530 2645 ex

1933 2659 2088 2715 nobis
2116 2660 2259 2732 loqui
2289 2662 2636 2733 voluerimus,
2654 2666 2705 2721 in
2732 2670 3011 2726 mendacio
3037 2678 3453 2735 remanebimns.

2004 2754 2057 2808 2.
2107 2750 2282 2847 [verr
2309 2753 2406 2847 1.]
2447 2756 2578 2823 Quia
2618 2773 2747 2829 ergo
2778 2762 3078 2829 passionem
3112 2766 3322 2825 Domini
3352 2783 3533 2831 cantat

1937 2845 2039 2899 iste
2085 2844 2341 2916 psalmus.
2373 2844 2497 2902 vide
2534 2863 2691 2918 quem
2736 2853 2948 2907 titulum
2996 2855 3187 2913 habeat
3216 2877 3231 2913 :
3262 2860 3329 2915 In
3357 2848 3549 2931 ﬁnem.

1888 3011 1891 3013 _
1938 2932 2086 2990 Finis
2107 2935 2349 2991 Christus
2372 2947 2455 2993 est
2487 2937 2663 3009 (Rom.
2698 2958 2750 3007 x,
2776 2945 2852 3015 4).
2882 2945 3061 3014 Quare
3077 2950 3251 3006 dictus
3273 2964 3354 3008 est
3382 2956 3534 3010 linis?

1936 3024 2055 3134 Nqn
2082 3027 2170 3097 qui
2214 3039 2515 3134 consumat,
2549 3031 2643 3084 sed
2683 3034 2773 3100 qui
2818 3048 3175 3095 consummet.
3205 3041 3536 3101 Consumere

1938 3120 2101 3225 enim.
2136 3119 2361 3225 perdere
2388 3130 2471 3175 est
2498 3142 2514 3180 :
2540 3139 2937 3193 consummare,
2970 3130 3249 3198 perlicere.
3300 3136 3533 3193 Finitnm

1939 3213 2082 3313 enim
2100 3212 2357 3313 quidquid
2385 3212 2636 3279 dicimus,
2666 3231 2696 3269 a
2725 3218 2827 3270 line
2856 3218 3106 3277 dicimus.
3137 3223 3243 3279 Sed
3270 3225 3428 3281 aliter
3452 3230 3537 3283 di-

1939 3302 2135 3406 cim'us,
2165 3301 2374 3406 F'Ainitus
2406 3313 2490 3358 est
2537 3306 2728 3375 panis;
2760 3306 2919 3371 aliter
2954 3309 3203 3376 dicimus,
3256 3313 3428 3370 Finita
3458 3329 3538 3373 est

1942 3393 2120 3448 tunica
2144 3408 2159 3447 :
2188 3391 2369 3448 ﬁnitus
2398 3402 2480 3448 est
2503 3395 2654 3463 panis
2675 3397 2765 3466 qui
2803 3399 3247 3469 manducabatur,
3281 3405 3426 3462 ﬁnita
3454 3420 3539 3464 est

1942 3487 2123 3543 tunica
2145 3489 2565 3567 qumtcxcbatnr
2596 3508 2608 3543 :
2639 3491 2790 3560 panis
2816 3507 2948 3563 ergo
2979 3494 3157 3550 linitus
3184 3508 3268 3551 est
3313 3510 3369 3554 nt
3406 3518 3538 3556 con-

1941 3590 2266 3647 sumeretur,
2292 3582 2465 3636 tunica
2497 3583 2645 3637 ﬁnita
2668 3595 2748 3639 est
2767 3596 2823 3639 ut
2841 3587 3207 3655 perﬁceretur.
3238 3591 3383 3647 Finis
3412 3610 3540 3655 ergo

1943 3672 2201 3740 propositi
2234 3672 2399 3726 nostri
2427 3672 2675 3729 Christus
2715 3684 2796 3729 est
2820 3637 2997 3746 {quia
3029 3637 3539 3750 quantum-libelli)":

1944 3777 2154 3828 nemnr,
2186 3763 2237 3815 in
2269 3763 2361 3817 illo
2407 3763 2738 3834 perﬁcimur,
2778 3739 2831 3820 et
2881 3739 2949 3821 ab
2981 3739 3073 3823 illo
3103 3739 3466 3842 perﬁeimur;
3490 3790 3540 3834 et

1946 3856 2061 3911 haec
2087 3866 2173 3911 est
2223 3855 2483 3924 perlectio
2522 3867 2702 3911 nostra
2733 3899 2748 3924 ,
2793 3857 2858 3911 ad
2896 3860 3046 3915 illum
3092 3869 3373 3933 pervenire
3407 3884 3419 3920 :
3448 3870 3544 3924 sed

1945 3966 2065 4005 eum
2095 3950 2160 4004 ad
2185 3952 2332 4005 illum
2366 3953 2691 4019 perveneris,
2726 3952 2859 4007 ultra
2894 3971 2998 4009 non
3021 3959 3244 4027 quieris;
3277 3959 3397 4014 ﬁnis
3425 3971 3546 4019 tuus

1946 4052 2047 4098 est.
2078 4043 2361 4110 Quomodo
2385 4043 2531 4099 enim
2550 4045 2671 4099 ﬁnis
2696 4046 2796 4100 via:
2820 4051 2926 4101 tua:
2950 4047 3098 4103 locus
3125 4053 3542 4118 estquolendis;

1946 4150 2053 4205 quo
2086 4150 2209 4190 cum
2255 4136 2585 4205 perveneris,
2625 4137 2737 4205 jam
2783 4139 3027 4193 manebis
3060 4158 3072 4193 :
3100 4141 3179 4195 sic
3222 4141 3343 4198 ﬁnis
3382 4146 3545 4199 studii

1950 4228 2045 4293 .ui,
2074 4228 2331 4297 propositi
2382 4227 2479 4294 tui,
2528 4240 2754 4283 conatus
2785 4232 2881 4294 tui,
2935 4230 3245 4288 intentionis
3288 4246 3412 4301 tuas,
3458 4239 3543 4292 ille

1947 4327 2031 4371 est
2053 4318 2118 4371 ad
2143 4332 2304 4388 quem
2353 4317 2562 4385 tendis;
2590 4312 2657 4373 ad
2688 4336 2847 4389 quem
2893 4338 3013 4375 cum
3052 4328 3383 4394 perveni-ris,
3410 4332 3545 4383 ultra

1950 4426 2056 4464 non
2105 4408 2471 4473 desiderabis,
2523 4410 2646 4478 quia
2696 4412 2889 4466 melius
2943 4413 3072 4467 nihil
3129 4415 3365 4471 habebis.
3431 4420 3549 4488 Ipse

1950 4520 2079 4574 ergo
2109 4514 2166 4559 et
2210 4500 2516 4572 exemplum
2570 4504 2726 4557 nobis
2766 4505 2977 4559 vivendi
3028 4510 3305 4578 proposuit
3346 4508 3400 4566 iu
3450 4511 3550 4569 hac

1951 4598 2081 4657 vita,
2112 4605 2166 4649 et
2191 4594 2468 4665 praemium
2492 4595 2704 4649 vivendi
2726 4595 2877 4650 dabit
2906 4598 2957 4650 in
2992 4598 3164 4655 futura
3189 4602 3313 4654 vita.

2022 4688 2077 4741 5.
2121 4685 2185 4740 In
2221 4686 2393 4755 ﬁnem.
2426 4701 2489 4739 ne
2534 4702 2831 4755 corrumpas
2874 4688 2975 4758 ἱρδὶ
3017 4689 3184 4744 Dacia
3218 4692 3271 4745 in
3311 4694 3552 4751 rituum.

1952 4778 2301 4845 scriptionem,
2343 4791 2457 4828 cum
2488 4777 2684 4847 fugeret
2721 4794 2753 4828 a
2798 4779 2931 4847 facie
2975 4779 3105 4835 Sari!
3150 4780 3201 4834 in
3234 4784 3549 4851 speluncam.

1955 4867 2271 4923 Referentes
2301 4881 2400 4920 nos
2442 4865 2509 4919 ad
2559 4876 2799 4923 sanctam
2849 4867 3206 4939 Scripturam,
3254 4873 3554 4929 invenimus

1955 4960 2171 5028 quidem
2216 4966 2461 5012 sanctum
2502 4956 2665 5011 David
2715 4958 2864 5012 illum
2911 4975 3089 5030 regem
3121 4962 3316 5027 Israel,
3357 4979 3555 5033 exque

1956 5052 2115 5107 etiam
2149 5065 2347 5105 nomen
2376 5049 2578 5119 accepit
2632 5049 2948 5104 Psalterium
3000 5052 3328 5120 Davidicum,
3367 5071 3555 5126 perse-

1956 5155 2195 5202 cutorem
2227 5158 2439 5213 passum
2480 5143 2643 5197 fuisse
2693 5141 2909 5197 Saulem
2962 5160 3139 5212 regem
3185 5146 3349 5215 ipsius
3376 5150 3557 5218 populi

1963 5244 1979 5311 (
2010 5239 2028 5295 Ι
2058 5238 2185 5309 Reg.
2217 5251 2362 5299 xxiv,
2403 5236 2497 5290 1-4
2525 5234 2575 5305 ),
2607 5234 2743 5289 sicut
2785 5235 2937 5290 multi
2989 5248 3221 5291 vestrum
3272 5254 3552 5304 noverunt,

1958 5334 2048 5403 qui
2080 5331 2384 5399 Seriptnras
2431 5328 2513 5381 vel
2565 5328 2857 5397 attigerunt
2900 5328 2981 5381 vel
3019 5327 3323 5384 audierunt.
3365 5331 3559 5387 llabnit

1960 5439 2088 5493 ergo
2137 5429 2533 5491 persecutorem
2571 5418 2787 5472 Sat‘dem
2820 5434 2911 5471 rex
2942 5418 3106 5472 Dat-id
3138 5436 3153 5472 :
3182 5432 3235 5473 et
3263 5437 3384 5475 cum
3416 5432 3561 5477 esset

1963 5520 2049 5570 ille
2080 5514 2413 5576 mitissimus,
2448 5512 2535 5566 ille
2564 5511 2964 5576 ferocissimus;
2992 5512 3079 5566 illc
3108 5512 3264 5579 lenis,
3295 5513 3386 5568 ille
3418 5516 3562 5569 invi-

1961 5608 2091 5670 dus;
2127 5604 2215 5657 ille
2257 5604 2485 5674 patiens,
2532 5603 2620 5656 ille
2663 5601 2940 5665 crudelis;
2989 5601 3076 5658 ille
3121 5602 3425 5666 beneﬁcus,
3475 5606 3565 5663 ille

1964 5702 2235 5771 ingratus;
2266 5697 2479 5765 pertulit
2503 5710 2624 5748 eum
2657 5702 2797 5747 tanta
2831 5692 3072 5759 leuitate,
3102 5704 3162 5749 ut
3188 5711 3306 5749 cum
3325 5712 3447 5750 eum
3468 5713 3565 5752 ac-

1964 5791 2192 5859 cepisset
2223 5788 2275 5840 in
2310 5798 2518 5847 manus,
2554 5799 2659 5839 non
2686 5786 2833 5839 illum
2865 5786 3143 5856 attigisset,
3179 5802 3283 5841 non
3315 5788 3559 5844 laesisset-

1971 5881 2188 5952 Accepit
2213 5879 2352 5935 enim
2384 5895 2411 5931 a
2444 5877 2667 5932 Domino
2710 5878 2817 5931 Deo
2846 5886 3181 5948 potestatem.
3212 5889 3269 5933 ut
3312 5878 3357 5934 si
3389 5879 3538 5934 velle!
