  <div class='ocr_page' id='page_1' title='image "/cluster/home/n/w/nwhite01/storage/ocr_20150623/36/umn.319510024773307/341.png"; bbox 0 0 3968 6336; ppageno 0'>
   <div class='ocr_carea' id='block_1_1' title="bbox 495 371 606 428">
    <p class='ocr_par' dir='ltr' id='par_1_1' title="bbox 495 371 606 428">
     <span class='ocr_line' id='line_1_1' title="bbox 495 371 606 428; baseline -0.009 0"><span class='ocrx_word' id='word_1_1' title='bbox 495 371 606 428; x_wconf 67' lang='lat'><strong>063</strong></span> 
     </span>
    </p>
   </div>
   <div class='ocr_carea' id='block_1_2' title="bbox 496 504 2081 577">
    <p class='ocr_par' dir='ltr' id='par_1_2' title="bbox 496 504 2081 577">
     <span class='ocr_line' id='line_1_2' title="bbox 496 504 2081 577; baseline -0.004 -17"><span class='ocrx_word' id='word_1_2' title='bbox 496 506 766 562; x_wconf 87' lang='lat' dir='ltr'><strong>occideret</strong></span> <span class='ocrx_word' id='word_1_3' title='bbox 790 505 1006 562; x_wconf 78' lang='lat' dir='ltr'><strong>Safticm</strong></span> <span class='ocrx_word' id='word_1_4' title='bbox 1033 506 1148 577; x_wconf 88' lang='lat' dir='ltr'><strong>ipse</strong></span> <span class='ocrx_word' id='word_1_5' title='bbox 1175 505 1379 571; x_wconf 83' lang='lat' dir='ltr'><strong>David;</strong></span> <span class='ocrx_word' id='word_1_6' title='bbox 1407 514 1460 560; x_wconf 90' lang='lat' dir='ltr'><strong>et</strong></span> <span class='ocrx_word' id='word_1_7' title='bbox 1487 504 1649 575; x_wconf 82' lang='lat' dir='ltr'><strong>elegit</strong></span> <span class='ocrx_word' id='word_1_8' title='bbox 1675 517 1895 574; x_wconf 84' lang='lat' dir='ltr'><strong>parcere</strong></span> <span class='ocrx_word' id='word_1_9' title='bbox 1921 515 2081 574; x_wconf 88' lang='lat' dir='ltr'><strong>quam</strong></span> 
     </span>
    </p>
   </div>
   <div class='ocr_carea' id='block_1_3' title="bbox 496 595 2083 659">
    <p class='ocr_par' dir='ltr' id='par_1_3' title="bbox 496 595 2083 659">
     <span class='ocr_line' id='line_1_3' title="bbox 496 595 2083 659; baseline -0.003 -8"><span class='ocrx_word' id='word_1_10' title='bbox 496 597 763 654; x_wconf 84' lang='lat' dir='ltr'><strong>occidere.</strong></span> <span class='ocrx_word' id='word_1_11' title='bbox 793 595 886 653; x_wconf 88' lang='lat' dir='ltr'><strong>llle</strong></span> <span class='ocrx_word' id='word_1_12' title='bbox 910 608 1088 652; x_wconf 86' lang='lat' dir='ltr'><strong>autem</strong></span> <span class='ocrx_word' id='word_1_13' title='bbox 1115 611 1218 652; x_wconf 89' lang='lat' dir='ltr'><strong>nec</strong></span> <span class='ocrx_word' id='word_1_14' title='bbox 1249 597 1337 651; x_wconf 87' lang='lat' dir='ltr'><strong>tali</strong></span> <span class='ocrx_word' id='word_1_15' title='bbox 1388 595 1648 652; x_wconf 77' lang='lat' dir='ltr'><strong>beneﬁcio</strong></span> <span class='ocrx_word' id='word_1_16' title='bbox 1672 595 1844 649; x_wconf 89' lang='lat' dir='ltr'><strong>victus</strong></span> <span class='ocrx_word' id='word_1_17' title='bbox 1887 603 1988 659; x_wconf 89' lang='lat' dir='ltr'><strong>est,</strong></span> <span class='ocrx_word' id='word_1_18' title='bbox 2028 601 2083 647; x_wconf 92' lang='lat' dir='ltr'><strong>ut</strong></span> 
     </span>
    </p>
   </div>
   <div class='ocr_carea' id='block_1_4' title="bbox 497 687 2081 759">
    <p class='ocr_par' dir='ltr' id='par_1_4' title="bbox 497 687 2081 759">
     <span class='ocr_line' id='line_1_4' title="bbox 497 687 2081 759; baseline 0 -20"><span class='ocrx_word' id='word_1_19' title='bbox 497 688 768 743; x_wconf 76' lang='lat' dir='ltr'><strong>desineret</strong></span> <span class='ocrx_word' id='word_1_20' title='bbox 815 690 1083 759; x_wconf 85' lang='lat' dir='ltr'><strong>persequi.</strong></span> <span class='ocrx_word' id='word_1_21' title='bbox 1137 690 1440 745; x_wconf 88' lang='lat' dir='ltr'><strong>Invenimus</strong></span> <span class='ocrx_word' id='word_1_22' title='bbox 1491 702 1620 758; x_wconf 87' lang='lat' dir='ltr'><strong>ergo</strong></span> <span class='ocrx_word' id='word_1_23' title='bbox 1667 687 1758 743; x_wconf 93' lang='lat' dir='ltr'><strong>illo</strong></span> <span class='ocrx_word' id='word_1_24' title='bbox 1811 698 2081 754; x_wconf 84' lang='lat' dir='ltr'><strong>tempore,</strong></span> 
     </span>
    </p>
   </div>
   <div class='ocr_carea' id='block_1_5' title="bbox 495 777 2085 852">
    <p class='ocr_par' dir='ltr' id='par_1_5' title="bbox 495 777 2085 852">
     <span class='ocr_line' id='line_1_5' title="bbox 495 777 2085 852; baseline 0 -20"><span class='ocrx_word' id='word_1_25' title='bbox 495 781 708 850; x_wconf 87' lang='lat' dir='ltr'><strong>quando</strong></span> <span class='ocrx_word' id='word_1_26' title='bbox 733 781 857 837; x_wconf 73' lang='lat' dir='ltr'><strong>Sainl</strong></span> <span class='ocrx_word' id='word_1_27' title='bbox 888 782 1047 835; x_wconf 81' lang='lat' dir='ltr'><strong>David</strong></span> <span class='ocrx_word' id='word_1_28' title='bbox 1085 780 1520 852; x_wconf 71' lang='lat' dir='ltr'><strong>persequebatur,</strong></span> <span class='ocrx_word' id='word_1_29' title='bbox 1566 794 1742 849; x_wconf 84' lang='lat' dir='ltr'><strong>regem</strong></span> <span class='ocrx_word' id='word_1_30' title='bbox 1770 777 2002 832; x_wconf 88' lang='lat' dir='ltr'><strong>futurum</strong></span> <span class='ocrx_word' id='word_1_31' title='bbox 2031 788 2085 832; x_wconf 89' lang='lat' dir='ltr'><strong>et</strong></span> 
     </span>
    </p>
   </div>
   <div class='ocr_carea' id='block_1_6' title="bbox 497 866 2080 942">
    <p class='ocr_par' dir='ltr' id='par_1_6' title="bbox 497 866 2080 942">
     <span class='ocr_line' id='line_1_6' title="bbox 497 866 2080 942; baseline -0.001 -20"><span class='ocrx_word' id='word_1_32' title='bbox 497 871 929 938; x_wconf 51' lang='lat' dir='ltr'><strong>praedestinatum</strong></span> <span class='ocrx_word' id='word_1_33' title='bbox 975 887 1067 927; x_wconf 91' lang='lat' dir='ltr'><strong>rex</strong></span> <span class='ocrx_word' id='word_1_34' title='bbox 1114 866 1223 942; x_wconf 82' lang='lat' dir='ltr'><strong>jam</strong></span> <span class='ocrx_word' id='word_1_35' title='bbox 1276 871 1609 940; x_wconf 88' lang='lat' dir='ltr'><strong>reprobatus,</strong></span> <span class='ocrx_word' id='word_1_36' title='bbox 1638 869 1776 939; x_wconf 88' lang='lat' dir='ltr'><strong>quod</strong></span> <span class='ocrx_word' id='word_1_37' title='bbox 1821 869 2010 938; x_wconf 85' lang='lat' dir='ltr'><strong>fugerit</strong></span> <span class='ocrx_word' id='word_1_38' title='bbox 2052 881 2080 920; x_wconf 80' lang='lat' dir='ltr'><strong>a</strong></span> 
     </span>
    </p>
   </div>
   <div class='ocr_carea' id='block_1_7' title="bbox 495 958 2080 1032">
    <p class='ocr_par' dir='ltr' id='par_1_7' title="bbox 495 958 2080 1032">
     <span class='ocr_line' id='line_1_7' title="bbox 495 958 2080 1032; baseline -0.001 -18"><span class='ocrx_word' id='word_1_39' title='bbox 495 961 630 1014; x_wconf 78' lang='lat' dir='ltr'><strong>facie</strong></span> <span class='ocrx_word' id='word_1_40' title='bbox 655 961 780 1016; x_wconf 79' lang='lat' dir='ltr'><strong>Saitl</strong></span> <span class='ocrx_word' id='word_1_41' title='bbox 812 962 864 1016; x_wconf 91' lang='lat' dir='ltr'><strong>iu</strong></span> <span class='ocrx_word' id='word_1_42' title='bbox 891 963 1194 1032; x_wconf 71' lang='lat' dir='ltr'><strong>speluncam</strong></span> <span class='ocrx_word' id='word_1_43' title='bbox 1223 963 1335 1032; x_wconf 78' lang='lat' dir='ltr'><strong>ipse</strong></span> <span class='ocrx_word' id='word_1_44' title='bbox 1363 960 1547 1016; x_wconf 85' lang='lat' dir='ltr'><strong>David.</strong></span> <span class='ocrx_word' id='word_1_45' title='bbox 1573 959 1710 1027; x_wconf 91' lang='lat' dir='ltr'><strong>Quid</strong></span> <span class='ocrx_word' id='word_1_46' title='bbox 1739 976 1866 1031; x_wconf 86' lang='lat' dir='ltr'><strong>ergo</strong></span> <span class='ocrx_word' id='word_1_47' title='bbox 1896 960 1994 1014; x_wconf 89' lang='lat' dir='ltr'><strong>hoc</strong></span> <span class='ocrx_word' id='word_1_48' title='bbox 2014 958 2080 1013; x_wconf 84' lang='lat' dir='ltr'><strong>ad</strong></span> 
     </span>
    </p>
   </div>
   <div class='ocr_carea' id='block_1_8' title="bbox 494 1051 2081 1125">
    <p class='ocr_par' dir='ltr' id='par_1_8' title="bbox 494 1051 2081 1125">
     <span class='ocr_line' id='line_1_8' title="bbox 494 1051 2081 1125; baseline 0.003 -22"><span class='ocrx_word' id='word_1_49' title='bbox 494 1052 808 1106; x_wconf 77' lang='lat' dir='ltr'><strong>Christum?</strong></span> <span class='ocrx_word' id='word_1_50' title='bbox 836 1053 892 1108; x_wconf 89' lang='lat' dir='ltr'><strong>Si</strong></span> <span class='ocrx_word' id='word_1_51' title='bbox 921 1054 1097 1108; x_wconf 88' lang='lat' dir='ltr'><strong>omnia</strong></span> <span class='ocrx_word' id='word_1_52' title='bbox 1115 1070 1234 1125; x_wconf 80' lang='lat' dir='ltr'><strong>quae</strong></span> <span class='ocrx_word' id='word_1_53' title='bbox 1263 1063 1385 1108; x_wconf 80' lang='lat' dir='ltr'><strong>tunc</strong></span> <span class='ocrx_word' id='word_1_54' title='bbox 1397 1053 1708 1124; x_wconf 77' lang='lat' dir='ltr'><strong>agebantur,</strong></span> <span class='ocrx_word' id='word_1_55' title='bbox 1728 1051 1908 1121; x_wconf 77' lang='lat' dir='ltr'><strong>ﬁgura:</strong></span> <span class='ocrx_word' id='word_1_56' title='bbox 1927 1059 2081 1107; x_wconf 88' lang='lat' dir='ltr'><strong>erant</strong></span> 
     </span>
    </p>
   </div>
   <div class='ocr_carea' id='block_1_9' title="bbox 494 1142 2079 1212">
    <p class='ocr_par' dir='ltr' id='par_1_9' title="bbox 494 1142 2079 1212">
     <span class='ocr_line' id='line_1_9' title="bbox 494 1142 2079 1212; baseline 0.003 -16"><span class='ocrx_word' id='word_1_57' title='bbox 494 1142 814 1212; x_wconf 80' lang='lat' dir='ltr'><strong>futurorum,</strong></span> <span class='ocrx_word' id='word_1_58' title='bbox 839 1146 1136 1202; x_wconf 89' lang='lat' dir='ltr'><strong>invenimus</strong></span> <span class='ocrx_word' id='word_1_59' title='bbox 1163 1147 1233 1200; x_wconf 89' lang='lat' dir='ltr'><strong>ibi</strong></span> <span class='ocrx_word' id='word_1_60' title='bbox 1255 1146 1544 1209; x_wconf 73' lang='lat' dir='ltr'><strong>Christum,</strong></span> <span class='ocrx_word' id='word_1_61' title='bbox 1570 1153 1626 1201; x_wconf 93' lang='lat' dir='ltr'><strong>ct</strong></span> <span class='ocrx_word' id='word_1_62' title='bbox 1648 1146 1814 1199; x_wconf 86' lang='lat' dir='ltr'><strong>multo</strong></span> <span class='ocrx_word' id='word_1_63' title='bbox 1831 1146 2079 1200; x_wconf 82' lang='lat' dir='ltr'><strong>maxime.</strong></span> 
     </span>
    </p>
   </div>
   <div class='ocr_carea' id='block_1_10' title="bbox 492 1233 2080 1308">
    <p class='ocr_par' dir='ltr' id='par_1_10' title="bbox 492 1233 2080 1308">
     <span class='ocr_line' id='line_1_10' title="bbox 492 1233 2080 1308; baseline 0.001 -20"><span class='ocrx_word' id='word_1_64' title='bbox 492 1233 625 1288; x_wconf 80' lang='lat' dir='ltr'><strong>Nam</strong></span> <span class='ocrx_word' id='word_1_65' title='bbox 654 1236 781 1290; x_wconf 90' lang='lat' dir='ltr'><strong>illud</strong></span> <span class='ocrx_word' id='word_1_66' title='bbox 808 1257 818 1288; x_wconf 86' lang='lat'><strong>:</strong></span> <span class='ocrx_word' id='word_1_67' title='bbox 845 1235 928 1290; x_wconf 82' lang='lat' dir='ltr'><strong>Nc</strong></span> <span class='ocrx_word' id='word_1_68' title='bbox 973 1253 1268 1308; x_wconf 76' lang='lat' dir='ltr'><strong>corrumpas</strong></span> <span class='ocrx_word' id='word_1_69' title='bbox 1297 1237 1347 1290; x_wconf 86' lang='lat' dir='ltr'><strong>iu</strong></span> <span class='ocrx_word' id='word_1_70' title='bbox 1379 1236 1512 1290; x_wconf 83' lang='lat' dir='ltr'><strong>tituli</strong></span> <span class='ocrx_word' id='word_1_71' title='bbox 1545 1237 1944 1306; x_wconf 61' lang='lat' dir='ltr'><strong>inscriptionem,</strong></span> <span class='ocrx_word' id='word_1_72' title='bbox 1972 1233 2080 1290; x_wconf 90' lang='lat' dir='ltr'><strong>non</strong></span> 
     </span>
    </p>
   </div>
   <div class='ocr_carea' id='block_1_11' title="bbox 493 1312 2079 1398">
    <p class='ocr_par' dir='ltr' id='par_1_11' title="bbox 493 1312 2079 1398">
     <span class='ocr_line' id='line_1_11' title="bbox 493 1312 2079 1398; baseline 0.003 -19"><span class='ocrx_word' id='word_1_73' title='bbox 493 1327 647 1382; x_wconf 87' lang='lat' dir='ltr'><strong>video</strong></span> <span class='ocrx_word' id='word_1_74' title='bbox 669 1312 939 1398; x_wconf 86' lang='lat' dir='ltr'><strong>quomodo</strong></span> <span class='ocrx_word' id='word_1_75' title='bbox 964 1329 1225 1398; x_wconf 83' lang='lat' dir='ltr'><strong>pertineat</strong></span> <span class='ocrx_word' id='word_1_76' title='bbox 1271 1328 1339 1384; x_wconf 87' lang='lat' dir='ltr'><strong>ad</strong></span> <span class='ocrx_word' id='word_1_77' title='bbox 1384 1329 1533 1384; x_wconf 91' lang='lat' dir='ltr'><strong>illum</strong></span> <span class='ocrx_word' id='word_1_78' title='bbox 1581 1328 1766 1382; x_wconf 86' lang='lat' dir='ltr'><strong>David.</strong></span> <span class='ocrx_word' id='word_1_79' title='bbox 1796 1328 1909 1382; x_wconf 88' lang='lat' dir='ltr'><strong>Non</strong></span> <span class='ocrx_word' id='word_1_80' title='bbox 1937 1328 2079 1385; x_wconf 90' lang='lat' dir='ltr'><strong>enim</strong></span> 
     </span>
    </p>
   </div>
   <div class='ocr_carea' id='block_1_12' title="bbox 492 1419 2082 1490">
    <p class='ocr_par' dir='ltr' id='par_1_12' title="bbox 492 1419 2082 1490">
     <span class='ocr_line' id='line_1_12' title="bbox 492 1419 2082 1490; baseline 0.002 -18"><span class='ocrx_word' id='word_1_81' title='bbox 492 1420 685 1490; x_wconf 87' lang='lat' dir='ltr'><strong>aliquis</strong></span> <span class='ocrx_word' id='word_1_82' title='bbox 714 1421 898 1476; x_wconf 86' lang='lat' dir='ltr'><strong>titulus</strong></span> <span class='ocrx_word' id='word_1_83' title='bbox 924 1422 1208 1490; x_wconf 88' lang='lat' dir='ltr'><strong>inscriptus</strong></span> <span class='ocrx_word' id='word_1_84' title='bbox 1235 1430 1350 1476; x_wconf 89' lang='lat' dir='ltr'><strong>erat</strong></span> <span class='ocrx_word' id='word_1_85' title='bbox 1378 1419 1478 1490; x_wconf 89' lang='lat' dir='ltr'><strong>ipsi</strong></span> <span class='ocrx_word' id='word_1_86' title='bbox 1507 1419 1694 1487; x_wconf 85' lang='lat' dir='ltr'><strong>David,</strong></span> <span class='ocrx_word' id='word_1_87' title='bbox 1719 1435 1874 1490; x_wconf 85' lang='lat' dir='ltr'><strong>quem</strong></span> <span class='ocrx_word' id='word_1_88' title='bbox 1913 1421 2082 1476; x_wconf 89' lang='lat' dir='ltr'><strong>voluit</strong></span> 
     </span>
    </p>
   </div>
   <div class='ocr_carea' id='block_1_13' title="bbox 490 1498 2078 1584">
    <p class='ocr_par' dir='ltr' id='par_1_13' title="bbox 490 1498 2078 1584">
     <span class='ocr_line' id='line_1_13' title="bbox 490 1498 2078 1584; baseline 0.002 -20"><span class='ocrx_word' id='word_1_89' title='bbox 490 1525 834 1583; x_wconf 80' lang='lat' dir='ltr'><strong>corrumpere</strong></span> <span class='ocrx_word' id='word_1_90' title='bbox 858 1512 1003 1568; x_wconf 65' lang='grc' dir='ltr'><strong>επις.</strong></span> <span class='ocrx_word' id='word_1_91' title='bbox 1036 1498 1289 1568; x_wconf 81' lang='lat' dir='ltr'><strong>Videmus</strong></span> <span class='ocrx_word' id='word_1_92' title='bbox 1306 1519 1484 1568; x_wconf 89' lang='lat' dir='ltr'><strong>autem</strong></span> <span class='ocrx_word' id='word_1_93' title='bbox 1514 1511 1567 1565; x_wconf 92' lang='lat' dir='ltr'><strong>in</strong></span> <span class='ocrx_word' id='word_1_94' title='bbox 1591 1512 1841 1584; x_wconf 86' lang='lat' dir='ltr'><strong>passione</strong></span> <span class='ocrx_word' id='word_1_95' title='bbox 1868 1511 2078 1568; x_wconf 89' lang='lat' dir='ltr'><strong>Domini</strong></span> 
     </span>
    </p>
   </div>
   <div class='ocr_carea' id='block_1_14' title="bbox 495 1602 2081 1675">
    <p class='ocr_par' dir='ltr' id='par_1_14' title="bbox 495 1602 2081 1675">
     <span class='ocr_line' id='line_1_14' title="bbox 495 1602 2081 1675; baseline 0 -16"><span class='ocrx_word' id='word_1_96' title='bbox 495 1603 750 1675; x_wconf 87' lang='lat' dir='ltr'><strong>scriptum</strong></span> <span class='ocrx_word' id='word_1_97' title='bbox 777 1604 940 1659; x_wconf 88' lang='lat' dir='ltr'><strong>fuisse</strong></span> <span class='ocrx_word' id='word_1_98' title='bbox 968 1605 1178 1660; x_wconf 88' lang='lat' dir='ltr'><strong>titulum</strong></span> <span class='ocrx_word' id='word_1_99' title='bbox 1198 1647 1214 1670; x_wconf 89' lang='lat'><strong>,</strong></span> <span class='ocrx_word' id='word_1_100' title='bbox 1239 1602 1355 1660; x_wconf 76' lang='lat' dir='ltr'><strong>Rea:</strong></span> <span class='ocrx_word' id='word_1_101' title='bbox 1380 1603 1680 1659; x_wconf 69' lang='lat' dir='ltr'><strong>Italicorum</strong></span> <span class='ocrx_word' id='word_1_102' title='bbox 1709 1615 1804 1670; x_wconf 86' lang='lat' dir='ltr'><strong>;ut</strong></span> <span class='ocrx_word' id='word_1_103' title='bbox 1826 1606 1916 1661; x_wconf 89' lang='lat' dir='ltr'><strong>ille</strong></span> <span class='ocrx_word' id='word_1_104' title='bbox 1951 1605 2081 1660; x_wconf 88' lang='lat' dir='ltr'><strong>titu-</strong></span> 
     </span>
    </p>
   </div>
   <div class='ocr_carea' id='block_1_15' title="bbox 493 1695 2080 1768">
    <p class='ocr_par' dir='ltr' id='par_1_15' title="bbox 493 1695 2080 1768">
     <span class='ocr_line' id='line_1_15' title="bbox 493 1695 2080 1768; baseline 0.003 -18"><span class='ocrx_word' id='word_1_105' title='bbox 493 1695 576 1750; x_wconf 85' lang='lat' dir='ltr'><strong>lus</strong></span> <span class='ocrx_word' id='word_1_106' title='bbox 618 1697 966 1767; x_wconf 80' lang='lat' dir='ltr'><strong>exprobraret</strong></span> <span class='ocrx_word' id='word_1_107' title='bbox 995 1696 1224 1752; x_wconf 78' lang='lat' dir='ltr'><strong>frontem</strong></span> <span class='ocrx_word' id='word_1_108' title='bbox 1262 1696 1498 1768; x_wconf 84' lang='lat' dir='ltr'><strong>ipsorum</strong></span> <span class='ocrx_word' id='word_1_109' title='bbox 1519 1739 1536 1763; x_wconf 87' lang='lat'><strong>,</strong></span> <span class='ocrx_word' id='word_1_110' title='bbox 1563 1697 1705 1767; x_wconf 90' lang='lat' dir='ltr'><strong>quod</strong></span> <span class='ocrx_word' id='word_1_111' title='bbox 1751 1714 1780 1752; x_wconf 88' lang='lat' dir='ltr'><strong>a</strong></span> <span class='ocrx_word' id='word_1_112' title='bbox 1829 1713 1956 1767; x_wconf 84' lang='lat' dir='ltr'><strong>rege</strong></span> <span class='ocrx_word' id='word_1_113' title='bbox 1983 1713 2080 1754; x_wconf 92' lang='lat' dir='ltr'><strong>suo</strong></span> 
     </span>
    </p>
   </div>
   <div class='ocr_carea' id='block_1_16' title="bbox 495 1785 2077 1847">
    <p class='ocr_par' dir='ltr' id='par_1_16' title="bbox 495 1785 2077 1847">
     <span class='ocr_line' id='line_1_16' title="bbox 495 1785 2077 1847; baseline 0.003 -8"><span class='ocrx_word' id='word_1_114' title='bbox 495 1801 683 1841; x_wconf 82' lang='lat' dir='ltr'><strong>manus</strong></span> <span class='ocrx_word' id='word_1_115' title='bbox 726 1801 835 1841; x_wconf 87' lang='lat' dir='ltr'><strong>non</strong></span> <span class='ocrx_word' id='word_1_116' title='bbox 878 1786 1268 1845; x_wconf 82' lang='lat' dir='ltr'><strong>abstinuerunt.</strong></span> <span class='ocrx_word' id='word_1_117' title='bbox 1313 1785 1371 1842; x_wconf 86' lang='lat' dir='ltr'><strong>in</strong></span> <span class='ocrx_word' id='word_1_118' title='bbox 1411 1786 1518 1842; x_wconf 83' lang='lat' dir='ltr'><strong>illis</strong></span> <span class='ocrx_word' id='word_1_119' title='bbox 1543 1788 1683 1843; x_wconf 89' lang='lat' dir='ltr'><strong>enim</strong></span> <span class='ocrx_word' id='word_1_120' title='bbox 1710 1787 1836 1844; x_wconf 69' lang='lat' dir='ltr'><strong>Saill</strong></span> <span class='ocrx_word' id='word_1_121' title='bbox 1864 1799 1998 1847; x_wconf 89' lang='lat' dir='ltr'><strong>erat.</strong></span> <span class='ocrx_word' id='word_1_122' title='bbox 2025 1788 2077 1844; x_wconf 92' lang='lat' dir='ltr'><strong>in</strong></span> 
     </span>
    </p>
   </div>
   <div class='ocr_carea' id='block_1_17' title="bbox 491 1875 2079 1948">
    <p class='ocr_par' dir='ltr' id='par_1_17' title="bbox 491 1875 2079 1948">
     <span class='ocr_line' id='line_1_17' title="bbox 491 1875 2079 1948; baseline 0.003 -18"><span class='ocrx_word' id='word_1_123' title='bbox 491 1876 708 1930; x_wconf 79' lang='lat' dir='ltr'><strong>Christo</strong></span> <span class='ocrx_word' id='word_1_124' title='bbox 738 1877 901 1942; x_wconf 85' lang='lat' dir='ltr'><strong>David</strong></span> <span class='ocrx_word' id='word_1_125' title='bbox 928 1886 1063 1933; x_wconf 85' lang='lat' dir='ltr'><strong>erat.</strong></span> <span class='ocrx_word' id='word_1_126' title='bbox 1085 1875 1328 1933; x_wconf 79' lang='lat' dir='ltr'><strong>Christus</strong></span> <span class='ocrx_word' id='word_1_127' title='bbox 1351 1878 1516 1941; x_wconf 88' lang='lat' dir='ltr'><strong>enim,</strong></span> <span class='ocrx_word' id='word_1_128' title='bbox 1542 1881 1674 1933; x_wconf 86' lang='lat' dir='ltr'><strong>sicut</strong></span> <span class='ocrx_word' id='word_1_129' title='bbox 1703 1879 1834 1934; x_wconf 91' lang='lat' dir='ltr'><strong>dicit</strong></span> <span class='ocrx_word' id='word_1_130' title='bbox 1858 1890 2079 1948; x_wconf 80' lang='lat' dir='ltr'><strong>aposto-</strong></span> 
     </span>
    </p>
   </div>
   <div class='ocr_carea' id='block_1_18' title="bbox 495 1956 2078 2040">
    <p class='ocr_par' dir='ltr' id='par_1_18' title="bbox 495 1956 2078 2040">
     <span class='ocr_line' id='line_1_18' title="bbox 495 1956 2078 2040; baseline 0.004 -20"><span class='ocrx_word' id='word_1_131' title='bbox 495 1965 654 2021; x_wconf 90' lang='lat' dir='ltr'><strong>licum</strong></span> <span class='ocrx_word' id='word_1_132' title='bbox 683 1966 1054 2036; x_wconf 84' lang='lat' dir='ltr'><strong>Evangelium,</strong></span> <span class='ocrx_word' id='word_1_133' title='bbox 1082 1975 1187 2034; x_wconf 83' lang='lat' dir='ltr'><strong>est,</strong></span> <span class='ocrx_word' id='word_1_134' title='bbox 1203 1956 1354 2040; x_wconf 80' lang='lat' dir='ltr'><strong>quod</strong></span> <span class='ocrx_word' id='word_1_135' title='bbox 1381 1969 1647 2036; x_wconf 83' lang='lat' dir='ltr'><strong>novimus,</strong></span> <span class='ocrx_word' id='word_1_136' title='bbox 1673 1969 1814 2040; x_wconf 84' lang='lat' dir='ltr'><strong>quod</strong></span> <span class='ocrx_word' id='word_1_137' title='bbox 1852 1971 2078 2026; x_wconf 57' lang='lat' dir='ltr'><strong>conliteo</strong></span> 
     </span>
    </p>
   </div>
   <div class='ocr_carea' id='block_1_19' title="bbox 493 2056 2078 2132">
    <p class='ocr_par' dir='ltr' id='par_1_19' title="bbox 493 2056 2078 2132">
     <span class='ocr_line' id='line_1_19' title="bbox 493 2056 2078 2132; baseline 0.002 -20"><span class='ocrx_word' id='word_1_138' title='bbox 493 2074 634 2123; x_wconf 85' lang='lat' dir='ltr'><strong>nmr,</strong></span> <span class='ocrx_word' id='word_1_139' title='bbox 666 2073 727 2112; x_wconf 68' lang='lat' dir='ltr'><strong>ea:</strong></span> <span class='ocrx_word' id='word_1_140' title='bbox 744 2058 933 2112; x_wconf 76' lang='lat' dir='ltr'><strong>semine</strong></span> <span class='ocrx_word' id='word_1_141' title='bbox 952 2056 1119 2113; x_wconf 79' lang='lat' dir='ltr'><strong>David</strong></span> <span class='ocrx_word' id='word_1_142' title='bbox 1145 2059 1423 2114; x_wconf 79' lang='lat' dir='ltr'><strong>secundum</strong></span> <span class='ocrx_word' id='word_1_143' title='bbox 1442 2077 1645 2114; x_wconf 88' lang='lat' dir='ltr'><strong>carnem</strong></span> <span class='ocrx_word' id='word_1_144' title='bbox 1676 2062 1854 2132; x_wconf 83' lang='lat' dir='ltr'><strong>(Rom.</strong></span> <span class='ocrx_word' id='word_1_145' title='bbox 1888 2078 1926 2128; x_wconf 84' lang='lat' dir='ltr'><strong>r,</strong></span> <span class='ocrx_word' id='word_1_146' title='bbox 1957 2062 2012 2118; x_wconf 78' lang='lat'><strong>3.</strong></span> <span class='ocrx_word' id='word_1_147' title='bbox 2032 2074 2078 2116; x_wconf 85' lang='lat' dir='ltr'><strong>et</strong></span> 
     </span>
    </p>
   </div>
   <div class='ocr_carea' id='block_1_20' title="bbox 493 2149 2076 2222">
    <p class='ocr_par' dir='ltr' id='par_1_20' title="bbox 493 2149 2076 2222">
     <span class='ocr_line' id='line_1_20' title="bbox 493 2149 2076 2222; baseline 0.005 -20"><span class='ocrx_word' id='word_1_148' title='bbox 493 2149 678 2203; x_wconf 68' lang='lat' dir='ltr'><strong>Matth.</strong></span> <span class='ocrx_word' id='word_1_149' title='bbox 710 2165 749 2216; x_wconf 88' lang='grc' dir='ltr'><strong>ι,</strong></span> <span class='ocrx_word' id='word_1_150' title='bbox 778 2149 838 2220; x_wconf 82' lang='grc' dir='ltr'><strong>Ι)</strong></span> <span class='ocrx_word' id='word_1_151' title='bbox 866 2168 880 2204; x_wconf 88' lang='lat'><strong>:</strong></span> <span class='ocrx_word' id='word_1_152' title='bbox 911 2165 1031 2205; x_wconf 79' lang='lat' dir='ltr'><strong>nam</strong></span> <span class='ocrx_word' id='word_1_153' title='bbox 1057 2151 1348 2206; x_wconf 86' lang='lat' dir='ltr'><strong>secundum</strong></span> <span class='ocrx_word' id='word_1_154' title='bbox 1370 2149 1697 2206; x_wconf 87' lang='lat' dir='ltr'><strong>divinitatem</strong></span> <span class='ocrx_word' id='word_1_155' title='bbox 1719 2154 2076 2222; x_wconf 87' lang='lat' dir='ltr'><strong>supraOavid,</strong></span> 
     </span>
    </p>
   </div>
   <div class='ocr_carea' id='block_1_21' title="bbox 490 2239 2076 2315">
    <p class='ocr_par' dir='ltr' id='par_1_21' title="bbox 490 2239 2076 2315">
     <span class='ocr_line' id='line_1_21' title="bbox 490 2239 2076 2315; baseline 0.006 -24"><span class='ocrx_word' id='word_1_156' title='bbox 490 2254 648 2308; x_wconf 82' lang='lat' dir='ltr'><strong>supra</strong></span> <span class='ocrx_word' id='word_1_157' title='bbox 675 2255 862 2294; x_wconf 91' lang='lat' dir='ltr'><strong>omnes</strong></span> <span class='ocrx_word' id='word_1_158' title='bbox 891 2239 1156 2300; x_wconf 87' lang='lat' dir='ltr'><strong>homines.</strong></span> <span class='ocrx_word' id='word_1_159' title='bbox 1174 2255 1334 2310; x_wconf 78' lang='lat' dir='ltr'><strong>supra</strong></span> <span class='ocrx_word' id='word_1_160' title='bbox 1363 2243 1556 2298; x_wconf 64' lang='lat' dir='ltr'><strong>calum</strong></span> <span class='ocrx_word' id='word_1_161' title='bbox 1579 2252 1632 2296; x_wconf 89' lang='lat' dir='ltr'><strong>et</strong></span> <span class='ocrx_word' id='word_1_162' title='bbox 1667 2254 1886 2310; x_wconf 87' lang='lat' dir='ltr'><strong>terram,</strong></span> <span class='ocrx_word' id='word_1_163' title='bbox 1917 2260 2076 2315; x_wconf 86' lang='lat' dir='ltr'><strong>supra</strong></span> 
     </span>
    </p>
   </div>
   <div class='ocr_carea' id='block_1_22' title="bbox 488 2330 2076 2408">
    <p class='ocr_par' dir='ltr' id='par_1_22' title="bbox 488 2330 2076 2408">
     <span class='ocr_line' id='line_1_22' title="bbox 488 2330 2076 2408; baseline 0.004 -22"><span class='ocrx_word' id='word_1_164' title='bbox 488 2330 744 2401; x_wconf 75' lang='lat' dir='ltr'><strong>Angelos,</strong></span> <span class='ocrx_word' id='word_1_165' title='bbox 800 2344 959 2400; x_wconf 87' lang='lat' dir='ltr'><strong>supra</strong></span> <span class='ocrx_word' id='word_1_166' title='bbox 998 2331 1173 2387; x_wconf 80' lang='lat' dir='ltr'><strong>omnia</strong></span> <span class='ocrx_word' id='word_1_167' title='bbox 1221 2332 1446 2388; x_wconf 73' lang='lat' dir='ltr'><strong>visibilis</strong></span> <span class='ocrx_word' id='word_1_168' title='bbox 1499 2342 1555 2389; x_wconf 91' lang='lat' dir='ltr'><strong>ct</strong></span> <span class='ocrx_word' id='word_1_169' title='bbox 1599 2335 1914 2403; x_wconf 87' lang='lat' dir='ltr'><strong>invisibilia;</strong></span> <span class='ocrx_word' id='word_1_170' title='bbox 1955 2341 2076 2408; x_wconf 85' lang='lat' dir='ltr'><strong>quia</strong></span> 
     </span>
    </p>
   </div>
   <div class='ocr_carea' id='block_1_23' title="bbox 490 2421 2080 2496">
    <p class='ocr_par' dir='ltr' id='par_1_23' title="bbox 490 2421 2080 2496">
     <span class='ocr_line' id='line_1_23' title="bbox 490 2421 2080 2496; baseline 0.006 -20"><span class='ocrx_word' id='word_1_171' title='bbox 490 2423 669 2476; x_wconf 86' lang='lat' dir='ltr'><strong>omnia</strong></span> <span class='ocrx_word' id='word_1_172' title='bbox 694 2437 792 2492; x_wconf 89' lang='lat' dir='ltr'><strong>per</strong></span> <span class='ocrx_word' id='word_1_173' title='bbox 828 2422 1002 2492; x_wconf 86' lang='lat' dir='ltr'><strong>ipsum</strong></span> <span class='ocrx_word' id='word_1_174' title='bbox 1032 2421 1168 2477; x_wconf 82' lang='lat' dir='ltr'><strong>facta</strong></span> <span class='ocrx_word' id='word_1_175' title='bbox 1194 2431 1339 2490; x_wconf 80' lang='lat' dir='ltr'><strong>sunt,</strong></span> <span class='ocrx_word' id='word_1_176' title='bbox 1367 2435 1418 2479; x_wconf 92' lang='lat' dir='ltr'><strong>et</strong></span> <span class='ocrx_word' id='word_1_177' title='bbox 1466 2424 1583 2481; x_wconf 85' lang='lat' dir='ltr'><strong>sine</strong></span> <span class='ocrx_word' id='word_1_178' title='bbox 1629 2427 1747 2496; x_wconf 89' lang='lat' dir='ltr'><strong>ipso</strong></span> <span class='ocrx_word' id='word_1_179' title='bbox 1776 2425 1971 2482; x_wconf 90' lang='lat' dir='ltr'><strong>factum</strong></span> <span class='ocrx_word' id='word_1_180' title='bbox 1995 2437 2080 2485; x_wconf 88' lang='lat' dir='ltr'><strong>est</strong></span> 
     </span>
    </p>
   </div>
   <div class='ocr_carea' id='block_1_24' title="bbox 490 2509 2077 2585">
    <p class='ocr_par' dir='ltr' id='par_1_24' title="bbox 490 2509 2077 2585">
     <span class='ocr_line' id='line_1_24' title="bbox 490 2509 2077 2585; baseline 0.004 -19"><span class='ocrx_word' id='word_1_181' title='bbox 490 2509 622 2566; x_wconf 85' lang='lat' dir='ltr'><strong>nihil</strong></span> <span class='ocrx_word' id='word_1_182' title='bbox 653 2509 833 2581; x_wconf 81' lang='lat' dir='ltr'><strong>(Joon.</strong></span> <span class='ocrx_word' id='word_1_183' title='bbox 855 2515 895 2576; x_wconf 78' lang='grc'><strong>’1,</strong></span> <span class='ocrx_word' id='word_1_184' title='bbox 925 2512 985 2578; x_wconf 79' lang='lat'><strong>&#39;5)</strong></span> <span class='ocrx_word' id='word_1_185' title='bbox 1011 2528 1026 2565; x_wconf 92' lang='lat'><strong><em>:</em></strong></span> <span class='ocrx_word' id='word_1_186' title='bbox 1053 2510 1300 2585; x_wconf 72' lang='lat' dir='ltr'><strong>dignatus</strong></span> <span class='ocrx_word' id='word_1_187' title='bbox 1330 2521 1507 2569; x_wconf 88' lang='lat' dir='ltr'><strong>tamen</strong></span> <span class='ocrx_word' id='word_1_188' title='bbox 1536 2513 1700 2570; x_wconf 84' lang='lat' dir='ltr'><strong>homo</strong></span> <span class='ocrx_word' id='word_1_189' title='bbox 1742 2515 1855 2572; x_wconf 77' lang='lat' dir='ltr'><strong>ﬁeri</strong></span> <span class='ocrx_word' id='word_1_190' title='bbox 1892 2533 1956 2572; x_wconf 87' lang='lat' dir='ltr'><strong>ex</strong></span> <span class='ocrx_word' id='word_1_191' title='bbox 1987 2535 2077 2573; x_wconf 79' lang='lat' dir='ltr'><strong>sc-</strong></span> 
     </span>
    </p>
   </div>
   <div class='ocr_carea' id='block_1_25' title="bbox 491 2599 2075 2674">
    <p class='ocr_par' dir='ltr' id='par_1_25' title="bbox 491 2599 2075 2674">
     <span class='ocr_line' id='line_1_25' title="bbox 491 2599 2075 2674; baseline 0.007 -20"><span class='ocrx_word' id='word_1_192' title='bbox 491 2599 635 2657; x_wconf 87' lang='lat' dir='ltr'><strong>miue</strong></span> <span class='ocrx_word' id='word_1_193' title='bbox 658 2600 820 2667; x_wconf 82' lang='lat' dir='ltr'><strong>David</strong></span> <span class='ocrx_word' id='word_1_194' title='bbox 849 2602 915 2656; x_wconf 91' lang='lat' dir='ltr'><strong>ad</strong></span> <span class='ocrx_word' id='word_1_195' title='bbox 945 2616 1042 2656; x_wconf 89' lang='lat' dir='ltr'><strong>uos</strong></span> <span class='ocrx_word' id='word_1_196' title='bbox 1068 2602 1249 2670; x_wconf 85' lang='lat' dir='ltr'><strong>venit;</strong></span> <span class='ocrx_word' id='word_1_197' title='bbox 1278 2603 1402 2674; x_wconf 75' lang='lat' dir='ltr'><strong>quia</strong></span> <span class='ocrx_word' id='word_1_198' title='bbox 1429 2603 1498 2660; x_wconf 88' lang='lat' dir='ltr'><strong>de</strong></span> <span class='ocrx_word' id='word_1_199' title='bbox 1520 2661 1522 2663; x_wconf 69' lang='grc'><strong>,</strong></span> <span class='ocrx_word' id='word_1_200' title='bbox 1541 2605 1680 2661; x_wconf 87' lang='lat' dir='ltr'><strong>tribu</strong></span> <span class='ocrx_word' id='word_1_201' title='bbox 1722 2606 1885 2662; x_wconf 88' lang='lat' dir='ltr'><strong>David</strong></span> <span class='ocrx_word' id='word_1_202' title='bbox 1917 2618 2075 2665; x_wconf 82' lang='lat' dir='ltr'><strong>nutus</strong></span> 
     </span>
    </p>
   </div>
   <div class='ocr_carea' id='block_1_26' title="bbox 489 2694 2074 2770">
    <p class='ocr_par' dir='ltr' id='par_1_26' title="bbox 489 2694 2074 2770">
     <span class='ocr_line' id='line_1_26' title="bbox 489 2694 2074 2770; baseline 0.003 -20"><span class='ocrx_word' id='word_1_203' title='bbox 489 2705 593 2760; x_wconf 87' lang='lat' dir='ltr'><strong>est,</strong></span> <span class='ocrx_word' id='word_1_204' title='bbox 617 2695 756 2750; x_wconf 89' lang='lat' dir='ltr'><strong>unde</strong></span> <span class='ocrx_word' id='word_1_205' title='bbox 792 2694 945 2766; x_wconf 67' lang='lat' dir='ltr'><strong>virgo</strong></span> <span class='ocrx_word' id='word_1_206' title='bbox 968 2694 1129 2750; x_wconf 78' lang='lat' dir='ltr'><strong>Maria</strong></span> <span class='ocrx_word' id='word_1_207' title='bbox 1155 2711 1273 2765; x_wconf 80' lang='lat' dir='ltr'><strong>qua:</strong></span> <span class='ocrx_word' id='word_1_208' title='bbox 1299 2697 1504 2767; x_wconf 77' lang='lat' dir='ltr'><strong>peperit</strong></span> <span class='ocrx_word' id='word_1_209' title='bbox 1530 2694 1802 2752; x_wconf 84' lang='lat' dir='ltr'><strong>Christum</strong></span> <span class='ocrx_word' id='word_1_210' title='bbox 1832 2698 1851 2770; x_wconf 93' lang='lat'><strong>(</strong></span> <span class='ocrx_word' id='word_1_211' title='bbox 1876 2698 2004 2755; x_wconf 82' lang='lat' dir='ltr'><strong>Luc.</strong></span> <span class='ocrx_word' id='word_1_212' title='bbox 2035 2716 2074 2768; x_wconf 85' lang='lat' dir='ltr'><strong>t,</strong></span> 
     </span>
    </p>
   </div>
   <div class='ocr_carea' id='block_1_27' title="bbox 487 2785 2080 2859">
    <p class='ocr_par' dir='ltr' id='par_1_27' title="bbox 487 2785 2080 2859">
     <span class='ocr_line' id='line_1_27' title="bbox 487 2785 2080 2859; baseline 0.002 -15"><span class='ocrx_word' id='word_1_213' title='bbox 487 2785 582 2853; x_wconf 73' lang='lat'><strong>27,</strong></span> <span class='ocrx_word' id='word_1_214' title='bbox 607 2793 656 2844; x_wconf 84' lang='lat' dir='ltr'><strong>et</strong></span> <span class='ocrx_word' id='word_1_215' title='bbox 697 2800 755 2855; x_wconf 86' lang='lat' dir='ltr'><strong>tt,</strong></span> <span class='ocrx_word' id='word_1_216' title='bbox 801 2787 832 2844; x_wconf 70' lang='lat' dir='ltr'><strong>tl</strong></span> <span class='ocrx_word' id='word_1_217' title='bbox 855 2785 895 2859; x_wconf 95' lang='lat'><strong>).</strong></span> <span class='ocrx_word' id='word_1_218' title='bbox 925 2785 1216 2857; x_wconf 87' lang='lat' dir='ltr'><strong>lnscriptus</strong></span> <span class='ocrx_word' id='word_1_219' title='bbox 1257 2787 1434 2857; x_wconf 89' lang='lat' dir='ltr'><strong>itaque</strong></span> <span class='ocrx_word' id='word_1_220' title='bbox 1470 2786 1654 2843; x_wconf 87' lang='lat' dir='ltr'><strong>titulus</strong></span> <span class='ocrx_word' id='word_1_221' title='bbox 1689 2789 1778 2845; x_wconf 89' lang='lat' dir='ltr'><strong>ille</strong></span> <span class='ocrx_word' id='word_1_222' title='bbox 1818 2799 1933 2856; x_wconf 88' lang='lat' dir='ltr'><strong>est,</strong></span> <span class='ocrx_word' id='word_1_223' title='bbox 1967 2790 2080 2847; x_wconf 69' lang='lat' dir='ltr'><strong>ne:</strong></span> 
     </span>
    </p>
   </div>
   <div class='ocr_carea' id='block_1_28' title="bbox 487 2878 2075 2949">
    <p class='ocr_par' dir='ltr' id='par_1_28' title="bbox 487 2878 2075 2949">
     <span class='ocr_line' id='line_1_28' title="bbox 487 2878 2075 2949; baseline 0.003 -14"><span class='ocrx_word' id='word_1_224' title='bbox 487 2880 809 2937; x_wconf 76' lang='lat' dir='ltr'><strong>Judteorum.</strong></span> <span class='ocrx_word' id='word_1_225' title='bbox 859 2881 1027 2946; x_wconf 78' lang='lat' dir='ltr'><strong>Saul,</strong></span> <span class='ocrx_word' id='word_1_226' title='bbox 1081 2886 1139 2934; x_wconf 94' lang='lat' dir='ltr'><strong>ut</strong></span> <span class='ocrx_word' id='word_1_227' title='bbox 1193 2878 1447 2943; x_wconf 79' lang='lat' dir='ltr'><strong>diximus,</strong></span> <span class='ocrx_word' id='word_1_228' title='bbox 1501 2881 1731 2949; x_wconf 90' lang='lat' dir='ltr'><strong>populus</strong></span> <span class='ocrx_word' id='word_1_229' title='bbox 1770 2880 2075 2939; x_wconf 70' lang='lat' dir='ltr'><strong>Judmorum</strong></span> 
     </span>
    </p>
   </div>
   <div class='ocr_carea' id='block_1_29' title="bbox 487 2967 2070 3038">
    <p class='ocr_par' dir='ltr' id='par_1_29' title="bbox 487 2967 2070 3038">
     <span class='ocr_line' id='line_1_29' title="bbox 487 2967 2070 3038; baseline 0.002 -12"><span class='ocrx_word' id='word_1_230' title='bbox 487 2983 633 3038; x_wconf 88' lang='lat' dir='ltr'><strong>erat;</strong></span> <span class='ocrx_word' id='word_1_231' title='bbox 670 2971 832 3026; x_wconf 88' lang='lat' dir='ltr'><strong>David</strong></span> <span class='ocrx_word' id='word_1_232' title='bbox 857 2972 1100 3026; x_wconf 81' lang='lat' dir='ltr'><strong>Christus</strong></span> <span class='ocrx_word' id='word_1_233' title='bbox 1129 2978 1244 3025; x_wconf 90' lang='lat' dir='ltr'><strong>erat</strong></span> <span class='ocrx_word' id='word_1_234' title='bbox 1269 2985 1283 3024; x_wconf 90' lang='lat'><strong>:</strong></span> <span class='ocrx_word' id='word_1_235' title='bbox 1308 2967 1493 3026; x_wconf 87' lang='lat' dir='ltr'><strong>titulus</strong></span> <span class='ocrx_word' id='word_1_236' title='bbox 1511 2969 1604 3038; x_wconf 88' lang='lat' dir='ltr'><strong>ibi,</strong></span> <span class='ocrx_word' id='word_1_237' title='bbox 1627 2968 2070 3030; x_wconf 62' lang='lat' dir='ltr'><strong>Recidit-orum.</strong></span> 
     </span>
    </p>
   </div>
   <div class='ocr_carea' id='block_1_30' title="bbox 488 3061 2081 3155">
    <p class='ocr_par' dir='ltr' id='par_1_30' title="bbox 488 3061 2081 3155">
     <span class='ocr_line' id='line_1_30' title="bbox 488 3061 2081 3155; baseline 0.001 -35"><span class='ocrx_word' id='word_1_238' title='bbox 488 3064 748 3136; x_wconf 87' lang='lat' dir='ltr'><strong>lndignati</strong></span> <span class='ocrx_word' id='word_1_239' title='bbox 778 3063 1110 3128; x_wconf 71' lang='lat' dir='ltr'><strong>suntJudaei,</strong></span> <span class='ocrx_word' id='word_1_240' title='bbox 1135 3063 1257 3133; x_wconf 90' lang='lat' dir='ltr'><strong>quia</strong></span> <span class='ocrx_word' id='word_1_241' title='bbox 1283 3061 1572 3134; x_wconf 88' lang='lat' dir='ltr'><strong>inscriptus</strong></span> <span class='ocrx_word' id='word_1_242' title='bbox 1586 3071 1703 3155; x_wconf 66' lang='lat' dir='ltr'><strong>erat</strong></span> <span class='ocrx_word' id='word_1_243' title='bbox 1728 3063 1936 3131; x_wconf 87' lang='lat' dir='ltr'><strong>titulus,</strong></span> <span class='ocrx_word' id='word_1_244' title='bbox 1963 3064 2081 3121; x_wconf 72' lang='lat' dir='ltr'><strong>Rea:</strong></span> 
     </span>
    </p>
   </div>
   <div class='ocr_carea' id='block_1_31' title="bbox 485 3153 2075 3227">
    <p class='ocr_par' dir='ltr' id='par_1_31' title="bbox 485 3153 2075 3227">
     <span class='ocr_line' id='line_1_31' title="bbox 485 3153 2075 3227; baseline 0 -14"><span class='ocrx_word' id='word_1_245' title='bbox 485 3158 790 3213; x_wconf 67' lang='lat' dir='ltr'><strong>Iudicemus</strong></span> <span class='ocrx_word' id='word_1_246' title='bbox 815 3175 834 3211; x_wconf 90' lang='lat'><em>:</em></span> <span class='ocrx_word' id='word_1_247' title='bbox 861 3154 1049 3226; x_wconf 86' lang='lat' dir='ltr'><strong>puduit</strong></span> <span class='ocrx_word' id='word_1_248' title='bbox 1093 3153 1213 3210; x_wconf 93' lang='lat' dir='ltr'><strong>illos</strong></span> <span class='ocrx_word' id='word_1_249' title='bbox 1242 3153 1442 3210; x_wconf 87' lang='lat' dir='ltr'><strong>habere</strong></span> <span class='ocrx_word' id='word_1_250' title='bbox 1470 3153 1648 3225; x_wconf 85' lang='lat' dir='ltr'><strong>regem</strong></span> <span class='ocrx_word' id='word_1_251' title='bbox 1674 3169 1834 3227; x_wconf 88' lang='lat' dir='ltr'><strong>quem</strong></span> <span class='ocrx_word' id='word_1_252' title='bbox 1861 3155 2075 3213; x_wconf 79' lang='lat' dir='ltr'><strong>crocin-</strong></span> 
     </span>
    </p>
   </div>
   <div class='ocr_carea' id='block_1_32' title="bbox 486 3243 2075 3319">
    <p class='ocr_par' dir='ltr' id='par_1_32' title="bbox 486 3243 2075 3319">
     <span class='ocr_line' id='line_1_32' title="bbox 486 3243 2075 3319; baseline -0.001 -15"><span class='ocrx_word' id='word_1_253' title='bbox 486 3264 614 3319; x_wconf 89' lang='lat' dir='ltr'><strong>gere</strong></span> <span class='ocrx_word' id='word_1_254' title='bbox 641 3255 946 3317; x_wconf 86' lang='lat' dir='ltr'><strong>potuerunt.</strong></span> <span class='ocrx_word' id='word_1_255' title='bbox 977 3243 1091 3302; x_wconf 79' lang='lat' dir='ltr'><strong>Non</strong></span> <span class='ocrx_word' id='word_1_256' title='bbox 1114 3246 1257 3301; x_wconf 89' lang='lat' dir='ltr'><strong>enim</strong></span> <span class='ocrx_word' id='word_1_257' title='bbox 1286 3243 1535 3300; x_wconf 86' lang='lat' dir='ltr'><strong>viderunt</strong></span> <span class='ocrx_word' id='word_1_258' title='bbox 1552 3245 1677 3316; x_wconf 86' lang='lat' dir='ltr'><strong>quia</strong></span> <span class='ocrx_word' id='word_1_259' title='bbox 1704 3247 1817 3316; x_wconf 86' lang='lat' dir='ltr'><strong>ipsa</strong></span> <span class='ocrx_word' id='word_1_260' title='bbox 1843 3261 1996 3313; x_wconf 89' lang='lat' dir='ltr'><strong>crux,</strong></span> <span class='ocrx_word' id='word_1_261' title='bbox 2021 3247 2075 3303; x_wconf 90' lang='lat' dir='ltr'><strong>in</strong></span> 
     </span>
    </p>
   </div>
   <div class='ocr_carea' id='block_1_33' title="bbox 485 3332 2072 3410">
    <p class='ocr_par' dir='ltr' id='par_1_33' title="bbox 485 3332 2072 3410">
     <span class='ocr_line' id='line_1_33' title="bbox 485 3332 2072 3410; baseline 0 -17"><span class='ocrx_word' id='word_1_262' title='bbox 485 3354 589 3409; x_wconf 89' lang='lat' dir='ltr'><strong>qua</strong></span> <span class='ocrx_word' id='word_1_263' title='bbox 618 3353 740 3393; x_wconf 90' lang='lat' dir='ltr'><strong>eum</strong></span> <span class='ocrx_word' id='word_1_264' title='bbox 780 3337 1045 3404; x_wconf 80' lang='lat' dir='ltr'><strong>ﬁxerunt,</strong></span> <span class='ocrx_word' id='word_1_265' title='bbox 1085 3332 1262 3391; x_wconf 87' lang='lat' dir='ltr'><strong>futura</strong></span> <span class='ocrx_word' id='word_1_266' title='bbox 1297 3345 1412 3392; x_wconf 87' lang='lat' dir='ltr'><strong>erat</strong></span> <span class='ocrx_word' id='word_1_267' title='bbox 1458 3335 1512 3390; x_wconf 85' lang='lat' dir='ltr'><strong>in</strong></span> <span class='ocrx_word' id='word_1_268' title='bbox 1559 3334 1822 3391; x_wconf 77' lang='lat' dir='ltr'><strong>frontibus</strong></span> <span class='ocrx_word' id='word_1_269' title='bbox 1863 3351 2072 3410; x_wconf 88' lang='lat' dir='ltr'><strong>regum.</strong></span> 
     </span>
    </p>
   </div>
   <div class='ocr_carea' id='block_1_34' title="bbox 383 3425 2073 3497">
    <p class='ocr_par' dir='ltr' id='par_1_34' title="bbox 383 3425 2073 3497">
     <span class='ocr_line' id='line_1_34' title="bbox 383 3425 2073 3497; baseline 0 -12"><span class='ocrx_word' id='word_1_270' title='bbox 383 3467 387 3470; x_wconf 49' lang='grc' dir='ltr'><em>κ</em></span> <span class='ocrx_word' id='word_1_271' title='bbox 485 3430 615 3485; x_wconf 89' lang='lat' dir='ltr'><strong>Cum</strong></span> <span class='ocrx_word' id='word_1_272' title='bbox 637 3444 765 3497; x_wconf 82' lang='lat' dir='ltr'><strong>ergo</strong></span> <span class='ocrx_word' id='word_1_273' title='bbox 794 3427 1193 3496; x_wconf 76' lang='lat' dir='ltr'><strong>indignarentur</strong></span> <span class='ocrx_word' id='word_1_274' title='bbox 1219 3440 1287 3484; x_wconf 87' lang='lat' dir='ltr'><strong>ex</strong></span> <span class='ocrx_word' id='word_1_275' title='bbox 1321 3425 1418 3482; x_wconf 89' lang='lat' dir='ltr'><strong>illo</strong></span> <span class='ocrx_word' id='word_1_276' title='bbox 1448 3425 1623 3490; x_wconf 88' lang='lat' dir='ltr'><strong>titulo,</strong></span> <span class='ocrx_word' id='word_1_277' title='bbox 1659 3427 1901 3484; x_wconf 86' lang='lat' dir='ltr'><strong>adierunt</strong></span> <span class='ocrx_word' id='word_1_278' title='bbox 1929 3427 2073 3486; x_wconf 77' lang='lat' dir='ltr'><strong>Pila-</strong></span> 
     </span>
    </p>
   </div>
   <div class='ocr_carea' id='block_1_35' title="bbox 486 3515 2070 3589">
    <p class='ocr_par' dir='ltr' id='par_1_35' title="bbox 486 3515 2070 3589">
     <span class='ocr_line' id='line_1_35' title="bbox 486 3515 2070 3589; baseline 0.001 -15"><span class='ocrx_word' id='word_1_279' title='bbox 486 3532 596 3575; x_wconf 91' lang='lat' dir='ltr'><strong>tum</strong></span> <span class='ocrx_word' id='word_1_280' title='bbox 620 3519 878 3589; x_wconf 87' lang='lat' dir='ltr'><strong>judicem,</strong></span> <span class='ocrx_word' id='word_1_281' title='bbox 907 3517 991 3574; x_wconf 89' lang='lat' dir='ltr'><strong>cui</strong></span> <span class='ocrx_word' id='word_1_282' title='bbox 1019 3517 1327 3572; x_wconf 86' lang='lat' dir='ltr'><strong>obtulerant</strong></span> <span class='ocrx_word' id='word_1_283' title='bbox 1371 3515 1724 3573; x_wconf 86' lang='lat' dir='ltr'><strong>occidendum</strong></span> <span class='ocrx_word' id='word_1_284' title='bbox 1761 3515 2070 3587; x_wconf 74' lang='lat' dir='ltr'><strong>Christum,</strong></span> 
     </span>
    </p>
   </div>
   <div class='ocr_carea' id='block_1_36' title="bbox 484 3604 2072 3678">
    <p class='ocr_par' dir='ltr' id='par_1_36' title="bbox 484 3604 2072 3678">
     <span class='ocr_line' id='line_1_36' title="bbox 484 3604 2072 3678; baseline -0.001 -12"><span class='ocrx_word' id='word_1_285' title='bbox 484 3621 540 3666; x_wconf 90' lang='lat' dir='ltr'><strong>et</strong></span> <span class='ocrx_word' id='word_1_286' title='bbox 563 3611 813 3665; x_wconf 79' lang='lat' dir='ltr'><strong>dixerunt</strong></span> <span class='ocrx_word' id='word_1_287' title='bbox 836 3607 903 3663; x_wconf 93' lang='lat' dir='ltr'><strong>ad</strong></span> <span class='ocrx_word' id='word_1_288' title='bbox 932 3623 1090 3662; x_wconf 88' lang='lat' dir='ltr'><strong>eum:</strong></span> <span class='ocrx_word' id='word_1_289' title='bbox 1121 3604 1249 3661; x_wconf 83' lang='lat' dir='ltr'><strong>Noli</strong></span> <span class='ocrx_word' id='word_1_290' title='bbox 1274 3605 1494 3662; x_wconf 76' lang='lat' dir='ltr'><strong>scribere</strong></span> <span class='ocrx_word' id='word_1_291' title='bbox 1505 3607 1601 3673; x_wconf 84' lang='lat' dir='ltr'><strong>sic,</strong></span> <span class='ocrx_word' id='word_1_292' title='bbox 1623 3605 2072 3678; x_wconf 71' lang='lat' dir='ltr'><strong>RexJudteorttm;</strong></span> 
     </span>
    </p>
   </div>
   <div class='ocr_carea' id='block_1_37' title="bbox 481 3697 2074 3773">
    <p class='ocr_par' dir='ltr' id='par_1_37' title="bbox 481 3697 2074 3773">
     <span class='ocr_line' id='line_1_37' title="bbox 481 3697 2074 3773; baseline -0.001 -16"><span class='ocrx_word' id='word_1_293' title='bbox 481 3701 572 3757; x_wconf 80' lang='lat' dir='ltr'><strong>sed</strong></span> <span class='ocrx_word' id='word_1_294' title='bbox 599 3697 895 3773; x_wconf 68' lang='lat' dir='ltr'><strong>scribe&#39;quia</strong></span> <span class='ocrx_word' id='word_1_295' title='bbox 921 3699 1032 3768; x_wconf 88' lang='lat' dir='ltr'><strong>ipse</strong></span> <span class='ocrx_word' id='word_1_296' title='bbox 1053 3697 1182 3751; x_wconf 74' lang='lat' dir='ltr'><strong>dixit</strong></span> <span class='ocrx_word' id='word_1_297' title='bbox 1209 3714 1264 3753; x_wconf 88' lang='lat' dir='ltr'><strong>se</strong></span> <span class='ocrx_word' id='word_1_298' title='bbox 1301 3713 1468 3769; x_wconf 78' lang='lat' dir='ltr'><strong>regem</strong></span> <span class='ocrx_word' id='word_1_299' title='bbox 1505 3713 1616 3752; x_wconf 87' lang='lat' dir='ltr'><strong>esse</strong></span> <span class='ocrx_word' id='word_1_300' title='bbox 1647 3697 1969 3756; x_wconf 71' lang='lat' dir='ltr'><strong>Judaorum.</strong></span> <span class='ocrx_word' id='word_1_301' title='bbox 2003 3701 2074 3758; x_wconf 81' lang='lat' dir='ltr'><strong>Et</strong></span> 
     </span>
    </p>
   </div>
   <div class='ocr_carea' id='block_1_38' title="bbox 483 3787 2073 3866">
    <p class='ocr_par' dir='ltr' id='par_1_38' title="bbox 483 3787 2073 3866">
     <span class='ocr_line' id='line_1_38' title="bbox 483 3787 2073 3866; baseline 0.001 -19"><span class='ocrx_word' id='word_1_302' title='bbox 483 3795 606 3866; x_wconf 87' lang='lat' dir='ltr'><strong>quia</strong></span> <span class='ocrx_word' id='word_1_303' title='bbox 630 3793 739 3863; x_wconf 86' lang='lat' dir='ltr'><strong>jam</strong></span> <span class='ocrx_word' id='word_1_304' title='bbox 769 3801 1040 3846; x_wconf 88' lang='lat' dir='ltr'><strong>cantatum</strong></span> <span class='ocrx_word' id='word_1_305' title='bbox 1068 3799 1184 3846; x_wconf 82' lang='lat' dir='ltr'><strong>crat</strong></span> <span class='ocrx_word' id='word_1_306' title='bbox 1213 3805 1309 3859; x_wconf 90' lang='lat' dir='ltr'><strong>per</strong></span> <span class='ocrx_word' id='word_1_307' title='bbox 1335 3787 1589 3861; x_wconf 88' lang='lat' dir='ltr'><strong>Spiritum</strong></span> <span class='ocrx_word' id='word_1_308' title='bbox 1613 3800 1880 3859; x_wconf 86' lang='lat' dir='ltr'><strong>sanctum,</strong></span> <span class='ocrx_word' id='word_1_309' title='bbox 1910 3790 1980 3849; x_wconf 83' lang='lat' dir='ltr'><strong>In</strong></span> <span class='ocrx_word' id='word_1_310' title='bbox 2006 3793 2073 3864; x_wconf 77' lang='lat' dir='ltr'><strong>ﬁ-</strong></span> 
     </span>
    </p>
   </div>
   <div class='ocr_carea' id='block_1_39' title="bbox 483 3882 2073 3970">
    <p class='ocr_par' dir='ltr' id='par_1_39' title="bbox 483 3882 2073 3970">
     <span class='ocr_line' id='line_1_39' title="bbox 483 3882 2073 3970; baseline 0.001 -30"><span class='ocrx_word' id='word_1_311' title='bbox 483 3904 597 3941; x_wconf 85' lang='lat' dir='ltr'><strong>nem</strong></span> <span class='ocrx_word' id='word_1_312' title='bbox 621 3902 640 3950; x_wconf 87' lang='lat'><strong><em>;</em></strong></span> <span class='ocrx_word' id='word_1_313' title='bbox 680 3901 745 3940; x_wconf 88' lang='lat' dir='ltr'><strong>ne</strong></span> <span class='ocrx_word' id='word_1_314' title='bbox 770 3896 1088 3962; x_wconf 75' lang='lat' dir='ltr'><strong>corrumpas</strong></span> <span class='ocrx_word' id='word_1_315' title='bbox 1107 3884 1161 3938; x_wconf 86' lang='lat' dir='ltr'><strong>in</strong></span> <span class='ocrx_word' id='word_1_316' title='bbox 1191 3882 1325 3938; x_wconf 82' lang='lat' dir='ltr'><strong>tituli</strong></span> <span class='ocrx_word' id='word_1_317' title='bbox 1351 3883 1765 3952; x_wconf 76' lang='lat' dir='ltr'><strong>inscriptionem,</strong></span> <span class='ocrx_word' id='word_1_318' title='bbox 1793 3885 2073 3970; x_wconf 71' lang='lat' dir='ltr'><strong>respondit</strong></span> 
     </span>
    </p>
   </div>
   <div class='ocr_carea' id='block_1_40' title="bbox 482 3971 2070 4050">
    <p class='ocr_par' dir='ltr' id='par_1_40' title="bbox 482 3971 2070 4050">
     <span class='ocr_line' id='line_1_40' title="bbox 482 3971 2070 4050; baseline 0 -16"><span class='ocrx_word' id='word_1_319' title='bbox 482 3981 562 4034; x_wconf 87' lang='lat' dir='ltr'><strong>eis</strong></span> <span class='ocrx_word' id='word_1_320' title='bbox 592 3978 825 4034; x_wconf 71' lang='lat' dir='ltr'><strong>Pilatus:</strong></span> <span class='ocrx_word' id='word_1_321' title='bbox 847 3976 996 4044; x_wconf 78' lang='lat' dir='ltr'><strong>Quod</strong></span> <span class='ocrx_word' id='word_1_322' title='bbox 1015 3975 1197 4046; x_wconf 77' lang='lat' dir='ltr'><strong>scripsi</strong></span> <span class='ocrx_word' id='word_1_323' title='bbox 1225 3973 1406 4046; x_wconf 77' lang='lat' dir='ltr'><strong>scripsi</strong></span> <span class='ocrx_word' id='word_1_324' title='bbox 1432 3973 1453 4045; x_wconf 94' lang='lat'><strong>(</strong></span> <span class='ocrx_word' id='word_1_325' title='bbox 1478 3971 1637 4029; x_wconf 79' lang='lat' dir='ltr'><strong>Joan.</strong></span> <span class='ocrx_word' id='word_1_326' title='bbox 1667 3988 1781 4041; x_wconf 85' lang='lat' dir='ltr'><strong>xtx,</strong></span> <span class='ocrx_word' id='word_1_327' title='bbox 1811 3975 2022 4050; x_wconf 73' lang='lat'><strong>19-22)</strong></span> <span class='ocrx_word' id='word_1_328' title='bbox 2051 3995 2070 4034; x_wconf 89' lang='lat'><strong>:</strong></span> 
     </span>
    </p>
   </div>
   <div class='ocr_carea' id='block_1_41' title="bbox 483 4065 2070 4142">
    <p class='ocr_par' dir='ltr' id='par_1_41' title="bbox 483 4065 2070 4142">
     <span class='ocr_line' id='line_1_41' title="bbox 483 4065 2070 4142; baseline 0.001 -19"><span class='ocrx_word' id='word_1_329' title='bbox 483 4070 608 4141; x_wconf 80' lang='lat' dir='ltr'><strong>quid</strong></span> <span class='ocrx_word' id='word_1_330' title='bbox 639 4068 767 4125; x_wconf 90' lang='lat' dir='ltr'><strong>mihi</strong></span> <span class='ocrx_word' id='word_1_331' title='bbox 794 4069 1075 4140; x_wconf 69' lang='lat' dir='ltr'><strong>suggeritis</strong></span> <span class='ocrx_word' id='word_1_332' title='bbox 1123 4065 1451 4122; x_wconf 75' lang='lat' dir='ltr'><strong>falsitatem!</strong></span> <span class='ocrx_word' id='word_1_333' title='bbox 1489 4065 1605 4138; x_wconf 81' lang='lat' dir='ltr'><strong>Ego</strong></span> <span class='ocrx_word' id='word_1_334' title='bbox 1647 4081 1755 4123; x_wconf 85' lang='lat' dir='ltr'><strong>non</strong></span> <span class='ocrx_word' id='word_1_335' title='bbox 1779 4081 2070 4142; x_wconf 83' lang='lat' dir='ltr'><strong>corrumpe</strong></span> 
     </span>
    </p>
   </div>
   <div class='ocr_carea' id='block_1_42' title="bbox 483 4162 778 4217">
    <p class='ocr_par' dir='ltr' id='par_1_42' title="bbox 483 4162 778 4217">
     <span class='ocr_line' id='line_1_42' title="bbox 483 4162 778 4217; baseline 0 -4"><span class='ocrx_word' id='word_1_336' title='bbox 483 4162 778 4217; x_wconf 85' lang='lat' dir='ltr'><strong>veritatem.</strong></span> 
     </span>
    </p>
   </div>
   <div class='ocr_carea' id='block_1_43' title="bbox 554 4247 2068 4322">
    <p class='ocr_par' dir='ltr' id='par_1_43' title="bbox 554 4247 2068 4322">
     <span class='ocr_line' id='line_1_43' title="bbox 554 4247 2068 4322; baseline -0.001 -14"><span class='ocrx_word' id='word_1_337' title='bbox 554 4252 608 4308; x_wconf 75' lang='grc' dir='ltr'><strong>ι.</strong></span> <span class='ocrx_word' id='word_1_338' title='bbox 650 4251 959 4307; x_wconf 82' lang='lat' dir='ltr'><strong>Audivimus</strong></span> <span class='ocrx_word' id='word_1_339' title='bbox 979 4264 1106 4319; x_wconf 86' lang='lat' dir='ltr'><strong>ergo</strong></span> <span class='ocrx_word' id='word_1_340' title='bbox 1130 4248 1256 4318; x_wconf 91' lang='lat' dir='ltr'><strong>quid</strong></span> <span class='ocrx_word' id='word_1_341' title='bbox 1288 4247 1390 4304; x_wconf 87' lang='lat' dir='ltr'><strong>sibi</strong></span> <span class='ocrx_word' id='word_1_342' title='bbox 1415 4247 1565 4314; x_wconf 87' lang='lat' dir='ltr'><strong>velit,</strong></span> <span class='ocrx_word' id='word_1_343' title='bbox 1595 4247 1680 4304; x_wconf 79' lang='lat' dir='ltr'><strong>Ne</strong></span> <span class='ocrx_word' id='word_1_344' title='bbox 1699 4266 1999 4322; x_wconf 78' lang='lat' dir='ltr'><strong>corrumpas</strong></span> <span class='ocrx_word' id='word_1_345' title='bbox 2013 4252 2068 4308; x_wconf 84' lang='lat' dir='ltr'><strong>in</strong></span> 
     </span>
    </p>
   </div>
   <div class='ocr_carea' id='block_1_44' title="bbox 482 4328 2071 4414">
    <p class='ocr_par' dir='ltr' id='par_1_44' title="bbox 482 4328 2071 4414">
     <span class='ocr_line' id='line_1_44' title="bbox 482 4328 2071 4414; baseline 0.001 -16"><span class='ocrx_word' id='word_1_346' title='bbox 482 4344 618 4399; x_wconf 76' lang='lat' dir='ltr'><strong>tituli</strong></span> <span class='ocrx_word' id='word_1_347' title='bbox 635 4341 1030 4412; x_wconf 80' lang='lat' dir='ltr'><strong>inscriptionem.</strong></span> <span class='ocrx_word' id='word_1_348' title='bbox 1062 4328 1203 4407; x_wconf 81' lang='lat' dir='ltr'><strong>Quid</strong></span> <span class='ocrx_word' id='word_1_349' title='bbox 1226 4355 1355 4412; x_wconf 86' lang='lat' dir='ltr'><strong>ergo</strong></span> <span class='ocrx_word' id='word_1_350' title='bbox 1377 4347 1482 4406; x_wconf 85' lang='lat' dir='ltr'><strong>est,</strong></span> <span class='ocrx_word' id='word_1_351' title='bbox 1508 4337 1636 4395; x_wconf 82' lang='lat' dir='ltr'><strong>Cum</strong></span> <span class='ocrx_word' id='word_1_352' title='bbox 1660 4343 1857 4412; x_wconf 75' lang='lat' dir='ltr'><strong>fugeret</strong></span> <span class='ocrx_word' id='word_1_353' title='bbox 1878 4360 1912 4396; x_wconf 80' lang='grc' dir='ltr'><em>α</em></span> <span class='ocrx_word' id='word_1_354' title='bbox 1937 4343 2071 4414; x_wconf 77' lang='lat' dir='ltr'><strong>faeie</strong></span> 
     </span>
    </p>
   </div>
   <div class='ocr_carea' id='block_1_45' title="bbox 483 4427 2064 4503">
    <p class='ocr_par' dir='ltr' id='par_1_45' title="bbox 483 4427 2064 4503">
     <span class='ocr_line' id='line_1_45' title="bbox 483 4427 2064 4503; baseline 0 -11"><span class='ocrx_word' id='word_1_355' title='bbox 483 4436 615 4492; x_wconf 75' lang='lat' dir='ltr'><strong>Sm‘tl</strong></span> <span class='ocrx_word' id='word_1_356' title='bbox 643 4437 692 4490; x_wconf 87' lang='lat' dir='ltr'><strong>in</strong></span> <span class='ocrx_word' id='word_1_357' title='bbox 709 4433 1042 4502; x_wconf 73' lang='lat' dir='ltr'><strong>speluncaiti.’</strong></span> <span class='ocrx_word' id='word_1_358' title='bbox 1067 4427 1219 4499; x_wconf 84' lang='lat' dir='ltr'><strong>Quod</strong></span> <span class='ocrx_word' id='word_1_359' title='bbox 1249 4432 1464 4503; x_wconf 90' lang='lat' dir='ltr'><strong>quidem</strong></span> <span class='ocrx_word' id='word_1_360' title='bbox 1488 4441 1544 4487; x_wconf 90' lang='lat' dir='ltr'><strong>et</strong></span> <span class='ocrx_word' id='word_1_361' title='bbox 1581 4431 1747 4488; x_wconf 83' lang='lat' dir='ltr'><strong>David</strong></span> <span class='ocrx_word' id='word_1_362' title='bbox 1785 4433 1878 4490; x_wconf 91' lang='lat' dir='ltr'><strong>ille</strong></span> <span class='ocrx_word' id='word_1_363' title='bbox 1901 4435 2064 4493; x_wconf 88' lang='lat' dir='ltr'><strong>fecit:</strong></span> 
     </span>
    </p>
   </div>
   <div class='ocr_carea' id='block_1_46' title="bbox 480 4522 2063 4595">
    <p class='ocr_par' dir='ltr' id='par_1_46' title="bbox 480 4522 2063 4595">
     <span class='ocr_line' id='line_1_46' title="bbox 480 4522 2063 4595; baseline 0.001 -15"><span class='ocrx_word' id='word_1_364' title='bbox 480 4527 575 4580; x_wconf 73' lang='lat' dir='ltr'><strong>sed</strong></span> <span class='ocrx_word' id='word_1_365' title='bbox 604 4526 722 4594; x_wconf 88' lang='lat' dir='ltr'><strong>quia</strong></span> <span class='ocrx_word' id='word_1_366' title='bbox 752 4526 803 4580; x_wconf 93' lang='lat' dir='ltr'><strong>iu</strong></span> <span class='ocrx_word' id='word_1_367' title='bbox 835 4525 925 4578; x_wconf 92' lang='lat' dir='ltr'><strong>illo</strong></span> <span class='ocrx_word' id='word_1_368' title='bbox 953 4538 1058 4578; x_wconf 85' lang='lat' dir='ltr'><strong>non</strong></span> <span class='ocrx_word' id='word_1_369' title='bbox 1101 4523 1403 4578; x_wconf 90' lang='lat' dir='ltr'><strong>invenimus</strong></span> <span class='ocrx_word' id='word_1_370' title='bbox 1445 4522 1582 4577; x_wconf 91' lang='lat' dir='ltr'><strong>tituli</strong></span> <span class='ocrx_word' id='word_1_371' title='bbox 1627 4523 2026 4594; x_wconf 88' lang='lat' dir='ltr'><strong>inscriptionem</strong></span> <span class='ocrx_word' id='word_1_372' title='bbox 2046 4569 2063 4595; x_wconf 90' lang='lat'><strong>,</strong></span> 
     </span>
    </p>
   </div>
   <div class='ocr_carea' id='block_1_47' title="bbox 483 4611 2070 4685">
    <p class='ocr_par' dir='ltr' id='par_1_47' title="bbox 483 4611 2070 4685">
     <span class='ocr_line' id='line_1_47' title="bbox 483 4611 2070 4685; baseline 0.003 -16"><span class='ocrx_word' id='word_1_373' title='bbox 483 4617 534 4670; x_wconf 92' lang='lat' dir='ltr'><strong>in</strong></span> <span class='ocrx_word' id='word_1_374' title='bbox 584 4616 682 4671; x_wconf 88' lang='lat' dir='ltr'><strong>hoc</strong></span> <span class='ocrx_word' id='word_1_375' title='bbox 712 4614 1041 4669; x_wconf 87' lang='lat' dir='ltr'><strong>inveniamus</strong></span> <span class='ocrx_word' id='word_1_376' title='bbox 1074 4612 1249 4682; x_wconf 89' lang='lat' dir='ltr'><strong>fugam</strong></span> <span class='ocrx_word' id='word_1_377' title='bbox 1302 4612 1353 4666; x_wconf 89' lang='lat' dir='ltr'><strong>in</strong></span> <span class='ocrx_word' id='word_1_378' title='bbox 1399 4611 1731 4680; x_wconf 84' lang='lat' dir='ltr'><strong>speluncam.</strong></span> <span class='ocrx_word' id='word_1_379' title='bbox 1781 4611 2070 4685; x_wconf 80' lang='lat' dir='ltr'><strong>Figurabat</strong></span> 
     </span>
    </p>
   </div>
   <div class='ocr_carea' id='block_1_48' title="bbox 479 4707 2066 4780">
    <p class='ocr_par' dir='ltr' id='par_1_48' title="bbox 479 4707 2066 4780">
     <span class='ocr_line' id='line_1_48' title="bbox 479 4707 2066 4780; baseline 0.001 -15"><span class='ocrx_word' id='word_1_380' title='bbox 479 4713 622 4766; x_wconf 81' lang='lat' dir='ltr'><strong>enim</strong></span> <span class='ocrx_word' id='word_1_381' title='bbox 643 4708 839 4780; x_wconf 90' lang='lat' dir='ltr'><strong>aliquid</strong></span> <span class='ocrx_word' id='word_1_382' title='bbox 866 4709 952 4763; x_wconf 88' lang='lat' dir='ltr'><strong>illa</strong></span> <span class='ocrx_word' id='word_1_383' title='bbox 979 4707 1252 4777; x_wconf 89' lang='lat' dir='ltr'><strong>spelunca,</strong></span> <span class='ocrx_word' id='word_1_384' title='bbox 1284 4722 1387 4777; x_wconf 89' lang='lat' dir='ltr'><strong>qua</strong></span> <span class='ocrx_word' id='word_1_385' title='bbox 1413 4721 1473 4762; x_wconf 84' lang='lat' dir='ltr'><strong>se</strong></span> <span class='ocrx_word' id='word_1_386' title='bbox 1499 4708 1630 4762; x_wconf 79' lang='lat' dir='ltr'><strong>texit</strong></span> <span class='ocrx_word' id='word_1_387' title='bbox 1672 4707 1857 4764; x_wconf 88' lang='lat' dir='ltr'><strong>David.</strong></span> <span class='ocrx_word' id='word_1_388' title='bbox 1889 4710 2066 4776; x_wconf 88' lang='lat' dir='ltr'><strong>Quare</strong></span> 
     </span>
    </p>
   </div>
   <div class='ocr_carea' id='block_1_49' title="bbox 482 4796 2063 4862">
    <p class='ocr_par' dir='ltr' id='par_1_49' title="bbox 482 4796 2063 4862">
     <span class='ocr_line' id='line_1_49' title="bbox 482 4796 2063 4862; baseline 0.001 -7"><span class='ocrx_word' id='word_1_389' title='bbox 482 4812 662 4856; x_wconf 83' lang='lat' dir='ltr'><strong>autem</strong></span> <span class='ocrx_word' id='word_1_390' title='bbox 688 4815 745 4854; x_wconf 90' lang='lat' dir='ltr'><strong>se</strong></span> <span class='ocrx_word' id='word_1_391' title='bbox 774 4798 946 4854; x_wconf 80' lang='lat' dir='ltr'><strong>texit?</strong></span> <span class='ocrx_word' id='word_1_392' title='bbox 972 4796 1041 4854; x_wconf 89' lang='lat' dir='ltr'><strong>Ut</strong></span> <span class='ocrx_word' id='word_1_393' title='bbox 1064 4798 1442 4862; x_wconf 84' lang='lat' dir='ltr'><strong>occultaretur,</strong></span> <span class='ocrx_word' id='word_1_394' title='bbox 1478 4805 1535 4853; x_wconf 84' lang='lat' dir='ltr'><strong>et</strong></span> <span class='ocrx_word' id='word_1_395' title='bbox 1581 4813 1686 4852; x_wconf 91' lang='lat' dir='ltr'><strong>non</strong></span> <span class='ocrx_word' id='word_1_396' title='bbox 1718 4797 2063 4857; x_wconf 87' lang='lat' dir='ltr'><strong>inveniretur.</strong></span> 
     </span>
    </p>
   </div>
   <div class='ocr_carea' id='block_1_50' title="bbox 482 4887 2064 4960">
    <p class='ocr_par' dir='ltr' id='par_1_50' title="bbox 482 4887 2064 4960">
     <span class='ocr_line' id='line_1_50' title="bbox 482 4887 2064 4960; baseline -0.001 -14"><span class='ocrx_word' id='word_1_397' title='bbox 482 4891 621 4959; x_wconf 81' lang='lat' dir='ltr'><strong>Quid</strong></span> <span class='ocrx_word' id='word_1_398' title='bbox 652 4900 734 4945; x_wconf 91' lang='lat' dir='ltr'><strong>est</strong></span> <span class='ocrx_word' id='word_1_399' title='bbox 757 4890 969 4960; x_wconf 89' lang='lat' dir='ltr'><strong>contegi</strong></span> <span class='ocrx_word' id='word_1_400' title='bbox 1001 4888 1297 4959; x_wconf 77' lang='lat' dir='ltr'><strong>spelunca?</strong></span> <span class='ocrx_word' id='word_1_401' title='bbox 1324 4887 1544 4958; x_wconf 88' lang='lat' dir='ltr'><strong>Contegi</strong></span> <span class='ocrx_word' id='word_1_402' title='bbox 1587 4898 1747 4958; x_wconf 84' lang='lat' dir='ltr'><strong>terra.</strong></span> <span class='ocrx_word' id='word_1_403' title='bbox 1793 4889 1893 4957; x_wconf 85' lang='lat' dir='ltr'><strong>Qui</strong></span> <span class='ocrx_word' id='word_1_404' title='bbox 1923 4891 2064 4946; x_wconf 89' lang='lat' dir='ltr'><strong>enim</strong></span> 
     </span>
    </p>
   </div>
   <div class='ocr_carea' id='block_1_51' title="bbox 482 4980 2065 5052">
    <p class='ocr_par' dir='ltr' id='par_1_51' title="bbox 482 4980 2065 5052">
     <span class='ocr_line' id='line_1_51' title="bbox 482 4980 2065 5052; baseline -0.001 -14"><span class='ocrx_word' id='word_1_405' title='bbox 482 4981 613 5052; x_wconf 70' lang='lat' dir='ltr'><strong>fugit</strong></span> <span class='ocrx_word' id='word_1_406' title='bbox 667 4981 719 5037; x_wconf 93' lang='lat' dir='ltr'><strong>iu</strong></span> <span class='ocrx_word' id='word_1_407' title='bbox 771 4980 1102 5049; x_wconf 86' lang='lat' dir='ltr'><strong>speluncam,</strong></span> <span class='ocrx_word' id='word_1_408' title='bbox 1143 4990 1284 5034; x_wconf 84' lang='lat' dir='ltr'><strong>terra</strong></span> <span class='ocrx_word' id='word_1_409' title='bbox 1334 4981 1652 5048; x_wconf 82' lang='lat' dir='ltr'><strong>contegitur,</strong></span> <span class='ocrx_word' id='word_1_410' title='bbox 1688 4995 1760 5041; x_wconf 76' lang='lat' dir='ltr'><strong>ne,</strong></span> <span class='ocrx_word' id='word_1_411' title='bbox 1804 4980 2065 5038; x_wconf 88' lang='lat' dir='ltr'><strong>videatur.</strong></span> 
     </span>
    </p>
   </div>
   <div class='ocr_carea' id='block_1_52' title="bbox 483 5067 2068 5142">
    <p class='ocr_par' dir='ltr' id='par_1_52' title="bbox 483 5067 2068 5142">
     <span class='ocr_line' id='line_1_52' title="bbox 483 5067 2068 5142; baseline 0.001 -13"><span class='ocrx_word' id='word_1_412' title='bbox 483 5075 732 5129; x_wconf 73' lang='lat' dir='ltr'><strong>Portabat</strong></span> <span class='ocrx_word' id='word_1_413' title='bbox 755 5067 930 5127; x_wconf 88' lang='lat' dir='ltr'><strong>autem</strong></span> <span class='ocrx_word' id='word_1_414' title='bbox 953 5081 1144 5126; x_wconf 81' lang='lat' dir='ltr'><strong>terram</strong></span> <span class='ocrx_word' id='word_1_415' title='bbox 1170 5070 1346 5132; x_wconf 80' lang='lat' dir='ltr'><strong>Jesus,</strong></span> <span class='ocrx_word' id='word_1_416' title='bbox 1375 5085 1591 5126; x_wconf 85' lang='lat' dir='ltr'><strong>carnem</strong></span> <span class='ocrx_word' id='word_1_417' title='bbox 1612 5087 1770 5140; x_wconf 88' lang='lat' dir='ltr'><strong>quam</strong></span> <span class='ocrx_word' id='word_1_418' title='bbox 1788 5083 2068 5142; x_wconf 88' lang='lat' dir='ltr'><strong>acceperat</strong></span> 
     </span>
    </p>
   </div>
   <div class='ocr_carea' id='block_1_53' title="bbox 481 5162 2064 5230">
    <p class='ocr_par' dir='ltr' id='par_1_53' title="bbox 481 5162 2064 5230">
     <span class='ocr_line' id='line_1_53' title="bbox 481 5162 2064 5230; baseline -0.004 -5"><span class='ocrx_word' id='word_1_419' title='bbox 481 5170 547 5225; x_wconf 84' lang='lat' dir='ltr'><strong>de</strong></span> <span class='ocrx_word' id='word_1_420' title='bbox 580 5178 756 5230; x_wconf 87' lang='lat' dir='ltr'><strong>terra;</strong></span> <span class='ocrx_word' id='word_1_421' title='bbox 788 5165 917 5220; x_wconf 90' lang='lat' dir='ltr'><strong>etin</strong></span> <span class='ocrx_word' id='word_1_422' title='bbox 945 5179 1007 5217; x_wconf 88' lang='lat' dir='ltr'><strong>ea</strong></span> <span class='ocrx_word' id='word_1_423' title='bbox 1032 5178 1092 5218; x_wconf 85' lang='lat' dir='ltr'><strong>se</strong></span> <span class='ocrx_word' id='word_1_424' title='bbox 1118 5162 1436 5227; x_wconf 87' lang='lat' dir='ltr'><strong>occultabat,</strong></span> <span class='ocrx_word' id='word_1_425' title='bbox 1478 5177 1548 5217; x_wconf 90' lang='lat' dir='ltr'><strong>ne</strong></span> <span class='ocrx_word' id='word_1_426' title='bbox 1570 5177 1598 5215; x_wconf 90' lang='lat' dir='ltr'><strong>a</strong></span> <span class='ocrx_word' id='word_1_427' title='bbox 1625 5162 1827 5218; x_wconf 63' lang='lat' dir='ltr'><strong>Judaeis</strong></span> <span class='ocrx_word' id='word_1_428' title='bbox 1856 5165 2064 5219; x_wconf 87' lang='lat' dir='ltr'><strong>inveni-</strong></span> 
     </span>
    </p>
   </div>
   <div class='ocr_carea' id='block_1_54' title="bbox 480 5254 2062 5326">
    <p class='ocr_par' dir='ltr' id='par_1_54' title="bbox 480 5254 2062 5326">
     <span class='ocr_line' id='line_1_54' title="bbox 480 5254 2062 5326; baseline -0.001 -12"><span class='ocrx_word' id='word_1_429' title='bbox 480 5271 626 5319; x_wconf 88' lang='lat' dir='ltr'><strong>retur</strong></span> <span class='ocrx_word' id='word_1_430' title='bbox 652 5259 811 5313; x_wconf 89' lang='lat' dir='ltr'><strong>Deus.</strong></span> <span class='ocrx_word' id='word_1_431' title='bbox 838 5255 894 5312; x_wconf 88' lang='lat' dir='ltr'><strong>Si</strong></span> <span class='ocrx_word' id='word_1_432' title='bbox 921 5257 1063 5312; x_wconf 88' lang='lat' dir='ltr'><strong>enim</strong></span> <span class='ocrx_word' id='word_1_433' title='bbox 1084 5254 1477 5325; x_wconf 90' lang='lat' dir='ltr'><strong>cognovissent,</strong></span> <span class='ocrx_word' id='word_1_434' title='bbox 1495 5270 1764 5326; x_wconf 88' lang='lat' dir='ltr'><strong>nunquam</strong></span> <span class='ocrx_word' id='word_1_435' title='bbox 1781 5256 2062 5312; x_wconf 90' lang='lat' dir='ltr'><strong>Dominum</strong></span> 
     </span>
    </p>
   </div>
   <div class='ocr_carea' id='block_1_55' title="bbox 480 5344 2064 5420">
    <p class='ocr_par' dir='ltr' id='par_1_55' title="bbox 480 5344 2064 5420">
     <span class='ocr_line' id='line_1_55' title="bbox 480 5344 2064 5420; baseline -0.003 -16"><span class='ocrx_word' id='word_1_436' title='bbox 480 5353 661 5420; x_wconf 74' lang='lat' dir='ltr'><strong>gloria:</strong></span> <span class='ocrx_word' id='word_1_437' title='bbox 685 5347 1075 5403; x_wconf 84' lang='lat' dir='ltr'><strong>eruciﬁxissent</strong></span> <span class='ocrx_word' id='word_1_438' title='bbox 1110 5344 1153 5420; x_wconf 91' lang='grc'><strong>(1</strong></span> <span class='ocrx_word' id='word_1_439' title='bbox 1182 5344 1297 5401; x_wconf 90' lang='lat' dir='ltr'><strong>Cor.</strong></span> <span class='ocrx_word' id='word_1_440' title='bbox 1325 5362 1382 5412; x_wconf 90' lang='grc' dir='ltr'><strong>ιι,</strong></span> <span class='ocrx_word' id='word_1_441' title='bbox 1413 5345 1491 5415; x_wconf 88' lang='lat'><strong>8).</strong></span> <span class='ocrx_word' id='word_1_442' title='bbox 1519 5346 1697 5413; x_wconf 87' lang='lat' dir='ltr'><strong>Quare</strong></span> <span class='ocrx_word' id='word_1_443' title='bbox 1725 5361 1853 5416; x_wconf 83' lang='lat' dir='ltr'><strong>ergo</strong></span> <span class='ocrx_word' id='word_1_444' title='bbox 1880 5347 2064 5401; x_wconf 91' lang='lat' dir='ltr'><strong>Domi-</strong></span> 
     </span>
    </p>
   </div>
   <div class='ocr_carea' id='block_1_56' title="bbox 478 5437 2063 5512">
    <p class='ocr_par' dir='ltr' id='par_1_56' title="bbox 478 5437 2063 5512">
     <span class='ocr_line' id='line_1_56' title="bbox 478 5437 2063 5512; baseline -0.003 -14"><span class='ocrx_word' id='word_1_445' title='bbox 478 5460 604 5498; x_wconf 85' lang='lat' dir='ltr'><strong>nmu</strong></span> <span class='ocrx_word' id='word_1_446' title='bbox 620 5441 807 5512; x_wconf 79' lang='lat' dir='ltr'><strong>gloria:</strong></span> <span class='ocrx_word' id='word_1_447' title='bbox 831 5455 939 5495; x_wconf 88' lang='lat' dir='ltr'><strong>non</strong></span> <span class='ocrx_word' id='word_1_448' title='bbox 965 5437 1319 5493; x_wconf 75' lang='lat' dir='ltr'><strong>invenerunt?</strong></span> <span class='ocrx_word' id='word_1_449' title='bbox 1336 5438 1469 5505; x_wconf 86' lang='lat' dir='ltr'><strong>Quia</strong></span> <span class='ocrx_word' id='word_1_450' title='bbox 1489 5439 1737 5509; x_wconf 88' lang='lat' dir='ltr'><strong>spelunca</strong></span> <span class='ocrx_word' id='word_1_451' title='bbox 1758 5454 1818 5496; x_wconf 88' lang='lat' dir='ltr'><strong>se</strong></span> <span class='ocrx_word' id='word_1_452' title='bbox 1840 5449 2063 5507; x_wconf 88' lang='lat' dir='ltr'><strong>texerat,</strong></span> 
     </span>
    </p>
   </div>
   <div class='ocr_carea' id='block_1_57' title="bbox 479 5529 2064 5601">
    <p class='ocr_par' dir='ltr' id='par_1_57' title="bbox 479 5529 2064 5601">
     <span class='ocr_line' id='line_1_57' title="bbox 479 5529 2064 5601; baseline 0 -15"><span class='ocrx_word' id='word_1_453' title='bbox 479 5535 528 5586; x_wconf 90' lang='lat' dir='ltr'><strong>id</strong></span> <span class='ocrx_word' id='word_1_454' title='bbox 548 5541 647 5594; x_wconf 82' lang='lat' dir='ltr'><strong>est,</strong></span> <span class='ocrx_word' id='word_1_455' title='bbox 661 5531 839 5587; x_wconf 89' lang='lat' dir='ltr'><strong>carnis</strong></span> <span class='ocrx_word' id='word_1_456' title='bbox 852 5529 1215 5586; x_wconf 83' lang='lat' dir='ltr'><strong>infirmitatem</strong></span> <span class='ocrx_word' id='word_1_457' title='bbox 1229 5531 1713 5599; x_wconf 84' lang='lat' dir='ltr'><strong>oculisobjiciebat,</strong></span> <span class='ocrx_word' id='word_1_458' title='bbox 1733 5532 2064 5601; x_wconf 87' lang='lat' dir='ltr'><strong>majestatem</strong></span> 
     </span>
    </p>
   </div>
   <div class='ocr_carea' id='block_1_58' title="bbox 479 5616 2064 5692">
    <p class='ocr_par' dir='ltr' id='par_1_58' title="bbox 479 5616 2064 5692">
     <span class='ocr_line' id='line_1_58' title="bbox 479 5616 2064 5692; baseline 0 -15"><span class='ocrx_word' id='word_1_459' title='bbox 479 5635 655 5677; x_wconf 87' lang='lat' dir='ltr'><strong>autem</strong></span> <span class='ocrx_word' id='word_1_460' title='bbox 678 5616 971 5676; x_wconf 80' lang='lat' dir='ltr'><strong>divinitatis</strong></span> <span class='ocrx_word' id='word_1_461' title='bbox 998 5620 1054 5675; x_wconf 92' lang='lat' dir='ltr'><strong>in</strong></span> <span class='ocrx_word' id='word_1_462' title='bbox 1080 5621 1323 5692; x_wconf 86' lang='lat' dir='ltr'><strong>corporis</strong></span> <span class='ocrx_word' id='word_1_463' title='bbox 1350 5623 1604 5692; x_wconf 85' lang='lat' dir='ltr'><strong>tegmine,</strong></span> <span class='ocrx_word' id='word_1_464' title='bbox 1637 5630 1884 5692; x_wconf 88' lang='lat' dir='ltr'><strong>tanquam</strong></span> <span class='ocrx_word' id='word_1_465' title='bbox 1907 5632 2064 5678; x_wconf 73' lang='lat' dir='ltr'><strong>terra:</strong></span> 
     </span>
    </p>
   </div>
   <div class='ocr_carea' id='block_1_59' title="bbox 476 5709 2060 5784">
    <p class='ocr_par' dir='ltr' id='par_1_59' title="bbox 476 5709 2060 5784">
     <span class='ocr_line' id='line_1_59' title="bbox 476 5709 2060 5784; baseline -0.002 -13"><span class='ocrx_word' id='word_1_466' title='bbox 476 5714 660 5771; x_wconf 72' lang='lat' dir='ltr'><strong>abdito</strong></span> <span class='ocrx_word' id='word_1_467' title='bbox 681 5709 1012 5784; x_wconf 80' lang='lat' dir='ltr'><strong>contegebat.</strong></span> <span class='ocrx_word' id='word_1_468' title='bbox 1043 5711 1122 5767; x_wconf 92' lang='lat' dir='ltr'><strong>llli</strong></span> <span class='ocrx_word' id='word_1_469' title='bbox 1149 5728 1277 5784; x_wconf 88' lang='lat' dir='ltr'><strong>ergo</strong></span> <span class='ocrx_word' id='word_1_470' title='bbox 1306 5729 1411 5768; x_wconf 90' lang='lat' dir='ltr'><strong>non</strong></span> <span class='ocrx_word' id='word_1_471' title='bbox 1445 5721 1833 5782; x_wconf 78' lang='lat' dir='ltr'><strong>cognoscentes</strong></span> <span class='ocrx_word' id='word_1_472' title='bbox 1861 5712 2060 5777; x_wconf 84' lang='lat' dir='ltr'><strong>Deum.</strong></span> 
     </span>
    </p>
   </div>
   <div class='ocr_carea' id='block_1_60' title="bbox 479 5803 2063 5875">
    <p class='ocr_par' dir='ltr' id='par_1_60' title="bbox 479 5803 2063 5875">
     <span class='ocr_line' id='line_1_60' title="bbox 479 5803 2063 5875; baseline 0.001 -19"><span class='ocrx_word' id='word_1_473' title='bbox 479 5803 857 5862; x_wconf 74' lang='lat' dir='ltr'><strong>cruciﬁxerrttt</strong></span> <span class='ocrx_word' id='word_1_474' title='bbox 886 5803 1174 5859; x_wconf 85' lang='lat' dir='ltr'><strong>hominem.</strong></span> <span class='ocrx_word' id='word_1_475' title='bbox 1211 5804 1318 5860; x_wconf 76' lang='lat' dir='ltr'><strong>Nec</strong></span> <span class='ocrx_word' id='word_1_476' title='bbox 1345 5805 1479 5860; x_wconf 87' lang='lat' dir='ltr'><strong>tnori</strong></span> <span class='ocrx_word' id='word_1_477' title='bbox 1528 5803 1700 5875; x_wconf 75' lang='lat' dir='ltr'><strong>patuit</strong></span> <span class='ocrx_word' id='word_1_478' title='bbox 1732 5805 1832 5859; x_wconf 90' lang='lat' dir='ltr'><strong>nisi</strong></span> <span class='ocrx_word' id='word_1_479' title='bbox 1870 5804 1922 5859; x_wconf 92' lang='lat' dir='ltr'><strong>in</strong></span> <span class='ocrx_word' id='word_1_480' title='bbox 1965 5807 2063 5858; x_wconf 82' lang='lat' dir='ltr'><strong>ho-</strong></span> 
     </span>
    </p>
   </div>
   <div class='ocr_carea' id='block_1_61' title="bbox 1699 367 2494 429">
    <p class='ocr_par' dir='ltr' id='par_1_61' title="bbox 1699 367 2494 429">
     <span class='ocr_line' id='line_1_61' title="bbox 1699 367 2494 429; baseline 0.001 -3"><span class='ocrx_word' id='word_1_481' title='bbox 1699 371 1756 426; x_wconf 87' lang='lat' dir='ltr'><strong>S.</strong></span> <span class='ocrx_word' id='word_1_482' title='bbox 1788 367 2151 426; x_wconf 69' lang='lat' dir='ltr'><strong>AUGUSTINI</strong></span> <span class='ocrx_word' id='word_1_483' title='bbox 2192 368 2494 429; x_wconf 76' lang='lat' dir='ltr'><strong>EPISCOPI</strong></span> 
     </span>
    </p>
   </div>
   <div class='ocr_carea' id='block_1_62' title="bbox 3674 379 3775 439">
    <p class='ocr_par' dir='ltr' id='par_1_62' title="bbox 3674 379 3775 439">
     <span class='ocr_line' id='line_1_62' title="bbox 3674 379 3775 439; baseline 0 0"><span class='ocrx_word' id='word_1_484' title='bbox 3674 379 3775 439; x_wconf 68' lang='grc' dir='ltr'><strong>σει</strong></span> 
     </span>
    </p>
   </div>
   <div class='ocr_carea' id='block_1_63' title="bbox 2191 504 3776 603">
    <p class='ocr_par' dir='ltr' id='par_1_63' title="bbox 2191 504 3776 603">
     <span class='ocr_line' id='line_1_63' title="bbox 2191 504 3776 603; baseline 0.023 -48"><span class='ocrx_word' id='word_1_485' title='bbox 2191 504 2354 571; x_wconf 87' lang='lat' dir='ltr'><strong>mine,</strong></span> <span class='ocrx_word' id='word_1_486' title='bbox 2386 523 2486 564; x_wconf 89' lang='lat' dir='ltr'><strong>nec</strong></span> <span class='ocrx_word' id='word_1_487' title='bbox 2531 513 2766 585; x_wconf 87' lang='lat' dir='ltr'><strong>cruciligi</strong></span> <span class='ocrx_word' id='word_1_488' title='bbox 2792 518 2963 587; x_wconf 89' lang='lat' dir='ltr'><strong>potuit</strong></span> <span class='ocrx_word' id='word_1_489' title='bbox 3003 519 3104 576; x_wconf 88' lang='lat' dir='ltr'><strong>nisi</strong></span> <span class='ocrx_word' id='word_1_490' title='bbox 3142 522 3194 578; x_wconf 91' lang='lat' dir='ltr'><strong>in</strong></span> <span class='ocrx_word' id='word_1_491' title='bbox 3243 523 3495 595; x_wconf 85' lang='lat' dir='ltr'><strong>homine;</strong></span> <span class='ocrx_word' id='word_1_492' title='bbox 3527 532 3654 603; x_wconf 82' lang='lat' dir='ltr'><strong>quia</strong></span> <span class='ocrx_word' id='word_1_493' title='bbox 3681 547 3776 590; x_wconf 78' lang='lat' dir='ltr'><strong>nec</strong></span> 
     </span>
    </p>
   </div>
   <div class='ocr_carea' id='block_1_64' title="bbox 2189 601 3775 696">
    <p class='ocr_par' dir='ltr' id='par_1_64' title="bbox 2189 601 3775 696">
     <span class='ocr_line' id='line_1_64' title="bbox 2189 601 3775 696; baseline 0.023 -47"><span class='ocrx_word' id='word_1_494' title='bbox 2189 601 2359 696; x_wconf 70' lang='lat' dir='ltr'><strong>teneri</strong></span> <span class='ocrx_word' id='word_1_495' title='bbox 2389 615 2569 670; x_wconf 85' lang='lat' dir='ltr'><strong>posset</strong></span> <span class='ocrx_word' id='word_1_496' title='bbox 2597 605 2697 661; x_wconf 87' lang='lat' dir='ltr'><strong>nisi</strong></span> <span class='ocrx_word' id='word_1_497' title='bbox 2724 609 2775 664; x_wconf 88' lang='lat' dir='ltr'><strong>in</strong></span> <span class='ocrx_word' id='word_1_498' title='bbox 2804 609 3037 669; x_wconf 88' lang='lat' dir='ltr'><strong>homine.</strong></span> <span class='ocrx_word' id='word_1_499' title='bbox 3068 614 3326 686; x_wconf 82' lang='lat' dir='ltr'><strong>Opposuit</strong></span> <span class='ocrx_word' id='word_1_500' title='bbox 3361 623 3504 679; x_wconf 85' lang='lat' dir='ltr'><strong>male</strong></span> <span class='ocrx_word' id='word_1_501' title='bbox 3526 601 3775 696; x_wconf 62' lang='lat' dir='ltr'><strong>quaren-</strong></span> 
     </span>
    </p>
   </div>
   <div class='ocr_carea' id='block_1_65' title="bbox 2190 689 3777 790">
    <p class='ocr_par' dir='ltr' id='par_1_65' title="bbox 2190 689 3777 790">
     <span class='ocr_line' id='line_1_65' title="bbox 2190 689 3777 790; baseline 0.02 -48"><span class='ocrx_word' id='word_1_502' title='bbox 2190 689 2331 746; x_wconf 90' lang='lat' dir='ltr'><strong>tibus</strong></span> <span class='ocrx_word' id='word_1_503' title='bbox 2362 702 2578 790; x_wconf 79' lang='lat' dir='ltr'><strong>terram,</strong></span> <span class='ocrx_word' id='word_1_504' title='bbox 2609 701 2839 757; x_wconf 85' lang='lat' dir='ltr'><strong>servavit</strong></span> <span class='ocrx_word' id='word_1_505' title='bbox 2863 703 2998 758; x_wconf 90' lang='lat' dir='ltr'><strong>bene</strong></span> <span class='ocrx_word' id='word_1_506' title='bbox 3023 710 3386 775; x_wconf 73' lang='lat' dir='ltr'><strong>qua-rentibus</strong></span> <span class='ocrx_word' id='word_1_507' title='bbox 3405 689 3591 768; x_wconf 82' lang='lat' dir='ltr'><strong>vitam.</strong></span> <span class='ocrx_word' id='word_1_508' title='bbox 3620 714 3777 790; x_wconf 75' lang='lat' dir='ltr'><strong>Fugit</strong></span> 
     </span>
    </p>
   </div>
   <div class='ocr_carea' id='block_1_66' title="bbox 2185 785 3772 866">
    <p class='ocr_par' dir='ltr' id='par_1_66' title="bbox 2185 785 3772 866">
     <span class='ocr_line' id='line_1_66' title="bbox 2185 785 3772 866; baseline 0.02 -34"><span class='ocrx_word' id='word_1_509' title='bbox 2185 794 2315 850; x_wconf 89' lang='lat' dir='ltr'><strong>ergo</strong></span> <span class='ocrx_word' id='word_1_510' title='bbox 2338 785 2629 841; x_wconf 88' lang='lat' dir='ltr'><strong>secundum</strong></span> <span class='ocrx_word' id='word_1_511' title='bbox 2658 803 2874 846; x_wconf 84' lang='lat' dir='ltr'><strong>carnem</strong></span> <span class='ocrx_word' id='word_1_512' title='bbox 2914 792 2966 848; x_wconf 90' lang='lat' dir='ltr'><strong>in</strong></span> <span class='ocrx_word' id='word_1_513' title='bbox 3012 797 3319 866; x_wconf 84' lang='lat' dir='ltr'><strong>speluncam</strong></span> <span class='ocrx_word' id='word_1_514' title='bbox 3362 816 3392 856; x_wconf 85' lang='lat' dir='ltr'><strong>a</strong></span> <span class='ocrx_word' id='word_1_515' title='bbox 3441 801 3580 861; x_wconf 89' lang='lat' dir='ltr'><strong>facie</strong></span> <span class='ocrx_word' id='word_1_516' title='bbox 3625 785 3772 864; x_wconf 62' lang='lat' dir='ltr'><strong>Sani.</strong></span> 
     </span>
    </p>
   </div>
   <div class='ocr_carea' id='block_1_67' title="bbox 2185 868 3774 968">
    <p class='ocr_par' dir='ltr' id='par_1_67' title="bbox 2185 868 3774 968">
     <span class='ocr_line' id='line_1_67' title="bbox 2185 868 3774 968; baseline 0.02 -47"><span class='ocrx_word' id='word_1_517' title='bbox 2185 868 2337 968; x_wconf 81' lang='lat' dir='ltr'><strong>Quod</strong></span> <span class='ocrx_word' id='word_1_518' title='bbox 2363 872 2408 927; x_wconf 89' lang='lat' dir='ltr'><strong>si</strong></span> <span class='ocrx_word' id='word_1_519' title='bbox 2433 885 2486 929; x_wconf 87' lang='lat' dir='ltr'><strong>et</strong></span> <span class='ocrx_word' id='word_1_520' title='bbox 2511 875 2613 968; x_wconf 80' lang='lat' dir='ltr'><strong>hoc</strong></span> <span class='ocrx_word' id='word_1_521' title='bbox 2637 879 2770 936; x_wconf 83' lang='lat' dir='ltr'><strong>velis</strong></span> <span class='ocrx_word' id='word_1_522' title='bbox 2795 882 3061 954; x_wconf 85' lang='lat' dir='ltr'><strong>accipere,</strong></span> <span class='ocrx_word' id='word_1_523' title='bbox 3095 887 3163 942; x_wconf 85' lang='lat' dir='ltr'><strong>ita</strong></span> <span class='ocrx_word' id='word_1_524' title='bbox 3197 889 3478 948; x_wconf 89' lang='lat' dir='ltr'><strong>Dominum</strong></span> <span class='ocrx_word' id='word_1_525' title='bbox 3505 893 3774 968; x_wconf 79' lang='lat' dir='ltr'><strong>fugissent</strong></span> 
     </span>
    </p>
   </div>
   <div class='ocr_carea' id='block_1_68' title="bbox 2185 960 3774 1055">
    <p class='ocr_par' dir='ltr' id='par_1_68' title="bbox 2185 960 3774 1055">
     <span class='ocr_line' id='line_1_68' title="bbox 2185 960 3774 1055; baseline 0.02 -44"><span class='ocrx_word' id='word_1_526' title='bbox 2185 960 2494 1029; x_wconf 85' lang='lat' dir='ltr'><strong>speluncam</strong></span> <span class='ocrx_word' id='word_1_527' title='bbox 2525 981 2554 1020; x_wconf 71' lang='grc' dir='ltr'>ι</span> <span class='ocrx_word' id='word_1_528' title='bbox 2581 965 2718 1024; x_wconf 87' lang='lat' dir='ltr'><strong>facie</strong></span> <span class='ocrx_word' id='word_1_529' title='bbox 2744 969 2895 1036; x_wconf 82' lang='lat' dir='ltr'><strong>Saiil,</strong></span> <span class='ocrx_word' id='word_1_530' title='bbox 2924 974 3045 1043; x_wconf 86' lang='lat' dir='ltr'><strong>quia</strong></span> <span class='ocrx_word' id='word_1_531' title='bbox 3087 991 3275 1046; x_wconf 84' lang='lat' dir='ltr'><strong>passus</strong></span> <span class='ocrx_word' id='word_1_532' title='bbox 3298 992 3410 1048; x_wconf 88' lang='lat' dir='ltr'><strong>est;</strong></span> <span class='ocrx_word' id='word_1_533' title='bbox 3442 960 3614 1055; x_wconf 59' lang='lat' dir='ltr'><strong>usque</strong></span> <span class='ocrx_word' id='word_1_534' title='bbox 3639 988 3774 1043; x_wconf 87' lang='lat' dir='ltr'><strong>adeo</strong></span> 
     </span>
    </p>
   </div>
   <div class='ocr_carea' id='block_1_69' title="bbox 2184 1055 3774 1143">
    <p class='ocr_par' dir='ltr' id='par_1_69' title="bbox 2184 1055 3774 1143">
     <span class='ocr_line' id='line_1_69' title="bbox 2184 1055 3774 1143; baseline 0.018 -37"><span class='ocrx_word' id='word_1_535' title='bbox 2184 1055 2556 1143; x_wconf 12' lang='lat' dir='ltr'><strong>seioccultavit</strong></span> <span class='ocrx_word' id='word_1_536' title='bbox 2579 1057 2807 1129; x_wconf 64' lang='lat' dir='ltr'><strong>Iudaeis,</strong></span> <span class='ocrx_word' id='word_1_537' title='bbox 2841 1073 2897 1119; x_wconf 91' lang='lat' dir='ltr'><strong>ut</strong></span> <span class='ocrx_word' id='word_1_538' title='bbox 2931 1075 2984 1121; x_wconf 91' lang='lat' dir='ltr'><strong>et</strong></span> <span class='ocrx_word' id='word_1_539' title='bbox 3009 1082 3330 1128; x_wconf 86' lang='lat' dir='ltr'><strong>moreretur.</strong></span> <span class='ocrx_word' id='word_1_540' title='bbox 3370 1074 3774 1143; x_wconf 86' lang='lat' dir='ltr'><strong>Quantumlibet</strong></span> 
     </span>
    </p>
   </div>
   <div class='ocr_carea' id='block_1_70' title="bbox 2183 1142 3775 1229">
    <p class='ocr_par' dir='ltr' id='par_1_70' title="bbox 2183 1142 3775 1229">
     <span class='ocr_line' id='line_1_70' title="bbox 2183 1142 3775 1229; baseline 0.021 -33"><span class='ocrx_word' id='word_1_541' title='bbox 2183 1142 2326 1198; x_wconf 89' lang='lat' dir='ltr'><strong>enim</strong></span> <span class='ocrx_word' id='word_1_542' title='bbox 2355 1149 2604 1203; x_wconf 68' lang='lat' dir='ltr'><strong>saevirent</strong></span> <span class='ocrx_word' id='word_1_543' title='bbox 2625 1151 2676 1205; x_wconf 90' lang='lat' dir='ltr'><strong>iu</strong></span> <span class='ocrx_word' id='word_1_544' title='bbox 2696 1168 2818 1208; x_wconf 89' lang='lat' dir='ltr'><strong>eum</strong></span> <span class='ocrx_word' id='word_1_545' title='bbox 2837 1153 3030 1223; x_wconf 72' lang='lat' dir='ltr'><strong>Judzei,</strong></span> <span class='ocrx_word' id='word_1_546' title='bbox 3058 1159 3230 1217; x_wconf 89' lang='lat' dir='ltr'><strong>donec</strong></span> <span class='ocrx_word' id='word_1_547' title='bbox 3254 1142 3575 1228; x_wconf 82' lang='lat' dir='ltr'><strong>moreretur.</strong></span> <span class='ocrx_word' id='word_1_548' title='bbox 3598 1171 3775 1229; x_wconf 88' lang='lat' dir='ltr'><strong>adhuc</strong></span> 
     </span>
    </p>
   </div>
   <div class='ocr_carea' id='block_1_71' title="bbox 2185 1234 3772 1329">
    <p class='ocr_par' dir='ltr' id='par_1_71' title="bbox 2185 1234 3772 1329">
     <span class='ocr_line' id='line_1_71' title="bbox 2185 1234 3772 1329; baseline 0.02 -44"><span class='ocrx_word' id='word_1_549' title='bbox 2185 1234 2442 1329; x_wconf 74' lang='lat' dir='ltr'><strong>putabant</strong></span> <span class='ocrx_word' id='word_1_550' title='bbox 2471 1254 2594 1293; x_wconf 88' lang='lat' dir='ltr'><strong>eum</strong></span> <span class='ocrx_word' id='word_1_551' title='bbox 2628 1237 2786 1312; x_wconf 86' lang='lat' dir='ltr'><strong>posse</strong></span> <span class='ocrx_word' id='word_1_552' title='bbox 2811 1245 3050 1314; x_wconf 84' lang='lat' dir='ltr'><strong>liberari,</strong></span> <span class='ocrx_word' id='word_1_553' title='bbox 3077 1260 3129 1304; x_wconf 89' lang='lat' dir='ltr'><strong>et</strong></span> <span class='ocrx_word' id='word_1_554' title='bbox 3153 1255 3440 1313; x_wconf 88' lang='lat' dir='ltr'><strong>ostendere</strong></span> <span class='ocrx_word' id='word_1_555' title='bbox 3464 1261 3646 1329; x_wconf 83' lang='lat' dir='ltr'><strong>aliquo</strong></span> <span class='ocrx_word' id='word_1_556' title='bbox 3669 1265 3772 1317; x_wconf 88' lang='lat' dir='ltr'><strong>mi-</strong></span> 
     </span>
    </p>
   </div>
   <div class='ocr_carea' id='block_1_72' title="bbox 2183 1326 3771 1414">
    <p class='ocr_par' dir='ltr' id='par_1_72' title="bbox 2183 1326 3771 1414">
     <span class='ocr_line' id='line_1_72' title="bbox 2183 1326 3771 1414; baseline 0.022 -38"><span class='ocrx_word' id='word_1_557' title='bbox 2183 1326 2368 1379; x_wconf 86' lang='lat' dir='ltr'><strong>raculo</strong></span> <span class='ocrx_word' id='word_1_558' title='bbox 2392 1330 2534 1397; x_wconf 91' lang='lat' dir='ltr'><strong>quod</strong></span> <span class='ocrx_word' id='word_1_559' title='bbox 2562 1330 2728 1389; x_wconf 87' lang='lat' dir='ltr'><strong>Filius</strong></span> <span class='ocrx_word' id='word_1_560' title='bbox 2761 1334 2852 1391; x_wconf 86' lang='lat' dir='ltr'><strong>Dei</strong></span> <span class='ocrx_word' id='word_1_561' title='bbox 2880 1349 3042 1393; x_wconf 88' lang='lat' dir='ltr'><strong>esset.</strong></span> <span class='ocrx_word' id='word_1_562' title='bbox 3075 1341 3187 1399; x_wconf 87' lang='lat' dir='ltr'><strong>Hoc</strong></span> <span class='ocrx_word' id='word_1_563' title='bbox 3217 1349 3526 1414; x_wconf 64' lang='lat' dir='ltr'><strong>pra-dictum</strong></span> <span class='ocrx_word' id='word_1_564' title='bbox 3559 1326 3682 1408; x_wconf 85' lang='lat' dir='ltr'><strong>erat</strong></span> <span class='ocrx_word' id='word_1_565' title='bbox 3720 1357 3771 1411; x_wconf 88' lang='lat' dir='ltr'><strong>in</strong></span> 
     </span>
    </p>
   </div>
   <div class='ocr_carea' id='block_1_73' title="bbox 2184 1416 3774 1514">
    <p class='ocr_par' dir='ltr' id='par_1_73' title="bbox 2184 1416 3774 1514">
     <span class='ocr_line' id='line_1_73' title="bbox 2184 1416 3774 1514; baseline 0.021 -46"><span class='ocrx_word' id='word_1_566' title='bbox 2184 1416 2320 1514; x_wconf 78' lang='lat' dir='ltr'><strong>libro</strong></span> <span class='ocrx_word' id='word_1_567' title='bbox 2334 1419 2620 1491; x_wconf 67' lang='lat' dir='ltr'><strong>Sapientiae</strong></span> <span class='ocrx_word' id='word_1_568' title='bbox 2643 1442 2658 1478; x_wconf 89' lang='lat'><strong>:</strong></span> <span class='ocrx_word' id='word_1_569' title='bbox 2691 1425 2856 1482; x_wconf 75' lang='lat' dir='ltr'><strong>Morte</strong></span> <span class='ocrx_word' id='word_1_570' title='bbox 2880 1434 3169 1503; x_wconf 83' lang='lat' dir='ltr'><strong>turpissima</strong></span> <span class='ocrx_word' id='word_1_571' title='bbox 3192 1440 3579 1499; x_wconf 71' lang='lat' dir='ltr'><strong>condemnemus</strong></span> <span class='ocrx_word' id='word_1_572' title='bbox 3599 1447 3774 1514; x_wconf 77' lang='lat' dir='ltr'><strong>illum;</strong></span> 
     </span>
    </p>
   </div>
   <div class='ocr_carea' id='block_1_74' title="bbox 2183 1511 3775 1595">
    <p class='ocr_par' dir='ltr' id='par_1_74' title="bbox 2183 1511 3775 1595">
     <span class='ocr_line' id='line_1_74' title="bbox 2183 1511 3775 1595; baseline 0.021 -32"><span class='ocrx_word' id='word_1_573' title='bbox 2183 1511 2277 1564; x_wconf 87' lang='lat' dir='ltr'><strong>erit</strong></span> <span class='ocrx_word' id='word_1_574' title='bbox 2315 1514 2447 1568; x_wconf 65' lang='lat' dir='ltr'><strong>enim</strong></span> <span class='ocrx_word' id='word_1_575' title='bbox 2495 1528 2748 1587; x_wconf 84' lang='lat' dir='ltr'><strong>respectus</strong></span> <span class='ocrx_word' id='word_1_576' title='bbox 2771 1521 2853 1576; x_wconf 85' lang='lat' dir='ltr'><strong>illi</strong></span> <span class='ocrx_word' id='word_1_577' title='bbox 2885 1540 2949 1578; x_wconf 76' lang='lat' dir='ltr'><strong>ea:</strong></span> <span class='ocrx_word' id='word_1_578' title='bbox 2986 1529 3298 1585; x_wconf 75' lang='lat' dir='ltr'><strong>sermonibus</strong></span> <span class='ocrx_word' id='word_1_579' title='bbox 3339 1533 3502 1590; x_wconf 78' lang='lat' dir='ltr'><strong>illius.</strong></span> <span class='ocrx_word' id='word_1_580' title='bbox 3548 1539 3612 1592; x_wconf 89' lang='lat' dir='ltr'><strong>Si</strong></span> <span class='ocrx_word' id='word_1_581' title='bbox 3636 1511 3775 1595; x_wconf 70' lang='lat' dir='ltr'><strong>enini</strong></span> 
     </span>
    </p>
   </div>
   <div class='ocr_carea' id='block_1_75' title="bbox 2182 1605 3776 1690">
    <p class='ocr_par' dir='ltr' id='par_1_75' title="bbox 2182 1605 3776 1690">
     <span class='ocr_line' id='line_1_75' title="bbox 2182 1605 3776 1690; baseline 0.022 -36"><span class='ocrx_word' id='word_1_582' title='bbox 2182 1614 2295 1690; x_wconf 71' lang='lat' dir='ltr'><strong>vere</strong></span> <span class='ocrx_word' id='word_1_583' title='bbox 2322 1605 2461 1672; x_wconf 76' lang='lat' dir='ltr'><strong>ﬁlius</strong></span> <span class='ocrx_word' id='word_1_584' title='bbox 2490 1606 2583 1662; x_wconf 88' lang='lat' dir='ltr'><strong>Dei</strong></span> <span class='ocrx_word' id='word_1_585' title='bbox 2607 1621 2700 1678; x_wconf 84' lang='lat' dir='ltr'><strong>est,</strong></span> <span class='ocrx_word' id='word_1_586' title='bbox 2724 1616 2962 1686; x_wconf 75' lang='lat' dir='ltr'><strong>suscipiet</strong></span> <span class='ocrx_word' id='word_1_587' title='bbox 2991 1619 3155 1686; x_wconf 85' lang='lat' dir='ltr'><strong>illum,</strong></span> <span class='ocrx_word' id='word_1_588' title='bbox 3183 1630 3232 1676; x_wconf 87' lang='lat' dir='ltr'><strong>et</strong></span> <span class='ocrx_word' id='word_1_589' title='bbox 3262 1624 3489 1682; x_wconf 78' lang='lat' dir='ltr'><strong>liberabit</strong></span> <span class='ocrx_word' id='word_1_590' title='bbox 3529 1629 3676 1685; x_wconf 71' lang='lat' dir='ltr'><strong>illum</strong></span> <span class='ocrx_word' id='word_1_591' title='bbox 3712 1634 3776 1688; x_wconf 76' lang='lat' dir='ltr'><strong>de</strong></span> 
     </span>
    </p>
   </div>
   <div class='ocr_carea' id='block_1_76' title="bbox 2182 1695 3776 1800">
    <p class='ocr_par' dir='ltr' id='par_1_76' title="bbox 2182 1695 3776 1800">
     <span class='ocr_line' id='line_1_76' title="bbox 2182 1695 3776 1800; baseline 0.021 -52"><span class='ocrx_word' id='word_1_592' title='bbox 2437 1705 2823 1800; x_wconf 68' lang='lat' dir='ltr'><strong>contrariorum</strong></span> <span class='ocrx_word' id='word_1_593' title='bbox 2861 1709 3039 1781; x_wconf 77' lang='lat' dir='ltr'><strong>(Sep.</strong></span> <span class='ocrx_word' id='word_1_594' title='bbox 3070 1729 3126 1777; x_wconf 89' lang='lat' dir='ltr'><strong>lt,</strong></span> <span class='ocrx_word' id='word_1_595' title='bbox 3164 1715 3255 1783; x_wconf 76' lang='grc' dir='ltr'><strong>ΞΟ,</strong></span> <span class='ocrx_word' id='word_1_596' title='bbox 3281 1719 3347 1774; x_wconf 81' lang='grc'><strong>18</strong></span> <span class='ocrx_word' id='word_1_597' title='bbox 3373 1717 3416 1790; x_wconf 94' lang='grc'><strong>).</strong></span> <span class='ocrx_word' id='word_1_598' title='bbox 3463 1720 3776 1800; x_wconf 63' lang='lat' dir='ltr'><strong>Quiaergo</strong></span> 
     </span>
    </p>
   </div>
   <div class='ocr_carea' id='block_1_77' title="bbox 2183 1792 3772 1875">
    <p class='ocr_par' dir='ltr' id='par_1_77' title="bbox 2183 1792 3772 1875">
     <span class='ocr_line' id='line_1_77' title="bbox 2183 1792 3772 1875; baseline 0.02 -32"><span class='ocrx_word' id='word_1_599' title='bbox 2183 1792 2610 1863; x_wconf 72' lang='lat' dir='ltr'><strong>cruciligebatnr.</strong></span> <span class='ocrx_word' id='word_1_600' title='bbox 2643 1805 2699 1853; x_wconf 90' lang='lat' dir='ltr'><strong>et</strong></span> <span class='ocrx_word' id='word_1_601' title='bbox 2727 1815 2833 1854; x_wconf 80' lang='grc' dir='ltr'><strong>ιιοη</strong></span> <span class='ocrx_word' id='word_1_602' title='bbox 2863 1801 3220 1875; x_wconf 82' lang='lat' dir='ltr'><strong>liberabatur,</strong></span> <span class='ocrx_word' id='word_1_603' title='bbox 3243 1811 3594 1871; x_wconf 84' lang='lat' dir='ltr'><strong>crediderunt</strong></span> <span class='ocrx_word' id='word_1_604' title='bbox 3619 1792 3772 1874; x_wconf 68' lang='grc' dir='ltr'><strong>ιιὶιιὶη</strong></span> 
     </span>
    </p>
   </div>
   <div class='ocr_carea' id='block_1_78' title="bbox 2185 1886 3774 1977">
    <p class='ocr_par' dir='ltr' id='par_1_78' title="bbox 2185 1886 3774 1977">
     <span class='ocr_line' id='line_1_78' title="bbox 2185 1886 3774 1977; baseline 0.023 -46"><span class='ocrx_word' id='word_1_605' title='bbox 2185 1898 2288 1977; x_wconf 78' lang='lat' dir='ltr'><strong>non</strong></span> <span class='ocrx_word' id='word_1_606' title='bbox 2310 1899 2430 1940; x_wconf 89' lang='lat' dir='ltr'><strong>esse</strong></span> <span class='ocrx_word' id='word_1_607' title='bbox 2463 1886 2653 1941; x_wconf 80' lang='lat' dir='ltr'><strong>Filium</strong></span> <span class='ocrx_word' id='word_1_608' title='bbox 2691 1891 2800 1946; x_wconf 87' lang='lat' dir='ltr'><strong>Dei.</strong></span> <span class='ocrx_word' id='word_1_609' title='bbox 2841 1894 3126 1965; x_wconf 86' lang='lat' dir='ltr'><strong>Propterea</strong></span> <span class='ocrx_word' id='word_1_610' title='bbox 3159 1900 3474 1961; x_wconf 85' lang='lat' dir='ltr'><strong>insultantes</strong></span> <span class='ocrx_word' id='word_1_611' title='bbox 3514 1907 3774 1977; x_wconf 74' lang='lat' dir='ltr'><strong>petulanti</strong></span> 
     </span>
    </p>
   </div>
   <div class='ocr_carea' id='block_1_79' title="bbox 2184 1973 3774 2068">
    <p class='ocr_par' dir='ltr' id='par_1_79' title="bbox 2184 1973 3774 2068">
     <span class='ocr_line' id='line_1_79' title="bbox 2184 1973 3774 2068; baseline 0.02 -42"><span class='ocrx_word' id='word_1_612' title='bbox 2184 1973 2235 2068; x_wconf 59' lang='grc' dir='ltr'><strong>ιιι</strong></span> <span class='ocrx_word' id='word_1_613' title='bbox 2268 1973 2445 2068; x_wconf 87' lang='lat' dir='ltr'><strong>ligno,</strong></span> <span class='ocrx_word' id='word_1_614' title='bbox 2478 1987 2533 2033; x_wconf 88' lang='lat' dir='ltr'><strong>et</strong></span> <span class='ocrx_word' id='word_1_615' title='bbox 2573 1992 2732 2050; x_wconf 82' lang='lat' dir='ltr'><strong>caput</strong></span> <span class='ocrx_word' id='word_1_616' title='bbox 2776 1985 3061 2054; x_wconf 85' lang='lat' dir='ltr'><strong>agitantes,</strong></span> <span class='ocrx_word' id='word_1_617' title='bbox 3107 1990 3356 2048; x_wconf 88' lang='lat' dir='ltr'><strong>dicebant</strong></span> <span class='ocrx_word' id='word_1_618' title='bbox 3387 1995 3461 2051; x_wconf 93' lang='lat' dir='ltr'><strong>illi</strong></span> <span class='ocrx_word' id='word_1_619' title='bbox 3491 1973 3774 2068; x_wconf 36' lang='lat' dir='ltr'><strong>{Si-[ilius</strong></span> 
     </span>
    </p>
   </div>
   <div class='ocr_carea' id='block_1_80' title="bbox 2180 2065 3776 2161">
    <p class='ocr_par' dir='ltr' id='par_1_80' title="bbox 2180 2065 3776 2161">
     <span class='ocr_line' id='line_1_80' title="bbox 2180 2065 3776 2161; baseline 0.019 -43"><span class='ocrx_word' id='word_1_620' title='bbox 2180 2065 2280 2120; x_wconf 86' lang='lat' dir='ltr'><strong>Dei</strong></span> <span class='ocrx_word' id='word_1_621' title='bbox 2294 2084 2365 2134; x_wconf 82' lang='lat' dir='ltr'><strong>es,</strong></span> <span class='ocrx_word' id='word_1_622' title='bbox 2396 2069 2643 2127; x_wconf 78' lang='lat' dir='ltr'><strong>descende</strong></span> <span class='ocrx_word' id='word_1_623' title='bbox 2683 2075 2747 2129; x_wconf 85' lang='lat' dir='ltr'><strong>de</strong></span> <span class='ocrx_word' id='word_1_624' title='bbox 2781 2091 2941 2131; x_wconf 72' lang='lat' dir='ltr'><strong>cruce.</strong></span> <span class='ocrx_word' id='word_1_625' title='bbox 2980 2079 3120 2134; x_wconf 70' lang='lat' dir='ltr'><strong>Alios</strong></span> <span class='ocrx_word' id='word_1_626' title='bbox 3145 2083 3312 2139; x_wconf 74' lang='lat' dir='ltr'><strong>salvos</strong></span> <span class='ocrx_word' id='word_1_627' title='bbox 3341 2087 3459 2156; x_wconf 79' lang='lat' dir='ltr'><strong>fecit</strong></span> <span class='ocrx_word' id='word_1_628' title='bbox 3481 2129 3499 2151; x_wconf 82' lang='lat'><strong>,</strong></span> <span class='ocrx_word' id='word_1_629' title='bbox 3547 2065 3776 2161; x_wconf 69' lang='lat' dir='ltr'><strong>seipsunt</strong></span> 
     </span>
    </p>
   </div>
   <div class='ocr_carea' id='block_1_81' title="bbox 2181 2161 3776 2248">
    <p class='ocr_par' dir='ltr' id='par_1_81' title="bbox 2181 2161 3776 2248">
     <span class='ocr_line' id='line_1_81' title="bbox 2181 2161 3776 2248; baseline 0.018 -35"><span class='ocrx_word' id='word_1_630' title='bbox 2181 2161 2377 2215; x_wconf 82' lang='lat' dir='ltr'><strong>salsare</strong></span> <span class='ocrx_word' id='word_1_631' title='bbox 2401 2180 2500 2216; x_wconf 83' lang='lat' dir='ltr'><strong>non</strong></span> <span class='ocrx_word' id='word_1_632' title='bbox 2524 2175 2684 2233; x_wconf 77' lang='lat' dir='ltr'><strong>potest</strong></span> <span class='ocrx_word' id='word_1_633' title='bbox 2715 2166 2928 2238; x_wconf 69' lang='lat' dir='ltr'><strong>(Matt/1.</strong></span> <span class='ocrx_word' id='word_1_634' title='bbox 2965 2187 3144 2233; x_wconf 69' lang='lat' dir='ltr'><strong>xxv&quot;.</strong></span> <span class='ocrx_word' id='word_1_635' title='bbox 3170 2175 3272 2244; x_wconf 74' lang='grc'><strong>40,</strong></span> <span class='ocrx_word' id='word_1_636' title='bbox 3303 2179 3414 2248; x_wconf 69' lang='grc'><strong>42).</strong></span> <span class='ocrx_word' id='word_1_637' title='bbox 3451 2181 3550 2236; x_wconf 78' lang='lat' dir='ltr'><strong>[Sta</strong></span> <span class='ocrx_word' id='word_1_638' title='bbox 3585 2185 3776 2241; x_wconf 62' lang='lat' dir='ltr'><strong>(lianc</strong></span> 
     </span>
    </p>
   </div>
   <div class='ocr_carea' id='block_1_82' title="bbox 2183 2252 3777 2343">
    <p class='ocr_par' dir='ltr' id='par_1_82' title="bbox 2183 2252 3777 2343">
     <span class='ocr_line' id='line_1_82' title="bbox 2183 2252 3777 2343; baseline 0.016 -38"><span class='ocrx_word' id='word_1_639' title='bbox 2183 2260 2284 2318; x_wconf 89' lang='lat' dir='ltr'><strong>tes,</strong></span> <span class='ocrx_word' id='word_1_640' title='bbox 2307 2252 2444 2307; x_wconf 85' lang='lat' dir='ltr'><strong>sicut</strong></span> <span class='ocrx_word' id='word_1_641' title='bbox 2473 2264 2554 2309; x_wconf 86' lang='lat' dir='ltr'><strong>est</strong></span> <span class='ocrx_word' id='word_1_642' title='bbox 2581 2256 2634 2310; x_wconf 91' lang='lat' dir='ltr'><strong>in</strong></span> <span class='ocrx_word' id='word_1_643' title='bbox 2652 2257 2768 2328; x_wconf 89' lang='lat' dir='ltr'><strong>ipso</strong></span> <span class='ocrx_word' id='word_1_644' title='bbox 2797 2259 2931 2315; x_wconf 85' lang='lat' dir='ltr'><strong>libro</strong></span> <span class='ocrx_word' id='word_1_645' title='bbox 2958 2261 3267 2332; x_wconf 75' lang='lat' dir='ltr'><strong>Sapientite,</strong></span> <span class='ocrx_word' id='word_1_646' title='bbox 3298 2269 3406 2324; x_wconf 75' lang='lat' dir='ltr'><strong>[nec</strong></span> <span class='ocrx_word' id='word_1_647' title='bbox 3429 2275 3777 2343; x_wconf 56' lang='lat' dir='ltr'><strong>cogitaverunt</strong></span> 
     </span>
    </p>
   </div>
   <div class='ocr_carea' id='block_1_83' title="bbox 2181 2353 3774 2440">
    <p class='ocr_par' dir='ltr' id='par_1_83' title="bbox 2181 2353 3774 2440">
     <span class='ocr_line' id='line_1_83' title="bbox 2181 2353 3774 2440; baseline 0.016 -42"><span class='ocrx_word' id='word_1_648' title='bbox 2181 2353 2226 2398; x_wconf 81' lang='lat' dir='ltr'><strong>et</strong></span> <span class='ocrx_word' id='word_1_649' title='bbox 2244 2359 2570 2411; x_wconf 72' lang='lat' dir='ltr'><strong>moverunt;</strong></span> <span class='ocrx_word' id='word_1_650' title='bbox 2598 2353 2864 2405; x_wconf 72' lang='lat' dir='ltr'><strong>exctucouit</strong></span> <span class='ocrx_word' id='word_1_651' title='bbox 2879 2355 3011 2408; x_wconf 84' lang='lat' dir='ltr'><strong>enim</strong></span> <span class='ocrx_word' id='word_1_652' title='bbox 3037 2355 3154 2411; x_wconf 86' lang='lat' dir='ltr'><strong>illos</strong></span> <span class='ocrx_word' id='word_1_653' title='bbox 3180 2360 3373 2414; x_wconf 85' lang='lat' dir='ltr'><strong>malitia</strong></span> <span class='ocrx_word' id='word_1_654' title='bbox 3407 2379 3584 2417; x_wconf 80' lang='lat' dir='ltr'><strong>eorum</strong></span> <span class='ocrx_word' id='word_1_655' title='bbox 3614 2366 3774 2440; x_wconf 71' lang='lat' dir='ltr'><strong>(Sep.</strong></span> 
     </span>
    </p>
   </div>
   <div class='ocr_carea' id='block_1_84' title="bbox 2180 2436 3774 2527">
    <p class='ocr_par' dir='ltr' id='par_1_84' title="bbox 2180 2436 3774 2527">
     <span class='ocr_line' id='line_1_84' title="bbox 2180 2436 3774 2527; baseline 0.019 -38"><span class='ocrx_word' id='word_1_656' title='bbox 2180 2452 2239 2505; x_wconf 88' lang='grc' dir='ltr'><strong>ιι,</strong></span> <span class='ocrx_word' id='word_1_657' title='bbox 2259 2436 2321 2491; x_wconf 75' lang='grc'><strong>21</strong></span> <span class='ocrx_word' id='word_1_658' title='bbox 2338 2438 2685 2509; x_wconf 87' lang='lat' dir='ltr'><strong>).Quitlenitn</strong></span> <span class='ocrx_word' id='word_1_659' title='bbox 2717 2459 2965 2515; x_wconf 82' lang='lat' dir='ltr'><strong>magnum</strong></span> <span class='ocrx_word' id='word_1_660' title='bbox 2995 2461 3112 2504; x_wconf 86' lang='lat' dir='ltr'><strong>erat</strong></span> <span class='ocrx_word' id='word_1_661' title='bbox 3138 2449 3204 2504; x_wconf 90' lang='lat' dir='ltr'><strong>de</strong></span> <span class='ocrx_word' id='word_1_662' title='bbox 3224 2466 3384 2510; x_wconf 89' lang='lat' dir='ltr'><strong>cruce</strong></span> <span class='ocrx_word' id='word_1_663' title='bbox 3408 2436 3774 2527; x_wconf 84' lang='lat' dir='ltr'><strong>descendere.</strong></span> 
     </span>
    </p>
   </div>
   <div class='ocr_carea' id='block_1_85' title="bbox 2179 2531 3774 2620">
    <p class='ocr_par' dir='ltr' id='par_1_85' title="bbox 2179 2531 3774 2620">
     <span class='ocr_line' id='line_1_85' title="bbox 2179 2531 3774 2620; baseline 0.014 -35"><span class='ocrx_word' id='word_1_664' title='bbox 2179 2532 2264 2585; x_wconf 88' lang='lat' dir='ltr'><strong>cui</strong></span> <span class='ocrx_word' id='word_1_665' title='bbox 2321 2531 2475 2587; x_wconf 81' lang='lat' dir='ltr'><strong>facile</strong></span> <span class='ocrx_word' id='word_1_666' title='bbox 2500 2533 2597 2587; x_wconf 92' lang='lat' dir='ltr'><strong>fuit</strong></span> <span class='ocrx_word' id='word_1_667' title='bbox 2642 2533 2712 2590; x_wconf 88' lang='lat' dir='ltr'><strong>de</strong></span> <span class='ocrx_word' id='word_1_668' title='bbox 2753 2537 3000 2606; x_wconf 90' lang='lat' dir='ltr'><strong>sepulcro</strong></span> <span class='ocrx_word' id='word_1_669' title='bbox 3043 2544 3371 2612; x_wconf 82' lang='lat' dir='ltr'><strong>resurgere?</strong></span> <span class='ocrx_word' id='word_1_670' title='bbox 3413 2546 3522 2603; x_wconf 90' lang='lat' dir='ltr'><strong>Sed</strong></span> <span class='ocrx_word' id='word_1_671' title='bbox 3561 2555 3774 2620; x_wconf 71' lang='lat' dir='ltr'><strong>quare‘</strong></span> 
     </span>
    </p>
   </div>
   <div class='ocr_carea' id='block_1_86' title="bbox 2181 2625 3774 2712">
    <p class='ocr_par' dir='ltr' id='par_1_86' title="bbox 2181 2625 3774 2712">
     <span class='ocr_line' id='line_1_86' title="bbox 2181 2625 3774 2712; baseline 0.014 -34"><span class='ocrx_word' id='word_1_672' title='bbox 2181 2638 2351 2696; x_wconf 88' lang='lat' dir='ltr'><strong>usque</strong></span> <span class='ocrx_word' id='word_1_673' title='bbox 2393 2625 2460 2683; x_wconf 87' lang='lat' dir='ltr'><strong>ad</strong></span> <span class='ocrx_word' id='word_1_674' title='bbox 2495 2637 2720 2683; x_wconf 87' lang='lat' dir='ltr'><strong>mortem</strong></span> <span class='ocrx_word' id='word_1_675' title='bbox 2767 2630 2935 2686; x_wconf 85' lang='lat' dir='ltr'><strong>voluit</strong></span> <span class='ocrx_word' id='word_1_676' title='bbox 2971 2647 3090 2688; x_wconf 89' lang='lat' dir='ltr'><strong>esse</strong></span> <span class='ocrx_word' id='word_1_677' title='bbox 3133 2637 3377 2705; x_wconf 80' lang='lat' dir='ltr'><strong>patiens?</strong></span> <span class='ocrx_word' id='word_1_678' title='bbox 3407 2636 3476 2696; x_wconf 89' lang='lat' dir='ltr'><strong>Ut</strong></span> <span class='ocrx_word' id='word_1_679' title='bbox 3502 2639 3716 2712; x_wconf 87' lang='lat' dir='ltr'><strong>fugeret</strong></span> <span class='ocrx_word' id='word_1_680' title='bbox 3742 2661 3774 2699; x_wconf 83' lang='lat' dir='ltr'><strong>a</strong></span> 
     </span>
    </p>
   </div>
   <div class='ocr_carea' id='block_1_87' title="bbox 2180 2713 3776 2797">
    <p class='ocr_par' dir='ltr' id='par_1_87' title="bbox 2180 2713 3776 2797">
     <span class='ocr_line' id='line_1_87' title="bbox 2180 2713 3776 2797; baseline 0.014 -28"><span class='ocrx_word' id='word_1_681' title='bbox 2180 2713 2315 2772; x_wconf 82' lang='lat' dir='ltr'><strong>facie</strong></span> <span class='ocrx_word' id='word_1_682' title='bbox 2352 2717 2560 2774; x_wconf 81' lang='lat' dir='ltr'><strong>Saitlin</strong></span> <span class='ocrx_word' id='word_1_683' title='bbox 2590 2720 2923 2790; x_wconf 89' lang='lat' dir='ltr'><strong>speluncam.</strong></span> <span class='ocrx_word' id='word_1_684' title='bbox 2971 2722 3185 2779; x_wconf 81' lang='lat' dir='ltr'><strong>Etenim</strong></span> <span class='ocrx_word' id='word_1_685' title='bbox 3229 2728 3507 2797; x_wconf 87' lang='lat' dir='ltr'><strong>spelunca,</strong></span> <span class='ocrx_word' id='word_1_686' title='bbox 3551 2733 3776 2791; x_wconf 88' lang='lat' dir='ltr'><strong>inferior</strong></span> 
     </span>
    </p>
   </div>
   <div class='ocr_carea' id='block_1_88' title="bbox 2181 2813 3775 2889">
    <p class='ocr_par' dir='ltr' id='par_1_88' title="bbox 2181 2813 3775 2889">
     <span class='ocr_line' id='line_1_88' title="bbox 2181 2813 3775 2889; baseline 0.014 -27"><span class='ocrx_word' id='word_1_687' title='bbox 2181 2821 2305 2879; x_wconf 88' lang='lat' dir='ltr'><strong>pars</strong></span> <span class='ocrx_word' id='word_1_688' title='bbox 2333 2819 2488 2865; x_wconf 75' lang='lat' dir='ltr'><strong>terra:</strong></span> <span class='ocrx_word' id='word_1_689' title='bbox 2520 2821 2694 2881; x_wconf 81' lang='lat' dir='ltr'><strong>potest</strong></span> <span class='ocrx_word' id='word_1_690' title='bbox 2730 2813 2922 2884; x_wconf 82' lang='lat' dir='ltr'><strong>accipi.</strong></span> <span class='ocrx_word' id='word_1_691' title='bbox 2965 2815 3030 2870; x_wconf 82' lang='lat' dir='ltr'><strong>Et</strong></span> <span class='ocrx_word' id='word_1_692' title='bbox 3057 2826 3207 2874; x_wconf 88' lang='lat' dir='ltr'><strong>certe</strong></span> <span class='ocrx_word' id='word_1_693' title='bbox 3238 2819 3383 2889; x_wconf 91' lang='lat' dir='ltr'><strong>quod</strong></span> <span class='ocrx_word' id='word_1_694' title='bbox 3426 2824 3775 2884; x_wconf 82' lang='lat' dir='ltr'><strong>manifestum</strong></span> 
     </span>
    </p>
   </div>
   <div class='ocr_carea' id='block_1_89' title="bbox 2178 2907 3778 2982">
    <p class='ocr_par' dir='ltr' id='par_1_89' title="bbox 2178 2907 3778 2982">
     <span class='ocr_line' id='line_1_89' title="bbox 2178 2907 3778 2982; baseline 0.012 -24"><span class='ocrx_word' id='word_1_695' title='bbox 2178 2912 2280 2971; x_wconf 89' lang='lat' dir='ltr'><strong>est,</strong></span> <span class='ocrx_word' id='word_1_696' title='bbox 2311 2914 2362 2960; x_wconf 91' lang='lat' dir='ltr'><strong>et</strong></span> <span class='ocrx_word' id='word_1_697' title='bbox 2389 2914 2595 2960; x_wconf 90' lang='lat' dir='ltr'><strong>eertum</strong></span> <span class='ocrx_word' id='word_1_698' title='bbox 2629 2907 2900 2974; x_wconf 86' lang='lat' dir='ltr'><strong>omnibus,</strong></span> <span class='ocrx_word' id='word_1_699' title='bbox 2948 2924 3145 2980; x_wconf 88' lang='lat' dir='ltr'><strong>corpus</strong></span> <span class='ocrx_word' id='word_1_700' title='bbox 3183 2911 3301 2982; x_wconf 88' lang='lat' dir='ltr'><strong>ejus</strong></span> <span class='ocrx_word' id='word_1_701' title='bbox 3341 2913 3393 2969; x_wconf 90' lang='lat' dir='ltr'><strong>in</strong></span> <span class='ocrx_word' id='word_1_702' title='bbox 3423 2931 3778 2977; x_wconf 87' lang='lat' dir='ltr'><strong>monumento</strong></span> 
     </span>
    </p>
   </div>
   <div class='ocr_carea' id='block_1_90' title="bbox 2179 2995 3777 3084">
    <p class='ocr_par' dir='ltr' id='par_1_90' title="bbox 2179 2995 3777 3084">
     <span class='ocr_line' id='line_1_90' title="bbox 2179 2995 3777 3084; baseline 0.012 -37"><span class='ocrx_word' id='word_1_703' title='bbox 2179 2995 2410 3063; x_wconf 85' lang='lat' dir='ltr'><strong>positum</strong></span> <span class='ocrx_word' id='word_1_704' title='bbox 2436 3003 2539 3062; x_wconf 90' lang='lat' dir='ltr'><strong>est,</strong></span> <span class='ocrx_word' id='word_1_705' title='bbox 2579 2997 2720 3067; x_wconf 89' lang='lat' dir='ltr'><strong>quod</strong></span> <span class='ocrx_word' id='word_1_706' title='bbox 2749 3007 2867 3052; x_wconf 88' lang='lat' dir='ltr'><strong>erat</strong></span> <span class='ocrx_word' id='word_1_707' title='bbox 2908 3001 3146 3057; x_wconf 80' lang='lat' dir='ltr'><strong>excisum</strong></span> <span class='ocrx_word' id='word_1_708' title='bbox 3191 3003 3243 3057; x_wconf 91' lang='lat' dir='ltr'><strong>in</strong></span> <span class='ocrx_word' id='word_1_709' title='bbox 3274 3013 3448 3075; x_wconf 89' lang='lat' dir='ltr'><strong>petra.</strong></span> <span class='ocrx_word' id='word_1_710' title='bbox 3491 3007 3610 3064; x_wconf 84' lang='lat' dir='ltr'><strong>Hoc</strong></span> <span class='ocrx_word' id='word_1_711' title='bbox 3646 3026 3777 3084; x_wconf 85' lang='lat' dir='ltr'><strong>ergo</strong></span> 
     </span>
    </p>
   </div>
   <div class='ocr_carea' id='block_1_91' title="bbox 2179 3088 3774 3167">
    <p class='ocr_par' dir='ltr' id='par_1_91' title="bbox 2179 3088 3774 3167">
     <span class='ocr_line' id='line_1_91' title="bbox 2179 3088 3774 3167; baseline 0.012 -26"><span class='ocrx_word' id='word_1_712' title='bbox 2179 3094 2585 3142; x_wconf 89' lang='lat' dir='ltr'><strong>monumentum</strong></span> <span class='ocrx_word' id='word_1_713' title='bbox 2614 3088 2867 3158; x_wconf 80' lang='lat' dir='ltr'><strong>spelunca</strong></span> <span class='ocrx_word' id='word_1_714' title='bbox 2896 3101 3011 3146; x_wconf 87' lang='lat' dir='ltr'><strong>erat</strong></span> <span class='ocrx_word' id='word_1_715' title='bbox 3043 3111 3055 3146; x_wconf 90' lang='lat'>:</span> <span class='ocrx_word' id='word_1_716' title='bbox 3088 3093 3371 3167; x_wconf 80' lang='lat' dir='ltr'><strong>illucfugit</strong></span> <span class='ocrx_word' id='word_1_717' title='bbox 3396 3112 3427 3152; x_wconf 85' lang='lat' dir='ltr'><strong>a</strong></span> <span class='ocrx_word' id='word_1_718' title='bbox 3457 3097 3597 3157; x_wconf 87' lang='lat' dir='ltr'><strong>facie</strong></span> <span class='ocrx_word' id='word_1_719' title='bbox 3619 3101 3774 3161; x_wconf 62' lang='grc' dir='ltr'><em>εδει.</em></span> 
     </span>
    </p>
   </div>
   <div class='ocr_carea' id='block_1_92' title="bbox 2176 3177 3777 3266">
    <p class='ocr_par' dir='ltr' id='par_1_92' title="bbox 2176 3177 3777 3266">
     <span class='ocr_line' id='line_1_92' title="bbox 2176 3177 3777 3266; baseline 0.009 -30"><span class='ocrx_word' id='word_1_720' title='bbox 2176 3177 2403 3236; x_wconf 78' lang='lat' dir='ltr'><strong>Tamdiu</strong></span> <span class='ocrx_word' id='word_1_721' title='bbox 2432 3181 2576 3238; x_wconf 89' lang='lat' dir='ltr'><strong>enim</strong></span> <span class='ocrx_word' id='word_1_722' title='bbox 2606 3183 2868 3252; x_wconf 88' lang='lat' dir='ltr'><strong>persecuti</strong></span> <span class='ocrx_word' id='word_1_723' title='bbox 2884 3194 3009 3239; x_wconf 88' lang='lat' dir='ltr'><strong>stmt</strong></span> <span class='ocrx_word' id='word_1_724' title='bbox 3035 3186 3180 3241; x_wconf 86' lang='lat' dir='ltr'><strong>illum</strong></span> <span class='ocrx_word' id='word_1_725' title='bbox 3202 3185 3394 3258; x_wconf 66' lang='lat' dir='ltr'><strong>Judaei,</strong></span> <span class='ocrx_word' id='word_1_726' title='bbox 3421 3194 3777 3266; x_wconf 81' lang='lat' dir='ltr'><strong>quoadusque</strong></span> 
     </span>
    </p>
   </div>
   <div class='ocr_carea' id='block_1_93' title="bbox 2177 3273 3775 3355">
    <p class='ocr_par' dir='ltr' id='par_1_93' title="bbox 2177 3273 3775 3355">
     <span class='ocr_line' id='line_1_93' title="bbox 2177 3273 3775 3355; baseline 0.013 -28"><span class='ocrx_word' id='word_1_727' title='bbox 2177 3284 2469 3344; x_wconf 86' lang='lat' dir='ltr'><strong>poneretur</strong></span> <span class='ocrx_word' id='word_1_728' title='bbox 2494 3274 2548 3329; x_wconf 90' lang='lat' dir='ltr'><strong>in</strong></span> <span class='ocrx_word' id='word_1_729' title='bbox 2577 3275 2854 3346; x_wconf 87' lang='lat' dir='ltr'><strong>spelunca.</strong></span> <span class='ocrx_word' id='word_1_730' title='bbox 2883 3273 3037 3333; x_wconf 86' lang='lat' dir='ltr'><strong>Unde</strong></span> <span class='ocrx_word' id='word_1_731' title='bbox 3062 3277 3358 3349; x_wconf 87' lang='lat' dir='ltr'><strong>probamus</strong></span> <span class='ocrx_word' id='word_1_732' title='bbox 3381 3285 3527 3355; x_wconf 89' lang='lat' dir='ltr'><strong>quod</strong></span> <span class='ocrx_word' id='word_1_733' title='bbox 3569 3289 3775 3347; x_wconf 80' lang='lat' dir='ltr'><strong>tamdiu</strong></span> 
     </span>
    </p>
   </div>
   <div class='ocr_carea' id='block_1_94' title="bbox 2177 3363 3772 3444">
    <p class='ocr_par' dir='ltr' id='par_1_94' title="bbox 2177 3363 3772 3444">
     <span class='ocr_line' id='line_1_94' title="bbox 2177 3363 3772 3444; baseline 0.012 -23"><span class='ocrx_word' id='word_1_734' title='bbox 2177 3363 2326 3421; x_wconf 92' lang='lat' dir='ltr'><strong>illum</strong></span> <span class='ocrx_word' id='word_1_735' title='bbox 2354 3367 2620 3436; x_wconf 86' lang='lat' dir='ltr'><strong>persecuti</strong></span> <span class='ocrx_word' id='word_1_736' title='bbox 2650 3376 2790 3433; x_wconf 90' lang='lat' dir='ltr'><strong>sunt,</strong></span> <span class='ocrx_word' id='word_1_737' title='bbox 2824 3384 3107 3441; x_wconf 88' lang='lat' dir='ltr'><strong>quousque</strong></span> <span class='ocrx_word' id='word_1_738' title='bbox 3131 3371 3203 3428; x_wconf 92' lang='lat' dir='ltr'><strong>ibi</strong></span> <span class='ocrx_word' id='word_1_739' title='bbox 3240 3377 3574 3444; x_wconf 74' lang='lat' dir='ltr'><strong>poneretur?</strong></span> <span class='ocrx_word' id='word_1_740' title='bbox 3595 3377 3772 3440; x_wconf 76' lang='lat' dir='ltr'><strong>Etiam</strong></span> 
     </span>
    </p>
   </div>
   <div class='ocr_carea' id='block_1_95' title="bbox 2180 3459 3777 3534">
    <p class='ocr_par' dir='ltr' id='par_1_95' title="bbox 2180 3459 3777 3534">
     <span class='ocr_line' id='line_1_95' title="bbox 2180 3459 3777 3534; baseline 0.014 -22"><span class='ocrx_word' id='word_1_741' title='bbox 2180 3466 2450 3514; x_wconf 90' lang='lat' dir='ltr'><strong>mortuum</strong></span> <span class='ocrx_word' id='word_1_742' title='bbox 2481 3459 2533 3512; x_wconf 90' lang='lat' dir='ltr'><strong>in</strong></span> <span class='ocrx_word' id='word_1_743' title='bbox 2565 3475 2723 3514; x_wconf 85' lang='lat' dir='ltr'><strong>cruce</strong></span> <span class='ocrx_word' id='word_1_744' title='bbox 2763 3461 3082 3531; x_wconf 85' lang='lat' dir='ltr'><strong>pendentem</strong></span> <span class='ocrx_word' id='word_1_745' title='bbox 3132 3464 3318 3522; x_wconf 87' lang='lat' dir='ltr'><strong>lancea</strong></span> <span class='ocrx_word' id='word_1_746' title='bbox 3355 3468 3777 3534; x_wconf 75' lang='lat' dir='ltr'><strong>vulneraverunt</strong></span> 
     </span>
    </p>
   </div>
   <div class='ocr_carea' id='block_1_96' title="bbox 2178 3546 3777 3638">
    <p class='ocr_par' dir='ltr' id='par_1_96' title="bbox 2178 3546 3777 3638">
     <span class='ocr_line' id='line_1_96' title="bbox 2178 3546 3777 3638; baseline 0.011 -36"><span class='ocrx_word' id='word_1_747' title='bbox 2178 3546 2360 3619; x_wconf 83' lang='lat' dir='ltr'><strong>(Joan.</strong></span> <span class='ocrx_word' id='word_1_748' title='bbox 2380 3565 2497 3615; x_wconf 78' lang='lat' dir='ltr'><strong>xix,</strong></span> <span class='ocrx_word' id='word_1_749' title='bbox 2523 3550 2641 3620; x_wconf 73' lang='grc'><strong>54).</strong></span> <span class='ocrx_word' id='word_1_750' title='bbox 2671 3552 2740 3605; x_wconf 82' lang='grc' dir='ltr'><strong>Αι</strong></span> <span class='ocrx_word' id='word_1_751' title='bbox 2769 3553 2857 3607; x_wconf 91' lang='lat' dir='ltr'><strong>ubi</strong></span> <span class='ocrx_word' id='word_1_752' title='bbox 2886 3551 3157 3612; x_wconf 89' lang='lat' dir='ltr'><strong>involutus</strong></span> <span class='ocrx_word' id='word_1_753' title='bbox 3179 3566 3368 3614; x_wconf 88' lang='lat' dir='ltr'><strong>curato</strong></span> <span class='ocrx_word' id='word_1_754' title='bbox 3411 3559 3604 3619; x_wconf 88' lang='lat' dir='ltr'><strong>funere</strong></span> <span class='ocrx_word' id='word_1_755' title='bbox 3627 3566 3777 3638; x_wconf 67' lang='lat' dir='ltr'><strong>post.</strong></span> 
     </span>
    </p>
   </div>
   <div class='ocr_carea' id='block_1_97' title="bbox 2177 3643 3774 3726">
    <p class='ocr_par' dir='ltr' id='par_1_97' title="bbox 2177 3643 3774 3726">
     <span class='ocr_line' id='line_1_97' title="bbox 2177 3643 3774 3726; baseline 0.009 -25"><span class='ocrx_word' id='word_1_756' title='bbox 2177 3653 2264 3701; x_wconf 89' lang='lat' dir='ltr'><strong>tus</strong></span> <span class='ocrx_word' id='word_1_757' title='bbox 2291 3644 2452 3700; x_wconf 89' lang='lat' dir='ltr'><strong>estin</strong></span> <span class='ocrx_word' id='word_1_758' title='bbox 2483 3643 2762 3715; x_wconf 87' lang='lat' dir='ltr'><strong>spelunca,</strong></span> <span class='ocrx_word' id='word_1_759' title='bbox 2786 3645 2896 3714; x_wconf 88' lang='lat' dir='ltr'><strong>jam</strong></span> <span class='ocrx_word' id='word_1_760' title='bbox 2937 3646 3070 3702; x_wconf 86' lang='lat' dir='ltr'><strong>nihil</strong></span> <span class='ocrx_word' id='word_1_761' title='bbox 3113 3647 3414 3707; x_wconf 88' lang='lat' dir='ltr'><strong>habuerunt</strong></span> <span class='ocrx_word' id='word_1_762' title='bbox 3448 3655 3596 3726; x_wconf 84' lang='lat' dir='ltr'><strong>quod</strong></span> <span class='ocrx_word' id='word_1_763' title='bbox 3620 3645 3774 3719; x_wconf 80' lang='lat' dir='ltr'><strong>carni</strong></span> 
     </span>
    </p>
   </div>
   <div class='ocr_carea' id='block_1_98' title="bbox 2175 3733 3770 3817">
    <p class='ocr_par' dir='ltr' id='par_1_98' title="bbox 2175 3733 3770 3817">
     <span class='ocr_line' id='line_1_98' title="bbox 2175 3733 3770 3817; baseline 0.01 -28"><span class='ocrx_word' id='word_1_764' title='bbox 2175 3733 2437 3789; x_wconf 87' lang='lat' dir='ltr'><strong>facerent.</strong></span> <span class='ocrx_word' id='word_1_765' title='bbox 2471 3733 2783 3790; x_wconf 79' lang='lat' dir='ltr'><strong>Resurrexit</strong></span> <span class='ocrx_word' id='word_1_766' title='bbox 2806 3746 2936 3807; x_wconf 79' lang='lat' dir='ltr'><strong>ergo</strong></span> <span class='ocrx_word' id='word_1_767' title='bbox 2969 3737 3226 3794; x_wconf 87' lang='lat' dir='ltr'><strong>Dominus</strong></span> <span class='ocrx_word' id='word_1_768' title='bbox 3264 3755 3331 3797; x_wconf 87' lang='lat' dir='ltr'><strong>ex</strong></span> <span class='ocrx_word' id='word_1_769' title='bbox 3379 3740 3470 3798; x_wconf 83' lang='lat' dir='ltr'><strong>illa</strong></span> <span class='ocrx_word' id='word_1_770' title='bbox 3510 3746 3770 3817; x_wconf 74' lang='lat' dir='ltr'><strong>spelunca</strong></span> 
     </span>
    </p>
   </div>
   <div class='ocr_carea' id='block_1_99' title="bbox 2174 3826 3776 3906">
    <p class='ocr_par' dir='ltr' id='par_1_99' title="bbox 2174 3826 3776 3906">
     <span class='ocr_line' id='line_1_99' title="bbox 2174 3826 3776 3906; baseline 0.005 -23"><span class='ocrx_word' id='word_1_771' title='bbox 2174 3826 2397 3895; x_wconf 71' lang='lat' dir='ltr'><strong>illzesus,</strong></span> <span class='ocrx_word' id='word_1_772' title='bbox 2425 3827 2785 3896; x_wconf 89' lang='lat' dir='ltr'><strong>incorruptus,</strong></span> <span class='ocrx_word' id='word_1_773' title='bbox 2817 3845 2924 3900; x_wconf 83' lang='lat' dir='ltr'><strong>quo</strong></span> <span class='ocrx_word' id='word_1_774' title='bbox 2956 3829 3163 3901; x_wconf 88' lang='lat' dir='ltr'><strong>fugerat</strong></span> <span class='ocrx_word' id='word_1_775' title='bbox 3186 3848 3215 3887; x_wconf 69' lang='grc' dir='ltr'>ι</span> <span class='ocrx_word' id='word_1_776' title='bbox 3246 3832 3381 3891; x_wconf 89' lang='lat' dir='ltr'><strong>facie</strong></span> <span class='ocrx_word' id='word_1_777' title='bbox 3398 3833 3564 3906; x_wconf 78' lang='lat' dir='ltr'><strong>Saitl;</strong></span> <span class='ocrx_word' id='word_1_778' title='bbox 3589 3843 3776 3901; x_wconf 74' lang='grc' dir='ltr'><strong>ωωι.</strong></span> 
     </span>
    </p>
   </div>
   <div class='ocr_carea' id='block_1_100' title="bbox 2176 3920 3772 3995">
    <p class='ocr_par' dir='ltr' id='par_1_100' title="bbox 2176 3920 3772 3995">
     <span class='ocr_line' id='line_1_100' title="bbox 2176 3920 3772 3995; baseline 0.011 -21"><span class='ocrx_word' id='word_1_779' title='bbox 2176 3927 2369 3975; x_wconf 89' lang='lat' dir='ltr'><strong>tansse</strong></span> <span class='ocrx_word' id='word_1_780' title='bbox 2398 3920 2596 3990; x_wconf 82' lang='lat' dir='ltr'><strong>impiis,</strong></span> <span class='ocrx_word' id='word_1_781' title='bbox 2624 3935 2763 3992; x_wconf 89' lang='lat' dir='ltr'><strong>quos</strong></span> <span class='ocrx_word' id='word_1_782' title='bbox 2789 3921 3162 3994; x_wconf 74' lang='lat' dir='ltr'><strong>pmﬁgurabat</strong></span> <span class='ocrx_word' id='word_1_783' title='bbox 3201 3925 3351 3994; x_wconf 75' lang='lat' dir='ltr'><strong>Sam,</strong></span> <span class='ocrx_word' id='word_1_784' title='bbox 3391 3933 3692 3992; x_wconf 85' lang='lat' dir='ltr'><strong>ostendens</strong></span> <span class='ocrx_word' id='word_1_785' title='bbox 3712 3953 3772 3995; x_wconf 85' lang='lat' dir='ltr'><strong>se</strong></span> 
     </span>
    </p>
   </div>
   <div class='ocr_carea' id='block_1_101' title="bbox 2173 4013 3769 4091">
    <p class='ocr_par' dir='ltr' id='par_1_101' title="bbox 2173 4013 3769 4091">
     <span class='ocr_line' id='line_1_101' title="bbox 2173 4013 3769 4091; baseline 0.013 -23"><span class='ocrx_word' id='word_1_786' title='bbox 2173 4022 2350 4069; x_wconf 85' lang='lat' dir='ltr'><strong>autem</strong></span> <span class='ocrx_word' id='word_1_787' title='bbox 2402 4013 2660 4068; x_wconf 85' lang='lat' dir='ltr'><strong>membris</strong></span> <span class='ocrx_word' id='word_1_788' title='bbox 2706 4015 2840 4070; x_wconf 90' lang='lat' dir='ltr'><strong>suis.</strong></span> <span class='ocrx_word' id='word_1_789' title='bbox 2891 4014 3025 4072; x_wconf 88' lang='lat' dir='ltr'><strong>Nam</strong></span> <span class='ocrx_word' id='word_1_790' title='bbox 3078 4023 3404 4091; x_wconf 85' lang='lat' dir='ltr'><strong>resurgentis</strong></span> <span class='ocrx_word' id='word_1_791' title='bbox 3442 4028 3692 4086; x_wconf 74' lang='lat' dir='ltr'><strong>membra</strong></span> <span class='ocrx_word' id='word_1_792' title='bbox 3735 4047 3769 4088; x_wconf 82' lang='lat' dir='ltr'><strong>a</strong></span> 
     </span>
    </p>
   </div>
   <div class='ocr_carea' id='block_1_102' title="bbox 2173 4108 3770 4193">
    <p class='ocr_par' dir='ltr' id='par_1_102' title="bbox 2173 4108 3770 4193">
     <span class='ocr_line' id='line_1_102' title="bbox 2173 4108 3770 4193; baseline 0.009 -30"><span class='ocrx_word' id='word_1_793' title='bbox 2173 4108 2431 4163; x_wconf 86' lang='lat' dir='ltr'><strong>membris</strong></span> <span class='ocrx_word' id='word_1_794' title='bbox 2459 4109 2574 4177; x_wconf 88' lang='lat' dir='ltr'><strong>ejus</strong></span> <span class='ocrx_word' id='word_1_795' title='bbox 2601 4109 2808 4180; x_wconf 72' lang='lat' dir='ltr'><strong>palpata</strong></span> <span class='ocrx_word' id='word_1_796' title='bbox 2831 4120 2958 4165; x_wconf 79' lang='grc' dir='ltr'><em>ειιηι</em></span> <span class='ocrx_word' id='word_1_797' title='bbox 2990 4128 3003 4164; x_wconf 89' lang='lat'><strong>:</strong></span> <span class='ocrx_word' id='word_1_798' title='bbox 3034 4111 3274 4168; x_wconf 88' lang='lat' dir='ltr'><strong>membra</strong></span> <span class='ocrx_word' id='word_1_799' title='bbox 3300 4117 3442 4171; x_wconf 89' lang='lat' dir='ltr'><strong>enim</strong></span> <span class='ocrx_word' id='word_1_800' title='bbox 3471 4118 3594 4190; x_wconf 84' lang='lat' dir='ltr'><strong>ejus</strong></span> <span class='ocrx_word' id='word_1_801' title='bbox 3622 4124 3770 4193; x_wconf 79' lang='lat' dir='ltr'><strong>Apo-</strong></span> 
     </span>
    </p>
   </div>
   <div class='ocr_carea' id='block_1_103' title="bbox 2170 4200 3762 4287">
    <p class='ocr_par' dir='ltr' id='par_1_103' title="bbox 2170 4200 3762 4287">
     <span class='ocr_line' id='line_1_103' title="bbox 2170 4200 3762 4287; baseline 0.009 -30"><span class='ocrx_word' id='word_1_802' title='bbox 2170 4200 2295 4257; x_wconf 90' lang='lat' dir='ltr'><strong>stoli</strong></span> <span class='ocrx_word' id='word_1_803' title='bbox 2341 4203 2632 4283; x_wconf 86' lang='lat' dir='ltr'><strong>tetigerunt</strong></span> <span class='ocrx_word' id='word_1_804' title='bbox 2680 4210 3074 4272; x_wconf 87' lang='lat' dir='ltr'><strong>resurgentem.</strong></span> <span class='ocrx_word' id='word_1_805' title='bbox 3119 4213 3175 4260; x_wconf 91' lang='lat' dir='ltr'><strong>et</strong></span> <span class='ocrx_word' id='word_1_806' title='bbox 3199 4206 3548 4266; x_wconf 89' lang='lat' dir='ltr'><strong>crediderunt</strong></span> <span class='ocrx_word' id='word_1_807' title='bbox 3586 4211 3762 4287; x_wconf 75' lang='lat' dir='ltr'><strong>(Luc.</strong></span> 
     </span>
    </p>
   </div>
   <div class='ocr_carea' id='block_1_104' title="bbox 2173 4294 3763 4371">
    <p class='ocr_par' dir='ltr' id='par_1_104' title="bbox 2173 4294 3763 4371">
     <span class='ocr_line' id='line_1_104' title="bbox 2173 4294 3763 4371; baseline 0.01 -21"><span class='ocrx_word' id='word_1_808' title='bbox 2173 4295 2486 4366; x_wconf 75' lang='lat' dir='ltr'><strong>xxiv,&#39;59);</strong></span> <span class='ocrx_word' id='word_1_809' title='bbox 2534 4306 2588 4351; x_wconf 91' lang='lat' dir='ltr'><strong>et</strong></span> <span class='ocrx_word' id='word_1_810' title='bbox 2629 4310 2758 4351; x_wconf 87' lang='lat' dir='ltr'><strong>ecce</strong></span> <span class='ocrx_word' id='word_1_811' title='bbox 2806 4294 2940 4350; x_wconf 90' lang='lat' dir='ltr'><strong>nihil</strong></span> <span class='ocrx_word' id='word_1_812' title='bbox 2984 4295 3184 4367; x_wconf 89' lang='lat' dir='ltr'><strong>profuit</strong></span> <span class='ocrx_word' id='word_1_813' title='bbox 3222 4304 3525 4371; x_wconf 88' lang='lat' dir='ltr'><strong>persecutio</strong></span> <span class='ocrx_word' id='word_1_814' title='bbox 3561 4307 3763 4366; x_wconf 71' lang='lat' dir='ltr'><strong>Saulis.</strong></span> 
     </span>
    </p>
   </div>
   <div class='ocr_carea' id='block_1_105' title="bbox 2170 4386 3768 4470">
    <p class='ocr_par' dir='ltr' id='par_1_105' title="bbox 2170 4386 3768 4470">
     <span class='ocr_line' id='line_1_105' title="bbox 2170 4386 3768 4470; baseline -0.001 -24"><span class='ocrx_word' id='word_1_815' title='bbox 2170 4391 2464 4445; x_wconf 77' lang='lat' dir='ltr'><strong>Audiamus</strong></span> <span class='ocrx_word' id='word_1_816' title='bbox 2506 4401 2635 4458; x_wconf 80' lang='lat' dir='ltr'><strong>ergo</strong></span> <span class='ocrx_word' id='word_1_817' title='bbox 2677 4387 2788 4456; x_wconf 89' lang='lat' dir='ltr'><strong>jam</strong></span> <span class='ocrx_word' id='word_1_818' title='bbox 2821 4386 3129 4459; x_wconf 80' lang='lat' dir='ltr'><strong>Psalmum,</strong></span> <span class='ocrx_word' id='word_1_819' title='bbox 3161 4390 3286 4462; x_wconf 85' lang='lat' dir='ltr'><strong>quia</strong></span> <span class='ocrx_word' id='word_1_820' title='bbox 3328 4391 3398 4448; x_wconf 89' lang='lat' dir='ltr'><strong>de</strong></span> <span class='ocrx_word' id='word_1_821' title='bbox 3447 4395 3608 4455; x_wconf 86' lang='lat' dir='ltr'><strong>titulo</strong></span> <span class='ocrx_word' id='word_1_822' title='bbox 3649 4401 3768 4470; x_wconf 61' lang='lat' dir='ltr'><strong>ej“;</strong></span> 
     </span>
    </p>
   </div>
   <div class='ocr_carea' id='block_1_106' title="bbox 2170 4479 3768 4562">
    <p class='ocr_par' dir='ltr' id='par_1_106' title="bbox 2170 4479 3768 4562">
     <span class='ocr_line' id='line_1_106' title="bbox 2170 4479 3768 4562; baseline 0.007 -27"><span class='ocrx_word' id='word_1_823' title='bbox 2170 4482 2302 4536; x_wconf 76' lang='lat' dir='ltr'><strong>satis</strong></span> <span class='ocrx_word' id='word_1_824' title='bbox 2348 4480 2508 4535; x_wconf 90' lang='lat' dir='ltr'><strong>locuti</strong></span> <span class='ocrx_word' id='word_1_825' title='bbox 2536 4494 2743 4545; x_wconf 83' lang='lat' dir='ltr'><strong>sumus,</strong></span> <span class='ocrx_word' id='word_1_826' title='bbox 2771 4487 3027 4549; x_wconf 85' lang='lat' dir='ltr'><strong>quantum</strong></span> <span class='ocrx_word' id='word_1_827' title='bbox 3060 4479 3321 4538; x_wconf 88' lang='lat' dir='ltr'><strong>Dominus</strong></span> <span class='ocrx_word' id='word_1_828' title='bbox 3352 4482 3560 4543; x_wconf 82' lang='lat' dir='ltr'><strong>donare</strong></span> <span class='ocrx_word' id='word_1_829' title='bbox 3587 4487 3768 4562; x_wconf 79' lang='lat' dir='ltr'><strong>digna-</strong></span> 
     </span>
    </p>
   </div>
   <div class='ocr_carea' id='block_1_107' title="bbox 2171 4580 2387 4630">
    <p class='ocr_par' dir='ltr' id='par_1_107' title="bbox 2171 4580 2387 4630">
     <span class='ocr_line' id='line_1_107' title="bbox 2171 4580 2387 4630; baseline -0.009 -1"><span class='ocrx_word' id='word_1_830' title='bbox 2171 4583 2258 4629; x_wconf 90' lang='lat' dir='ltr'><strong>tus</strong></span> <span class='ocrx_word' id='word_1_831' title='bbox 2284 4580 2387 4630; x_wconf 86' lang='lat' dir='ltr'><strong>est.</strong></span> 
     </span>
    </p>
   </div>
   <div class='ocr_carea' id='block_1_108' title="bbox 2240 4663 3764 4741">
    <p class='ocr_par' dir='ltr' id='par_1_108' title="bbox 2240 4663 3764 4741">
     <span class='ocr_line' id='line_1_108' title="bbox 2240 4663 3764 4741; baseline 0.005 -19"><span class='ocrx_word' id='word_1_832' title='bbox 2240 4666 2293 4722; x_wconf 85' lang='lat'><strong>5.</strong></span> <span class='ocrx_word' id='word_1_833' title='bbox 2324 4663 2476 4738; x_wconf 70' lang='grc' dir='ltr'><strong>[κη.</strong></span> <span class='ocrx_word' id='word_1_834' title='bbox 2497 4663 2579 4736; x_wconf 74' lang='lat'><strong>2.]</strong></span> <span class='ocrx_word' id='word_1_835' title='bbox 2609 4663 2849 4719; x_wconf 75' lang='lat' dir='ltr'><strong>Miserere</strong></span> <span class='ocrx_word' id='word_1_836' title='bbox 2872 4665 2987 4727; x_wconf 86' lang='lat' dir='ltr'><strong>mei,</strong></span> <span class='ocrx_word' id='word_1_837' title='bbox 3022 4665 3178 4728; x_wconf 79' lang='lat' dir='ltr'><strong>Deus.</strong></span> <span class='ocrx_word' id='word_1_838' title='bbox 3208 4669 3442 4725; x_wconf 83' lang='lat' dir='ltr'><strong>miserere</strong></span> <span class='ocrx_word' id='word_1_839' title='bbox 3467 4672 3603 4741; x_wconf 87' lang='lat' dir='ltr'><strong>mei,</strong></span> <span class='ocrx_word' id='word_1_840' title='bbox 3633 4692 3764 4741; x_wconf 78' lang='lat' dir='ltr'><strong>quo-</strong></span> 
     </span>
    </p>
   </div>
   <div class='ocr_carea' id='block_1_109' title="bbox 2171 4753 3762 4828">
    <p class='ocr_par' dir='ltr' id='par_1_109' title="bbox 2171 4753 3762 4828">
     <span class='ocr_line' id='line_1_109' title="bbox 2171 4753 3762 4828; baseline 0.006 -17"><span class='ocrx_word' id='word_1_841' title='bbox 2171 4757 2384 4811; x_wconf 57' lang='lat' dir='ltr'><strong>niam&#39;in</strong></span> <span class='ocrx_word' id='word_1_842' title='bbox 2413 4765 2461 4809; x_wconf 85' lang='lat' dir='ltr'><strong>te</strong></span> <span class='ocrx_word' id='word_1_843' title='bbox 2477 4753 2690 4823; x_wconf 75' lang='lat' dir='ltr'><strong>conﬁdit</strong></span> <span class='ocrx_word' id='word_1_844' title='bbox 2708 4755 2880 4808; x_wconf 82' lang='lat' dir='ltr'><strong>anima</strong></span> <span class='ocrx_word' id='word_1_845' title='bbox 2903 4771 3037 4808; x_wconf 77' lang='lat' dir='ltr'><strong>meo.</strong></span> <span class='ocrx_word' id='word_1_846' title='bbox 3063 4755 3308 4814; x_wconf 84' lang='lat' dir='ltr'><strong>Christus</strong></span> <span class='ocrx_word' id='word_1_847' title='bbox 3329 4759 3381 4812; x_wconf 89' lang='lat' dir='ltr'><strong>in</strong></span> <span class='ocrx_word' id='word_1_848' title='bbox 3408 4763 3661 4828; x_wconf 83' lang='lat' dir='ltr'><strong>passione</strong></span> <span class='ocrx_word' id='word_1_849' title='bbox 3677 4766 3762 4820; x_wconf 87' lang='lat' dir='ltr'><strong>di-</strong></span> 
     </span>
    </p>
   </div>
   <div class='ocr_carea' id='block_1_110' title="bbox 2170 4843 3762 4916">
    <p class='ocr_par' dir='ltr' id='par_1_110' title="bbox 2170 4843 3762 4916">
     <span class='ocr_line' id='line_1_110' title="bbox 2170 4843 3762 4916; baseline 0.006 -13"><span class='ocrx_word' id='word_1_850' title='bbox 2170 4849 2264 4914; x_wconf 89' lang='lat' dir='ltr'><strong>cit,</strong></span> <span class='ocrx_word' id='word_1_851' title='bbox 2299 4847 2540 4902; x_wconf 81' lang='lat' dir='ltr'><strong>Miserere</strong></span> <span class='ocrx_word' id='word_1_852' title='bbox 2563 4846 2680 4911; x_wconf 87' lang='lat' dir='ltr'><strong>ntei,</strong></span> <span class='ocrx_word' id='word_1_853' title='bbox 2714 4843 2873 4901; x_wconf 81' lang='lat' dir='ltr'><strong>Deus.</strong></span> <span class='ocrx_word' id='word_1_854' title='bbox 2901 4845 3016 4902; x_wconf 84' lang='lat' dir='ltr'><strong>Deo</strong></span> <span class='ocrx_word' id='word_1_855' title='bbox 3037 4845 3178 4903; x_wconf 89' lang='lat' dir='ltr'><strong>Deus</strong></span> <span class='ocrx_word' id='word_1_856' title='bbox 3201 4849 3349 4916; x_wconf 88' lang='lat' dir='ltr'><strong>dicit,</strong></span> <span class='ocrx_word' id='word_1_857' title='bbox 3385 4851 3626 4910; x_wconf 53' lang='lat' dir='ltr'><strong>Miserae</strong></span> <span class='ocrx_word' id='word_1_858' title='bbox 3643 4859 3762 4914; x_wconf 67' lang='lat' dir='ltr'><strong>mei.</strong></span> 
     </span>
    </p>
   </div>
   <div class='ocr_carea' id='block_1_111' title="bbox 2171 4936 3766 5010">
    <p class='ocr_par' dir='ltr' id='par_1_111' title="bbox 2171 4936 3766 5010">
     <span class='ocr_line' id='line_1_111' title="bbox 2171 4936 3766 5010; baseline 0.009 -20"><span class='ocrx_word' id='word_1_859' title='bbox 2171 4940 2273 5008; x_wconf 91' lang='lat' dir='ltr'><strong>Qui</strong></span> <span class='ocrx_word' id='word_1_860' title='bbox 2304 4954 2426 4994; x_wconf 89' lang='lat' dir='ltr'><strong>eum</strong></span> <span class='ocrx_word' id='word_1_861' title='bbox 2452 4938 2609 4993; x_wconf 85' lang='lat' dir='ltr'><strong>Patre</strong></span> <span class='ocrx_word' id='word_1_862' title='bbox 2637 4936 2922 4993; x_wconf 82' lang='lat' dir='ltr'><strong>miseretur</strong></span> <span class='ocrx_word' id='word_1_863' title='bbox 2949 4937 3054 5005; x_wconf 86' lang='lat' dir='ltr'><strong>tui,</strong></span> <span class='ocrx_word' id='word_1_864' title='bbox 3087 4940 3139 4994; x_wconf 90' lang='lat' dir='ltr'><strong>in</strong></span> <span class='ocrx_word' id='word_1_865' title='bbox 3171 4950 3221 4996; x_wconf 89' lang='lat' dir='ltr'><strong>te</strong></span> <span class='ocrx_word' id='word_1_866' title='bbox 3256 4941 3481 5010; x_wconf 88' lang='lat' dir='ltr'><strong>clamat,</strong></span> <span class='ocrx_word' id='word_1_867' title='bbox 3522 4944 3766 5004; x_wconf 75' lang='lat' dir='ltr'><strong>Miserere</strong></span> 
     </span>
    </p>
   </div>
   <div class='ocr_carea' id='block_1_112' title="bbox 2171 5027 3762 5104">
    <p class='ocr_par' dir='ltr' id='par_1_112' title="bbox 2171 5027 3762 5104">
     <span class='ocr_line' id='line_1_112' title="bbox 2171 5027 3762 5104; baseline 0.006 -19"><span class='ocrx_word' id='word_1_868' title='bbox 2171 5033 2289 5085; x_wconf 80' lang='lat' dir='ltr'><strong>mei.</strong></span> <span class='ocrx_word' id='word_1_869' title='bbox 2322 5030 2533 5085; x_wconf 84' lang='lat' dir='ltr'><strong>Etenim</strong></span> <span class='ocrx_word' id='word_1_870' title='bbox 2553 5029 2697 5099; x_wconf 89' lang='lat' dir='ltr'><strong>quod</strong></span> <span class='ocrx_word' id='word_1_871' title='bbox 2721 5027 2790 5084; x_wconf 89' lang='lat' dir='ltr'><strong>de</strong></span> <span class='ocrx_word' id='word_1_872' title='bbox 2819 5029 2915 5094; x_wconf 87' lang='lat' dir='ltr'><strong>illo</strong></span> <span class='ocrx_word' id='word_1_873' title='bbox 2941 5030 3154 5097; x_wconf 77' lang='lat' dir='ltr'><strong>clamat,</strong></span> <span class='ocrx_word' id='word_1_874' title='bbox 3190 5030 3435 5088; x_wconf 70' lang='lat' dir='ltr'><strong>Miserere</strong></span> <span class='ocrx_word' id='word_1_875' title='bbox 3459 5038 3580 5104; x_wconf 83' lang='lat' dir='ltr'><strong>mei,</strong></span> <span class='ocrx_word' id='word_1_876' title='bbox 3613 5043 3762 5095; x_wconf 78' lang='lat' dir='ltr'><strong>luunt</strong></span> 
     </span>
    </p>
   </div>
   <div class='ocr_carea' id='block_1_113' title="bbox 2171 5119 3766 5191">
    <p class='ocr_par' dir='ltr' id='par_1_113' title="bbox 2171 5119 3766 5191">
     <span class='ocr_line' id='line_1_113' title="bbox 2171 5119 3766 5191; baseline 0.008 -15"><span class='ocrx_word' id='word_1_877' title='bbox 2171 5135 2293 5177; x_wconf 77' lang='lat' dir='ltr'><strong>eet:</strong></span> <span class='ocrx_word' id='word_1_878' title='bbox 2321 5138 2351 5175; x_wconf 78' lang='grc' dir='ltr'><strong>ιι</strong></span> <span class='ocrx_word' id='word_1_879' title='bbox 2383 5128 2435 5176; x_wconf 87' lang='lat' dir='ltr'><strong>te</strong></span> <span class='ocrx_word' id='word_1_880' title='bbox 2464 5119 2567 5175; x_wconf 89' lang='lat' dir='ltr'><strong>boc</strong></span> <span class='ocrx_word' id='word_1_881' title='bbox 2605 5121 2850 5190; x_wconf 89' lang='lat' dir='ltr'><strong>accepit,</strong></span> <span class='ocrx_word' id='word_1_882' title='bbox 2896 5130 3116 5191; x_wconf 86' lang='lat' dir='ltr'><strong>propter</strong></span> <span class='ocrx_word' id='word_1_883' title='bbox 3159 5132 3212 5179; x_wconf 87' lang='lat' dir='ltr'><strong>te</strong></span> <span class='ocrx_word' id='word_1_884' title='bbox 3239 5123 3572 5185; x_wconf 88' lang='lat' dir='ltr'><strong>liberandum</strong></span> <span class='ocrx_word' id='word_1_885' title='bbox 3600 5146 3766 5188; x_wconf 80' lang='lat' dir='ltr'><strong>carne</strong></span> 
     </span>
    </p>
   </div>
   <div class='ocr_carea' id='block_1_114' title="bbox 2172 5211 3760 5288">
    <p class='ocr_par' dir='ltr' id='par_1_114' title="bbox 2172 5211 3760 5288">
     <span class='ocr_line' id='line_1_114' title="bbox 2172 5211 3760 5288; baseline 0.005 -22"><span class='ocrx_word' id='word_1_886' title='bbox 2172 5212 2386 5266; x_wconf 88' lang='lat' dir='ltr'><strong>indutus</strong></span> <span class='ocrx_word' id='word_1_887' title='bbox 2410 5221 2514 5267; x_wconf 86' lang='lat' dir='ltr'><strong>est.</strong></span> <span class='ocrx_word' id='word_1_888' title='bbox 2544 5211 2682 5266; x_wconf 87' lang='lat' dir='ltr'><strong>Caro</strong></span> <span class='ocrx_word' id='word_1_889' title='bbox 2711 5212 2823 5280; x_wconf 89' lang='lat' dir='ltr'><strong>ipsa</strong></span> <span class='ocrx_word' id='word_1_890' title='bbox 2852 5211 3085 5279; x_wconf 85' lang='lat' dir='ltr'><strong>clamat,</strong></span> <span class='ocrx_word' id='word_1_891' title='bbox 3131 5212 3372 5270; x_wconf 66' lang='lat' dir='ltr'><strong>Miserere</strong></span> <span class='ocrx_word' id='word_1_892' title='bbox 3405 5219 3509 5272; x_wconf 68' lang='grc' dir='ltr'><strong>’νηοὶ</strong></span> <span class='ocrx_word' id='word_1_893' title='bbox 3532 5262 3548 5283; x_wconf 89' lang='grc'><strong>,</strong></span> <span class='ocrx_word' id='word_1_894' title='bbox 3583 5219 3721 5278; x_wconf 71' lang='lat' dir='ltr'><strong>Dens</strong></span> <span class='ocrx_word' id='word_1_895' title='bbox 3744 5264 3760 5288; x_wconf 86' lang='lat'><strong>,</strong></span> 
     </span>
    </p>
   </div>
   <div class='ocr_carea' id='block_1_115' title="bbox 2172 5300 3761 5370">
    <p class='ocr_par' dir='ltr' id='par_1_115' title="bbox 2172 5300 3761 5370">
     <span class='ocr_line' id='line_1_115' title="bbox 2172 5300 3761 5370; baseline 0.008 -13"><span class='ocrx_word' id='word_1_896' title='bbox 2172 5304 2407 5357; x_wconf 85' lang='lat' dir='ltr'><strong>miserere</strong></span> <span class='ocrx_word' id='word_1_897' title='bbox 2430 5302 2528 5356; x_wconf 81' lang='lat' dir='ltr'><strong>mei</strong></span> <span class='ocrx_word' id='word_1_898' title='bbox 2546 5318 2566 5354; x_wconf 89' lang='lat'><strong><em>:</em></strong></span> <span class='ocrx_word' id='word_1_899' title='bbox 2581 5300 2743 5356; x_wconf 87' lang='lat' dir='ltr'><strong>homo</strong></span> <span class='ocrx_word' id='word_1_900' title='bbox 2768 5301 2902 5370; x_wconf 88' lang='lat' dir='ltr'><strong>ipse,</strong></span> <span class='ocrx_word' id='word_1_901' title='bbox 2926 5303 3102 5358; x_wconf 79' lang='lat' dir='ltr'><strong>anima</strong></span> <span class='ocrx_word' id='word_1_902' title='bbox 3123 5313 3179 5358; x_wconf 88' lang='lat' dir='ltr'><strong>et</strong></span> <span class='ocrx_word' id='word_1_903' title='bbox 3198 5306 3218 5335; x_wconf 83' lang='lat'>&#39;</span> <span class='ocrx_word' id='word_1_904' title='bbox 3239 5319 3384 5360; x_wconf 83' lang='lat' dir='ltr'><strong>caro.</strong></span> <span class='ocrx_word' id='word_1_905' title='bbox 3402 5305 3595 5365; x_wconf 75' lang='lat' dir='ltr'><strong>Totum</strong></span> <span class='ocrx_word' id='word_1_906' title='bbox 3617 5313 3761 5369; x_wconf 87' lang='lat' dir='ltr'><strong>enim</strong></span> 
     </span>
    </p>
   </div>
   <div class='ocr_carea' id='block_1_116' title="bbox 2173 5390 3762 5463">
    <p class='ocr_par' dir='ltr' id='par_1_116' title="bbox 2173 5390 3762 5463">
     <span class='ocr_line' id='line_1_116' title="bbox 2173 5390 3762 5463; baseline 0.008 -16"><span class='ocrx_word' id='word_1_907' title='bbox 2173 5393 2447 5448; x_wconf 81' lang='lat' dir='ltr'><strong>hominem</strong></span> <span class='ocrx_word' id='word_1_908' title='bbox 2473 5392 2712 5463; x_wconf 87' lang='lat' dir='ltr'><strong>suscepit</strong></span> <span class='ocrx_word' id='word_1_909' title='bbox 2739 5390 2996 5456; x_wconf 71' lang='lat' dir='ltr'><strong>Verbum,</strong></span> <span class='ocrx_word' id='word_1_910' title='bbox 3018 5402 3074 5448; x_wconf 82' lang='lat' dir='ltr'><strong>et</strong></span> <span class='ocrx_word' id='word_1_911' title='bbox 3100 5404 3243 5452; x_wconf 89' lang='lat' dir='ltr'><strong>totus</strong></span> <span class='ocrx_word' id='word_1_912' title='bbox 3278 5396 3441 5454; x_wconf 86' lang='lat' dir='ltr'><strong>homo</strong></span> <span class='ocrx_word' id='word_1_913' title='bbox 3478 5400 3651 5458; x_wconf 82' lang='lat' dir='ltr'><strong>factus</strong></span> <span class='ocrx_word' id='word_1_914' title='bbox 3678 5417 3762 5460; x_wconf 86' lang='lat' dir='ltr'><strong>est</strong></span> 
     </span>
    </p>
   </div>
   <div class='ocr_carea' id='block_1_117' title="bbox 2174 5471 3758 5564">
    <p class='ocr_par' dir='ltr' id='par_1_117' title="bbox 2174 5471 3758 5564">
     <span class='ocr_line' id='line_1_117' title="bbox 2174 5471 3758 5564; baseline 0.006 -25"><span class='ocrx_word' id='word_1_915' title='bbox 2174 5471 2428 5541; x_wconf 80' lang='lat' dir='ltr'><strong>Verbum.</strong></span> <span class='ocrx_word' id='word_1_916' title='bbox 2460 5483 2540 5539; x_wconf 79' lang='lat' dir='ltr'><strong>Ne</strong></span> <span class='ocrx_word' id='word_1_917' title='bbox 2559 5483 2685 5540; x_wconf 90' lang='lat' dir='ltr'><strong>ideo</strong></span> <span class='ocrx_word' id='word_1_918' title='bbox 2713 5491 2927 5553; x_wconf 89' lang='lat' dir='ltr'><strong>putetur</strong></span> <span class='ocrx_word' id='word_1_919' title='bbox 2952 5500 3057 5539; x_wconf 89' lang='lat' dir='ltr'><strong>non</strong></span> <span class='ocrx_word' id='word_1_920' title='bbox 3082 5486 3154 5541; x_wconf 89' lang='lat' dir='ltr'><strong>ibi</strong></span> <span class='ocrx_word' id='word_1_921' title='bbox 3178 5487 3340 5544; x_wconf 86' lang='lat' dir='ltr'><strong>fuisse</strong></span> <span class='ocrx_word' id='word_1_922' title='bbox 3364 5491 3618 5564; x_wconf 74' lang='lat' dir='ltr'><strong>animam,</strong></span> <span class='ocrx_word' id='word_1_923' title='bbox 3635 5501 3758 5564; x_wconf 80' lang='lat' dir='ltr'><strong>quia</strong></span> 
     </span>
    </p>
   </div>
   <div class='ocr_carea' id='block_1_118' title="bbox 2172 5565 3750 5649">
    <p class='ocr_par' dir='ltr' id='par_1_118' title="bbox 2172 5565 3750 5649">
     <span class='ocr_line' id='line_1_118' title="bbox 2172 5565 3750 5649; baseline 0.004 -16"><span class='ocrx_word' id='word_1_924' title='bbox 2172 5565 2496 5645; x_wconf 76' lang='lat' dir='ltr'><strong>evangelista</strong></span> <span class='ocrx_word' id='word_1_925' title='bbox 2529 5573 2600 5629; x_wconf 91' lang='lat' dir='ltr'><strong>ita</strong></span> <span class='ocrx_word' id='word_1_926' title='bbox 2625 5574 2755 5629; x_wconf 89' lang='lat' dir='ltr'><strong>dicit</strong></span> <span class='ocrx_word' id='word_1_927' title='bbox 2780 5594 2796 5630; x_wconf 90' lang='lat'><strong>:</strong></span> <span class='ocrx_word' id='word_1_928' title='bbox 2831 5573 3044 5629; x_wconf 80' lang='lat' dir='ltr'><strong>Verbum</strong></span> <span class='ocrx_word' id='word_1_929' title='bbox 3063 5593 3183 5631; x_wconf 81' lang='lat' dir='ltr'><strong>caro</strong></span> <span class='ocrx_word' id='word_1_930' title='bbox 3207 5579 3400 5649; x_wconf 71' lang='lat' dir='ltr'><strong>factum</strong></span> <span class='ocrx_word' id='word_1_931' title='bbox 3425 5594 3519 5646; x_wconf 90' lang='lat' dir='ltr'><strong>est,</strong></span> <span class='ocrx_word' id='word_1_932' title='bbox 3547 5595 3596 5638; x_wconf 80' lang='lat' dir='ltr'><strong>et</strong></span> <span class='ocrx_word' id='word_1_933' title='bbox 3615 5586 3750 5639; x_wconf 74' lang='lat' dir='ltr'><strong>[tabi-</strong></span> 
     </span>
    </p>
   </div>
   <div class='ocr_carea' id='block_1_119' title="bbox 2233 5685 3608 5758">
    <p class='ocr_par' dir='ltr' id='par_1_119' title="bbox 2233 5685 3608 5758">
     <span class='ocr_line' id='line_1_119' title="bbox 2233 5685 3608 5758; baseline 0.006 -23"><span class='ocrx_word' id='word_1_934' title='bbox 2233 5689 2255 5758; x_wconf 63' lang='grc' dir='ltr'><strong>ξ</strong></span> <span class='ocrx_word' id='word_1_935' title='bbox 2445 5685 2628 5758; x_wconf 78' lang='lat' dir='ltr'><strong>quare?</strong></span> <span class='ocrx_word' id='word_1_936' title='bbox 2646 5685 2774 5756; x_wconf 69' lang='lat' dir='ltr'><strong>prtia</strong></span> <span class='ocrx_word' id='word_1_937' title='bbox 2790 5697 2958 5758; x_wconf 70' lang='lat' dir='ltr'><strong>usque,</strong></span> <span class='ocrx_word' id='word_1_938' title='bbox 2983 5694 3078 5738; x_wconf 90' lang='lat' dir='ltr'><strong>etc.</strong></span> <span class='ocrx_word' id='word_1_939' title='bbox 3106 5687 3271 5758; x_wconf 49' lang='lat' dir='ltr'><strong>abest.</strong></span> <span class='ocrx_word' id='word_1_940' title='bbox 3295 5691 3427 5756; x_wconf 74' lang='lat' dir='ltr'><strong>quia,</strong></span> <span class='ocrx_word' id='word_1_941' title='bbox 3449 5706 3476 5742; x_wconf 88' lang='lat' dir='ltr'><strong>a</strong></span> <span class='ocrx_word' id='word_1_942' title='bbox 3497 5701 3608 5758; x_wconf 55' lang='lat' dir='ltr'><strong>iis.</strong></span> 
     </span>
    </p>
   </div>
   <div class='ocr_carea' id='block_1_120' title="bbox 2235 5749 3760 5820">
    <p class='ocr_par' dir='ltr' id='par_1_120' title="bbox 2235 5749 3760 5820">
     <span class='ocr_line' id='line_1_120' title="bbox 2235 5749 3760 5820; baseline 0.01 -23"><span class='ocrx_word' id='word_1_943' title='bbox 2235 5752 2256 5782; x_wconf 82' lang='grc'>³</span> <span class='ocrx_word' id='word_1_944' title='bbox 2291 5749 2425 5820; x_wconf 60' lang='lat' dir='ltr'><strong>tedd._,</strong></span> <span class='ocrx_word' id='word_1_945' title='bbox 2449 5749 2551 5810; x_wconf 86' lang='lat' dir='ltr'><strong>ipse</strong></span> <span class='ocrx_word' id='word_1_946' title='bbox 2573 5749 2734 5820; x_wconf 60' lang='lat' dir='ltr'><strong>quinte</strong></span> <span class='ocrx_word' id='word_1_947' title='bbox 2754 5754 2825 5820; x_wconf 69' lang='lat' dir='ltr'><strong>est</strong></span> <span class='ocrx_word' id='word_1_948' title='bbox 2855 5755 2903 5800; x_wconf 85' lang='lat' dir='ltr'><strong>et</strong></span> <span class='ocrx_word' id='word_1_949' title='bbox 2934 5761 3070 5820; x_wconf 82' lang='lat' dir='ltr'><strong>caro.</strong></span> <span class='ocrx_word' id='word_1_950' title='bbox 3106 5749 3360 5816; x_wconf 69' lang='lat' dir='ltr'><strong>Expung&#39;e,</strong></span> <span class='ocrx_word' id='word_1_951' title='bbox 3383 5749 3475 5817; x_wconf 74' lang='lat' dir='ltr'><strong>est,</strong></span> <span class='ocrx_word' id='word_1_952' title='bbox 3486 5756 3629 5820; x_wconf 71' lang='lat' dir='ltr'><strong>juxta</strong></span> <span class='ocrx_word' id='word_1_953' title='bbox 3649 5765 3760 5812; x_wconf 58' lang='grc' dir='ltr'>ω</span> 
     </span>
    </p>
   </div>
   <div class='ocr_carea' id='block_1_121' title="bbox 2174 5807 2970 5874">
    <p class='ocr_par' dir='ltr' id='par_1_121' title="bbox 2174 5807 2970 5874">
     <span class='ocr_line' id='line_1_121' title="bbox 2174 5807 2970 5874; baseline -0.003 -12"><span class='ocrx_word' id='word_1_954' title='bbox 2174 5811 2380 5874; x_wconf 78' lang='lat' dir='ltr'><strong>ejusque</strong></span> <span class='ocrx_word' id='word_1_955' title='bbox 2402 5807 2510 5860; x_wconf 81' lang='lat' dir='ltr'><strong>loco</strong></span> <span class='ocrx_word' id='word_1_956' title='bbox 2531 5809 2754 5870; x_wconf 83' lang='lat' dir='ltr'><strong>subaudi,</strong></span> <span class='ocrx_word' id='word_1_957' title='bbox 2775 5807 2970 5864; x_wconf 81' lang='lat' dir='ltr'><strong>clamat.</strong></span> 
     </span>
    </p>
   </div>
  </div>
