3968 6398
174 494 277 553 665

175 615 291 669 tavit
317 616 369 668 in
396 612 539 667 nobis
560 608 741 684 (Joan.
768 625 807 676 l,
834 607 941 680 ιι).
969 607 1177 664 Etenim
1204 608 1404 662 dicitur
1425 620 1552 661 caro
1575 604 1757 669 homo,

174 708 309 760 sicut
346 706 455 762 alio
500 704 619 761 loco
664 704 795 759 dicit
836 703 1132 773 Scriptura,
1163 700 1229 755 Et
1252 701 1433 756 videbit
1455 698 1619 755 omnis
1642 714 1763 752 caro

174 797 395 849 salutare
431 793 527 848 Det
549 793 700 867 (Isai.
742 809 831 860 ιι,
861 794 933 856 5;
966 791 1097 845 Luc.
1120 806 1175 846 ιιι
1198 833 1213 855 ,
1244 791 1323 862 6).
1345 788 1608 860 Numquid
1638 802 1765 842 caro

174 888 286 942 sola
313 886 531 951 videbit,
568 897 620 941 et
652 887 826 941 anima
859 885 929 939 ibi
963 900 1069 939 non
1097 884 1237 938 erit?
1268 883 1461 936 Iterum
1490 883 1614 935 dicit
1649 881 1763 947 ipse

178 980 433 1035 Dominus
477 980 545 1035 de
586 978 890 1033 hominibus
918 976 1112 1053 :_Sicut
1150 976 1333 1030 dedisti
1376 975 1423 1029 ei
1469 984 1763 1046 potestatem

175 1073 338 1127 omnis
376 1074 546 1127 carnis
572 1070 772 1145 (Joan.
798 1087 929 1135 xvu,
958 1067 1052 1141 2).
1082 1068 1347 1138 Numquid
1376 1070 1426 1122 in
1454 1067 1618 1121 solam
1643 1081 1764 1120 car-

176 1179 297 1218 nem
318 1158 604 1233 acceperat
636 1172 972 1231 potestatem,
995 1171 1049 1216 et
1078 1175 1182 1213 non
1208 1160 1439 1213 maxime
1461 1159 1512 1211 in
1536 1157 1763 1223 animas,

175 1272 309 1327 quas
342 1256 585 1326 primitus
614 1255 910 1311 liberabat?
932 1256 1071 1325 Ergo
1098 1254 1166 1308 ibi
1190 1264 1305 1307 erat
1329 1252 1526 1316 anima,
1558 1249 1628 1303 ibi
1650 1258 1767 1304 erat

118 1345 125 1350 ’
177 1365 302 1403 raro
324 1391 341 1414 ,
376 1349 445 1403 ibi
476 1358 617 1404 totus
640 1349 832 1414 homo;
864 1359 916 1403 ct
944 1358 1085 1403 lotus
1126 1346 1289 1402 homo
1318 1361 1438 1400 cum
1468 1344 1646 1399 Verbo
1667 1385 1683 1406 ,
1712 1352 1767 1397 et

181 1439 411 1495 Verbum
434 1456 553 1495 cum
573 1440 811 1507 homine,
829 1453 883 1495 et
904 1440 1064 1493 homo
1085 1448 1139 1494 et
1160 1437 1392 1492 Verbum
1418 1451 1554 1490 unus
1579 1434 1762 1499 homo,

178 1543 229 1587 et
259 1533 497 1590 Verbum
525 1543 578 1588 et
609 1533 773 1589 homo
802 1546 941 1588 unus
971 1531 1135 1586 Deus.
1170 1531 1320 1584 Dicat
1347 1544 1496 1599 ergo,
1525 1525 1768 1580 Miserere

178 1625 295 1683 mei.
328 1624 482 1685 Deus,
510 1626 744 1681 miserere
773 1627 890 1679 mei.
910 1624 1027 1680 Non
1054 1637 1474 1693 expavescamus
1499 1636 1659 1675 voces
1677 1635 1768 1688 pe-

179 1717 341 1771 tentis
383 1716 804 1772 misericordiam
836 1724 892 1771 et
922 1715 1243 1770 exbibentis.
1277 1713 1402 1767 ideo
1428 1714 1570 1768 enim
1604 1712 1763 1780 petit,

176 1805 299 1875 quia
331 1807 548 1861 exhibet
577 1824 592 1863 :
620 1808 688 1861 ad
721 1806 822 1862 hoc
848 1806 991 1862 enim
1035 1806 1196 1862 homo
1217 1848 1230 1868 .
1274 1805 1396 1875 quia
1427 1804 1763 1869 misericors;

178 1914 285 1951 non
312 1909 367 1951 ιιι
396 1899 720 1955 conditionis
750 1900 1070 1955 necessitate
1096 1908 1427 1959 nasceretur.
1458 1897 1552 1954 sed
1580 1909 1638 1951 ut
1672 1912 1768 1951 nos

177 1988 247 2043 de
289 1988 597 2046 conditione
649 1990 984 2047 necessitatis
1028 1989 1299 2045 liberaret.
1353 1988 1590 2045 Miserere
1639 1990 1765 2056 mei,

181 2080 339 2145 Dens,
374 2081 607 2137 miserere
628 2083 725 2136 mei
743 2125 757 2149 ,
796 2081 1035 2156 quoniam
1058 2082 1111 2135 in
1137 2092 1184 2136 te
1206 2080 1417 2148 conﬁdit
1437 2082 1521 2133 ani
1528 2098 1609 2134 ma
1634 2095 1765 2134 mea.

179 2172 349 2227 Audis
374 2174 686 2245 magistrum
714 2182 990 2238 orantem,
1014 2172 1160 2228 disce
1186 2188 1362 2229 orare.
1394 2173 1471 2227 Ad
1501 2174 1601 2228 hoc
1625 2172 1767 2227 enim

177 2268 393 2329 oravit,
425 2276 485 2321 ut
508 2266 727 2321 doceret
751 2281 909 2322 orare
932 2283 947 2321 :
971 2266 1095 2338 quia
1127 2266 1191 2320 ad
1226 2266 1328 2322 hoc
1353 2279 1541 2335 passus
1565 2273 1648 2320 est
1669 2306 1681 2329 ,
1711 2273 1770 2318 ut

177 2358 403 2414 doceret
431 2360 537 2429 pati
562 2376 577 2427 ;
605 2357 672 2415 ad
703 2360 810 2416 hoc
848 2361 1184 2428 resurrexit,
1215 2368 1275 2414 ut
1306 2358 1525 2414 doceret
1551 2372 1771 2428 Sperare

178 2452 654 2507 resurrectionem.

251 2542 306 2598 6.
337 2540 407 2596 Et
433 2543 486 2597 in
509 2542 690 2597 umbra
709 2542 908 2598 alarum
926 2550 1129 2597 tuarum
1151 2534 1365 2613 sperabo
1380 2582 1394 2608 ,
1418 2540 1577 2594 donec
1600 2548 1770 2593 trans-

174 2645 261 2691 eat
288 2635 546 2705 iniquitas.
574 2634 688 2690 Hoc
718 2634 873 2702 plane
902 2632 1012 2705 jam
1041 2643 1185 2689 totus
1212 2631 1458 2688 Christus
1483 2630 1656 2686 dixit:
1685 2629 1773 2685 hic

177 2734 268 2782 cst
292 2733 347 2781 et
370 2741 472 2781 vox
500 2736 708 2786 nostra.
742 2725 861 2781 Non
901 2724 1043 2780 enim
1084 2726 1192 2794 jam
1232 2724 1442 2779 transiit
1483 2720 1768 2791 iniquitas,

174 2816 360 2871 adhuc
386 2816 556 2872 fervet
582 2816 857 2886 iniquitas.
892 2815 958 2870 Et
988 2814 1041 2869 in
1074 2814 1177 2871 iine
1212 2812 1346 2870 dixit
1375 2813 1490 2882 ipse
1519 2810 1773 2867 Dominus

176 2908 559 2964 abundantiam
584 2908 815 2965 futuram
840 2906 1135 2978 iniquitatis
1158 2924 1175 2964 :
1197 2905 1265 2961 Et
1284 2906 1520 2977 quoniam
1545 2904 1776 2959 abunda-

177 3001 252 3054 bit
289 2999 530 3071 iniquitas
548 3043 563 3064 ,
589 3000 876 3073 refrigescet
902 2999 1125 3054 charitas
1164 2998 1464 3063 multorum;
1493 2997 1578 3069 qui
1607 3008 1773 3051 autem

178 3091 577 3163 perseveraverit
609 3108 770 3164 usque
808 3091 861 3147 in
904 3091 1079 3162 ﬁnem,
1120 3092 1203 3145 hic
1238 3089 1409 3145 salvus
1434 3090 1527 3143 erit
1559 3088 1772 3159 (Matth.

174 3199 330 3246 utr,
375 3183 445 3239 12
464 3183 504 3255 ).
544 3183 677 3252 Quis
702 3192 882 3239 autem
908 3183 1268 3253 perseverabit
1299 3198 1468 3253 usque
1507 3182 1559 3239 in
1590 3183 1770 3248 linem,

175 3274 529 3347 quoadusque
554 3285 793 3332 transeat
822 3276 1115 3351 iniquitas?
1140 3274 1239 3342 Qui
1287 3275 1441 3330 i'uerit
1486 3275 1537 3329 in
1577 3275 1773 3329 Christi

174 3381 433 3436 corpore,
459 3367 551 3439 qui
578 3367 740 3423 fuerit
760 3368 815 3423 in
839 3367 1096 3424 membris
1116 3366 1337 3431 Christi,
1368 3376 1421 3422 et
1441 3382 1470 3419 a
1493 3368 1665 3437 capite
1687 3366 1774 3419 di-

174 3459 378 3515 dicerit
418 3459 728 3528 patientiam
771 3458 1170 3531 perseverandi.
1193 3458 1418 3514 Transis
1449 3467 1523 3522 ιιι,
1559 3468 1612 3511 et
1649 3472 1776 3513 ecce

177 3550 515 3608 transierunt
554 3551 873 3607 tentationes
900 3560 1035 3615 tute;
1080 3560 1133 3606 et
1173 3550 1217 3604 is
1245 3551 1297 3604 in
1327 3550 1484 3603 aliam
1513 3548 1674 3601 vitam
1719 3548 1774 3603 in

176 3657 346 3713 quam
372 3641 550 3697 ierunt
572 3640 767 3707 sancti,
797 3640 841 3694 si
873 3649 1092 3696 sanctus
1120 3637 1303 3696 fueris.
1335 3636 1389 3693 ln
1411 3638 1568 3693 aliam
1601 3638 1777 3692 ierunt

177 3741 453 3803 martyres
478 3746 494 3786 :
518 3730 565 3784 si
592 3741 795 3803 martyr
819 3727 1007 3795 fueris,
1045 3730 1091 3785 is
1132 3737 1188 3785 et
1218 3737 1273 3783 tu
1314 3729 1368 3783 in
1405 3728 1562 3781 aliam
1591 3727 1773 3781 vitam.

174 3822 456 3895 Numquid
480 3823 603 3894 quia
626 3834 681 3878 tu
704 3822 940 3879 transisti
964 3822 1107 3888 hinc,
1137 3830 1414 3893 propterea
1435 3819 1545 3890 jam
1569 3820 1779 3875 transiit

177 3916 483 3989 iniquitas?
511 3913 818 3973 Nascuntur
842 3915 934 3970 alii
960 3915 1164 3986 iniqui,
1191 3915 1331 3971 sicut
1359 3915 1662 3969 moriuntur
1687 3913 1778 3969 alii

178 3998 693 4081 iniqui.Quomodo
734 4022 866 4077 ergo
905 4010 993 4065 alii
1034 4006 1199 4079 iniqui
1230 4009 1567 4076 ‘moriuntur,
1596 4018 1650 4062 et
1688 4009 1776 4063 alii

179 4111 519 4166 nascuntur;
542 4099 621 4155 sic
643 4100 733 4156 alii
750 4099 879 4169 justi
901 4108 1051 4167 eunt,
1074 4108 1129 4155 et
1148 4100 1237 4154 alii
1266 4110 1574 4155 nascuntur.
1603 4098 1779 4169 Usque

178 4196 238 4251 in
275 4185 651 4249 iinenismculi
682 4206 787 4248 nec
830 4190 1080 4261 iniquitas
1129 4190 1300 4247 deerit
1349 4204 1636 4260 premens,
1681 4206 1781 4246 nec

173 4286 391 4357 iustitia
419 4283 648 4354 patiens.
674 4280 740 4338 Et
764 4298 818 4337 tn
846 4282 1026 4337 untbra
1050 4268 1251 4337 alarum
1285 4293 1488 4335 tuarum
1532 4279 1742 4350 sperabo
1761 4322 1776 4348 ,

178 4380 348 4435 donec
378 4385 601 4432 transeat
620 4374 902 4451 iniquitas:
925 4374 977 4430 id
1002 4383 1108 4440 est,
1140 4384 1193 4429 tu
1221 4383 1469 4444 proteges
1497 4389 1583 4428 me
1602 4415 1616 4436 .
1644 4383 1697 4429 et
1722 4382 1783 4428 ut

181 4470 255 4524 ab
282 4477 419 4523 :cstu
442 4468 733 4537 iniquitatis
759 4481 863 4521 non
890 4480 1151 4533 arescant,
1174 4473 1229 4519 tu
1254 4464 1616 4520 umbraculum
1641 4478 1782 4535 prae-

181 4560 343 4617 bebis
374 4557 521 4614 mihi.

256 4653 315 4709 7.
340 4649 494 4724 iners.
517 4645 597 4722 3.]
621 4647 862 4703 Clamabo
879 4646 949 4701 ad
973 4632 1143 4701 Ι)ωηὶ
1156 4645 1457 4699 altissimum
1505 4644 1559 4705 Si
1589 4642 1786 4698 altissi-

182 4759 310 4800 mus
336 4752 441 4804 est,
461 4739 729 4812 quomodo
749 4739 897 4794 audit
920 4748 972 4793 te
996 4736 1349 4820 clamantem?
1368 4736 1496 4792 Nata
1520 4746 1600 4792 est
1617 4752 1782 4806 cxpe-

182 4837 428 4891 rimeuto
454 4832 680 4891 ﬁducia:
710 4828 872 4885 Deum
891 4873 907 4898 ,
940 4829 1141 4900 inquit,
1170 4828 1258 4899 qui
1276 4828 1518 4901 bene/coit
1554 4827 1697 4883 mihi.
1723 4825 1782 4883 Si

182 4934 483 4995 antequam
517 4938 639 4978 cum
665 4938 961 4992 qumrerem
991 4920 1254 4997 benei'ecit
1277 4918 1405 4974 mihi
1427 4963 1441 4982 ,
1463 4919 1805 4974 clamantem.

182 5032 278 5074 me
323 5030 430 5071 non
470 5012 751 5083 exaudiet?
788 5012 933 5068 Bene
972 5018 1114 5066 enim
1162 5010 1317 5066 nobis
1361 5010 1483 5067 fecit
1530 5011 1785 5066 Dominus

178 5111 347 5169 'Deus
361 5105 634 5164 mittendo
644 5105 797 5171 nobis
818 5104 1409 5173 Salvatoremnostrum
1431 5101 1613 5158 Jesum
1631 5101 1784 5157 Chri-
1810 5157 1816 5164 _

184 5216 371 5264 stum,
399 5211 457 5254 ut
494 5207 793 5254 moreretur
820 5195 1250 5268 propter‘delicta
1282 5205 1461 5249 nostra
1480 5237 1494 5257 ,
1521 5204 1575 5249 et
1600 5209 1782 5251 resur-

184 5300 347 5363 geret
375 5300 595 5363 propter
613 5288 1045 5359 justiticationem
1078 5286 1315 5341 nostram
1344 5286 1362 5356 (
1380 5286 1529 5353 Roiu.
1564 5302 1636 5349 lli,
1662 5286 1783 5356 25).

186 5386 304 5443 Pro
328 5382 577 5454 qualibus
616 5381 750 5436 mori
783 5380 956 5435 voluit
988 5374 1181 5434 Filium
1222 5377 1543 5448 suumiPro
1587 5372 1784 5447 impiis.

186 5475 352 5547 impii
378 5482 554 5529 autem
585 5486 693 5528 non
720 5470 1031 5543 quaerebant
1057 5470 1222 5523 Deum
1241 5512 1256 5532 ,
1284 5476 1338 5522 et
1368 5467 1582 5551 qumsiti.
1604 5476 1729 5522 sunt
1755 5483 1785 5522 a

186 5568 330 5624 Deo.
359 5563 454 5622 Sic
487 5573 573 5619 est
612 5578 743 5634 ergo
783 5562 872 5617 ille
910 5560 1229 5622 altissimus,
1262 5556 1319 5613 ut
1349 5567 1452 5612 non
1492 5560 1563 5617 sit
1598 5558 1666 5613 ab
1696 5558 1788 5613 illo

189 5634 357 5729 longe
393 5655 611 5712 miseria
650 5639 827 5708 nostra
857 5662 908 5706 et
934 5634 1161 5722 gemitus
1202 5661 1415 5714 uoster;
1455 5650 1577 5720 quia
1624 5666 1788 5719 prope

186 5762 280 5808 est
307 5734 565 5805 Dominus
590 5746 675 5803 his
692 5747 785 5816 qui.
802 5746 1135 5800 obtriverunt
1154 5741 1437 5816 ἀοι-(Ριαι.
1463 5752 1655 5807 sum,
1674 5743 1784 5813 19).

192 5845 446 5900 Clamabo
470 5841 539 5893 nd
553 5838 713 5893 Deum
732 5838 1054 5905 altissimum,
1088 5835 1246 5889 Deum
1266 5823 1352 5901 qui
1377 5836 1618 5904 benefacit
1640 5836 1785 5889 mihi.

266 5936 328 5993 8.
357 5932 511 6008 [ειη.
534 5913 697 6002 ι,’5.]
722 5929 863 5985 Misit
883 5929 948 5983 de
965 5929 1110 5994 mlo,
1134 5939 1178 5983 et
1199 5928 1391 5983 salvum
1408 5928 1529 5996 fecit
1550 5944 1645 5981 me.
1669 5926 1783 6012 iam

1272 476 1663 541 ENARRATIO
1704 473 1766 529 lN
1804 471 2131 535 PSALMULI
2172 480 2305 537 LVI.

3351 506 3455 561 666

1873 598 2033 656 homo
2063 604 2196 673 ipse,
2227 606 2336 673 iam
2364 621 2494 665 caro
2522 611 2635 681 ipsa
2656 654 2674 679 ,
2699 616 2807 684 jam
2836 616 2999 674 Filius
3023 620 3137 684 Dei.
3161 627 3454 681 secundum

1872 704 2111 749 nostram
2142 699 2603 770 participationem
2636 708 2970 763 manifestum
2989 723 3091 778 est,
3122 716 3244 785 quia
3272 714 3455 772 salva-

1874 796 1959 840 tus
1978 798 2079 851 est,
2102 799 2154 845 et
2180 791 2322 845 misit
2346 792 2414 848 de
2432 796 2569 851 cmlo
2592 795 2770 866 Pater,
2798 808 2852 855 et
2879 802 3101 860 saivavit
3128 821 3284 873 eum;
3314 810 3458 865 misit

1870 882 1939 936 de
1965 885 2103 938 rosio
2131 893 2187 940 et
2208 888 2546 943 resuscitavit
2588 907 2711 946 eum
2737 910 2752 946 :
2782 894 2876 949 sed
2922 906 2978 949 ut
3030 900 3285 956 noveritis
3337 902 3459 972 quia

1873 984 1925 1027 et
1973 976 2085 1042 ipse
2112 976 2369 1032 Dominus
2411 995 2470 1034 se
2508 983 2875 1051 resuscitavit;
2902 995 3187 1060 utrumque
3229 993 3459 1063 positum

1871 1077 1953 1120 est
2008 1067 2059 1119 in
2108 1067 2402 1139 Scriptura,
2431 1074 2550 1142 quia
2601 1082 2658 1129 et
2692 1076 2849 1133 Pater
2893 1079 3041 1134 illum
3091 1085 3464 1152 resuscitavit,

1871 1167 1927 1214 et
1979 1163 2101 1229 quia
2165 1163 2280 1229 ipse
2332 1180 2392 1220 se
2447 1169 2805 1229 resuscitavit.
2857 1171 3054 1228 Audite
3114 1176 3237 1245 quia
3306 1176 3468 1234 Pater

1872 1250 2020 1304 illum
2071 1256 2406 1310 resuscitavit
2434 1275 2447 1309 :
2475 1260 2765 1328 Apostolus
2814 1262 2971 1326 dicit,
3016 1262 3212 1321 Factus
3254 1278 3354 1327 est.
3386 1269 3469 1322 in-

1872 1343 2005 1413 quit,
2052 1344 2288 1399 obediens
2328 1363 2486 1417 usque
2528 1350 2597 1403 ad
2640 1361 2869 1418 mortem,
2900 1364 3110 1409 mortem
3146 1365 3315 1410 autem
3343 1375 3465 1411 cru-

1871 1433 1943 1485 cis
1966 1447 1985 1486 :
2012 1446 2216 1506 propter
2242 1438 2377 1507 quod
2404 1450 2450 1492 et
2481 1438 2618 1495 Deus
2659 1458 2774 1497 eum
2814 1445 3073 1509 exaltaoit,
3093 1456 3141 1501 et
3179 1447 3384 1503 donavit
3418 1450 3471 1505 ei

1872 1538 2053 1577 nomen
2081 1528 2216 1595 quod
2238 1537 2312 1580 est
2349 1546 2501 1597 super
2528 1548 2679 1585 onme
2713 1548 2831 1586 nom
2850 1552 2893 1585 ἠ
2923 1532 3179 1607 (Philipp.
3204 1552 3263 1602 tt,
3286 1538 3340 1603 8,
3365 1538 3460 1606 9).

1874 1614 2114 1670 Audistis
2138 1616 2347 1673 Patrem
2374 1623 2778 1678 resuscitantem
2806 1632 2860 1679 et
2888 1625 3211 1682 exaltantem
3231 1629 3461 1698 Filium;

1874 1704 2055 1760 audite
2084 1708 2205 1776 quia
2238 1719 2292 1763 et
2324 1710 2435 1775 ipse
2462 1726 2677 1767 carnem
2708 1730 2857 1770 suam
2889 1718 3272 1776 resuscitavit:
3308 1721 3361 1775 iu
3395 1722 3463 1776 ιι-

1873 1811 2003 1867 gura
2036 1799 2214 1868 templi
2240 1799 2368 1855 dicit
2397 1801 2464 1855 ad
2489 1802 2725 1871 Judmos,
2757 1803 2952 1861 Solvite
2971 1810 3211 1879 templum
3250 1811 3377 1879 hoc,
3417 1818 3468 1866 et

1874 1887 1927 1941 in
1966 1889 2136 1942 triduo
2174 1890 2428 1947 suscitabo
2464 1894 2611 1948 illud.
2643 1896 2979 1968 Evangelista
3010 1912 3189 1955 autem
3220 1902 3470 1971 exposuit

1876 1979 2030 2034 nobis
2054 1981 2179 2051 quid
2204 1982 2407 2039 diceret
2434 2001 2446 2037 :
2483 1983 2595 2039 Hoc
2613 1996 2804 2053 autem,
2826 1987 3021 2058 inquit,
3044 1990 3238 2046 dicebat
3260 1993 3323 2046 de
3343 2004 3469 2047 tem-

1876 2069 1961 2139 plo
1986 2074 2216 2141 corporis
2240 2073 2321 2127 sui
2345 2073 2526 2143 (Joan.
2559 2092 2617 2142 ιι,
2643 2076 2730 2140 l9,
2756 2077 2871 2149 2i).
2897 2079 3050 2135 Modo
3089 2096 3217 2152 ergo
3251 2098 3313 2136 ex
3344 2100 3469 2153 per-

1875 2174 2016 2225 sona
2038 2164 2325 2231 precantis,
2357 2180 2424 2220 es
2454 2181 2684 2237 pet-sena
2722 2168 2976 2238 hominis,
3007 2187 3070 2227 ex
3095 2188 3319 2241 persona
3345 2191 3468 2229 car-

1876 2254 1959 2309 nis
1986 2254 2135 2321 dicit,
2171 2254 2314 2310 Misit
2342 2256 2405 2311 de
2426 2257 2573 2326 calo,
2602 2269 2647 2314 et
2670 2260 2867 2315 salvum
2898 2266 3017 2334 fecit
3042 2280 3144 2318 me.

1947 2346 2001 2401 9.
2035 2345 2186 2401 Dedit
2228 2348 2280 2403 in
2311 2350 2640 2418 opprobrium
2668 2351 3021 2408 conculcantes
3058 2372 3155 2410 me.
3180 2355 3281 2424 Qui
3317 2358 3467 2413 illum

1874 2436 2356 2505 conculcaverunt,
2387 2440 2477 2510 qui
2520 2453 2737 2497 mortuo
2770 2445 3160 2500 insultaveruut
3180 2490 3195 2511 ,
3223 2449 3314 2519 qui
3345 2459 3467 2503 tan-

1874 2544 2035 2595 quam
2066 2530 2335 2587 hominem
2364 2533 2745 2591 cruciﬂxerunt
2767 2577 2783 2603 ,
2814 2539 2935 2608 quia
2981 2538 3147 2595 Deum
3179 2557 3285 2597 non
3311 2543 3469 2598 intel-

1876 2620 2144 2684 lexerunt.
2174 2622 2321 2679 dedit
2348 2639 2443 2679 eos
2476 2625 2528 2680 in
2554 2629 2924 2695 opprobrium.
2955 2630 3147 2687 Videte
3175 2633 3220 2688 si
3251 2649 3357 2689 non
3384 2643 3469 2690 est

1876 2712 2072 2769 factum
2098 2733 2111 2767 :
2138 2730 2245 2770 non
2269 2717 2498 2771 futurum
2519 2718 2812 2786 credimus,
2836 2721 2931 2775 sed
2952 2724 3277 2795 completum
3303 2741 3472 2797 agno-

1876 2806 2095 2861 scimus.
2124 2806 2430 2864 Szevierunt
2453 2809 2624 2866 Judaei
2667 2812 2720 2867 in
2750 2812 3023 2869 Christum
3043 2857 3056 2880 ,
3094 2817 3472 2888 superbierunt

1878 2897 1932 2953 in
1959 2900 2230 2955 Clu-istum
2256 2918 2271 2955 :
2301 2902 2434 2955 ubi?
2466 2903 2520 2957 in
2565 2904 2783 2961 civitate
2822 2906 3141 2964 Jerusalem.
3183 2910 3280 2966 Ubi
3326 2913 3469 2968 enim

1878 2992 2197 3060 regnabant,
2228 2992 2297 3047 ibi
2328 2996 2622 3062 tumebunt,
2654 2995 2726 3051 ibi
2748 2999 2988 3055 cervices
3011 3012 3319 3058 erexerunt.
3343 3004 3472 3061 Post

1879 3082 2182 3152 passionem
2206 3083 2417 3139 Doinini
2439 3086 2693 3141 eradicati
2715 3088 2838 3144 inde
2856 3100 2983 3144 sunt
3005 3106 3019 3153 ;
3042 3101 3096 3145 et
3124 3093 3473 3161 perdiderunt

1878 3189 2125 3245 regnum,
2148 3175 2198 3231 in
2220 3192 2327 3247 quo
2349 3193 2528 3249 regem
2550 3179 2821 3235 Christum
2844 3196 3137 3252 agnoscere
3160 3187 3469 3246 noluerunt.

1879 3267 2341 3335 Quemadmodum
2367 3271 2478 3326 dati
2508 3282 2634 3328 sunt
2658 3273 2710 3328 in
2734 3275 3103 3345 opprobrium,
3134 3278 3312 3335 videte
3340 3300 3355 3335 :
3384 3281 3471 3337 dl-

1878 3360 2051 3431 spessi
2098 3370 2226 3416 sunt
2272 3377 2371 3432 per
2412 3378 2604 3422 omnes
2645 3375 2868 3435 gentes,
2910 3382 3172 3440 nusquam
3211 3363 3473 3430 habentes

1879 3452 2227 3508 stabilitatem
2252 3493 2267 3520 ,
2297 3468 2558 3526 nusquam
2588 3466 2793 3512 certam
2825 3459 3030 3516 sedem.
3054 3460 3343 3531 Propterea
3369 3480 3471 3521 au-

1878 3551 1988 3598 tem
2016 3544 2193 3599 adhuc
2216 3544 2383 3600 Judari
2414 3556 2560 3613 sunt,
2587 3555 2648 3602 ut
2675 3546 2869 3604 Libros
2912 3561 3126 3607 nostros
3166 3565 3379 3623 portent
3403 3554 3471 3611 ad

1880 3634 2253 3691 confusionem
2282 3650 2455 3690 suam.
2485 3636 2712 3705 Quando
2736 3639 2884 3695 enim
2909 3641 3159 3697 volumus
3187 3643 3475 3701 ostendere

1880 3726 2259 3796 prophetatum
2286 3724 2581 3792 Christum,
2608 3729 2932 3799 proferimus
2961 3733 3187 3804 Paganis
3209 3736 3336 3791 istas
3358 3736 3474 3792 Lit-

1882 3827 2043 3873 teras.
2075 3819 2143 3874 Et
2166 3834 2232 3874 ne
2261 3818 2400 3875 forte
2427 3820 2607 3876 dicant
2632 3822 2750 3878 duri
2786 3822 2853 3879 ad
2883 3823 3042 3881 ﬁdem
3067 3830 3190 3897 quia
3223 3844 3320 3884 nos
3356 3824 3478 3886 illas

1880 3909 2170 3967 Christiani
2196 3913 2617 3982 composuimus,
2642 3924 2700 3969 ut
2723 3930 2843 3970 cum
2869 3913 3159 3987 Evangelio
3180 3920 3320 3989 quod
3348 3936 3472 3990 prte-

1883 4003 2124 4059 dicamus
2151 4002 2466 4060 ﬁnxerimus
2491 4004 2787 4076 Prophetas
2810 4049 2825 4075 ,
2862 4023 2961 4078 per
2998 4024 3134 4080 quos
3162 4011 3477 4080 prmdiclum

1884 4093 2157 4150 videretur
2196 4094 2340 4165 quod
2386 4096 2767 4166 prmdicamus;
2813 4097 2939 4155 hinc
2979 4114 3073 4155 eos
3110 4101 3479 4161 convincimus

1884 4187 2007 4255 quia
2039 4200 2227 4241 omnes
2254 4190 2385 4256 ipsae
2406 4186 2623 4245 Littera:
2645 4189 2836 4258 quibus
2861 4188 3105 4246 Christus
3130 4191 3479 4263 prophetatus

1886 4287 1989 4343 est,
2015 4275 2155 4347 apud
2180 4276 2399 4333 Iudaeos
2425 4288 2569 4342 sunt,
2598 4293 2787 4335 onmes
2828 4280 2971 4350 ipsas
3009 4281 3236 4339 Litteras
3279 4284 3481 4342 habent

1885 4367 2073 4424 Judaai.
2108 4367 2439 4425 Proferimus
2467 4369 2691 4425 Codices
2717 4371 2784 4427 ab
2811 4371 3061 4439 inimicis,
3091 4384 3148 4427 ut
3182 4374 3479 4431 confunda-

1886 4476 2006 4515 mus
2052 4461 2185 4516 alios
2232 4460 2498 4516 inimicos.
2544 4462 2601 4517 lu
2650 4464 2794 4533 quali
2842 4480 2972 4536 ergo
3020 4467 3310 4536 cpprohrio
3356 4478 3481 4526 sunt

1885 4539 2097 4607 Jud'mi?
2118 4552 2369 4609 Codicem
2396 4562 2574 4625 portat
2592 4553 2828 4620 iudieiis,
2855 4555 2996 4611 unde
3022 4557 3203 4613 credat
3223 4557 3482 4615 Christia-

1886 4658 2010 4700 nus.
2038 4643 2268 4700 Librarii
2298 4645 2465 4700 nostri
2494 4646 2618 4701 facti
2643 4657 2769 4701 sunt
2788 4687 2804 4714 ,
2833 4649 3106 4716 quomodo
3131 4652 3308 4708 solent
3335 4656 3481 4711 servi

1887 4743 2011 4806 post
2036 4735 2287 4793 dominos
2308 4736 2522 4793 codices
2552 4736 2716 4805 ferre,
2741 4749 2798 4793 ut
2826 4739 2900 4794 illi
2926 4742 3186 4811 portando
3208 4743 3479 4814 deﬁciant,

1888 4826 1965 4883 illi
1998 4827 2226 4899 legendo
2252 4829 2556 4900 proﬁciant.
2588 4828 2645 4886 ln
2688 4830 2793 4886 tale
2831 4832 3177 4902 opprobrium
3220 4834 3331 4891 dati
3360 4848 3485 4894 sunt

1886 4916 2097 4983 Judzei;
2132 4928 2186 4974 et
2214 4918 2490 4989 impletum
2516 4929 2601 4976 est
2627 4921 2769 4991 quod
2812 4930 2961 4977 tanto
3001 4934 3127 4980 ante
3168 4926 3482 4995 praedictum

1888 5019 1971 5064 est
1994 5027 2010 5065 :
2032 5008 2179 5064 Dedit
2202 5010 2256 5065 in
2275 5009 2603 5082 opprobrium
2622 5014 2974 5069 conculcantes
2992 5033 3089 5071 me.
3113 5015 3280 5086 Quale
3302 5027 3484 5077 autem

1888 5102 2236 5173 opprobrium
2262 5112 2382 5172 est,
2410 5103 2635 5171 fratres,
2669 5114 2727 5159 ut
2754 5102 2898 5162 hunc
2928 5122 3142 5163 versum
3182 5110 3391 5181 legant,
3427 5124 3485 5169 et

1891 5193 1992 5264 ipsi
2018 5194 2145 5249 οεὲοὶ
2174 5194 2454 5250 attendant
2480 5194 2546 5250 ad
2574 5196 2852 5266 speculum
2879 5200 3073 5255 suum?
3097 5199 3187 5256 Sic
3213 5202 3355 5257 enim
3385 5220 3485 5275 ap-

1894 5297 2081 5355 parent
2110 5285 2278 5340 Judaei
2304 5286 2373 5341 de
2391 5285 2665 5357 Scriptura
2692 5298 2872 5344 sancta
2900 5306 3059 5362 quam
3088 5302 3322 5363 portant,
3351 5311 3479 5367 quo-

1893 5377 2055 5433 modo
2066 5388 2286 5450 apparet
2302 5379 2463 5437 iacies
2474 5381 2600 5436 σεωοί
2612 5380 2680 5437 de
2695 5384 2912 5453 speculo
2933 5402 2944 5438 :
2960 5385 3027 5440 ab
3040 5385 3159 5441 aliis
3171 5386 3400 5452 videtur,
3417 5391 3485 5446 ab

1894 5468 2013 5541 ipso
2046 5486 2150 5525 non
2171 5471 2401 5527 videtur.
2418 5470 2570 5527 Dedit
2598 5472 2651 5528 in
2671 5475 2998 5540 opprobrium
3012 5478 3363 5533 concatenata
3383 5497 3483 5534 ne.

1966 5561 2054 5618 10.
2085 5562 2374 5632 Quaerebat;
2402 5564 2540 5621 forte
2563 5580 2682 5620 cum
2711 5566 2949 5634 diceret,
3001 5566 3139 5623 Misit
3162 5570 3401 5636 demto,
3440 5581 3489 5625 et

1894 5656 2089 5708 uirum
2125 5672 2203 5709 me
2227 5656 2345 5724 fecit
2365 5674 2383 5710 :
2407 5655 2541 5725 Quid
2569 5658 2713 5712 misit
2750 5657 2819 5714 de
2854 5657 3030 5716 coelo?
3062 5674 3220 5731 quem
3245 5660 3392 5717 misit
3420 5663 3489 5718 do

1896 5745 2069 5801 coelo?
2092 5746 2351 5821 Angelum
2381 5747 2543 5819 misit,
2576 5758 2631 5801 ut
2661 5748 2863 5803 salvum
2893 5750 3091 5806 iaceret
3112 5754 3401 5819 Christum,
3432 5764 3491 5809 et

1896 5853 1993 5907 per
2016 5852 2228 5892 servum
2259 5838 2437 5894 salvus
2467 5839 2527 5893 lit
2558 5840 2859 5897 Dominus?
2885 5840 3086 5899 Omnes
3120 5845 3263 5899 enim
3305 5845 3491 5916 ληκειὶ

1900 5941 2147 5987 creatura
2189 5932 2430 5987 serviens
2474 5932 2690 5989 Christo
2735 5943 2837 5991 est.
2880 5935 2961 5992 Ad
3001 5938 3314 6010 obsequiua
3354 5942 3492 5998 mitti
