1984 3183
243 224 294 253 σω

244 284 387 317 potuerunt
400 279 508 317 Angeli,
520 278 556 308 ad
570 278 710 308 servitium
725 277 795 306 mitti
808 280 966 314 potuerunt.
982 283 1036 303 non

243 327 278 354 ad
292 326 454 361 adjutorium
468 334 477 353 :
491 325 562 353 sicut
574 324 705 359 scriptum
719 327 782 356 est,
797 322 867 358 quod
880 321 974 357 Angeli
988 321 1039 347 mi-

242 371 391 399 nistrabant
399 366 546 406 ei'ulattlt.
560 376 598 403 tv,
613 368 670 405 ll),
681 376 736 396 non
750 372 875 402 tanquam
887 365 1040 394 misericor-

243 417 292 445 des
314 415 464 452 indigenti,
491 414 540 444 sed
563 419 689 450 tanquam
715 413 828 449 subjecti
852 411 1038 445 omnipotenti.

244 462 313 496 Quid
325 469 392 498 ergo
406 461 473 489 misit
487 460 519 489 de
532 460 605 494 calo,
618 465 643 488 et
655 460 753 488 salvum
766 460 825 495 fecit
837 458 983 486 meiﬂodo
993 465 1041 484 au-

245 508 335 535 dimus
347 508 355 524 '
371 508 398 535 in
410 507 464 534 alio
477 513 557 534 versu
571 506 634 541 quid
647 506 682 533 de
699 506 770 533 cmlo
790 504 893 532 miserit
905 513 912 531 :
924 503 996 530 Misit
1009 503 1042 529 de

247 555 309 581 mlo
321 553 526 581 misericordiam
536 561 610 580 suam
622 557 646 579 et
662 552 791 579 raritatem
808 559 890 578 suam.
907 549 947 577 Ad
960 556 1039 584 quam

246 599 326 627 rem?
339 598 372 626 Et
384 599 450 626 eruit
462 599 575 625 animum
585 606 667 625 meum
686 598 719 624 de
737 597 819 624 medio
829 596 971 623 catulorum
985 595 1040 621 leo-

246 652 318 671 ntnn.
335 643 418 677 Misit,
431 644 526 679 inquit,
539 643 572 670 de
584 643 646 670 calo
659 642 862 670 misericordiam
876 648 949 668 suom
961 645 985 667 et
999 647 1041 666 oe-

244 692 347 718 ritatent
364 697 457 718 suam:
475 695 503 717 et
517 690 574 725 ipse
591 689 716 718 Christus
728 689 780 721 ait,
796 687 852 723 Ego
872 695 929 715 tum
951 686 1044 714 veritas

247 735 349 773 (locu.
367 743 422 770 xiv,
433 734 558 771 6).uissa
568 739 610 763 est
622 742 686 770 ergo
700 734 812 772 veritas.
827 737 856 760 ut
867 736 975 760 erueret
985 730 1044 758 ani-
1066 751 1069 754 μ

246 789 317 809 mam
326 787 416 810 meam
429 780 492 809 hinc
503 781 537 809 de
551 780 640 808 medio
652 780 809 808 catulorum
817 778 944 810 leonum;
960 777 1043 804 missa

245 831 288 856 est
301 826 493 855 misericordia.
509 825 598 861 Ipsum
611 824 749 853 Christum
763 824 914 852 invenimus
923 827 951 850 et
962 822 1045 850 mise‘

247 870 391 901 ricordiam
404 877 433 900 et
446 871 600 905 veritatem;
617 870 828 898 misericordiam
843 868 921 896 nobis
932 874 1045 903 compa-

248 917 371 949 tientem,
383 921 412 945 et
422 917 563 944 veritatem
584 915 663 943 uobis
684 915 878 943 retribueutem
886 914 909 941 '.
927 913 985 941 Hoc
1003 916 1047 941 est

248 970 314 998 ergo
328 962 399 997 quod
412 962 492 997 paulo
505 965 568 989 ante
580 960 635 988 dixi
646 980 654 994 ,
667 961 727 995 quia
739 964 767 988 et
781 960 838 994 ipse
855 966 887 987 se
900 958 1046 987 resuscita-

248 1009 297 1036 vit.
311 1008 339 1037 Si
355 1001 426 1036 enim
438 1007 538 1036 veritas
549 1007 716 1036 resuscitavit
727 1005 864 1034 Christum
874 1026 883 1039 ,
900 1009 927 1033 et
940 1005 962 1032 si
976 1004 1047 1032 veri-

248 1061 290 1084 tas
303 1055 420 1082 animam
430 1053 529 1082 Christi
538 1053 608 1082 eruit
619 1052 653 1080 de
664 1052 752 1081 medio
764 1051 914 1079 catulorum
926 1050 1045 1083 leonum;

248 1106 279 1129 ut
299 1101 453 1128 misericors
470 1099 522 1127 fuit
534 1099 604 1127 mori
618 1106 667 1134 pro
680 1098 760 1126 nobis
770 1118 779 1130 ,
794 1098 830 1125 ita
845 1104 924 1124 veras
938 1095 993 1124 ‘l'uit
1004 1103 1048 1123 re—

250 1153 361 1181 surgere
374 1145 408 1172 ad
421 1144 606 1180 justilicandos
625 1151 686 1172 nos.
705 1143 814 1171 Dixerat
827 1142 899 1170 enim
913 1149 943 1170 se.
958 1149 1048 1169 resur-

246 1196 394 1224 recturum,
410 1196 438 1219 et
451 1191 551 1219 veritas
562 1190 668 1218 mentiri
683 1197 736 1217 non
748 1189 851 1224 potuit;
864 1193 892 1216 et
904 1188 966 1223 quia
978 1188 1047 1215 veri-

248 1243 290 1266 tas
301 1243 328 1266 et
342 1246 433 1271 verax,
448 1242 590 1273 proliterea
602 1236 742 1264 cicatrices
755 1243 833 1263 veras
845 1235 972 1267 ostendit,
984 1234 1047 1270 quia

247 1291 312 1311 vera
326 1283 437 1311 vulnera
456 1282 575 1318 pertulit.
587 1282 641 1310 Has
653 1282 794 1309 cicatrices
808 1285 952 1309 tenuerunt
964 1279 1047 1308 disci-

248 1328 303 1364 puli
313 1349 320 1361 ,
336 1329 528 1364 palpaverunt,
542 1327 784 1355 manifestaverunt
803 1326 854 1354 sibi
868 1334 876 1357 :
889 1325 1048 1353 exclamavit

247 1375 294 1409 qui
307 1374 380 1402 misit
391 1374 491 1410 digitos
503 1373 530 1401 in
543 1377 733 1409 compunctum
746 1372 833 1405 latus,
849 1376 877 1400 et
887 1372 935 1405 ait,
954 1370 1047 1399 Domi-

247 1428 297 1447 mu
307 1428 377 1447 meus
388 1425 413 1447 et
425 1419 494 1447 Dm
507 1428 578 1448 uicus
591 1418 645 1454 (Id.
662 1427 696 1446 xx
708 1439 715 1450 ,
730 1417 789 1454 9.8).
802 1418 985 1446 Misericordia
1000 1425 1048 1453 pro

248 1465 295 1492 illo
310 1471 430 1493 mortuus
444 1469 518 1497 erat,
532 1469 561 1491 et
572 1463 683 1491 veritate
697 1462 730 1491 ad
750 1463 825 1490 illum
849 1468 1047 1490 resurrexerat.

250 1510 319 1537 Misit
332 1510 366 1537 de
377 1509 440 1537 creto
451 1509 651 1537 misericordiam
663 1516 736 1536 suam
746 1513 771 1536 et
782 1508 912 1535 veritatem
921 1516 994 1535 ruant
1004 1518 1014 1535 .'
1024 1512 1049 1535 et

247 1556 312 1584 eruit
325 1555 439 1583 animam
457 1563 539 1589 meant
560 1554 601 1582 de'
611 1554 694 1582 medio
708 1553 852 1582 catulorum
870 1553 983 1581 leonum.
997 1553 1049 1587 Qui

247 1606 311 1630 siint
324 1601 405 1630 catuli
421 1601 548 1629 leonum?
561 1599 678 1636 Populus
697 1599 741 1627 ille
761 1599 881 1627 minutus
892 1620 900 1632 ,
914 1599 985 1627 male
999 1598 1047 1627 de-

247 1654 342 1683 ceptus
351 1668 360 1682 ,
373 1648 444 1676 male
457 1647 584 1676 seductus
597 1655 613 1674 a
629 1643 793 1683 principibus
803 1646 815 1662 '
828 1645 984 1674 Judtcorum
998 1653 1006 1673 z
1020 1649 1050 1674 ut

247 1695 286 1723 illi
302 1695 412 1727 leones,
436 1693 475 1722 illi
496 1693 579 1722 catuli
602 1693 722 1721 leonum.
743 1691 844 1720 Omnes
869 1691 1048 1726 fremuerunt,

247 1748 343 1768 omnes
364 1734 532 1768 occiderunt.
546 1738 671 1767 Audituri
693 1737 767 1766 enim
781 1745 876 1765 sutnus
891 1736 935 1764 hic
947 1742 975 1765 et
993 1744 1049 1765 cm-

247 1788 308 1814 dem
323 1787 454 1823 ipsorum,
466 1784 547 1813 modo
559 1784 587 1812 in
601 1782 829 1819 consequentibus
841 1782 964 1810 versibus
978 1782 1050 1818 psal-

248 1832 284 1859 mi
296 1831 385 1866 hujus.

285 1876 329 1903 Η.
347 1875 379 1902 Et
392 1875 474 1908 eruit,
486 1875 588 1910 inquit,
603 1874 715 1901 animum
736 1881 818 1900 meam
836 1872 869 1900 de
882 1873 965 1900 medio
974 1878 1049 1900 catu-

249 1923 332 1954 lorum
354 1922 469 1949 leonum-
490 1921 579 1955 Quare
592 1920 659 1948 dicis
670 1941 678 1952 ,
692 1919 728 1947 Et
746 1919 811 1946 eruit
822 1919 934 1946 animam
948 1919 1050 1946 meam?

249 1968 319 1999 Ouid
327 1967 398 1994 enim
412 1973 506 2002 passus
516 1965 528 1982 ⁸
535 1973 606 1999 cras,
621 1970 650 1993 ttt
662 1969 803 1994 emeretur
813 1965 901 1992 anima
911 1964 968 1992 tua?
979 1964 1050 1992 Dor-

247 2012 308 2039 mivi
323 2011 497 2039 conturbatus.
516 2010 657 2046 Expressit
678 2009 801 2038 Christus
825 2014 939 2037 mortem
960 2017 1049 2037 suam.

247 2057 330 2086 Certe
342 2057 375 2087 de
402 2057 449 2085 illo
462 2056 545 2084 David
560 2056 673 2092 legimus
686 2055 759 2091 quod
773 2055 873 2091 fugerit
891 2055 918 2082 in
940 2055 1049 2091 spelun-

247 2112 325 2137 cam,
348 2111 401 2132 non
427 2102 592 2138 tamenquia
606 2102 733 2130 dormivit
757 2103 782 2129 in
806 2102 946 2136 spelunca.
974 2101 1050 2129 Alius

248 2150 333 2178 David
344 2155 386 2178 est
396 2151 423 2177 in
436 2143 563 2184 spelunca
572 2169 580 2181 ,
594 2148 663 2175 alius
677 2148 760 2176 David
776 2153 815 2175 est
828 2148 874 2183 qui
886 2147 969 2181 dicit,
983 2147 1051 2176 Dor-

247 2196 308 2223 mivi
330 2196 507 2223 conturbatus.
534 2194 663 2222 Videmus
689 2194 920 2229 perturbationem
946 2194 1048 2228 ipsius;

249 2248 303 2268 non
317 2240 364 2268 illo
378 2240 484 2268 turbato
494 2260 503 2273 ,
518 2239 567 2267 sed
579 2239 631 2267 illis
653 2239 833 2267 turbantibus.
860 2239 1006 2266 Turbatum
1020 2247 1050 2268 se

248 2289 320 2315 enim
334 2287 422 2321 dixit,
447 2285 596 2315 secundum
616 2286 771 2321 opinionem
791 2285 982 2319 frementium,
996 2293 1049 2313 non

249 2334 395 2362 sumundum
418 2332 538 2361 cedentis
557 2331 761 2360 conscientiam.
784 2331 948 2359 Putaverunt
961 2339 990 2360 se
1013 2332 1050 2360 illi

250 2380 373 2408 turbasse
384 2400 392 2413 ,
408 2383 569 2414 putaverunt
595 2378 694 2406 vicisse
709 2386 717 2405 ι
734 2378 780 2406 ille
805 2382 894 2406 autem
921 2378 1051 2406 dormivit

249 2425 432 2453 conturbatus.
456 2424 522 2452 Tam
553 2423 674 2459 placatus
698 2428 756 2451 erat
777 2423 828 2451 iste
860 2423 1000 2456 turbatus,
1021 2429 1051 2451 ut

249 2471 358 2507 quando
383 2470 482 2504 vellet,
504 2469 645 2498 dormiret.
667 2469 753 2497 Nemo
778 2468 879 2496 dormit
903 2469 1049 2504 turbatus:

247 2524 344 2544 omnes
370 2515 416 2544 nui
431 2515 639 2551 perturbantur,
654 2519 701 2543 aut
719 2522 736 2542 a
759 2521 856 2542 somno
879 2514 1050 2549 excitantur,

249 2562 337 2589 autin
361 2568 484 2587 somnum
498 2559 640 2595 verginon
666 2559 867 2595 permittuntur.
890 2559 939 2588 ille
960 2564 1049 2587 autem

249 2608 372 2635 turbatus
385 2611 436 2639 est,
450 2610 478 2633 et
489 2605 625 2632 dormivit.
638 2604 730 2640 Magna
744 2604 881 2638 humilitas
891 2605 1049 2640 perturbati,

250 2660 345 2688 nmgna
361 2656 479 2686 potestas
503 2649 670 2677 dormientis.
688 2650 727 2677 De
743 2657 796 2685 qua
810 2654 944 2685 potestate
957 2650 1051 2678 venie-

249 2698 294 2726 b.it
319 2697 391 2734 quod
414 2696 560 2724 dormivit?
576 2696 613 2723 De
633 2702 686 2732 qua
706 2696 764 2731 ipse
786 2696 875 2724 dicit:
894 2695 1051 2724 Potestatem

281 2764 377 2819 hami):
386 2761 523 2789 actim.
534 2766 564 2787 At
574 2766 627 2788 Mss.
639 2762 734 2795 plmes,
907 2766 934 2788 Et
941 2762 1049 2795 quidam,

390 2824 531 2850 tribueruan
542 2830 552 2849 :
564 2824 635 2856 cujus
655 2824 708 2850 loco
732 2825 874 2856 reponimus
890 2830 922 2849 ex
935 2828 999 2855 mss,
1011 2831 1051 2850 re-

260 2865 271 2881 r
298 2863 334 2881 uti
358 2863 398 2881 Im.

260 2863 324 2881 I'IDIM'
327 2863 398 2881 mem.

282 2889 292 2903 ³
309 2891 345 2912 Fx.
358 2891 385 2912 et
395 2890 461 2916 ων..
470 2892 485 2911 a
652 2886 812 2912 saladotum.
820 2886 1049 2917 \‘ox,sacerdotton,

250 2919 322 2943 abest
332 2919 364 2942 ab
375 2922 423 2942 Am.
438 2921 465 2942 et
473 2920 525 2942 Mss.

282 2953 291 2964 ·
308 2947 377 2976 τω..
388 2954 513 2975 amarus.
526 2952 553 2973 Αι
567 2951 632 2978 ΜΒ..
644 2954 734 2978 νοω

826 219 854 250 S.
875 215 1058 251 AUGUSTINI
1075 209 1228 246 EPISCOI’!

1838 217 1891 247 658

1093 274 1173 303 habeo
1182 275 1294 310 ponendi
1311 275 1425 303 ani-tm
1437 284 1518 304 mutu
1529 295 1537 308 ,
1551 279 1576 303 et
1586 280 1733 308 potestatem
1750 276 1834 304 habeo
1845 285 1890 304 eo»

1093 321 1177 348 mandi
1186 329 1241 348 eam
1253 329 1344 349 :Iteato
1355 322 1421 350 tollit
1433 330 1489 349 eam
1502 331 1519 348 ιι
1529 330 1585 353 nu;
1593 322 1639 349 sed
1650 331 1697 358 ego
1709 331 1768 351 eam
1779 332 1859 359 pono.
1867 330 1893 351 et

1092 368 1182 394 iterum
1194 376 1268 395 sunto
1281 376 1337 395 eam
1352 367 1440 404 (Joan.
1458 377 1486 399 x,
1502 368 1556 403 l8).
1573 368 1760 397 Turbavcrttnt
1781 370 1821 397 illi
1832 391 1841 401 ,
1864 377 1891 397 et

1093 411 1220 439 dormivit
1242 413 1308 448 ipse.
1323 413 1406 448 Cujus
1427 419 1518 449 typum
1540 414 1652 449 gerebat
1671 415 1768 447 Adam.
1783 416 1892 449 quando

1096 457 1206 485 immisit
1221 459 1246 487 ei
1259 459 1329 486 Deus
1350 466 1476 493 soporem
1487 480 1495 491 ,
1511 464 1539 487 ut
1553 459 1587 487 de
1600 459 1683 487 latere
1698 459 1736 488 illi
1748 460 1891 496 coniugem

1095 504 1195 532 faceret
1205 504 1282 540 (Gen.
1297 513 1332 537 ιι,
1342 505 1374 533 21
1386 505 1408 540 ).
1423 505 1490 533 Num
1510 506 1583 533 enim
1595 514 1647 534 non
1662 513 1767 541 poterat
1777 515 1891 536 uxorem

1095 548 1184 577 facere
1207 551 1292 584 primo
1307 551 1408 578 homini
1432 551 1513 578 etiam
1526 551 1560 578 de
1579 552 1663 579 latere
1680 552 1834 588 vigilantis?
1847 558 1894 580 aut

1096 601 1238 629 propterea
1252 595 1336 622 voluit
1360 604 1420 623 eum
1433 595 1552 624 dormire
1562 617 1570 629 ,
1591 605 1624 624 ne
1638 598 1752 625 sentiret
1762 605 1826 626 cum
1843 598 1892 626 sibi

1096 645 1169 668 costa
1178 641 1376 668 detraheretur?
1383 641 1442 669 Post
1447 649 1531 672 remo,
1552 642 1612 676 quis
1626 643 1661 669 ita
1671 642 1783 675 dormit,
1793 648 1823 671 ut
1833 651 1894 671 osse

1096 686 1146 713 sibi
1157 687 1285 714 convulso
1303 693 1356 714 non
1378 687 1593 722 expergiscatur?
1605 688 1655 721 Qui
1674 689 1759 724 potuit
1774 689 1834 717 sine
1847 689 1895 718 do-

1097 732 1154 760 lore
1164 732 1268 760 auferre
1278 739 1379 760 costam
1392 732 1546 768 dormienti,
1560 734 1645 768 potuit
1657 740 1685 762 et
1698 735 1829 770 vigilanti.
1841 736 1898 764 Sed

1097 785 1179 812 quare
1194 778 1276 805 voluit
1294 777 1439 805 dormienti
1454 778 1561 806 facere?
1575 779 1642 813 Quia
1654 779 1800 808 donnienti
1813 780 1893 809 Clarii

1098 828 1140 851 sto
1153 823 1179 851 in
1189 831 1268 852 cruce
1280 823 1349 851 facta
1362 828 1405 851 est
1415 824 1513 859 conjux
1526 824 1561 852 de
1572 825 1666 853 latere.
1678 825 1841 854 Percussum
1853 833 1896 855 est

1098 870 1169 896 enim
1194 869 1264 897 latus
1278 868 1419 904 pendentis
1439 869 1474 898 de
1494 869 1587 898 lancea
1610 869 1700 904 (least.
1716 879 1775 905 xtx,
1790 872 1837 907 54)
1848 892 1857 902 .
1869 880 1898 900 et

1098 914 1282 950 proﬂuxerunt
1296 915 1424 943 Ecclesia
1436 915 1621 944 Sacramenta.
1635 916 1769 950 Domitii,
1790 918 1901 954 inquit,

1098 959 1271 987 conturbatus.
1287 960 1321 988 Et
1340 961 1366 987 in
1391 961 1444 988 alio
1459 961 1564 996 psalmo
1586 962 1741 990 manifestat
1764 962 1834 996 hoc,
1851 963 1897 992 ubi

1098 1006 1137 1034 ait
1150 1015 1157 1034 :
1170 1006 1229 1041 Ego
1240 1007 1347 1035 dormivi
1361 1028 1368 1041 ,
1383 1011 1407 1035 et
1424 1015 1544 1035 umnam
1564 1010 1631 1042 cepi.
1649 1008 1685 1037 lbi
1700 1011 1833 1044 expressit
1846 1018 1897 1045 po-

1100 1055 1223 1080 testatem
1235 1059 1322 1080 suam.
1339 1053 1446 1081 Poterat
1456 1057 1485 1081 et
1505 1053 1560 1082 illic
1572 1053 1673 1087 dicere,
1686 1053 1814 1088 Dorntt'n',
1826 1056 1900 1084 sicut

1099 1097 1166 1125 dixit
1178 1098 1231 1126 hic.
1245 1098 1313 1132 Quid
1327 1102 1370 1126 est
1388 1103 1477 1127 autem
1489 1120 1497 1132 ,
1508 1098 1566 1135 Ego
1578 1100 1709 1128 dormivi!
1719 1101 1748 1128 Id
1757 1107 1800 1130 est
1809 1123 1819 1135 ,
1833 1103 1898 1137 quia

1099 1143 1189 1179 volui,
1213 1143 1339 1171 dormivi.
1353 1144 1411 1172 Non
1436 1144 1472 1171 illi
1496 1153 1539 1172 me
1562 1145 1588 1172 iu
1612 1153 1737 1173 somnum
1758 1147 1898 1175 noleteoi

1099 1189 1297 1223 compulerunt;
1309 1189 1356 1217 sed
1368 1198 1426 1218 mea
1442 1191 1579 1218 voluntate
1590 1198 1641 1226 ego
1651 1191 1767 1220 dormivi
1780 1212 1789 1224 .
1799 1200 1902 1221 cocun-

1100 1235 1163 1263 dum
1177 1235 1242 1263 illud
1259 1244 1266 1264 :
1283 1235 1437 1263 Potestatan
1449 1237 1530 1264 Italico
1549 1237 1660 1270 ponendi
1674 1238 1787 1265 enim
1802 1246 1898 1272 manu,

1099 1285 1124 1308 et
1143 1285 1291 1316 potestatem
1312 1281 1391 1308 Itabeo
1412 1282 1505 1309 iterum
1527 1283 1644 1310 uiuendi
1663 1291 1731 1310 eant.
1750 1283 1900 1319 Propterea

1100 1325 1136 1352 ibi
1155 1326 1275 1360 sequitur
1286 1330 1314 1353 et
1326 1326 1391 1354 dicit
1405 1334 1413 1354 :
1424 1326 1478 1362 Ego
1489 1327 1606 1358 dormivi.
1616 1332 1641 1354 et
1653 1336 1771 1356 somni
1782 1329 1841 1365 cepi
1849 1339 1861 1362 ;
1876 1336 1900 1357 et

1100 1371 1230 1398 murr
1238 1391 1246 1404 ,
1259 1371 1380 1406 quoniam
1393 1370 1520 1399 Dominus
1528 1372 1648 1408 suscipiet
1659 1372 1796 1408 nte(Pul.
1805 1381 1846 1408 ιιι,
1859 1374 1901 1410 6).

1136 1417 1181 1444 1‘2.
1203 1416 1319 1445 Domini
1337 1418 1511 1446 conturbatus.
1536 1418 1613 1447 Unde
1636 1412 1777 1447 turbatus?
1801 1420 1901 1456 quibus

1101 1462 1288 1490 turbantibus?
1300 1462 1444 1492 Videamus
1458 1463 1593 1499 quomodo
1606 1464 1697 1492 inurat
1707 1465 1716 1482 ι
1726 1460 1826 1493 malam
1837 1474 1899 1502 etm-

1101 1509 1239 1536 scientiam
1263 1508 1377 1543 Iudaeis,
1388 1509 1541 1538 volentibus
1557 1517 1688 1547 excusare
1708 1517 1739 1539 se
1752 1510 1788 1538 ab
1812 1512 1900 1540 inter-

1101 1554 1215 1582 iectione
1231 1555 1346 1583 Domini.
1364 1554 1431 1582 Nam
1451 1560 1592 1591 propterea
1609 1563 1684 1588 eum.
1698 1557 1770 1584 sicut
1780 1554 1905 1593 loquitur

1100 1600 1377 1636 Evangelium,judici
1392 1600 1568 1635 tradiderunt,
1584 1609 1617 1629 ne
1629 1601 1680 1637 ipsi
1693 1609 1756 1631 cum
1767 1602 1904 1632 occidisse

1102 1646 1268 1675 viderentur.
1279 1646 1346 1674 Cum
1356 1646 1428 1674 enim
1441 1646 1557 1675 dixisset
1568 1647 1609 1675 eis
1620 1646 1704 1682 judex
1712 1652 1776 1676 tunc
1787 1648 1902 1682 Pilatus,

1101 1692 1214 1728 Accipite
1231 1700 1289 1719 eum
1301 1700 1346 1719 nos
1356 1713 1363 1722 .
1376 1696 1401 1719 et
1412 1693 1550 1720 secundum
1568 1692 1649 1729 legem
1661 1698 1770 1721 mtrem
1783 1695 1905 1730 judicate

1101 1747 1175 1771 eunt;
1188 1739 1395 1777 responderunt,
1409 1738 1491 1767 Nobis
1505 1747 1556 1766 non
1578 1739 1637 1768 licet
1659 1740 1805 1775 interﬁcere
1815 1750 1903 1777 quern-

1100 1792 1177 1818 quam
1202 1783 1291 1820 (Joan.
1319 1792 1397 1817 xvnt,
1412 1784 1470 1816 3|).
1500 1784 1653 1813 lnterlleere
1679 1792 1734 1812 non
1755 1786 1831 1819 licet,
1846 1791 1903 1814 tra-

1102 1831 1167 1857 dere
1188 1829 1402 1857 interﬁciendum
1423 1830 1508 1857 licet?
1520 1829 1587 1864 Quis
1610 1834 1699 1858 autem
1713 1831 1837 1858 occidit?
1849 1832 1902 1866 Qui

1103 1875 1195 1902 audito
1219 1876 1337 1903 clamore
1360 1875 1443 1903 cessit
1455 1896 1462 1908 ,
1477 1883 1511 1903 an
1526 1875 1571 1911 qui
1591 1875 1737 1903 clamando
1749 1882 1779 1903 ut
1792 1878 1902 1905 occide-

1102 1925 1177 1947 retur
1199 1920 1329 1948 extorsit?
1353 1921 1411 1956 Ipse
1438 1920 1567 1948 Dominus
1587 1919 1658 1948 dicat
1681 1921 1867 1949 testimonium
1887 1931 1903 1949 a

1102 1966 1198 2002 quibus
1211 1966 1317 1994 occisus
1343 1971 1385 1994 est
1396 1987 1404 2000 ,
1421 1970 1508 1994 utrum
1530 1966 1565 1994 ab
1579 1966 1625 1994 illo
1646 1966 1732 1994 Pilato
1745 1968 1791 2002 qui
1808 1968 1903 1996 nuit-ns

1102 2020 1162 2040 cum
1183 2011 1281 2039 occidit
1297 2020 1304 2039 :
1320 2011 1390 2039 unde
1410 2012 1491 2039 etiam
1517 2019 1577 2039 eum
1604 2011 1766 2047 liagellavit,
1786 2018 1816 2041 et
1828 2018 1903 2042 veste

1102 2057 1278 2093 ignominiosa
1298 2056 1402 2090 induit,
1417 2061 1444 2084 et
1457 2056 1619 2092 ﬂagellatum
1642 2056 1677 2084 ad
1697 2064 1794 2085 eorum
1810 2058 1902 2086 oculos

1102 2105 1237 2139 produxit,
1251 2109 1280 2132 ut
1302 2103 1398 2131 saltem
1423 2111 1501 2139 pinna
1523 2104 1690 2137 ﬂagellorum
1714 2104 1773 2140 ejus
1793 2105 1902 2138 satiati,

1101 2159 1163 2179 eum
1171 2150 1315 2178 occidinon
1330 2154 1531 2187 extorquerent.
1542 2150 1686 2185 Propterea
1693 2151 1778 2178 etiam
1788 2159 1851 2178 cum
1864 2153 1903 2178 vi—

1102 2197 1178 2224 deret
1200 2203 1247 2223 eos
1267 2203 1458 2231 perseverare,
1474 2196 1543 2223 sicut
1568 2196 1699 2231 legimus,
1715 2196 1784 2224 lavit
1808 2205 1903 2225 inanus

1102 2250 1175 2275 suas,
1188 2247 1215 2269 et
1226 2241 1295 2269 dixit
1310 2250 1317 2268 :
1334 2241 1461 2269 lnnocem
1482 2250 1527 2277 ego
1540 2250 1596 2269 tum
1607 2233 1624 2269 ά
1635 2242 1762 2278 sanguine
1774 2244 1840 2277 iusti
1856 2245 1904 2271 hn-

1098 2289 1144 2324 jns
1170 2287 1278 2323 (Matth.
1293 2295 1365 2315 xxvii
1375 2308 1383 2320 ,
1395 2287 1454 2321 2L).
1469 2283 1573 2315 Videris
1589 2292 1677 2315 utrum
1692 2288 1738 2316 ille
1752 2289 1885 2316 innocens
1895 2310 1902 2319 .

1103 2334 1147 2369 qui
1163 2334 1203 2361 vel
1218 2333 1300 2361 cessit
1322 2332 1521 2361 clamantibus:
1537 2334 1620 2360 multo
1646 2334 1729 2368 magis
1753 2339 1846 2362 tamen
1868 2335 1905 2362 illi

1103 2385 1240 2413 nocentes,
1252 2380 1298 2415 qui
1310 2379 1452 2408 clamando
1464 2387 1526 2407 eum
1543 2380 1666 2408 occidere
1681 2381 1836 2408 voluerunt.
1852 2381 1905 2409 Sed

1103 2434 1154 2454 nos
1165 2427 1360 2462 interrogemus
1373 2430 1401 2453 et
1419 2426 1559 2453 audiamus
1574 2426 1730 2458 Dominum,
1743 2428 1844 2461 quibus
1859 2428 1907 2456 tri-

1104 2472 1167 2500 buat
1176 2477 1290 2500 mortem
1304 2479 1381 2499 suam
1392 2492 1401 2504 ,
1412 2472 1473 2507 quia
1488 2472 1553 2499 dixit
1563 2492 1572 2505 ,
1585 2471 1700 2500 Donnioi
1715 2474 1844 2501 turbatus.
1861 2474 1906 2501 ln-

1105 2523 1270 2553 terrogemus
1293 2525 1376 2553 eum,
1397 2522 1425 2545 et
1450 2517 1570 2545 dicamus
1593 2517 1748 2552 :Quoniam
1778 2519 1905 2546 dormis"

1103 2564 1224 2592 turbatus
1235 2583 1244 2597 ,
1265 2564 1311 2599 qui
1324 2568 1350 2591 te
1362 2563 1496 2598 persecuti
1516 2563 1597 2590 sunt?
1615 2563 1660 2598 qui
1675 2568 1701 2590 te
1723 2563 1906 2592 occiderunt?

1103 2609 1236 2646 Numquid
1260 2608 1329 2637 forte
1350 2608 1466 2640 Pilatus,
1480 2609 1524 2644 qui
1549 2608 1675 2641 militibus
1691 2608 1765 2636 dedit
1790 2610 1817 2636 in
1833 2610 1907 2645 ligno

1103 2655 1337 2693 suspendendum,
1355 2656 1439 2684 clavis
1465 2656 1695 2691 transﬁgendnm?
1710 2657 1808 2683 Audite
1834 2658 1879 2693 qui
1896 2667 1904 2684 :

1104 2703 1166 2730 Filii
1180 2703 1322 2730 hominum.
1342 2702 1404 2730 Illos
1421 2703 1513 2737 utique
1525 2702 1609 2736 dicit,
1625 2711 1693 2737 quos
1715 2711 1905 2738 persecutores

1104 2757 1197 2786 passus
1207 2753 1257 2778 est.
1271 2749 1323 2777 Sed
1336 2748 1471 2785 quomodo
1485 2749 1535 2784 ipsi
1550 2750 1700 2777 occiderintI
1716 2750 1785 2783 .ani
1800 2750 1904 2778 ferrum

1104 2804 1157 2823 non
1171 2794 1313 2823 ferebant?
1331 2795 1381 2829 Qui
1397 2795 1513 2830 gladium
1534 2803 1585 2822 non
1602 2795 1778 2827 strinxerunt,
1791 2798 1838 2831 qui
1853 2798 1905 2824 im-

1104 2846 1193 2878 petum
1210 2842 1308 2870 ineunt
1323 2849 1375 2869 non
1389 2841 1512 2869 fecerunt
1525 2842 1557 2868 ad
1576 2841 1763 2875 occidendum,
1777 2844 1906 2871 undeoc-

1100 2887 1243 2916 ciderunt?
1254 2887 1350 2916 Dentes
1368 2896 1455 2916 eorum
1466 2896 1537 2915 arma
1554 2893 1577 2914 et
1592 2889 1706 2923 sagitta,
1722 2895 1744 2916 et
1756 2889 1847 2924 lingua
1862 2900 1904 2917 co-

1135 2947 1145 2963 ’
1162 2947 1198 2971 Sir.
1208 2952 1303 2980 septem
1315 2951 1367 2972 Its.
1380 2951 1407 2972 At
1417 2947 1485 2974 ωδ..
1497 2947 1597 2972 indura
1607 2954 1617 2972 :
1626 2946 1752 2972 membro.
