3968 6406
228 484 335 544 669

230 619 346 657 rum
364 599 564 676 gladius
576 606 774 655 acutus.
789 595 906 654 Noli
931 592 1206 650 attendere
1232 592 1468 648 inermes
1490 603 1703 650 manus,
1722 583 1816 676 sed

228 675 567 750 osaMatum
599 709 613 746 :
633 691 756 746 inde
774 688 980 760 gladius
1005 683 1261 755 processit
1279 697 1387 752 quo
1405 679 1649 735 Christus
1678 675 1820 732 occi-

231 787 476 850 deretur;
503 781 772 854 quomodo
814 788 869 834 et
905 779 973 833 de
1000 793 1095 833 ore
1131 773 1373 837 Christi,
1406 770 1551 825 unde
1575 780 1630 824 et
1653 765 1823 822 Judaei

232 877 628 933 occiderentur.
672 871 839 926 liabet
888 869 1030 923 enim
1061 866 1150 920 ille
1172 862 1405 934 gladium
1443 860 1522 915 bis
1560 856 1822 914 acutum‘

234 969 426 1039 (Apoc.
463 982 480 1021 ι
505 1007 521 1033 ,
550 963 640 1035 i6)
666 981 678 1018 :
703 971 758 1018 et
785 975 1071 1031 resnrgens
1098 954 1360 1027 percussit
1383 968 1480 1014 eos
1506 993 1521 1017 ,
1549 959 1604 1005 et
1646 947 1828 1000 divisit

233 1058 306 1113 sub
329 1058 409 1112 eis
428 1071 562 1128 quos
582 1053 785 1108 faceret
809 1050 994 1106 fideles
1021 1063 1167 1102 suos.
1214 1044 1295 1099 illi
1324 1043 1522 1097 malum
1548 1039 1782 1109 gladium
1807 1076 1823 1098 ,

235 1151 329 1205 ille
357 1149 582 1203 bonum:
616 1146 692 1201 illi
717 1144 936 1213 Sagittas
960 1141 1145 1202 malas,
1175 1137 1264 1191 ille
1288 1136 1476 1191 bonas.
1502 1133 1634 1187 Nam
1663 1128 1828 1183 habet

231 1250 292 1296 et
333 1241 448 1309 ipse
472 1239 691 1308 sagittas
713 1235 884 1290 bonas
901 1273 917 1297 ,
947 1230 1108 1285 verba
1141 1231 1300 1292 bona,
1325 1224 1466 1280 unde
1489 1221 1704 1292 sagittat
1733 1233 1828 1274 cor

238 1331 419 1395 fidele,
452 1338 509 1384 ut
535 1338 764 1382 ametur.
789 1323 934 1394 Ergo
959 1320 1077 1376 alia:
1107 1319 1328 1373 istorum
1357 1315 1585 1387 sagittae,
1608 1319 1663 1365 et
1689 1310 1826 1369 alius

238 1428 463 1480 istorum
489 1422 716 1494 gladius.
745 1418 876 1473 Filii
903 1417 1164 1471 hominum
1191 1412 1362 1465 dentes
1404 1423 1579 1463 eorum
1605 1420 1753 1494 arma
1778 1412 1828 1455 et

236 1518 454 1586 sagitta,
551 1514 726 1584 lingua
747 1525 922 1565 eorum
968 1504 1221 1561 machara
1253 1510 1420 1555 acuta.
1451 1497 1653 1565 Lingua
1689 1493 1827 1547 filio-

237 1623 359 1662 rum
387 1603 662 1660 hominum
681 1589 947 1656 machara
971 1605 1123 1650 acuta
1142 1634 1159 1660 ,
1184 1602 1240 1647 et
1262 1591 1451 1646 dentes
1469 1600 1655 1643 eorum
1680 1595 1828 1649 arma

235 1708 296 1754 et
339 1697 564 1766 sagitta.
608 1690 834 1760 Quando
872 1703 1004 1759 ergo
1051 1687 1466 1757 percusserunt,
1494 1678 1595 1732 nisi
1616 1671 1830 1766 quando

234 1765 605 1844 clamaverunt
634 1800 650 1837 :
678 1781 964 1852 Cruciﬁge,
991 1775 1232 1847 cruciﬁgs
1260 1771 1475 1846 (lfattlt.
1499 1783 1641 1824 xxvu
1660 1806 1676 1833 ,
1705 1765 1760 1829 ι,
1781 1773 1831 1818 et

233 1879 400 1935 Joan.
427 1893 542 1944 xtx,
569 1873 666 1947 6)?

316 1974 404 2029 15.
435 1970 584 2043 [νοτε.
613 1964 694 2040 6.]
717 1967 783 2021 Et
798 1962 925 2036 quid
956 1961 1050 2018 tibi
1087 1958 1349 2018 fecerunt.
1377 1970 1412 2012 ο
1433 1951 1699 2010 Domine?
1720 1950 1830 2005 Ex—

235 2065 404 2118 sultct
431 2062 516 2115 hic
550 2059 841 2128 Propheta.
892 2052 1152 2122 Superius
1181 2050 1325 2105 enim
1351 2058 1539 2101 omnes
1566 2043 1686 2098 illos
1712 2057 1834 2096 ver-

236 2169 336 2212 sus
355 2151 612 2209 Dominus
662 2146 979 2217 loquebatur
1009 2160 1023 2196 :
1052 2141 1319 2209 Pr0pbeta
1351 2135 1576 2211 quidem
1602 2173 1618 2196 ,
1645 2131 1737 2188 sed
1764 2146 1831 2186 ex

239 2261 469 2320 persona
493 2237 928 2310 Domini,quiain
951 2233 1215 2303 Propheta
1239 2229 1513 2320 Dominus.
1539 2222 1833 2320 iit-quando

238 2313 479 2408 loquitur
515 2349 579 2389 ex
627 2343 853 2401 persona
882 2341 976 2382 sua
1008 2321 1297 2393 Propheta,
1331 2320 1444 2388 ipse
1466 2315 1721 2408 Dominus
1750 2313 1833 2367 lo-

237 2406 422 2501 quitur
442 2442 538 2498 per
563 2440 685 2479 eum
702 2463 718 2488 ,
745 2419 838 2492 qui
866 2419 915 2474 ei
958 2417 1125 2472 dictat
1153 2413 1431 2468 veritatem
1452 2423 1610 2479 quam
1642 2406 1832 2501 loqua-

235 2498 351 2578 tur.
377 2519 532 2576 Modo
559 2531 687 2587 ergo
727 2529 795 2568 ex
819 2524 1045 2579 persona
1071 2507 1353 2577 Propheta:
1389 2501 1569 2556 audite
1590 2540 1608 2564 ,
1640 2498 1834 2554 fratres

236 2615 371 2671 mei.
399 2611 540 2666 Vidit
583 2607 865 2663 Dominum
893 2603 958 2657 in'
974 2598 1172 2670 Spiritu
1217 2598 1317 2651 iste
1357 2592 1618 2664 propheta
1656 2590 1828 2643 humi-

235 2707 450 2770 liatum,
475 2713 696 2763 assum,
721 2693 1040 2766 tlagellatum
1060 2728 1078 2757 ,
1108 2685 1350 2756 colaphis
1374 2695 1712 2754 percussum,
1740 2694 1836 2733 ex-

239 2798 534 2868 palmatum
560 2789 828 2851 manibus,
858 2783 1028 2854 sputis
1049 2779 1241 2835 illitum
1260 2817 1276 2843 ,
1302 2774 1472 2868 spinis
1495 2778 1833 2868 coronatum,

237 2862 390 2960 ligno
416 2896 757 2954 suspensum;
783 2877 907 2932 illos
948 2873 1231 2929 saevientes
1253 2907 1270 2933 ,
1297 2866 1451 2960 illum
1476 2862 1792 2960 tolerantem
1816 2877 1833 2927 ;

238 2954 370 3038 illos
395 2976 746 3038 exsultantes,
778 2970 924 3025 illum
954 2965 1105 3037 quasi
1126 2963 1322 3018 victum
1348 2958 1484 3014 vidit
1510 2959 1565 3012 in
1590 2954 1789 3025 Spiritu
1817 2969 1833 3008 :

239 3086 298 3130 et
327 3082 445 3144 post
475 3070 618 3125 illam
640 3065 751 3137 jam
803 3074 1018 3116 omnem
1046 3053 1467 3144 humiliationcm
1486 3089 1505 3117 ,
1534 3060 1584 3105 et
1606 3047 1834 3144 illorum

239 3137 482 3221 furorem
511 3155 868 3214 resurrexisse
892 3164 1037 3212 eum,
1065 3157 1121 3202 et
1147 3144 1233 3200 illa
1259 3142 1435 3197 omnia
1455 3155 1575 3211 quas
1600 3137 1840 3193 fecerant

239 3255 415 3313 Jud:ci
445 3252 729 3306 saevientes
751 3243 888 3298 facta
909 3254 1029 3296 esse
1053 3236 1267 3298 inania;
1297 3241 1352 3287 et
1380 3231 1552 3285 elatus
1571 3229 1592 3260 θ
1618 3224 1834 3297 gaudio,

243 3359 501 3417 tanquam
540 3340 745 3416 videret
786 3333 899 3389 fieri
920 3373 935 3398 ,
962 3326 1233 3391 Exaltare,
1267 3317 1832 3417 inquit,_superfmlos,

238 3411 408 3499 neu}.
455 3436 627 3493 Homo
657 3413 712 3486 in
758 3441 917 3485 cruce
937 3465 951 3490 ,
979 3434 1033 3480 et
1066 3435 1228 3490 super
1258 3418 1426 3473 ctelos
1453 3415 1609 3468 Deus.
1645 3411 1838 3466 [ienta-

241 3539 411 3592 neant
454 3529 507 3584 in
557 3535 700 3582 terra
727 3520 1041 3578 saevientes,
1071 3522 1128 3568 ttt
1169 3512 1222 3565 in
1254 3509 1393 3564 coelo
1419 3515 1537 3562 esto
1566 3504 1835 3574 judicans.

240 3627 352 3685 Ubi
373 3631 496 3680 sunt
521 3619 613 3689 qui
641 3611 909 3670 furebant?
933 3608 1023 3662 ubi
1061 3614 1184 3661 sunt
1212 3603 1382 3656 dentes
1421 3615 1593 3651 eorum
1621 3612 1762 3648 (truta
1791 3604 1838 3648 et

241 3713 490 3789 sagitta?
519 3710 707 3766 Nonne
751 3703 951 3774 sagitta:
992 3697 1270 3789 infantiam
1316 3697 1467 3789 fac-tta
1509 3698 1626 3789 sunt
1673 3689 1838 3759 plaga:

240 3780 459 3868 eorum?
483 3804 604 3860 Alio
628 3799 771 3858 enim
803 3797 923 3851 loco
951 3790 1190 3863 psalmus
1215 3786 1318 3841 hoc
1357 3782 1507 3844 dicit,
1534 3780 1719 3834 volens
1743 3794 1839 3832 eos

239 3897 535 3959 ostendere
561 3890 792 3950 inaniter
824 3883 1044 3942 saevisse
1069 3922 1084 3947 ,
1109 3888 1162 3934 ct
1192 3876 1420 3932 inaniter
1441 3874 1493 3928 in
1516 3872 1679 3927 furias
1705 3886 1843 3940 prae-

238 4179 393 4236 cuzlo
431 4169 638 4230 sedenti
657 4211 672 4234 ,
702 4166 901 4237 sagitta:
937 4158 1211 4229 infantium
1238 4158 1390 4222 facti:
1406 4159 1521 4206 sunt
1559 4149 1726 4219 plaga:
1751 4165 1838 4202 eo-

237 4285 362 4326 runt
385 4265 556 4331 lf’sal.
588 4274 756 4324 unt,
785 4255 862 4327 8).
907 4248 1192 4320 Quomodo
1229 4243 1458 4300 infantes
1501 4240 1698 4294 faciunt
1736 4237 1838 4294 sibi

239 4359 504 4432 sagittas?
533 4353 613 4410 De
629 4393 632 4396 λ
651 4347 842 4407 cannis
867 4344 908 4398 ³.
937 4342 1159 4413 Sagitta:
1183 4346 1360 4392 autem
1408 4348 1530 4402 qua:
1548 4333 1580 4432 Ἰ.
1602 4338 1694 4432 aut
1717 4347 1839 4432 qua?

239 4423 394 4508 vires
411 4450 436 4503 ?
456 4455 547 4503 aut
571 4444 663 4517 qui
689 4437 874 4498 arcus?
900 4443 991 4489 aut
1016 4434 1104 4504 qui
1133 4427 1302 4486 ictus?
1323 4435 1415 4481 aut
1441 4423 1581 4495 quod
1605 4423 1840 4517 vulnus?

195 4603 199 4605 .
241 4544 498 4603 Exultant
521 4516 675 4607 super
692 4531 862 4595 celos,
877 4528 1040 4592 Deus,
1057 4536 1102 4579 et
1127 4540 1279 4591 super
1297 4536 1496 4574 omnem
1521 4528 1706 4607 terram
1733 4516 1845 4588 glo-

240 4639 327 4694 ria
349 4645 464 4688 tua.
491 4605 687 4700 thuid
709 4620 962 4679 exaltaris
993 4631 1158 4688 super
1191 4612 1359 4669 eteius
1391 4607 1563 4662 Deus?
1588 4605 1840 4700 Fratres,

237 4730 543 4789 exaltatum
568 4699 738 4788 Deum
765 4729 928 4785 super
946 4711 1135 4772 oculos,
1160 4720 1266 4761 non
1296 4704 1538 4757 videmus
1557 4741 1572 4765 ,
1601 4699 1696 4754 sed
1720 4713 1840 4752 cre-

240 4823 428 4879 dimus
455 4834 471 4872 :
497 4823 660 4884 super
685 4821 900 4864 omnem
923 4811 1099 4858 autem
1129 4807 1322 4852 terram
1348 4792 1571 4864 gloriam
1589 4792 1718 4865 ejus,
1736 4805 1840 4843 non

241 4923 459 4972 tantum
487 4883 779 4964 credimus,
805 4896 899 4952 sed
926 4894 1088 4948 etiam
1118 4888 1378 4944 videmus.
1407 4883 1628 4952 Qualem
1658 4896 1841 4935 verum

240 4970 535 5061 vesaniam
563 4994 829 5066 patiantur
881 4982 1115 5040 haeretici
1141 5023 1156 5044 ,
1201 4982 1490 5066 quaesout
1533 4970 1840 5027 attendatis.

241 5095 329 5153 ifli
361 5087 571 5163 praicisi
608 5101 638 5138 a
671 5079 986 5148 compagine
1013 5070 1265 5141 Ecclesiae
1295 5065 1525 5128 Christi,
1553 5072 1609 5163 et
1637 5071 1840 5163 partem

241 5153 516 5244 tenentes.
541 5164 708 5233 tutum
734 5170 1038 5226 amittentes
1058 5205 1074 5229 ,
1102 5163 1289 5218 nolunt
1312 5157 1706 5214 communicare
1725 5153 1842 5208 orbi

241 5289 538 5337 terrarum,
561 5283 663 5340 qua
684 5262 873 5319 diffusa
890 5268 972 5332 est
989 5255 1152 5329 gloria
1177 5250 1395 5308 Christi.
1421 5248 1530 5304 Nos
1548 5255 1726 5300 autem
1745 5245 1845 5299 Ca-

243 5364 438 5427 tholici
460 5367 513 5418 in
535 5358 679 5416 omni
705 5369 844 5410 terra
869 5363 1074 5412 sumus,
1099 5346 1222 5416 quia
1249 5343 1394 5396 omni
1417 5348 1572 5394 terra.
1597 5351 1842 5391 commu-

241 5463 492 5520 uicamus
513 5460 847 5525 quacumque
867 5442 1034 5512 gloria
1058 5434 1251 5495 Christi
1278 5430 1467 5488 diffusa
1482 5427 1844 5525 est.Videmtts

239 5518 394 5611 enim
417 5518 562 5621 quod
591 5553 718 5598 tunc
754 5545 1026 5594 cantatum
1047 5538 1148 5594 est,
1174 5527 1335 5583 modo
1354 5522 1702 5591 completum.
1729 5518 1844 5573 Ex-

243 5649 448 5705 citatus
474 5648 561 5695 est
585 5649 744 5710 super
764 5630 932 5686 oculos
963 5626 1102 5678 Deus
1132 5630 1337 5685 noster,
1360 5625 1413 5672 et
1434 5629 1595 5684 super
1623 5626 1840 5666 omnem

311 5764 328 5789 ‘
367 5758 452 5806 Hic
471 5750 584 5802 edd.
609 5746 808 5803 addunt,
830 5733 1093 5790 occidentis
1116 5742 1160 5786 et
1177 5725 1474 5796 resurgentis
1504 5737 1522 5778 :
1547 5724 1676 5790 quod
1703 5723 1844 5773 abest

237 5837 266 5871 ε
292 5826 408 5870 Mss.

312 5886 332 5910 θ
363 5883 436 5929 Sic.
458 5885 564 5926 uss.
592 5879 645 5922 At
665 5861 1043 5925 rdtl.,elevatus.

313 5946 337 5975 ς
365 5951 456 5992 MS
481 5977 495 5998 ,
518 5931 764 5989 cautious.

1327 471 1725 533 ENARRATIO
1763 470 1827 528 IN
1854 471 2193 532 PSALMUM-
2215 474 2352 532 LVI.

3411 484 3514 542 670

1931 593 2127 642 terram
2157 589 2322 660 gloria
2355 589 2542 661 ipsius.
2569 591 2618 652 ο
2654 595 2908 652 haeretica
2954 596 3192 669 insania!
3223 596 3378 666 Quod
3402 613 3512 656 non

1932 677 2084 732 vides
2110 679 2286 737 credis
2306 697 2534 747 mecum,
2553 686 2694 756 quod
2716 685 2862 743 vides
2883 703 3044 759 negas
3068 706 3082 743 :
3110 690 3285 745 credis
3306 706 3517 748 meeum

1931 773 2217 830 exaltatum
2247 776 2516 833 Christum
2545 794 2707 850 super
2733 781 2918 846 oculos,
2949 784 3088 852 quod
3116 798 3220 839 non
3251 785 3514 850 videmus;

1932 876 1988 920 et
2015 882 2175 937 negas
2203 866 2425 938 gloriam
2452 869 2569 942 ejus
2586 887 2746 941 super
2774 888 2987 928 omnem
3015 884 3232 941 terram,
3264 877 3405 947 quod
3436 879 3520 931 vi-

1931 956 2141 1014 demus.
2174 959 2417 1017 Emltare
2458 980 2612 1033 super
2633 967 2805 1032 stelas,
2839 964 2980 1022 Deus
3002 1007 3017 1033 ,
3041 977 3087 1021 et
3125 983 3278 1039 super
3325 985 3523 1026 omnem

1935 1059 2119 1102 terram
2140 1051 2305 1121 gloria
2327 1062 2434 1107 tua.

2008 1141 2094 1194 tt.
2123 1139 2272 1213 [υεη.
2304 1143 2385 1218 7.]
2408 1146 2570 1202 Redit
2605 1147 2670 1204 ad
2703 1149 2865 1204 verba
2914 1149 3167 1208 Domini:
3197 1161 3251 1206 et
3277 1131 3530 1221 ipse'no.

1933 1231 2110 1286 minus
2135 1250 2355 1290 narrare
2385 1239 2538 1292 nobis
2563 1238 2776 1308 incipit,
2807 1249 3058 1310 tanquam
3084 1243 3362 1314 alloquens
3393 1244 3526 1310 nos,

1934 1325 2232 1382 exsultante
2257 1328 2417 1384 etiam
2449 1330 2714 1400 Propheta
2742 1342 2797 1387 et
2825 1334 3037 1390 dicente
3057 1376 3070 1398 ,
3105 1335 3351 1391 Exaltare
3376 1353 3532 1405 super

1935 1419 2106 1484 stelas,
2127 1418 2287 1484 Deus,
2315 1431 2365 1475 et
2390 1437 2546 1493 super
2560 1422 2758 1477 omnem
2786 1434 2970 1502 terram
2996 1425 3160 1496 gloria
3181 1434 3287 1480 tua.
3314 1428 3525 1482 Confir-

1937 1517 2046 1561 mat
2093 1524 2192 1564 nos
2233 1519 2286 1565 et
2315 1512 2427 1582 ipse
2452 1554 2467 1576 ,
2497 1523 2748 1585 tanquam
2779 1515 2962 1572 dicens
2995 1520 3190 1583 nobis:
3224 1517 3361 1585 Quid
3396 1519 3523 1572 mihi

1937 1598 2109 1655 facere
2148 1610 2436 1670 potuerunt
2478 1603 2550 1660 illi
2592 1605 2684 1675 qui
2711 1621 2798 1660 me
2844 1607 3109 1675 persecuti
3150 1609 3320 1663 sunt?
3347 1610 3527 1676 Quare

1935 1700 2113 1747 autem
2143 1709 2242 1748 nos
2278 1693 2589 1766 alloquitur?
2617 1695 2752 1764 Quia
2779 1696 2980 1752 faciunt
3007 1707 3062 1754 et
3103 1698 3277 1753 nobis.
3308 1698 3412 1754 Sed
3439 1699 3528 1753 ni—

1936 1781 2012 1839 hil
2043 1785 2240 1840 faciunt
2277 1787 2364 1854 qui
2391 1802 2488 1842 nos
2519 1788 2766 1844 similiter
2794 1787 2990 1844 iuerint
3017 1791 3306 1859 persecuti.
3339 1789 3532 1845 Videat

1937 1873 2080 1927 enim
2111 1871 2356 1930 Charitas
2385 1875 2574 1932 Vestra
2606 1877 2966 1947 alloqueutem
2997 1891 3095 1933 nos
3121 1878 3408 1933 Dominum
3428 1920 3444 1944 ,
3474 1889 3531 1934 et

1936 1966 2316 2023 exhortantem
2341 1984 2440 2024 nos
2491 1969 2740 2039 exemplo
2777 1981 2895 2025 suo.
2944 1966 3290 2041 Mmipnlam
3319 1987 3534 2039 parave-

1936 2068 2058 2112 runt
2082 2060 2289 2129 pedibus
2315 2060 2457 2125 meis,
2487 2070 2536 2113 et
2553 2062 2937 2116 incurvauerunt
2960 2062 3187 2115 animam
3206 2078 3389 2114 meum.
3419 2061 3531 2116 Vo-

1939 2149 2150 2204 luerunt
2177 2149 2322 2203 illam
2345 2151 2496 2220 quasi
2523 2150 2592 2204 de
2611 2149 2755 2205 calo
2780 2149 3072 2220 deponere,
3103 2159 3158 2206 et
3183 2151 3250 2204 ad
3277 2150 3530 2207 inferiora

1937 2241 2240 2310 deprimere
2271 2258 2286 2293 :
2314 2241 2631 2295 Curaverunt
2656 2241 2881 2295 animant
2902 2257 3087 2295 meam.
3119 2239 3384 2294 Fuderunt
3413 2251 3533 2294 ante

1938 2333 2121 2402 facient
2169 2350 2332 2387 meam
2362 2337 2556 2404 foveant
2575 2372 2591 2399 ,
2621 2341 2669 2387 et
2715 2333 2816 2403 ipsi
2841 2333 3128 2386 inciderunt
3153 2333 3204 2386 in
3241 2349 3372 2386 eam.
3403 2332 3530 2386 Mihi

1941 2432 2267 2489 nocuerunt,
2299 2439 2367 2477 an
2397 2421 2497 2478 sibi
2513 2422 2539 2475 ἲ
2557 2423 2697 2479 Ecce
2723 2422 2815 2479 ille
2839 2423 3101 2478 exaltatus
3128 2431 3212 2478 est
3237 2437 3399 2492 super
3420 2438 3533 2480 cm-

1939 2516 2020 2569 los
2049 2517 2210 2580 Deus,
2239 2523 2297 2570 et
2323 2530 2450 2570 ecce
2469 2529 2634 2584 super
2652 2529 2869 2569 onmem
2901 2522 3099 2569 terram
3128 2514 3297 2583 gloria
3325 2514 3529 2584 ipsius:

1938 2624 2161 2677 regnum
2187 2604 2384 2663 Christi
2415 2605 2680 2673 videmus,
2711 2605 2799 2661 ubi
2822 2614 2910 2662 est
2949 2622 3172 2677 regnum
3198 2607 3534 2663 Judmorum‘l

1939 2701 2200 2769 Quoniam
2228 2715 2357 2770 ergo
2387 2697 2628 2755 fecerunt
2663 2699 2806 2770 quod
2851 2697 3031 2754 facere
3065 2714 3173 2754 non
3199 2699 3528 2765 debuerunt,

1939 2790 2137 2846 factum
2159 2800 2242 2845 est
2263 2789 2316 2845 in
2339 2790 2460 2845 illos
2482 2787 2625 2859 quod
2653 2790 2757 2857 pati
2785 2789 2984 2844 debuei
2996 2799 3094 2843 unt
3120 2806 3134 2842 :
3168 2789 3266 2858 ipsi
3296 2790 3536 2861 [oderunt

1940 2885 2172 2954 foveam,
2201 2892 2248 2937 et
2273 2881 2374 2954 ipsi
2399 2881 2684 2937 inciderunt
2711 2881 2766 2935 in
2807 2897 2940 2934 eam.
2967 2880 3118 2946 Quod
3155 2880 3308 2944 enim
3354 2896 3538 2950 perse-

1941 2977 2048 3033 cuti
2078 2985 2204 3032 sunt
2229 2975 2524 3041 Christum,
2558 2974 2775 3030 Christo
2800 2988 2905 3029 non
2935 2974 3125 3034 obfuit.
3161 2972 3255 3028 sed
3281 2973 3412 3042 ipsis
3439 2973 3539 3027 ob-

1941 3066 2061 3122 fuit.
2113 3066 2182 3121 Et
2207 3067 2370 3121 nolite
2395 3075 2619 3135 putare,
2642 3063 2874 3130 fratres,
2903 3064 3033 3133 ipsis
3079 3065 3210 3119 solis
3248 3063 3352 3119 hoc
3388 3063 3536 3118 acci-

1941 3159 2107 3215 disse.
2134 3157 2320 3214 Omnis
2349 3158 2440 3227 qui
2467 3164 2619 3228 parat
2637 3157 2845 3211 foveam
2878 3155 3026 3210 fratri
3053 3169 3172 3218 suo,
3201 3169 3425 3210 necesse
3453 3163 3540 3210 est

1941 3259 2002 3305 nt
2026 3251 2142 3320 ipse
2167 3248 2367 3304 incidat
2407 3247 2459 3301 in
2488 3261 2631 3302 eam.
2665 3245 2960 3308 lntendite,
2993 3245 3188 3313 fratres
3215 3245 3360 3313 mei,
3386 3245 3537 3300 chri-

1942 3341 2146 3398 stianos
2167 3341 2353 3396 oculos
2381 3339 2575 3394 habete
2593 3379 2607 3404 ,
2641 3338 2808 3392 nolite
2827 3337 2942 3392 deei
2952 3335 3002 3405 pi
3029 3335 3349 3392 visibilibus.
3375 3335 3540 3392 Forte

1942 3434 2087 3489 enim
2134 3433 2292 3486 alicui
2320 3441 2589 3495 vestrum,
2613 3431 2734 3499 quin
2780 3432 2881 3483 hoc
2905 3429 3054 3494 dixi,
3091 3428 3340 3484 subvenit
3371 3426 3538 3484 modo

1942 3525 2132 3594 aliquis
2159 3525 2248 3593 qui
2277 3523 2443 3575 voluit
2471 3521 2617 3575 fratri
2640 3536 2738 3575 suo
2776 3519 3017 3576 fraudem
3042 3520 3224 3576 facere
3244 3561 3258 3582 .
3289 3529 3345 3576 et
3369 3521 3540 3575 voluit

1942 3615 1990 3669 ei
2021 3616 2226 3685 aliquas
2269 3612 2486 3668 insidias
2514 3611 2841 3678 machinari,
2880 3622 2939 3667 et
2985 3610 3320 3667 machinatus
3338 3622 3458 3680 est,
3484 3622 3542 3668 et

1944 3706 2216 3776 implevit,
2244 3714 2298 3759 et
2327 3703 2521 3759 cecidit
2545 3704 2707 3757 frater
2734 3704 2787 3757 in
2816 3703 3038 3758 insidias
3081 3703 3228 3773 ejus,
3257 3712 3313 3758 et
3338 3704 3541 3772 spolia.

1944 3807 2031 3853 tus
2068 3806 2168 3863 est,
2195 3805 2288 3851 aut
2313 3809 2530 3864 pressus
2577 3799 2688 3859 est,
2719 3794 2832 3848 sive
2871 3808 3089 3848 carcere
3113 3833 3128 3856 ,
3155 3795 3271 3848 sive
3303 3794 3439 3850 falso
3463 3804 3544 3852 to-

1943 3889 2236 3947 stimonio.
2266 3887 2378 3940 sive
2423 3886 2596 3954 aliqua
2642 3884 2845 3940 nefaria
2891 3884 3269 3940 criminatione
3311 3888 3544 3943 circum-

1944 3992 2172 4038 ventus:
2205 3980 2416 4035 videtur
2443 3987 2623 4032 autem
2674 3977 2775 4032 istc
2819 3992 3108 4047 oppressus
3129 4019 3146 4044 ,
3180 3978 3269 4033 ille
3311 3995 3540 4049 Oppres-

1942 4077 2099 4140 sisse;
2134 4075 2233 4129 iste
2261 4073 2457 4136 victus,
2489 4072 2576 4126 ille
2607 4073 2836 4134 vtcisse;
2863 4080 2918 4124 et
2941 4072 3130 4125 falsum
3154 4080 3373 4141 putatur
3398 4073 3541 4141 quod

1945 4167 2213 4232 diximus,
2245 4166 2495 4234 quoniam
2538 4165 2863 4232 quicumque
2890 4161 3097 4217 foveam
3140 4165 3408 4232 paraverit
3437 4165 3542 4219 fra-

1948 4261 2014 4314 tri
2055 4273 2154 4313 suo
2182 4300 2196 4322 ,
2235 4258 2349 4326 ipse
2378 4257 2522 4310 cadit
2571 4255 2623 4309 in
2663 4271 2804 4309 eam.
2855 4253 3131 4325 interrogo
3166 4270 3260 4309 vos
3286 4265 3540 4326 tanquam

1945 4352 2266 4409 christianos
2291 4390 2305 4411 ,
2338 4358 2394 4402 ut
2443 4347 2669 4402 sumatis
2694 4347 2996 4416 exemplum
3041 4346 3109 4402 de
3141 4347 3226 4402 bis
3267 4364 3386 4417 qua:
3427 4348 3542 4417 jam

1947 4447 2213 4502 novimus.
2236 4440 2434 4512 Pagani
2457 4438 2720 4510 persecuti
2744 4449 2869 4494 sunt
2897 4448 3182 4509 martyres,
3205 4449 3259 4494 et
3279 4450 3543 4511 martyres

1947 4537 2088 4607 capti
2117 4543 2273 4598 sunt,
2307 4530 2454 4602 ligati
2481 4539 2606 4585 sunt
2630 4570 2644 4593 ,
2678 4531 2730 4584 in
2781 4530 3228 4584 carcerem'inissi
3254 4537 3410 4590 sunt,
3443 4530 3509 4584 bc
3530 4562 3544 4570 -

1948 4631 2064 4685 stiis
2109 4625 2341 4682 subrecti
2390 4631 2516 4678 sunt
2545 4623 2562 4654 ί
2588 4663 2604 4687 ,
2636 4622 2724 4678 alii
2781 4621 2922 4677 ferro
2965 4622 3241 4690 percussi,
3273 4622 3363 4676 alii
3407 4623 3542 4693 igni-

1948 4725 2048 4779 bus
2095 4718 2419 4777 concremati
2474 4732 2490 4772 :
2541 4715 2786 4770 vicerunt
2833 4723 3264 4783 persequentes,
3322 4724 3376 4769 et
3415 4715 3540 4768 victi

1947 4823 2072 4871 sunt
2100 4809 2404 4880 martyres?
2425 4807 2595 4862 Absit.
2627 4805 2818 4874 Quare
2835 4805 3056 4877 gloriam
3087 4817 3379 4878 martyrum
3402 4807 3542 4878 apud

1950 4908 2152 4968 Deum,
2195 4916 2376 4972 qumre
2418 4898 2622 4955 foveant
2675 4898 3006 4967 Paganorum
3039 4897 3091 4952 in
3128 4897 3376 4954 confossa
3417 4915 3547 4953 con-

1949 4996 2168 5054 scientia
2197 5013 2211 5050 :
2241 4993 2308 5048 ibi
2340 5000 2423 5048 est
2448 4992 2589 5046 enim
2621 4987 2770 5043 fovea
2797 5003 2904 5058 quo
2930 4989 3072 5044 cadit
3099 4991 3312 5060 impius.
3338 4991 3389 5045 in
3414 5008 3544 5046 enn-

1950 5089 2168 5146 scientia
2218 5087 2376 5140 mala.
2403 5084 2564 5137 Putas
2594 5097 2712 5136 eum
2745 5082 2797 5135 in
2841 5081 3050 5136 foveam
3094 5098 3200 5137 non
3240 5085 3500 5138 cecidisse
3524 5126 3540 5149 ,

1948 5184 2038 5252 qui
2068 5182 2238 5235 lucem
2259 5176 2452 5231 Christi
2482 5173 2710 5244 perdidit
2744 5183 2799 5229 et
2837 5174 3076 5229 ctecitate
3107 5191 3390 5245 percussus
3416 5177 3546 5231 est?

1948 5272 2138 5329 Sinon
2165 5270 2378 5325 caderet
2420 5267 2472 5319 in
2521 5264 2763 5327 foveam,
2810 5264 3016 5321 videret
3055 5277 3180 5319 ante
3224 5281 3324 5320 se:
3367 5268 3544 5321 nescit

1948 5378 2052 5434 qua
2079 5371 2200 5425 cat;
2239 5357 2505 5429 quomodo
2531 5357 2617 5426 qui
2647 5355 2883 5410 ambulat
2910 5356 2960 5408 in
2998 5356 3079 5408 via
3117 5370 3237 5409 cntn
3285 5355 3544 5412 ceciderit

1951 5458 2004 5511 in
2035 5454 2245 5509 foveam
2272 5494 2287 5518 ,
2321 5450 2549 5518 perdidit
2573 5449 2736 5503 viam.
2765 5447 2967 5503 Videtis
2996 5439 3126 5522 ergo
3153 5464 3341 5503 omnes
3379 5451 3542 5505 male-

1951 5546 2180 5602 factores
2228 5542 2524 5612 perdidisse
2570 5541 2708 5594 viam
2735 5580 2751 5605 ,
2790 5539 3080 5607 implicata
3135 5540 3389 5596 facinore.
3431 5540 3539 5597 Sed

1947 5637 2056 5708 jam
2087 5644 2138 5689 te
2170 5632 2386 5687 tradidit
2411 5633 2463 5686 in
2491 5648 2679 5686 manus
2711 5631 2849 5686 forte
2878 5631 3118 5693 latronis,
3151 5641 3242 5685 aut
3270 5632 3322 5686 in
3350 5648 3541 5687 manus

1949 5725 2172 5795 alicujus
2198 5723 2379 5793 injusti
2405 5723 2490 5778 vel
2518 5723 2869 5778 circumventi
2901 5737 2930 5776 a
2959 5738 3016 5776 se
3051 5723 3247 5793 judicis
3277 5740 3288 5777 :
3318 5733 3370 5777 et
3405 5733 3459 5776 tu
3487 5726 3542 5777 in

2015 5839 2030 5871 '
2067 5835 2204 5894 εδδ..
2227 5832 2388 5886 bestiis
2407 5830 2624 5894 subjecti.
2666 5841 2719 5882 At
2743 5839 2870 5896 Mss,
2896 5832 3052 5885 bestiis
3093 5832 3312 5885 rultrccti.
3337 5834 3436 5884 για.
3461 5847 3542 5884 su-

1951 5913 2053 5968 pra,
2068 5899 2160 5951 col.
2185 5898 2296 5958 603,
2318 5897 2405 5948 lin.
2435 5895 2507 5958 10,
2530 5909 2639 5947 cum
2657 5904 2786 5946 nuta.
