1984 3162
231 216 281 244 671

230 275 353 310 pressura
366 279 406 305 es,
422 271 468 299 ille
479 269 597 302 halat-tr,
610 267 656 295 illo
666 263 791 310 exsultat.
800 261 873 310 idoli,
886 260 940 296 jam
954 258 1024 310 disi,

229 304 285 348 ivoii
304 304 404 348 habere
421 316 514 345 oculos
537 315 705 349 Paganorum
728 308 911 337 :christiaaos
933 304 1026 333 oculos

230 365 311 394 habe.
330 364 412 393 Vides
432 362 507 391 illum
527 360 573 396 qui
593 358 730 387 exsultat:
747 356 804 391 ipsa
824 353 967 382 exsultatio
985 356 1028 378 est

230 412 308 441 fovea
323 410 417 446 ipsius.
431 408 527 436 Melior
540 411 582 435 est
594 405 665 433 enim
680 402 788 431 tristitia
808 400 897 435 iniqua
921 398 1026 433 patien—

231 457 283 490 tis,
298 444 377 491 quam
392 454 483 484 laetitia
497 452 586 488 iniqua
609 449 739 478 facientis.
753 447 814 482 ipsa
834 445 924 474 lautitia
937 444 1026 491 iniqua

232 489 369 534 (cientis,
381 500 439 536 ipsa
450 504 492 527 est
502 498 576 526 fovea
588 505 597 525 :
608 496 670 524 illuc
683 495 797 531 quisque
807 499 867 520 cum
880 489 1025 521 ceciderit,

234 548 328 576 oculos
341 546 438 583 perdit.
454 545 493 573 'i‘e
514 544 588 572 doles
599 562 608 577 ,
628 542 690 578 quia
709 538 848 576 perdidisti
869 541 986 568 vestem;
1001 540 1029 563 et

236 593 311 621 illum
326 599 379 620 non
392 591 485 625 doles,
500 590 562 626 quia
578 586 693 624 perdidit
707 585 808 614 iidem?
822 583 888 618 Quis
910 586 1029 610 vestrum

234 639 358 676 graviore
371 638 470 666 damno
485 641 627 671 percussus
639 632 703 663 est?
723 633 792 660 Ecce
812 631 856 658 ille
868 628 965 657 occidit
974 647 982 660 ,
1000 631 1029 654 ιιι

234 672 365 713 occideris
378 693 386 711 :
398 683 464 711 vivit
475 682 530 715 ille,
542 686 570 708 tu
585 683 706 708 mortutts
716 685 746 706 es
755 676 768 704 τ
778 676 865 704 Absit.
880 674 931 703 Ubi
944 677 986 701 est
998 672 1030 700 li-

233 731 284 759 des
295 728 509 758 Christianorum
519 727 532 754 1
546 725 592 754 ubi
605 731 647 753 est
660 724 707 752 ille
720 722 766 758 qui
786 721 899 749 moritur
910 718 944 746 ad
960 724 1031 745 tem-

234 776 304 814 pus?
317 775 416 804 Audiat
425 774 568 802 Dominum
588 778 665 800 suum
680 779 688 797 :
704 768 755 802 Qui
767 767 846 814 credit
859 767 886 793 in
899 773 940 792 me
950 785 958 797 ,
972 764 1031 814 tiret

235 810 371 856 moriatur,
382 821 443 849 sirit
457 819 554 856 (Joan.
570 826 608 852 ιι,
623 815 688 853 25).
705 815 776 851 Ergo
790 812 835 849 qui
849 820 902 840 non
922 810 1030 844 credit,

235 870 300 898 licet
311 868 385 896 vivat
395 887 403 900 ,
424 870 546 896 mortuus
557 868 608 892 est.
624 862 648 890 F
648 862 757 891 oderunt
769 865 827 887 ante
846 858 937 894 faciem
950 864 1031 883 meam

236 918 346 952 fossam,
360 919 385 943 et
402 913 453 949 ipsi
463 912 607 940 inciderunt
619 910 647 937 in
665 916 732 937 eam.
748 905 878 935 Omnibus
891 903 969 932 malis
984 910 1032 930 ne-

236 968 314 990 cesse
327 964 369 989 est
378 964 408 988 ut
417 959 469 986 hoc
481 957 628 992 contingat.

273 1007 318 1035 15.
336 1004 423 1042 [ναι.
436 1002 484 1040 8.]
503 1003 636 1030 Benorutn
656 1004 746 1027 autem
759 996 882 1033 patientia
896 1002 1032 1031 pnnpara-

237 1052 311 1082 tione
317 1040 406 1081 cordis
413 1048 514 1084 excipit
523 1047 685 1074 voluntatem
696 1044 754 1077 Dei,
769 1047 797 1072 et
805 1042 934 1078 gloriatur
943 1040 969 1067 iu
985 1040 1034 1067 tri-

237 1096 428 1128 bulationibus,
457 1094 550 1123 dicens
574 1091 646 1128 quod
668 1089 788 1126 sequitur
811 1097 820 1116 :
843 1086 967 1115 Paratum
989 1093 1034 1113 cor

237 1151 333 1177 meum,
347 1141 428 1174 Deus.
442 1144 563 1176 paratum
574 1145 619 1166 cor
638 1143 739 1168 nicum;
752 1134 857 1162 romabo
871 1137 895 1160 et
911 1131 1032 1168 psallam.

237 1188 306 1224 Quid
320 1187 383 1216 fecit
399 1185 484 1214 mihi?
498 1182 604 1212 Paravit
616 1181 730 1213 foveam,
742 1187 791 1208 cor
808 1185 897 1207 meum
913 1181 1033 1213 paratum

238 1240 290 1264 est.
305 1233 353 1262 ille
365 1231 467 1269 paravit
477 1230 580 1258 foveam
593 1228 627 1255 ad
642 1225 840 1261 decipiendum,
855 1231 906 1260 ego
917 1231 965 1252 cor
978 1230 1032 1250 non

239 1280 339 1317 parabo
347 1278 382 1307 ad
390 1274 611 1314 perpetiendum!
620 1273 666 1302 ille
673 1272 778 1309 paravit
788 1271 890 1299 foveam
904 1270 937 1298 ad
947 1269 1036 1304 oppri-

239 1315 376 1358 mendum,
395 1330 446 1360 ego
465 1329 514 1350 cor
527 1328 581 1349 non
594 1319 695 1356 parabo
707 1318 742 1346 ad
762 1316 930 1346 tolerandum
942 1315 955 1342 τ
968 1315 1035 1343 Pro-

239 1376 334 1408 pterea
349 1370 395 1398 ille
415 1368 517 1397 incidet
536 1367 563 1394 in
587 1373 663 1398 eam,
688 1371 739 1400 ego
756 1367 845 1391 autem
866 1361 981 1390 cantabo
1006 1365 1036 1389 et

240 1407 361 1452 psallam.
376 1413 445 1443 Audi
458 1420 507 1441 cor
518 1416 639 1448 pontum
651 1410 678 1438 in
690 1407 894 1445 Apostolo,quia
916 1407 1035 1435 imitatus

238 1467 283 1492 est
294 1461 436 1490 Dominum
448 1467 526 1488 suum
538 1467 546 1486 :
562 1457 718 1489 Gloriamur,
732 1455 827 1491 inquit,
848 1455 875 1482 in
889 1453 1035 1482 tribulatio-

240 1508 335 1542 nibus,-
350 1506 411 1543 quia
439 1505 568 1543 tribulatio
587 1503 734 1540 patientiam
755 1505 892 1537 operatur,
913 1500 1036 1536 patientia

241 1553 428 1591 probationum.
443 1550 559 1587 probatio
577 1556 729 1585 spem,spes
748 1555 806 1575 vero
819 1554 871 1574 non
883 1545 1035 1581 confundit:

240 1600 302 1636 quia
309 1599 422 1628 cltun'tu
435 1597 485 1625 Dei
496 1595 592 1630 diffusa
603 1601 639 1623 ut
651 1595 678 1622 in
690 1593 807 1622 cordibus
814 1592 908 1621 nostris
919 1600 964 1628 per
974 1591 1038 1626 Spi-

240 1646 319 1673 ritum
335 1648 451 1673 sanctum
462 1642 590 1681 quidatus
604 1645 640 1669 est
657 1639 729 1667 nobis
738 1639 826 1676 (liam.
839 1645 867 1670 v,
878 1638 924 1666 3-5
936 1637 957 1673 ).
974 1637 1038 1665 Erat

241 1691 270 1721 in
278 1690 420 1727 pressaris,
429 1689 456 1718 iu
469 1689 582 1721 catenis,
592 1687 619 1715 in
625 1685 787 1718 carceribus,
796 1684 823 1712 in
831 1683 924 1720 plagis,
933 1683 959 1711 in
968 1683 1038 1711 fame

241 1743 269 1767 et
275 1737 361 1772 sitl,iu
367 1736 465 1773 frigore
474 1739 502 1764 et
509 1734 638 1767 nuditate,
646 1733 673 1760 in
681 1731 754 1760 omni
763 1730 909 1758 vastatione
918 1729 1037 1758 laborum

241 1791 270 1815 et
283 1784 406 1813 dolorum
419 1782 459 1819 (ιι
472 1781 533 1811 εον.
545 1780 663 1816 n.21),
674 1783 702 1807 et
714 1778 820 1806 dicebat
834 1786 842 1805 ε
857 1776 1002 1804 σιοτεωιιυ
1010 1778 1040 1803 in

242 1828 457 1859 tribulationibus.
477 1825 624 1859 linde,nisi
641 1824 704 1861 quia
713 1828 832 1859 paratum
845 1827 887 1850 est
898 1829 945 1850 cor
960 1821 1018 1856 ejus
1027 1822 1041 1849 1

243 1876 307 1906 Ideo
317 1874 441 1904 cantabat
455 1877 484 1902 et
494 1872 642 1908 psallebat:
657 1870 783 1897 Paratum
795 1876 840 1896 cor
849 1876 942 1901 nicum,
956 1867 1038 1901 Deus,

243 1926 363 1959 paralunv
374 1928 418 1949 cor
429 1926 531 1952 meum;
540 1917 646 1946 cantabo
657 1921 680 1944 et
694 1915 815 1952 psallam.
936 1957 942 1959 Α
979 1916 982 1919 “

279 1967 325 1996 16.
337 1966 414 2003 (ras.
426 1964 468 2001 9.]
481 1963 615 1999 Exsurge,
629 1962 713 1998 gloria
733 1968 799 1988 mea.
814 1959 860 1987 Ille
871 1959 917 1993 qui
931 1957 1037 1994 fugerat

244 2021 260 2042 ιι
274 2013 340 2042 facie
350 2011 415 2041 Sail!
429 2011 456 2039 in
470 2009 637 2046 speluncam,
650 2006 777 2042 Exsurge,
787 2005 870 2042 gloria
882 2012 947 2037 mea,
955 2004 1040 2040 glori-

246 2060 340 2088 ileetur
353 2057 431 2086 .iesus
449 2059 511 2092 post
531 2053 694 2090 passionem.
706 2050 838 2086 Exsurge,
854 2049 1002 2085 psalterium
1018 2053 1042 2077 et

246 2106 357 2134 cithara.
378 2102 447 2138 Quid
469 2105 561 2133 vocat,
584 2103 614 2127 ut
627 2097 738 2133 surgat?
751 2096 809 2124 Duo
827 2103 927 2131 organa.
945 2094 1040 2138 video,

246 2157 346 2186 corpus
357 2134 447 2176 niuem
460 2144 559 2174 Christi
571 2152 654 2173 unum
667 2143 745 2171 video
756 2151 764 2170 :
779 2150 831 2170 una
850 2149 913 2169 caro
923 2134 1044 2169 resurrel

247 2198 304 2229 xit,
318 2200 347 2224 et
364 2194 417 2223 duo
435 2199 534 2228 organa
555 2192 740 2219 surrexerunt.
754 2188 874 2216 Alterum
886 2193 952 2222 ergo
963 2193 1043 2221 orga-

249 2250 313 2271 num
334 2240 507 2276 psaiterium,
522 2237 634 2265 alterum
657 2234 771 2263 cithara.
792 2233 897 2269 Organa
919 2232 1045 2260 dicuntur

234 2312 236 2314 μ
249 2287 339 2316 omnia
354 2288 530 2314 instrumenta
538 2281 712 2310 musicontnt.
720 2279 778 2308 Non
790 2279 878 2307 solum
889 2277 953 2306 illud
966 2285 1046 2314 orga-

250 2341 317 2363 num
327 2332 435 2363 dicitur,
448 2329 520 2365 quod
531 2327 633 2365 grande
645 2331 698 2356 est.
708 2325 852 2354 etinilatur
861 2324 984 2356 follibus;
997 2323 1044 2352 sed

251 2376 380 2416 quidquid
402 2379 510 2411 aptatur
527 2373 562 2401 ad
575 2371 754 2403 cantilenam.
774 2374 803 2399 et
819 2377 977 2405 corporeum
988 2374 1043 2401 est,

252 2414 307 2460 quo
320 2424 497 2452 instrumento
516 2418 600 2460 utitur
616 2417 662 2454 qui
676 2421 779 2449 cantat,
796 2423 925 2451 organum
938 2414 1044 2443 dicitur.

253 2459 383 2499 Distincta
404 2471 466 2495 sunt
483 2469 573 2494 autem
584 2459 668 2492 'inter
681 2470 713 2491 se
733 2463 782 2490 ista
796 2469 910 2497 organa;
924 2466 953 2489 et
965 2460 1027 2488 volo
1038 2480 1046 2493 ,

254 2519 383 2551 quantum
403 2511 533 2541 Dominus
547 2510 601 2543 dat,
623 2509 743 2537 indicare
756 2507 850 2540 vobis,
863 2511 891 2535 et
915 2505 1049 2542 quomodo

253 2560 379 2590 distincta
391 2563 466 2592 sunt,
477 2561 506 2586 et
514 2563 597 2593 quare
606 2555 743 2587 distincta,
756 2558 785 2582 et
797 2560 880 2589 quare
894 2553 1000 2588 utrique
1008 2552 1050 2580 dio

254 2611 343 2640 catur,
358 2605 481 2640 Exsurge.
492 2603 551 2631 iam
563 2602 690 2634 diximus,
702 2607 753 2628 una
764 2607 828 2628 caro
836 2598 942 2627 Domini
956 2606 1049 2626 resur-

255 2653 343 2685 rexit;
356 2658 384 2680 et
393 2651 500 2682 dicitur,
516 2649 643 2684 Exsurge,
657 2646 804 2682 psalterium
818 2650 840 2673 et
853 2645 962 2672 cithara.
976 2644 1051 2672 Psal-

256 2699 354 2728 terium
364 2701 406 2725 est
415 2702 555 2731 organum,
567 2693 637 2729 quod
645 2692 751 2728 quidem
764 2690 886 2718 manibus
897 2689 982 2718 fertur
991 2696 1052 2724 per-

255 2745 394 2778 cutientis,
407 2748 434 2771 et
444 2741 560 2771 chordas
569 2740 699 2768 distentas
710 2739 803 2771 habet;
817 2735 864 2764 sed
876 2736 950 2764 illum
964 2736 1051 2764 locum

256 2791 331 2820 unde
344 2796 440 2818 sonum
448 2783 706 2823 uccipiuntchordas,
715 2782 779 2811 illud
792 2788 936 2810 concavum
952 2780 1052 2816 lignum

258 2838 330 2874 quod
345 2835 443 2872 pendet
454 2839 482 2862 et
492 2837 591 2861 tactum
605 2834 723 2863 resonat,
737 2829 798 2864 quia
812 2827 928 2862 concipit
945 2833 1050 2859 aerem,

260 2872 418 2919 psalterium
437 2881 463 2908 in
480 2879 621 2914 superiore
640 2882 714 2911 parte
732 2874 821 2902 habet.
836 2872 943 2901 Cithara
964 2875 1054 2899 autem

261 2917 313 2957 hoc
334 2935 418 2964 genus
440 2926 503 2963 iigni
522 2931 668 2954 concavum
688 2929 715 2950 et
731 2927 857 2949 resonans
880 2919 907 2947 in
929 2917 1054 2945 inferiore

848 203 877 231 S.
899 200 967 229 AUC
972 199 1080 229 USTINI
1101 198 1255 228 EPISCOi‘i

1824 198 1879 228 672

1080 263 1156 293 parte
1169 258 1257 287 habet.
1274 258 1364 294 itaque
1378 258 1405 286 in
1424 258 1551 294 psalterio
1567 259 1676 288 chordae
1687 266 1783 288 sonum
1795 261 1873 287 desu-

1080 312 1129 339 per
1140 305 1286 340 accipiunt;
1299 305 1325 332 in
1338 304 1441 333 cithara
1455 310 1545 333 autem
1559 306 1666 333 chorda:
1676 313 1771 333 sonum
1783 313 1818 333 ex
1835 307 1872 332 in~

1081 350 1178 379 feriere
1194 355 1269 385 parte
1280 350 1415 385 arcipiuut
1428 358 1436 378 :
1447 350 1498 378 hoc
1510 351 1623 378 interest
1635 351 1705 378 inter
1717 351 1874 386 psalteriqu

1080 401 1108 424 et
1121 396 1262 424 citharam.
1282 396 1351 431 Quid
1365 404 1430 432 ergo
1442 396 1497 424 duo
1517 396 1576 424 lucc
1589 404 1686 433 organa
1710 397 1788 424 nobis
1812 398 1877 431 ligu-

1081 444 1160 472 rantl
1185 444 1292 472 Excitat
1318 444 1389 471 enitn
1403 443 1528 471 Christus
1549 443 1679 471 Dominus
1702 443 1878 471 Deusnoster

1081 490 1236 524 psalterium
1253 497 1331 518 suum
1343 494 1371 517 et
1384 489 1514 517 citharam
1529 497 1605 517 suam
1617 510 1626 523 ,
1646 493 1674 517 et
1685 489 1760 522 dicit,
1778 489 1875 516 Esur-

1081 544 1141 572 gam
1154 536 1276 564 diluculo.
1292 535 1359 564 Puto
1370 536 1432 571 quin
1448 536 1492 564 hic
1501 536 1557 570 jam
1575 536 1720 572 agnoscitis
1733 536 1875 563 hominum

1082 586 1277 617 resurgentem.
1300 581 1426 617 Legimus
1446 582 1472 609 in
1494 581 1640 617 Evangeiio
1656 591 1663 609 :
1679 582 1767 610 videte
1783 582 1876 610 horam

1082 628 1297 655 resurrectionis.
1323 627 1454 662 Quamtiu
1483 635 1531 662 per
1556 628 1664 655 umbras
1688 628 1877 663 qurerebatur'

1082 672 1227 701 Christus?
1256 673 1351 704 Luxit.
1380 679 1558 707 agnoscatur;
1585 674 1702 701 diluculo
1731 676 1877 702 resurrexit

1084 718 1180 753 (Marc.
1195 727 1249 753 1ιί,
1262 719 1302 754 2).
1314 719 1366 747 Sed
1381 720 1443 754 quid
1457 724 1500 747 est
1515 720 1684 754 psalterium?
1701 720 1765 754 quid
1782 725 1824 747 est
1838 721 1876 747 ri-

1084 765 1179 793 thara?
1197 766 1251 794 Per
1262 774 1370 792 carnem
1386 773 1460 792 suam
1479 766 1606 792 Domitius
1617 766 1670 792 duo
1681 773 1777 801 genera
1792 766 1873 793 facto.

1085 819 1144 839 rum
1163 816 1289 846 operatus
1309 816 1364 843 est,
1381 811 1506 837 miracula
1529 816 1556 838 et
1577 812 1713 845 passiones
1727 820 1734 838 :
1750 812 1877 838 miracula

1083 857 1200 893 desuper
1211 857 1335 889 fuerunt,
1350 858 1487 892 passiones
1502 858 1535 884 de
1553 857 1679 884 inferiore
1699 857 1815 885 fuerunt.
1833 858 1877 885 illa

1084 907 1156 935 enim
1167 914 1226 941 qua:
1237 906 1298 934 fecit
1312 906 1451 937 miracula,
1463 906 1550 933 divina
1561 910 1638 933 erant
1648 913 1655 937 ;
1665 905 1711 932 sed
1725 913 1772 939 por
1781 913 1879 940 corpus

1086 952 1165 985 fecit,
1185 960 1233 987 per
1253 960 1362 980 carnem
1385 952 1457 979 fecit.
1473 952 1540 979 Caro
1560 959 1623 985 ergo
1645 951 1732 978 divina
1748 959 1879 985 oremus,

1086 999 1239 1033 psalterium
1261 1003 1302 1026 est
1323 1007 1329 1024 :
1355 1006 1417 1025 caro
1434 998 1547 1025 humana
1571 997 1691 1032 patiens,
1706 998 1807 1025 cithara
1827 1003 1877 1025 est.

1085 1045 1168 1073 Sonet
1181 1044 1334 1080 psalterium
1348 1054 1355 1076 ς
1375 1045 1558 1071 iiluutinentur
1570 1044 1632 1071 catci
1643 1065 1650 1076 .
1668 1044 1776 1071 audiant
1788 1044 1878 1077 surdi,

1085 1091 1249 1126 stringantur
1263 1090 1410 1126 pziraiytici,
1422 1088 1666 1121 ambuieutciaudi,
1679 1096 1787 1124 surgant
1798 1097 1883 1123 τετυ.

1086 1137 1116 1170 ti,
1130 1140 1271 1172 resurgant
1282 1135 1379 1163 mortui
1395 1145 1400 1162 :
1417 1136 1467 1162 iste
1476 1139 1517 1163 est
1527 1142 1609 1162 sonus
1623 1135 1749 1169 psalterii.
1762 1136 1845 1162 δηιιυι
1854 1141 1880 1162 et

1086 1183 1202 1214 cithara:
1215 1182 1325 1210 esuriat.
1338 1182 1418 1212 sitiat,
1433 1181 1558 1212 dormiat.
1574 1185 1705 1212 teneatur.
1721 1180 1879 1214 (inpelletur,

1087 1228 1237 1260 irrideatur,
1251 1228 1432 1262 crttciiigntur,
1449 1227 1602 1261 sepeliatur.
1612 1226 1677 1253 Cum
1691 1234 1754 1261 ergo
1770 1227 1843 1253 vides
1854 1227 1879 1254 in

1087 1274 1130 1302 ilia
1145 1281 1226 1301 carm
1244 1274 1365 1309 qumdatn
1379 1274 1501 1300 sonuisse
1515 1273 1639 1306 desuper,
1655 1273 1776 1307 quaedam
1790 1273 1824 1300 de
1837 1273 1879 1300 in-

1086 1319 1184 1348 icriore
1203 1325 1278 1355 parte
1291 1340 1299 1351 ,
1316 1327 1366 1346 una
1388 1326 1451 1346 caro
1467 1318 1627 1351 resurrexit,
1648 1323 1675 1345 et
1695 1319 1721 1345 in
1737 1326 1787 1345 una
1801 1326 1881 1346 carne

1086 1366 1257 1402 agnoscimus
1269 1370 1296 1392 et
1310 1365 1463 1399 psalterium
1474 1368 1501 1392 et
1511 1364 1651 1391 citharam.
1667 1364 1698 1391 Et
1710 1364 1758 1391 ista
1771 1363 1825 1391 duo
1835 1372 1881 1399 gen

1087 1419 1151 1440 nera
1164 1411 1294 1440 factorum
1310 1411 1487 1445 impleverunt
1506 1410 1694 1445 Evangciium,
1712 1414 1740 1437 et
1753 1410 1881 1444 νησαίω-

1088 1463 1132 1487 tur
1141 1459 1168 1487 in
1180 1457 1303 1495 gentibus
1315 1466 1322 1490 ;
1340 1466 1399 1484 nam
1412 1462 1439 1484 et
1451 1458 1576 1484 miracula
1587 1461 1612 1485 et
1628 1457 1765 1492 passiones
1777 1457 1881 1485 Domini

1089 1505 1278 1542 praedicantur.
1622 1522 1624 1524 .

1125 1551 1169 1580 i‘l.
1182 1550 1258 1588 [πη.
1270 1549 1371 1586 ill-12.]
1384 1550 1455 1585 Ergo
1464 1549 1580 1577 surrexit
1590 1549 1742 1585 puitcrium
1756 1554 1784 1578 et
1796 1551 1881 1578 rltha-

1089 1605 1118 1626 η
1131 1596 1247 1625 diluculo
1256 1617 1263 1629 ,
1279 1600 1307 1624 et
1319 1596 1463 1624 conﬁtetur
1479 1595 1593 1623 Domino
1605 1604 1612 1624 :
1625 1600 1653 1624 et
1666 1596 1730 1631 quid
1743 1597 1801 1624 ait?
1814 1597 1881 1624 Con-

1090 1644 1179 1679 fitebor
1193 1643 1238 1671 tibi
1251 1643 1278 1670 in
1291 1642 1407 1679 populis,
1422 1641 1548 1676 Densius,
1563 1646 1586 1670 et
1600 1642 1709 1678 psallam
1724 1642 1769 1669 tibi
1783 1643 1809 1670 in
1821 1652 1882 1679 gen-

1090 1690 1156 1719 tibus
1166 1697 1176 1717 :
1189 1689 1251 1724 quia
1260 1688 1425 1724 magniﬁcans
1436 1692 1473 1715 est
1484 1696 1564 1723 usque
1573 1688 1609 1715 ad
1621 1688 1695 1715 calas
1710 1688 1884 1716 misericordis

1091 1741 1146 1769 tua.
1158 1740 1183 1762 et
1195 1742 1273 1769 usque
1281 1734 1315 1761 ad
1325 1733 1402 1762 nubes
1412 1734 1503 1761 ueritas
1516 1738 1569 1761 tua.
1579 1732 1647 1762 Creii
1658 1741 1739 1768 supra
1751 1733 1846 1765 nubes,
1857 1738 1885 1762 et

1091 1781 1177 1809 nubes
1190 1779 1258 1808 inira
1272 1780 1357 1808 caios
1372 1787 1380 1806 :
1401 1784 1429 1807 et
1442 1783 1533 1806 tamen
1547 1778 1581 1806 ad
1604 1778 1656 1807 hoc
1674 1779 1772 1807 celum
1796 1778 1886 1815 proxi-

1093 1834 1165 1854 mum
1184 1826 1319 1861 pertinent
1339 1825 1433 1852 nubes.
1448 1824 1501 1853 Sed
1515 1825 1660 1859 aliquando
1678 1824 1764 1852 nubes
1782 1833 1886 1853 recumo

1093 1873 1159 1901 bunt
1177 1872 1203 1900 in
1223 1871 1372 1905 montibus,
1387 1878 1473 1906 usque
1490 1870 1559 1899 adeo
1571 1870 1597 1898 in
1613 1871 1734 1906 proximo
1746 1878 1810 1899 aere
1823 1878 1887 1899 cun-

1092 1919 1284 1955 glomerantur.
1296 1916 1401 1945 Casium
1415 1920 1503 1944 autem
1517 1923 1625 1944 sursum
1643 1919 1697 1950 cst,
1709 1915 1887 1945 habitationes

1093 1964 1271 2000 Angelorum,
1286 1962 1408 1996 Sedium,
1423 1962 1639 1990 Dominationum
1649 1982 1656 1993 ,
1676 1961 1887 1997 Principatuum,

1094 2012 1271 2041 Potestatum.
1281 2009 1347 2037 illud
1356 2016 1421 2044 ergo
1433 2007 1501 2036 forte
1510 2007 1634 2036 videatur
1643 2007 1724 2035 fuisse
1732 2007 1886 2041 dicendum,

1094 2057 1258 2093 iliagniticata
1274 2060 1316 2084 est
1327 2063 1411 2091 usque
1429 2054 1462 2082 ad
1475 2055 1560 2082 caios
1576 2054 1673 2081 veritas
1692 2058 1747 2084 tua.
1763 2059 1792 2081 et
1804 2062 1889 2090 usquo

1094 2104 1129 2133 ad
1149 2104 1235 2131 nubes
1253 2101 1436 2130 misericordia
1457 2105 1511 2128 tua.
1537 2099 1641 2128 Etenim
1664 2100 1690 2127 in
1708 2100 1778 2128 casio
1795 2100 1888 2136 Angcli

1095 2150 1205 2179 laudant
1220 2150 1313 2180 Deum.
1324 2147 1446 2175 videntes
1461 2146 1544 2181 ipsam
1557 2146 1673 2182 speciem
1689 2146 1818 2177 veritatis,
1831 2147 1890 2174 sine

1096 2196 1149 2224 ulla
1161 2195 1274 2231 caligine
1287 2193 1409 2225 visionis.
1423 2192 1483 2220 sine
1498 2191 1703 2227 interpulatiune
1711 2192 1722 2207 ¹
1735 2191 1824 2227 aliqua
1838 2191 1889 2219 lai-

1096 2242 1183 2270 sitatis
1198 2250 1206 2268 :
1220 2239 1322 2271 vident,
1335 2237 1464 2273 diligunt,
1476 2236 1602 2270 laudant,
1619 2244 1672 2264 uott
1686 2236 1838 2272 fatigantur.
1855 2236 1892 2264 liti

1096 2287 1217 2316 veritas:
1237 2286 1280 2313 itic
1293 2288 1384 2312 autem
1397 2284 1424 2311 in
1444 2287 1535 2311 nostra
1558 2282 1664 2310 miseria
1675 2282 1766 2317 utique
1785 2282 1892 2310 miscri-

1097 2333 1197 2362 cordia.
1210 2331 1308 2360 Misero
1323 2330 1395 2359 enim
1413 2329 1555 2365 pra-bend;
1570 2332 1611 2356 est
1626 2328 1821 2356 misericordia.
1835 2328 1893 2356 Non

1098 2379 1170 2408 enitn
1180 2385 1248 2413 opus
1258 2381 1299 2404 est
1309 2374 1492 2403 misericordia
1504 2381 1622 2407 sursum,
1634 2373 1676 2401 ubi
1688 2373 1775 2401 nullus
1788 2378 1830 2401 est
1841 2373 1894 2400 nti-

1099 2433 1154 2454 scr.
1170 2423 1227 2451 iioc
1249 2425 1391 2458 propterea
1404 2420 1458 2448 dixi
1471 2441 1479 2453 ,
1502 2419 1563 2455 quia
1578 2419 1684 2447 videtur
1705 2419 1895 2454 congruentius

1095 2470 1152 2499 dici
1163 2468 1292 2505 potuisse,
1304 2466 1470 2502 Magniﬁcam
1483 2470 1525 2493 est
1542 2472 1628 2500 usque
1645 2464 1679 2493 ad
1698 2464 1783 2493 eteius
1796 2465 1896 2492 veritas

1102 2522 1157 2550 tua,
1173 2519 1200 2542 et
1212 2520 1296 2549 usque
1309 2512 1343 2540 ad
1358 2511 1442 2540 nubes
1456 2510 1638 2539 misericordia
1651 2514 1707 2537 tua.
1721 2507 1811 2537 Nubes
1823 2510 1896 2539 enim

1102 2561 1275 2597 intelligimus
1285 2558 1473 2595 praedicatores
1484 2557 1616 2588 veritatis,
1628 2556 1751 2584 homines
1760 2561 1898 2591 portantes

1103 2608 1181 2636 istam
1199 2612 1309 2633 carnem
1325 2603 1498 2638 caiiginosam
1513 2602 1727 2638 quodammodo,
1740 2601 1812 2629 unde
1826 2602 1897 2629 Deus

1103 2659 1130 2680 ct
1144 2656 1268 2679 coruscat
1280 2648 1425 2681 miraculis,
1439 2653 1467 2676 et
1480 2653 1553 2676 tonat
1569 2648 1709 2683 praceptis
1718 2656 1725 2674 :
1735 2653 1764 2675 et
1774 2648 1825 2682 ipsi
1837 2652 1900 2674 sunt

1105 2700 1157 2728 illa:
1172 2698 1256 2726 nubes
1268 2696 1302 2724 de
1317 2696 1414 2732 quibus
1426 2695 1492 2722 dicit
1503 2694 1583 2722 Isaias
1596 2702 1630 2722 ex
1647 2701 1760 2729 persona
1780 2693 1898 2725 Domini,

1106 2746 1248 2779 increpans
1261 2741 1404 2777 quamdam
1416 2741 1523 2768 vineam
1539 2739 1646 2772 malam,
1660 2740 1791 2772 sterilem,
1806 2737 1899 2774 spino-

1106 2799 1174 2822 sam,
1192 2788 1321 2816 Nuntiabo
1333 2786 1439 2814 nubibus
1451 2795 1512 2813 rum
1523 2807 1530 2816 .
1548 2793 1579 2813 ne
1592 2785 1681 2821 pluunt
1694 2793 1837 2822 qpereatn
1850 2783 1898 2811 iut-

1140 2858 1147 2873 ι
1166 2854 1273 2881 Nonnulli
1285 2852 1349 2883 αδδ..
1362 2859 1485 2885 miraretur
1502 2853 1634 2879 cnnstus!
1651 2856 1737 2878 Postea
1758 2850 1818 2877 uid.
1835 2849 1899 2876 iera-

1107 2888 1174 2913 bant.
1192 2892 1241 2911 um:
1249 2887 1337 2916 itaque.
1352 2884 1378 2909 si.
1390 2889 1453 2913 uss,
1467 2884 1545 2916 luerit.

1145 2920 1153 2934 ⁵
1172 2923 1178 2943 ι
1188 2918 1282 2949 torique
1290 2915 1293 2916 ⁷
1300 2921 1365 2946 3155.,
1377 2915 1573 2946 auerpctlationc.
