3968 6328
241 343 345 404 ΘἾ3

235 645 459 715 gelizent
489 644 539 699 in
576 652 717 697 terra
750 642 884 696 bona
918 640 1184 707 Gentium,
1215 642 1355 696 unde
1384 658 1491 696 non
1517 643 1705 713 spinas,
1734 641 1830 697 sed

234 752 353 789 uvae
378 735 687 803 procedant.
720 732 974 787 Novimus
1000 747 1130 802 ergo
1156 734 1326 787 nubes
1355 733 1444 786 Dei
1481 748 1601 787 esse
1632 733 1827 802 prardi-

233 838 446 881 catorcs
474 827 733 891 veritatis,
759 826 1053 894 Prophetas
1072 867 1086 890 ,
1120 827 1432 894 Apostolus,
1468 840 1657 880 omnes
1685 834 1830 879 recte

237 921 568 991 proferentes
593 919 813 974 verbum
835 919 1075 972 veritatis
1102 927 1159 971 et
1185 917 1442 972 habentes
1475 919 1525 971 iu
1559 934 1617 972 se
1647 919 1826 972 lumen

230 1014 521 1077 occultum,
552 1011 689 1065 sicut
716 1010 914 1063 habent
938 1009 1108 1063 nubes
1128 1009 1269 1062 unde
1289 1018 1570 1063 coruscant
1606 1026 1619 1063 :
1650 1008 1827 1061 homi-

231 1120 332 1159 nes
358 1118 485 1172 ergo
522 1102 712 1157 nubes.
745 1101 881 1167 Quid
909 1101 1007 1155 sibi
1040 1102 1220 1172 itaque
1247 1103 1379 1167 vult,
1420 1102 1665 1168 Domine,
1692 1102 1827 1169 Quia

229 1196 562 1266 magnificam
609 1204 680 1248 est
732 1210 889 1264 usque
943 1194 1012 1246 ad
1048 1195 1197 1247 (telas
1232 1194 1575 1248 misericordia
1612 1206 1729 1259 tua,
1780 1206 1826 1247 et

228 1303 390 1354 usque
414 1288 483 1339 ad
510 1286 665 1339 nubes
700 1288 881 1339 veritas
916 1286 1049 1339 tua!
1081 1285 1287 1340 Veritas
1323 1287 1599 1355 pra-pollet
1629 1287 1679 1339 in
1712 1288 1824 1340 An-

224 1381 363 1449 gelis
412 1396 425 1432 :
468 1377 565 1431 sed
613 1376 806 1432 dedisti
854 1376 997 1430 illam
1056 1386 1110 1430 et
1161 1364 1495 1441 hominibus,
1543 1385 1598 1432 et
1654 1378 1825 1432 dedu-

226 1470 350 1525 xisti
405 1471 549 1525 illam
603 1483 772 1540 usque
823 1468 890 1522 ad
940 1469 1128 1524 nubes.
1187 1468 1455 1524 Sursum‘
1510 1470 1821 1526 miscricor-

220 1563 310 1614 dia
366 1561 616 1615 videntur
667 1561 853 1631 Angeli
913 1575 1019 1614 non
1076 1559 1348 1631 indigere;
1405 1561 1498 1615 sed
1549 1563 1669 1631 quia
1726 1564 1823 1618 ho-

221 1652 401 1707 mines
441 1651 666 1707 miseros
695 1660 750 1706 tu
799 1652 1104 1717 miseraris,
1137 1660 1192 1706 et
1240 1650 1531 1721 prtebendo
1574 1653 1677 1708 illis
1722 1655 1821 1707 mi-
1855 1694 1860 1699 .

218 1743 572 1797 sericordiam
610 1742 1094 1798 communicatione
1132 1743 1543 1798 resurrectionis
1583 1745 1820 1815 Angelos

219 1835 375 1899 facis,
402 1850 569 1904 usque
589 1834 655 1889 ad
672 1834 840 1889 caelos
863 1843 948 1889 est
971 1833 1336 1888 misericordia
1362 1843 1471 1888 tua.
1502 1834 1683 1890 Gloria
1714 1837 1820 1893 Do~

216 1929 369 1981 mino
395 1938 597 1989 nostro,
626 1936 681 1982 et
698 1925 1079 1981 misericordia:
1109 1925 1297 1994 ipsius,
1321 1935 1377 1982 et
1394 1927 1603 1981 veritati
1629 1928 1814 1997 ipsius,

215 2021 342 2088 quia
394 2034 491 2075 nec
553 2018 790 2074 deseruit
833 2032 934 2073 nos
982 2017 1348 2072 misericordia
1399 2016 1576 2074 facere
1633 2018 1817 2075 beatos

214 2127 316 2183 per
339 2112 561 2183 gratiam
599 2125 785 2176 suam,
816 2125 920 2165 nec
954 2108 1221 2164 fraudavit
1264 2124 1363 2164 nos
1388 2108 1613 2165 veritate
1646 2127 1658 2162 :
1692 2111 1817 2181 quia

217 2203 393 2273 primo
422 2203 621 2257 veritas
656 2214 822 2256 carne
861 2209 1046 2270 operta
1072 2200 1218 2254 venit
1262 2200 1329 2254 ad
1361 2214 1458 2254 nos
1478 2242 1494 2265 ,
1524 2211 1578 2255 et
1604 2203 1817 2257 sanavit

216 2313 314 2365 per
341 2310 555 2349 carnem
586 2308 739 2348 suam
766 2291 977 2347 oculum
1005 2292 1309 2346 interiorem
1338 2291 1518 2346 cordis
1543 2294 1732 2357 nostri,
1757 2303 1814 2348 ut

212 2401 334 2440 eam
372 2394 553 2454 postea
577 2382 711 2439 faeie
738 2382 806 2437 ad
847 2381 1040 2438 faciem
1078 2382 1258 2437 videre
1293 2396 1574 2451 possemus
1600 2383 1658 2456 (Ι
1689 2382 1809 2439 Cor.

212 2493 328 2541 xui,
366 2475 429 2531 l2
450 2476 488 2544 ).
521 2479 751 2545 Agentes
777 2488 905 2544 ergo
931 2473 1005 2527 illi
1033 2473 1250 2543 gratias,
1278 2472 1521 2527 dicamus
1546 2487 1666 2527 eum
1695 2473 1813 2543 ipso

211 2568 428 2622 Psahno
456 2566 669 2621 ultimos
695 2578 882 2621 versus
904 2607 920 2631 ,
948 2580 1081 2636 quos
1103 2563 1417 2635 jamdudum
1444 2564 1603 2619 etiam
1632 2563 1769 2619 dixit
1794 2582 1808 2619 :

211 2660 460 2715 Emttare
486 2675 639 2730 super
662 2658 816 2713 cattas
846 2656 1002 2719 Deus,
1025 2666 1071 2711 et
1087 2672 1242 2728 super
1268 2673 1466 2711 omnem
1492 2666 1678 2711 terram
1697 2655 1814 2727 glo-

209 2755 290 2807 ria
317 2764 426 2806 tua.
476 2751 588 2805 lloc
613 2750 755 2806 enim
784 2748 835 2805 ei
875 2749 1009 2804 dixit
1035 2747 1298 2818 Propheta
1334 2757 1458 2803 ante
1491 2756 1568 2802 tot
1592 2763 1764 2803 annos
1794 2766 1810 2803 :

209 2850 315 2899 hoc
343 2842 505 2898 modo
534 2841 779 2897 videmus
801 2854 934 2906 nos;
962 2838 1066 2895 hoc
1090 2854 1219 2910 ergo
1238 2839 1480 2895 dicamus
1503 2849 1560 2893 et
1587 2854 1707 2895 nos.

640 3008 730 3081 ,ΙΝ
774 3005 1152 3070 PSALMUM
1189 3005 1352 3068 LVII

804 3124 1228 3185 ENARRATIO.

711 3238 883 3282 εειιιιο
933 3238 1027 3278 AD‘
1054 3235 1278 3277 PLEBE‘I.

282 3329 335 3381 l.
359 3324 513 3399 [item
574 3322 594 3375 l
625 3362 641 3385 ,
693 3316 775 3390 2.]
802 3316 914 3372 Vox
944 3331 1101 3387 quam
1131 3312 1490 3379 eantavimns,
1540 3312 1806 3368 audienda

208 3418 365 3472 nobis
422 3414 590 3485 magis
632 3420 751 3477 est,
802 3423 962 3479 quam
1014 3404 1310 3461 clamanda.
1346 3404 1606 3459 Omnibus
1657 3405 1800 3460 enim

207 3520 463 3582 tanquam
495 3507 545 3562 izt
575 3503 833 3560 concione
857 3499 1068 3572 generis
1100 3498 1315 3552 humani
1348 3498 1543 3551 veritas
1568 3497 1761 3551 clamat
1788 3514 1802 3552 :

209 3605 272 3659 Si
298 3618 411 3656 vere
439 3600 609 3669 utique
626 3594 881 3667 justitiam
904 3591 1167 3662 loquimini
1186 3630 1202 3655 ,
1233 3600 1371 3643 recta
1398 3590 1633 3659 judicate
1662 3630 1676 3655 ,
1710 3589 1807 3658 ﬁlii

210 3697 497 3750 hominum.
521 3688 614 3745 Cui
648 3688 789 3743 enim
822 3686 1004 3755 iniquo
1032 3699 1135 3737 non
1166 3681 1321 3737 facile
1353 3690 1434 3735 est
1463 3680 1604 3750 loqui
1644 3681 1804 3750 justi-

210 3786 385 3842 tiam?
412 3794 505 3839 aut
532 3782 653 3854 quis
676 3780 745 3836 de
768 3778 971 3849 justitia
1022 3777 1383 3847 interrogatus
1402 3816 1417 3839 ,
1451 3776 1666 3845 quando
1696 3790 1800 3828 non

208 3882 375 3937 habet
401 3892 637 3939 causam,
663 3888 768 3929 non
799 3870 955 3926 facile
971 3868 1295 3939 respondeat
1318 3867 1445 3940 quid
1476 3867 1545 3921 sit
1568 3865 1807 3947 justum?

207 3966 649 4041 Quandoquidem
680 3978 838 4018 manu
870 3960 1177 4016 formatoris
1208 3959 1376 4013 nostri
1423 3958 1473 4011 in
1529 3958 1656 4028 ipsis
1684 3973 1806 4012 cor-

206 4066 368 4118 dibus
393 4059 587 4113 nostris
616 4056 812 4111 veritas
843 4053 1055 4122 scripsit
1086 4067 1101 4105 :
1134 4049 1285 4117 Quod
1306 4050 1393 4102 tibi
1419 4066 1519 4103 non
1544 4050 1618 4103 vis
1655 4050 1766 4118 ﬁeri
1784 4091 1798 4114 ,

207 4175 273 4209 ne
307 4154 464 4225 facias
490 4150 636 4203 alteri
664 4146 814 4213 (Tob.
846 4160 903 4199 tv
925 4188 940 4209 ,
972 4143 1038 4198 16
1058 4184 1071 4205 .
1097 4154 1142 4197 et
1176 4141 1365 4195 Matth.
1396 4158 1469 4195 vn
1490 4184 1505 4206 ,
1547 4140 1656 4214 l2).
1694 4142 1804 4197 lloe

205 4260 262 4303 et
292 4258 574 4312 antequam
604 4238 712 4295 Lex
743 4236 960 4293 daretur
1005 4249 1163 4287 nemo
1213 4234 1460 4304 ignorare
1510 4233 1803 4303 permissus

204 4351 291 4395 εει
319 4381 335 4402 ,
365 4348 419 4391 ut
447 4342 589 4389 esset
619 4330 760 4385 unde
815 4328 1177 4396 iudicarentur
1201 4334 1257 4381 et
1299 4326 1495 4395 quibus
1538 4326 1644 4381 Lex
1695 4341 1800 4380 non

203 4440 356 4488 esset
382 4430 522 4483 data.
548 4424 653 4480 Sed
682 4438 748 4477 ne
775 4421 874 4475 sibi
906 4419 1148 4473 homines
1178 4416 1372 4486 aliquid
1401 4415 1633 4470 defuisse
1657 4431 1801 4485 quaa-

207 4530 461 4578 rerentur
481 4560 495 4578 .
523 4517 781 4583 scriptum
805 4522 886 4566 est
911 4520 965 4563 et
994 4511 1045 4563 in
1079 4508 1270 4562 tabulis
1296 4507 1436 4576 quod
1474 4507 1523 4561 in
1550 4508 1803 4561 cordibus

202 4631 314 4670 non
344 4612 607 4681 legebant.
632 4604 747 4659 Non
776 4602 919 4657 enim
949 4601 1202 4669 scriptum
1234 4615 1337 4652 non
1366 4596 1632 4653 habebant
1656 4639 1671 4664 ,
1707 4599 1800 4653 sed

203 4709 387 4775 legere
419 4700 687 4756 nolebant.
719 4694 1031 4776 Opppsitum
1078 4700 1158 4745 est
1207 4691 1376 4745 oculis
1422 4705 1607 4743 eorum
1659 4691 1802 4760 quod

202 4801 258 4852 in
288 4792 617 4850 conscientia
647 4788 827 4842 videre
853 4792 1207 4855 eogerentnr;
1238 4791 1288 4835 et
1326 4781 1475 4853 quasi
1506 4780 1803 4836 forinsecus

199 4890 425 4945 admota
466 4897 597 4937 voce
627 4879 758 4943 Dei,
791 4877 855 4932 ad
884 4874 1135 4930 interiora
1160 4888 1253 4930 sua
1281 4871 1445 4927 homo
1494 4872 1802 4943 compulsus

200 4989 290 5036 est
314 5018 330 5044 ,
364 4977 575 5030 dicente
603 4972 873 5040 Scriptura
900 4986 912 4996 ·
954 4965 1021 5021 1η
1060 4964 1447 5036 cogitationibus
1488 4964 1621 5017 enim
1657 4965 1801 5034 impii

202 5065 537 5136 interrogatio
557 5064 647 5116 erit
672 5061 827 5133 (Sap.
864 5075 913 5123 ι,
941 5056 1020 5127 9).
1050 5056 1151 5113 Ubi
1181 5054 1508 5126 interrogatio
1530 5096 1548 5121 ,
1577 5054 1648 5110 ibi
1691 5055 1797 5110 lex.

200 5163 311 5220 Sed
343 5161 461 5232 quia
494 5156 739 5211 homines
760 5159 1073 5223 appetentes
1094 5163 1156 5203 ea
1176 5164 1293 5219 quzc
1321 5146 1451 5202 foris
1474 5156 1618 5211 sunt,
1642 5148 1799 5201 etiam

200 5270 237 5310 ει
262 5251 459 5323 scipsis
487 5248 702 5303 exsules
730 5242 850 5300 facti
881 5250 1028 5308 sunt,
1048 5240 1169 5295 data
1191 5250 1274 5295 est
1298 5239 1459 5293 etiam
1497 5239 1798 5309 conscripta

202 5348 296 5404 lex
328 5362 343 5399 ε
378 5358 483 5397 non
514 5341 633 5411 quia
664 5340 716 5394 in
744 5336 995 5393 cordibus
1020 5335 1213 5403 scripta
1243 5347 1349 5387 non
1372 5340 1520 5393 erat;
1551 5330 1645 5387 sed
1676 5332 1799 5403 quia

202 5451 261 5493 ιιι
291 5436 543 5505 fugitivus
564 5446 685 5485 eras
724 5428 902 5484 cordis
951 5426 1061 5489 tui,
1108 5424 1177 5479 ab
1228 5424 1319 5479 illo
1345 5420 1432 5493 qui
1477 5422 1669 5492 ubique
1718 5430 1801 5477 est

201 5523 687 5599 comprehenderis
720 5562 736 5585 ,
789 5529 841 5575 et
888 5517 955 5573 ad
1014 5516 1249 5586 teipsum
1312 5516 1452 5568 intro
1508 5513 1795 5568 revocaris.

206 5628 500 5687 Propterea
530 5616 727 5683 scripta
750 5613 832 5668 lex
864 5610 988 5683 quid
1018 5610 1211 5666 clamat
1242 5608 1320 5662 eis
1342 5607 1429 5677 qui
1453 5605 1802 5660 deseruerunt

203 5714 379 5782 legem
403 5709 656 5779 scriptam
679 5707 729 5759 in
751 5702 1004 5758 cordibus
1035 5704 1143 5756 suis
1176 5700 1347 5772 (Rom.
1381 5713 1438 5763 ιι,
1468 5693 1594 5769 15)?
1622 5695 1801 5750 Redite

270 5848 285 5879 ι
321 5836 497 5895 omnes
521 5849 646 5902 ltss.,
672 5846 865 5889 Rursus.

1367 341 1762 399 ENARRATIO
1802 343 1866 399 ΙΝ
1908 343 2227 406 ΡΞᾹῙΜΙΙΜ
2251 350 2403 409 ιιιιι.

239 475 373 516 omn
393 460 546 529 (fsai.
580 477 630 523 ι’,
658 459 714 529 6)
750 476 763 513 :
795 456 846 512 id
876 467 975 522 est,
1012 457 1277 514 mandabo
1305 460 1576 530 Apostolis
1606 460 1834 524 meis,ut

202 554 205 555 ⁷
236 555 488 609 deserant
514 550 753 619 Jndatos,
783 560 836 605 et
864 566 969 605 non
1000 552 1104 605 illis
1125 551 1516 622 evangelizent,
1547 554 1641 615 sed
1669 567 1833 606 eVan-

3424 373 3528 432 67$

1939 465 2352 553 ρνωυαήσαεονεε
2393 471 2461 523 ad
2485 488 2570 528 car
2617 473 2772 544 (luti.
2808 492 2929 535 ιινι
2952 522 2970 549 ,
3001 482 3078 551 8).
3109 486 3242 553 Quis
3276 491 3425 548 enim
3473 504 3527 548 ω

1936 552 2116 652 docuit
2136 596 2151 618 ,
2186 558 2331 613 nolle
2358 561 2539 616 accedi
2560 562 2631 617 ab
2653 565 2825 623 altero
2848 569 2916 625 ad
2948 552 3167 630 uxorem
3190 586 3332 635 tuam
3353 581 3379 635 τ
3403 583 3527 652 quis

1938 643 2192 700 tedoeuit
2218 690 2232 709 ,
2285 650 2427 705 nolle
2455 652 2549 706 tibi
2580 652 2778 710 furtum
2829 660 2985 715 fieri?
3031 666 3153 734 quis
3201 678 3253 723 te
3291 643 3474 728 docuit
3504 712 3523 733 ι

1935 735 2076 789 nolle
2102 737 2347 807 injuriam
2375 744 2518 810 pati,
2546 752 2604 798 et
2628 747 2882 819 quidquid
2903 752 3044 807 aliud
3074 756 3156 811 vel
3206 760 3527 817 universali-

1933 1012 2318 1081 respondeant,
2350 1019 2492 1072 nolle
2516 1033 2575 1075 se
2603 1023 2729 1091 pati.
2758 1027 2869 1095 Age
2892 1067 2909 1094 ,
2941 1028 2989 1084 si
3011 1044 3116 1084 non
3145 1033 3225 1087 vis
3249 1036 3357 1104 pati
3385 1038 3483 1092 ista
3504 1077 3524 1105 ,

1932 1104 2186 1172 numquid
2218 1106 2364 1159 solus
2389 1124 2448 1162 es
2479 1111 2679 1167 homo?
2702 1132 2881 1172 nonne
2904 1118 2953 1172 in
2981 1122 3236 1179 societate
3268 1127 3398 1181 vivis
3425 1104 3525 1199 ge?

1930 1194 2072 1249 neris
2100 1194 2350 1251 humani?
2383 1199 2481 1267 Qui
2516 1212 2687 1258 tecum
2718 1206 2893 1264 factus
2917 1222 2999 1265 est
3021 1251 3037 1277 ,
3070 1214 3247 1270 socius
3280 1228 3397 1272 tuus
3417 1194 3522 1287 est;

1926 1292 1980 1338 et
2000 1301 2187 1340 omnes
2209 1286 2329 1342 facti
2361 1290 2426 1345 ad
2457 1293 2740 1363 imaginem
2768 1298 2895 1364 Dei,
2927 1302 3026 1356 nisi
3058 1308 3283 1361 terrenis
3308 1286 3523 1379 cupidi-

1929 1374 2122 1429 tatibus
2154 1387 2430 1433 conterant
2462 1383 2601 1451 quod
2636 1386 2726 1440 ille
2756 1386 3024 1444 formavit.
3082 1394 3233 1459 Quod
3272 1374 3400 1469 ergo
3431 1402 3520 1456 tibi

1926 1482 2023 1520 non
2047 1470 2117 1522 vis
2142 1472 2282 1537 ﬁeri,
2322 1474 2427 1526 noli
2453 1477 2601 1529 alteri
2642 1479 2826 1547 facere.
2873 1481 3089 1539 Judicas
3130 1488 3271 1542 enim
3317 1493 3518 1548 malum

1924 1574 2045 1614 esse
2083 1561 2133 1613 in
2157 1577 2223 1616 co
2249 1565 2391 1633 quod
2420 1568 2526 1635 pati
2559 1585 2663 1623 non
2694 1572 2774 1626 vis
2805 1592 2817 1627 :
2850 1586 2904 1627 et
2934 1575 3036 1632 boc
3084 1588 3134 1633 te
3161 1581 3302 1651 cogit
3356 1599 3517 1642 nosse

1924 1650 2008 1705 lex
2038 1651 2220 1707 intima
2248 1696 2261 1717 ,
2297 1656 2347 1709 in
2396 1657 2512 1729 ipso
2543 1669 2633 1715 tuo
2659 1663 2823 1719 corde
2848 1671 3170 1740 conscripta.
3216 1650 3473 1732 Faciebas
3498 1720 3515 1743 ,

1922 1742 2330 1798 etclamabatnr
2360 1746 2499 1804 inter
2548 1766 2736 1809 manus
2785 1766 2942 1813 tuas:
2996 1764 3266 1830 quomodo
3307 1772 3517 1838 cogeris

1925 1832 2099 1887 redire
2124 1834 2189 1887 ad
2220 1849 2316 1889 eor
2352 1849 2535 1905 tuum,
2568 1856 2690 1896 eum
2748 1844 2851 1900 hoc
2901 1850 3098 1917 pateris
3137 1853 3276 1909 inter
3324 1832 3517 1915 manus

1921 1925 2165 1979 alienas?
2189 1926 2406 1983 Furtum
2440 1932 2635 1987 bonum
2659 1936 2786 1990 est?
2821 1937 2957 2012 Non.
3002 1941 3275 2017 Interrogo
3301 1964 3318 2001 :
3346 1948 3517 2006 Adul-

1922 2017 2114 2071 terium
2160 2018 2357 2074 bonum
2384 2024 2505 2079 est?
2556 2025 2757 2083 Omnes
2784 2030 3058 2088 clamant:
3090 2035 3226 2091 Non.
3279 2040 3515 2098 llomiei-

1918 2108 2068 2166 dium
2098 2110 2298 2168 bonum
2324 2116 2450 2170 est?
2489 2116 2691 2174 Omnes
2720 2121 2951 2180 clamant
2981 2125 3237 2186 detestari
3266 2147 3346 2187 se.
3373 2134 3516 2189 Con-

1917 2202 2193 2270 cupisecre
2219 2220 2329 2259 rem
2361 2209 2587 2275 proximi
2614 2210 2810 2266 bonum
2838 2215 2960 2269 est?
2987 2216 3125 2284 Non,
3146 2236 3247 2276 vox
3271 2225 3512 2281 omnium

1918 2302 2020 2347 est.
2052 2295 2160 2349 Aut
2183 2298 2224 2350 si
2253 2293 2428 2353 adhuc
2454 2315 2562 2356 non
2587 2305 2898 2372 confiteris,
2937 2311 3143 2365 accedit
3172 2316 3260 2383 qui
3310 2332 3512 2373 concu-

1917 2386 2088 2477 piscat
2111 2403 2222 2443 rem
2252 2400 2395 2445 tuam
2422 2410 2437 2444 :
2471 2394 2680 2463 placeat
2701 2397 2792 2452 tibi
2814 2439 2831 2465 ,
2862 2410 2919 2454 et
2946 2405 3213 2473 responde
3241 2409 3382 2477 quod
3410 2411 3507 2466 tis.

1916 2476 2117 2533 Omnes
2154 2494 2285 2551 ergo
2321 2481 2389 2537 de
2418 2482 2501 2538 his
2549 2484 2711 2541 rebus
2742 2489 3083 2561 interrogati,
3131 2476 3365 2553 clamant
3393 2499 3511 2558 hate

1916 2566 2054 2623 bona
2083 2585 2187 2624 non
2218 2586 2357 2628 esse.
2390 2573 2595 2631 Rursus
2620 2577 2689 2634 de
2734 2580 3009 2638 beneficiis
3032 2625 3049 2651 ,
3107 2603 3213 2642 non
3244 2592 3414 2647 solum
3440 2593 3510 2651 de

1916 2674 2019 2715 non
2050 2664 2294 2718 nocendo
2318 2706 2333 2729 ,
2361 2661 2546 2721 verum
2574 2655 2737 2726 etiam
2775 2672 2844 2728 de
2876 2678 3179 2743 prarstando
3225 2691 3384 2751 atque
3414 2686 3510 2740 tri-

1885 2750 2147 2807 'bnendo.
2176 2755 2537 2826 Interrogatur
2559 2764 2737 2818 omnis
2759 2766 2935 2820 anima
2964 2770 3207 2825 esuriens
3231 2812 3247 2837 ,
3280 2750 3506 2832 Famem

1914 2843 2145 2910 pateris;
2177 2845 2314 2899 alius
2342 2846 2500 2903 habet
2526 2865 2718 2919 panem
2739 2895 2755 2921 ,
2785 2863 2839 2909 et
2874 2858 3136 2914 redundat
3155 2862 3203 2916 ei
3230 2864 3365 2918 ultra
3392 2867 3507 2920 suf-

1912 2933 2232 3003 ficientiam,
2268 2939 2414 2996 novit
2442 2948 2496 2998 te
2535 2957 2734 3015 egere,
2789 2962 2894 3003 non
2941 2950 3069 3005 dat:
3112 2952 3358 3025 displicet
3412 2961 3507 3015 tibi

1910 3026 2165 3082 esurienti
2189 3046 2204 3094 ;
2251 3029 2533 3103 displiceat
2559 3044 2614 3090 et
2639 3038 2832 3092 satiato
2852 3079 2869 3106 ,
2896 3056 3016 3095 cum
3045 3044 3272 3101 alterum
3301 3052 3508 3108 esurire

1910 3123 2248 3188 cognoveris.
2300 3124 2621 3196 Peregrinus
2662 3140 2805 3185 tecto
2852 3133 3094 3205 indigens
3125 3142 3273 3193 venit
3322 3142 3374 3195 in
3408 3160 3507 3213 pa-

1912 3212 2067 3266 triam
2097 3224 2238 3267 tuam
2259 3255 2274 3279 ,
2300 3230 2406 3271 non
2454 3221 2744 3288 suscipitur
2771 3240 2785 3275 :
2841 3225 2930 3279 ille
2961 3235 3088 3283 tunc
3115 3234 3310 3286 clamat
3341 3212 3504 3289 inltu-

1911 3318 2123 3358 manam
2168 3321 2289 3362 esse
2341 3308 2485 3363 illam
2514 3311 2781 3367 civitatem
2807 3356 2821 3377 ,
2858 3317 3013 3372 facile
3057 3321 3197 3389 apud
3246 3322 3502 3381 barbaros

1908 3394 2007 3448 sibi
2038 3411 2156 3451 esse
2179 3399 2413 3466 potuisse
2438 3402 2719 3473 refugium.
2762 3405 2935 3461 Sentit
2967 3407 3300 3480 iniquitatem
3322 3455 3336 3477 .
3365 3418 3492 3485 quia

1908 3489 2107 3557 patitur
2134 3508 2149 3542 :
2185 3500 2239 3545 tu
2269 3492 2402 3547 forte
2430 3510 2536 3548 non
2567 3497 2737 3552 sentis
2761 3513 2776 3562 ;
2799 3498 2892 3553 sed
2921 3511 3134 3571 oportet
3160 3513 3217 3559 ut
3244 3515 3299 3561 et
3327 3518 3378 3563 to
3404 3525 3502 3563 eo-

1907 3581 2041 3649 gites
2070 3585 2406 3652 peregrinum
2432 3628 2446 3649 ,
2469 3595 2525 3640 et
2545 3585 2726 3642 videas
2752 3592 3022 3659 quomodo
3051 3595 3142 3648 tibi
3172 3599 3339 3663 possit
3383 3600 3499 3655 dis-

1908 3674 2108 3744 plicere
2130 3677 2220 3744 qni
2253 3677 2344 3731 tibi
2378 3694 2482 3731 non
2515 3680 2821 3749 prmstitcrit
2859 3686 3000 3752 quod
3034 3696 3086 3739 tu
3126 3688 3177 3741 in
3213 3691 3377 3758 patria
3410 3701 3500 3747 tua

1908 3781 2012 3819 non
2042 3767 2120 3820 vis
2150 3768 2434 3837 peregrino
2462 3780 2736 3839 priestare.
2782 3772 3055 3845 Interrogo
3099 3792 3285 3833 omnes
3313 3800 3327 3836 :
3364 3782 3499 3839 Vera

1905 3868 2030 3913 sunt
2054 3858 2207 3913 haec?
2241 3859 2395 3915 Vera.
2423 3861 2573 3915 Justa
2605 3874 2729 3917 sunt
2757 3864 2869 3919 haec
2891 3866 2915 3918 ?
2934 3866 3107 3921 .lnSta.

1975 3950 2030 4002 2.
2058 3949 2161 4005 Sed
2195 3950 2460 4005 Psalmnm
2491 3952 2669 4007 audite
2695 3971 2710 4009 :
2742 3955 2804 4007 Si
2830 3973 2941 4009 rere
2966 3973 3095 4028 ergo
3133 3961 3378 4027 iustitiam
3412 3964 3497 4019 la-

1903 4042 2142 4113 quimini,
2174 4056 2310 4097 recta
2322 4046 2589 4115 judicate,
2616 4049 2712 4116 [itii
2737 4050 3016 4105 hominum.
3044 4054 3158 4107 Non
3188 4058 3259 4109 sit
3289 4059 3499 4127 jnstitia

1906 4134 2164 4188 labiorum
2190 4176 2207 4201 ,
2233 4136 2326 4190 sed
2354 4146 2409 4191 et
2438 4138 2716 4193 factorum.
2746 4142 2801 4195 Si
2835 4142 2976 4196 enim
3001 4144 3160 4199 aliter
3193 4147 3307 4216 agis
3331 4167 3492 4218 quam

1905 4223 2138 4292 loqueris
2162 4266 2175 4287 ,
2209 4225 2343 4278 bona
2377 4227 2646 4295 loqueris,
2704 4238 2757 4283 et
2810 4234 2946 4286 ntale
2972 4233 3198 4303 iudicas.
3248 4238 3304 4292 Si
3351 4242 3496 4296 enim

1904 4319 2018 4386 agis
2045 4318 2314 4384 quomodo
2338 4318 2588 4386 jndicas?
2616 4322 2973 4393 Interrogatus
3000 4327 3125 4395 quid
3154 4329 3223 4381 sit
3263 4333 3456 4386 melius
3477 4374 3494 4398 ,

1904 4423 2091 4460 aurum
2122 4424 2189 4461 an
2214 4408 2377 4473 fides,
2406 4424 2511 4463 non
2544 4426 2712 4479 usque
2747 4414 2881 4468 adeo
2910 4432 3191 4484 perversus
3231 4432 3281 4474 et
3308 4422 3497 4479 devius

1903 4515 1962 4555 es
1990 4499 2058 4553 ab
2086 4501 2231 4555 omni
2265 4504 2485 4557 veritate
2506 4543 2521 4567 ,
2552 4514 2607 4556 ut
2636 4519 2824 4559 aurum
2876 4510 3067 4563 melius
3094 4525 3214 4565 esse
3263 4530 3490 4583 respon-

1903 4590 2033 4645 deas
2062 4609 2076 4645 :
2108 4593 2375 4661 praeponis
2394 4608 2524 4661 ergo
2553 4594 2909 4665 interrogatus
2927 4616 3060 4652 auro
3087 4601 3243 4656 fidem
3270 4620 3287 4667 ;
3343 4606 3495 4659 loeu-

1906 4694 1989 4737 tus
2014 4696 2075 4737 es
2096 4682 2377 4753 justitiam.
2406 4686 2611 4739 Audisti
2637 4686 2909 4742 Psaltnutn
2926 4690 2951 4742 ll
2980 4690 3042 4747 Si
3061 4709 3173 4747 rere
3191 4712 3311 4765 ergo
3337 4696 3493 4768 justi-

1905 4779 2027 4832 tiam
2046 4778 2307 4852 loquimini
2322 4821 2335 4840 ,
2376 4788 2511 4833 recto
2544 4781 2804 4851 judicate,
2856 4783 2953 4852 ﬁlii
2999 4786 3280 4841 hominum.
3314 4792 3377 4844 Et
3407 4794 3494 4848 ubi

1905 4870 2141 4939 probabo
2166 4886 2271 4923 non
2303 4880 2355 4925 te
2396 4870 2465 4924 ita
2498 4881 2554 4923 ut
2595 4871 2803 4928 loeutus
2849 4890 2909 4929 es
2956 4876 3239 4945 judicare?
3266 4880 3383 4935 Jam
3419 4894 3495 4937 te-

1906 4976 2007 5015 neo
2046 4962 2452 5030 responsionem
2500 4972 2642 5016 tuam
2692 4979 3091 5035 prmponentem
3138 4987 3271 5027 auro
3310 4974 3485 5029 fidem.

1874 5068 1877 5071 '
1904 5055 2042 5109 Ecce
2069 5054 2249 5109 nescio
2269 5056 2411 5108 unde
2438 5054 2642 5110 amicus
2664 5059 2814 5111 venit
2837 5098 2853 5123 ,
2876 5068 2931 5113 et
2956 5061 3102 5114 nullo
3132 5072 3269 5119 teste
3296 5079 3487 5120 aurum

1902 5144 2332 5208 commendavit;
2364 5144 2514 5200 solus
2540 5145 2641 5200 hoc
2689 5150 2875 5215 novit,
2917 5158 2972 5205 et
3022 5159 3111 5216 tn,
3140 5164 3395 5222 quantum
3424 5156 3489 5211 ad

1905 5238 2151 5295 homines
2171 5239 2377 5294 attinet.
2410 5237 2507 5293 Est
2525 5238 2595 5293 ibi
2618 5240 2752 5295 alius
2773 5242 2923 5298 testis
2950 5243 3038 5313 qui
3070 5260 3174 5298 non
3205 5247 3417 5301 videtur
3439 5257 3494 5303 et

1904 5332 2091 5387 videt:
2122 5339 2179 5388 et
2224 5331 2313 5385 ille
2341 5330 2435 5385 tibi
2468 5345 2653 5385 aurum
2702 5331 2754 5385 iu
2803 5341 3014 5389 secreto
3060 5336 3195 5391 etin
3243 5336 3491 5393 cubiculo

1906 5431 1996 5478 tuo
2020 5465 2035 5488 ,
2065 5423 2200 5478 forte
2227 5421 2449 5477 remotis
2471 5421 2723 5477 omnibus
2757 5423 2969 5478 arbitris
3051 5428 3437 5484 'ommendavit
3471 5446 3487 5493 ;

1905 5514 2057 5580 testis
2084 5512 2172 5581 qui
2200 5511 2381 5581 adest,
2412 5526 2516 5567 non
2546 5513 2596 5567 in
2617 5512 2861 5569 cubiculo
2898 5513 3050 5569 adest
3070 5516 3328 5585 parietum
3356 5558 3370 5582 ,
3397 5518 3491 5574 sed

1904 5605 1957 5659 in
1980 5604 2242 5661 cubilibus
2260 5603 2707 5660 conscientiarum
2731 5614 3049 5659 vestrarum.
3084 5606 3491 5666 Comatcntlavit

1906 5700 1995 5755 ille
2018 5710 2177 5770 atque
2205 5698 2491 5765 discessit,
2521 5699 2647 5754 nulli
2678 5714 2896 5753 suorum
2925 5708 3107 5753 notum
3156 5699 3277 5756 fecit
3296 5741 3314 5766 ,
3366 5700 3487 5757 red-

1911 5797 2105 5849 iturum
2134 5807 2190 5847 se
2238 5806 2489 5861 Sperans,
2524 5799 2574 5845 ct
2605 5790 2671 5844 ab
2697 5792 2870 5845 amico
2898 5790 3036 5861 quod
3066 5790 3286 5847 dederat
3337 5809 3490 5850 rece-
