3968 6398
196 416 282 466 D77

197 537 390 594 quiuit:
422 533 478 580 et
507 539 602 579 cor
621 537 774 577 suum
812 529 1108 591 sequuntur
1154 533 1363 580 manus,
1390 525 1440 571 et
1468 513 1616 570 cordi
1663 510 1762 566 suo

196 617 496 670 latnulantur
516 629 726 677 manus,
761 613 1021 681 cogitatur
1044 617 1098 663 et
1124 609 1213 673 lit;
1245 616 1338 662 aut
1377 606 1496 660 ideo
1526 620 1630 659 non
1662 604 1721 657 lit
1744 643 1760 668 ,

197 724 288 761 non
321 718 436 776 quia
468 707 734 768 nolumus,
762 703 856 757 sed
881 703 1004 772 quia
1038 698 1141 756 non
1161 711 1464 769 possumus.
1494 693 1761 764 Quidquid

198 799 355 860 vis,et
396 813 500 852 non
545 803 731 865 potes,
759 793 956 848 factum
988 792 1141 844 Deus
1162 795 1454 860 computat.
1482 784 1682 839 Etenim
1711 783 1762 834 in

194 895 328 946 corde
352 893 634 960 iniquitates
661 886 941 959 operamini
966 886 1019 938 in
1045 895 1195 938 terra.
1219 881 1355 948 Quid
1382 878 1619 934 deinde!
1648 875 1761 930 Ini-

193 988 390 1050 quitate;
442 999 624 1037 manus
698 991 877 1035 uestra!
921 987 1238 1032 connectunt.
1270 975 1408 1042 Quid
1438 982 1542 1035 est,
1579 986 1766 1025 conne-

193 1086 319 1132 ctunt
336 1077 360 1129 Σ)
380 1077 451 1128 De
485 1083 706 1143 peccato
733 1083 1008 1142 peccatum
1030 1111 1048 1134 ,
1071 1079 1125 1122 et
1143 1067 1209 1121 ad
1249 1075 1521 1136 peccatum
1569 1075 1764 1134 pecco--

193 1179 314 1230 tum,
337 1175 552 1236 propter
595 1173 894 1234 peccatum.
921 1161 1059 1227 Quid
1084 1168 1169 1214 est
1197 1156 1339 1216 hoc?
1366 1155 1598 1210 Furtum-
1617 1153 1759 1218 fecit,

196 1267 452 1329 peceatum
493 1264 578 1311 est
608 1273 623 1310 :
653 1256 797 1309 visus
822 1263 925 1318 est,
961 1251 1205 1305 occidere
1233 1249 1427 1319 qumrit
1453 1262 1574 1301 eum
1600 1259 1629 1298 a
1657 1261 1764 1314 quo

192 1351 322 1405 visus
343 1359 457 1415 est;
485 1362 785 1402 connexum
810 1353 892 1400 est
919 1351 1190 1413 peccatum
1218 1348 1456 1409 peccato.
1496 1337 1764 1392 Permise-

194 1443 258 1497 rit
306 1442 437 1496 Deus
468 1432 692 1497 'occulto
741 1436 941 1505 judicio
1009 1431 1254 1487 occidere
1293 1426 1416 1486 eum
1465 1440 1625 1498 quem
1674 1440 1766 1481 vo-

192 1536 282 1587 luit
323 1533 602 1598 occidere;
660 1531 820 1585 sentit
871 1526 1031 1592 sciri,
1083 1523 1276 1594 quierit
1316 1531 1370 1576 et
1405 1520 1628 1574 alterum
1675 1532 1767 1574 oe-

189 1626 385 1688 cidere;
443 1623 732 1678 connexuit
787 1620 1020 1674 tertium.
1077 1617 1208 1670 Dum
1252 1629 1314 1669 ca
1370 1613 1604 1677 molitur,
1633 1611 1766 1665 forte

191 1734 253 1770 ne
296 1710 729 1779 inveniatur,aut
778 1711 900 1780 quia
946 1708 1070 1764 fecit
1117 1724 1180 1762 ne
1221 1705 1602 1772 convincatur,
1631 1718 1764 1757 con-

189 1809 309 1862 sulit
356 1804 832 1867 mathematicum;
905 1800 1140 1855 additum
1211 1808 1295 1852 est
1339 1806 1606 1867 quartum.
1657 1795 1765 1850 Re-

185 1899 402 1968 Spondet
434 1897 567 1951 forte
609 1894 783 1965 aliqua
828 1892 959 1946 dura
1011 1900 1066 1945 et
1116 1891 1252 1943 mala
1307 1887 1762 1951 mathematicus;

185 1991 409 2045 curritur
427 1988 493 2042 ad
519 1988 815 2055 aruSpiccm
846 1992 902 2036 ut
929 1981 1202 2051 expietur:
1224 1978 1510 2049 respondet
1535 1992 1767 2045 aruspex

189 2096 290 2136 non
316 2096 375 2134 se
404 2093 560 2150 posse
605 2077 866 2145 expiare;
912 2074 1191 2126 malelicus
1237 2071 1514 2140 quatritnr.
1556 2068 1622 2122 Et
1648 2068 1767 2137 quis

187 2176 357 2228 mnuia
398 2173 564 2241 possit
608 2181 887 2222 numerare
933 2182 1051 2236 qua:
1099 2171 1495 2218 connectuntur
1549 2169 1765 2230 peccata

186 2265 453 2335 peccatis?
476 2263 779 2332 Iniquitates
803 2274 983 2312 manus
1011 2266 1188 2310 vestra:
1219 2262 1536 2308 connectunt.
1567 2253 1766 2317 Quam-

186 2361 274 2413 diu
298 2355 593 2420 connectis,
621 2354 753 2423 ligas
779 2359 1050 2422 peccatum
1081 2356 1332 2417 peccato:
1359 2355 1412 2398 te
1430 2345 1578 2398 solve.
1596 2360 1622 2394 ει
1647 2356 1769 2413 pec-

184 2454 332 2508 catis.
365 2449 472 2506 Sed
502 2464 607 2502 non
658 2460 896 2518 possum,
921 2443 1114 2512 inquis.
1141 2439 1323 2496 Clama
1363 2439 1426 2492 ad
1454 2439 1598 2492 illum
1633 2453 1647 2490 :
1676 2434 1769 2489 ln-

185 2547 305 2616 {elix
329 2560 419 2614 ego
441 2544 610 2607 homo,
641 2538 754 2608 quis
784 2553 862 2590 me
887 2533 1116 2590 liberabit
1140 2532 1203 2586 de
1238 2545 1449 2600 corpore
1472 2529 1646 2582 mortis
1671 2527 1769 2579 hu-

185 2638 264 2707 ius
287 2636 459 2705 (Rom.
488 2647 580 2697 vn,
608 2629 725 2699 ΞΔ).
748 2626 937 2682 Veniet
953 2624 1096 2679 enim
1119 2622 1286 2694 gratia
1321 2619 1432 2682 Dei,
1463 2629 1518 2673 ut
1543 2618 1771 2673 delectet

186 2744 237 2787 te
258 2729 480 2799 iustitia,
509 2727 646 2780 sicut
678 2721 976 2777 delectabat
1000 2717 1249 2787 iniquitas
1273 2730 1287 2778 ;
1319 2723 1374 2768 et
1403 2715 1562 2766 Ιιυιίιο
1591 2711 1680 2790 qui
1704 2725 1768 2764 ex

184 2788 405 2878 viticulis
430 2817 694 2872 resolutus
716 2827 797 2878 es,
813 2807 1136 2866 exclamabis
1160 2805 1225 2860 ad
1249 2805 1415 2859 Deum
1449 2821 1462 2857 :
1495 2788 1770 2871 Disrupisti

179 2914 379 2968 uincula
400 2926 512 2963 mea
536 2907 708 2980 (Psal.
727 2919 850 2968 ων,
877 2899 1142 2967 I6).Quid
1169 2907 1273 2965 est,
1290 2896 1552 2965 disrupisti
1572 2893 1771 2947 vincula

185 3023 314 3070 mea,
348 2983 477 3066 nisi,
502 2998 751 3055 remisisti
783 3004 1000 3065 peccata
1025 2991 1178 3047 mea?
1207 2989 1343 3044 Audi
1386 2991 1512 3059 quia
1565 2988 1771 3041 vincula

181 3108 307 3154 sunt
334 3115 349 3152 :
377 3093 668 3164 respondet
691 3091 964 3158 Scriptura
989 3127 1004 3152 ,
1025 3083 1293 3140 Criniculis
1314 3090 1636 3151 peccatorum
1655 3095 1774 3132 suo-

181 3207 295 3245 rum
339 3187 676 3254 unusquisque
716 3179 1077 3250 constringitur
1096 3173 1279 3245 (Prov.
1308 3188 1366 3239 ν,
1388 3172 1504 3243 22).
1536 3171 1652 3225 Νοιι
1681 3185 1774 3224 so-

184 3286 294 3337 lum
323 3279 554 3341 vincula,
585 3275 679 3332 sed
711 3282 766 3329 et
784 3270 1023 3329 criniculi
1045 3280 1189 3323 sunt.
1216 3265 1466 3322 Criniculi
1494 3273 1652 3332 sunt,
1683 3263 1772 3332 qui

185 3380 316 3429 linnt
339 3366 694 3438 intorquenda
723 3383 737 3419 :
768 3364 869 3419 hoc
887 3371 970 3418 est
994 3359 1134 3431 quod
1159 3358 1390 3427 peccatis
1413 3365 1626 3426 peccata
1647 3370 1775 3410 con—

184 3467 456 3522 nectebas.
495 3460 584 3516 Vc
603 3461 679 3514 his
706 3457 792 3527 qui
818 3445 1022 3509 trahunt
1067 3460 1271 3523 peccata
1296 3449 1426 3503 sicut
1454 3457 1633 3502 restem
1666 3447 1776 3500 lon-

175 3575 323 3630 gam,
352 3556 515 3611 Isaias
566 3553 780 3606 clamat.
819 3546 912 3602 Va!
938 3545 1018 3600 his
1065 3544 1150 3614 qui
1182 3541 1386 3595 trahunt
1418 3548 1619 3608 peccata
1647 3537 1776 3590 sicut

182 3629 368 3709 restem
394 3645 597 3714 longam
619 3639 770 3713 (Isai.
803 3653 856 3704 v,
888 3635 977 3700 l8)
1011 3651 1026 3689 :
1055 3633 1179 3695 quid
1208 3640 1290 3685 est
1318 3629 1482 3689 aliud,
1512 3644 1670 3693 quam
1697 3642 1776 3680 va:

189 3733 278 3784 IIIS
308 3742 538 3798 quorum
571 3739 760 3779 manus
794 3729 1120 3777 connectunt
1168 3715 1537 3787 iniquitatem?
1569 3715 1636 3768 Et
1659 3714 1780 3785 quia

191 3821 562 3892 unusquisque
590 3815 822 3888 peccatis
849 3811 962 3870 suis
987 3810 1391 3880 constringitur,
1415 3810 1552 3862 sicut
1572 3819 1621 3863 et
1653 3823 1781 3878 pec-

188 3913 329 3968 catis
348 3911 460 3965 suis
484 3908 732 3972 cteditur,
764 3904 1016 3959 Dominus
1040 3901 1181 3957 male
1209 3908 1480 3954 versantes
1502 3900 1553 3952 in
1581 3899 1783 3968 templo

188 4003 406 4075 ﬂagello
451 4000 520 4055 de
547 3996 972 4053 resticulislacto
997 3992 1225 4048 exclusit
1249 3990 1427 4061 (loan.
1449 4005 1507 4056 ιι,
1551 3987 1782 4060 l5).Sed

184 4111 301 4150 non
330 4094 411 4148 vis
438 4091 598 4146 modo
635 4086 895 4157 disrumpi
927 4084 1132 4140 vincula
1158 4092 1276 4148 tua,
1304 4082 1426 4152 quia
1470 4095 1576 4154 non
1617 4079 1785 4134 sentis

184 4186 408 4241 vincula
461 4192 587 4247 tua;
613 4181 772 4236 etiam
819 4178 1086 4234 delectant
1135 4183 1205 4238 te,
1229 4183 1285 4228 et
1323 4172 1577 4243 voluptati
1619 4181 1781 4227 sunt:

182 4280 400 4337 senties
421 4279 472 4332 in
495 4277 622 4341 line,
645 4289 766 4329 cum
788 4272 1017 4338 dicetur,
1042 4269 1220 4341 Ligate
1247 4267 1322 4322 illi
1344 4282 1524 4319 manus
1542 4276 1590 4320 et
1611 4266 1776 4336 pedes.

181 4385 234 4427 et
257 4372 498 4442 projicite
521 4369 670 4425 illum
718 4368 773 4420 in
817 4366 1043 4420 tenebras
1072 4362 1341 4416 exteriora
1364 4358 1470 4424 ;ibi
1517 4358 1610 4412 erit
1633 4358 1783 4427 ﬂetus

177 4477 234 4519 et
259 4463 457 4518 stridor
489 4461 712 4514 dentium
749 4456 962 4530 (Matth.
1004 4469 1130 4517 χχιι,
1152 4453 1266 4522 l5).
1297 4449 1665 4515 Exhorrescis,
1715 4448 1785 4504 ti-

181 4571 330 4616 mes.
369 4563 556 4624 pectus
587 4549 795 4612 tundis;
823 4549 956 4602 dicis
981 4547 1119 4600 mala
1145 4558 1268 4600 esse
1319 4550 1558 4613 peccata,
1591 4541 1785 4596 bonam

176 4665 308 4705 esse
333 4647 617 4718 justitiam.
651 4643 713 4698 δί
751 4659 861 4696 vere
903 4656 1022 4712 ergo
1040 4638 1294 4710 justitiam
1313 4635 1577 4708 loquimini
1604 4675 1620 4699 ,
1650 4643 1787 4689 recta

171 4743 438 4813 iudicate,
452 4739 548 4806 ﬁlii
573 4737 854 4790 hominum.
870 4734 925 4788 In
949 4733 1054 4787 vita
1071 4737 1245 4785 vestra
1265 4729 1600 4787 inveniantur
1628 4725 1786 4780 verba

173 4810 416 4892 ,ρειαί
447 4829 671 4885 iul-acus
717 4819 915 4879 vestrts
972 4818 1360 4878 cognoscantur
1405 4810 1541 4864 labia
1593 4819 1789 4868 vestra.

178 4917 514 4974 monteergo
528 4909 845 4956 connectere
864 4899 1222 4968 iniquitatem;
1241 4901 1360 4970 quia
1373 4901 1523 4956 vobis
1535 4901 1599 4955 ad
1619 4903 1791 4972 alliga-

173 5009 377 5058 tur-am
397 4991 736 5048 adhibebitur
755 4990 1008 5060 quidquid
1042 4993 1374 5046 connectitis.
1391 4990 1508 5047 Non
1529 4995 1785 5061 audiunt;

171 5103 298 5142 non
330 5100 523 5140 omnes
549 5094 723 5138 tamen
743 5100 756 5134 :
773 5082 926 5150 ctqni
953 5095 1054 5135 non
1076 5075 1298 5136 audiunt
1325 5084 1628 5154 pneeogniti
1643 5093 1786 5140 sunt.

257 5180 318 5235 5.
357 5175 510 5250 [veru
538 5173 617 5248 4.]
646 5174 858 5228 Alienati
897 5184 1012 5228 sunt
1045 5182 1326 5243 peccatores
1343 5190 1375 5228 a
1395 5175 1562 5241 uulua,
1587 5192 1788 5236 errave-

169 5282 309 5327 runt
340 5288 376 5324 a
397 5281 584 5335 uentre,
610 5268 762 5339 locuti
784 5277 899 5320 sunt
920 5266 1076 5337 falsa.
1105 5267 1170 5321 Et
1198 5281 1318 5321 cum
1349 5266 1676 5338 iniquitatem
1705 5267 1788 5323 lo—

167 5364 458 5436 quuntur,
486 5361 614 5416 falsa
657 5363 980 5431 loquuntur;
1013 5358 1134 5430 quia
1168 5358 1327 5413 fallax
1376 5368 1461 5414 est
1499 5361 1788 5431 iniquitas:

169 5467 416 5513 etcum
460 5453 715 5526 justitiam
767 5453 1073 5521 loquuntur,
1115 5451 1244 5506 falsa
1292 5450 1621 5522 loquuntur;
1665 5455 1787 5523 quia

166 5547 337 5603 aliud
394 5562 490 5602 ore
517 5544 808 5616 prolerunt,
837 5543 978 5598 aliud
1004 5544 1056 5598 in
1083 5542 1245 5598 corde
1264 5545 1540 5614 obtegam.
1570 5543 1790 5599 Alienati

165 5651 308 5694 sunt
341 5649 634 5708 peccatores
661 5654 692 5690 a
721 5638 868 5690 vulva
891 5653 911 5689 :
936 5636 1072 5704 Quid
1099 5643 1182 5692 est
1206 5636 1306 5690 hoc
1323 5637 1348 5688 τ
1372 5636 1682 5704 Quit-ramus
1708 5637 1790 5692 di-

170 5734 450 5804 ligentius
475 5750 490 5786 :
518 5730 760 5785 fortassis
813 5729 952 5782 enim
985 5727 1111 5783 illud
1140 5729 1270 5783 dicit
1316 5731 1438 5801 quia
1468 5729 1610 5784 Deus
1652 5745 1788 5800 pra-

165 5824 444 5897 «ignovit
477 5822 724 5878 homines
747 5829 1049 5891 peccatores
1074 5819 1233 5876 etiam
1264 5819 1316 5876 in
1343 5820 1505 5876 uteris
1530 5831 1779 5879 matrum.

1275 399 1673 459 ENARRA'I'IO
1711 391 1776 453 IN
1817 387 2136 452 PSALMUM
2175 394 2331 451 LVII.

3361 406 3462 462 διε

1869 506 2002 563 Nam
2031 510 2172 565 unde
2217 524 2338 565 cum
2394 510 2569 567 adhuc
2613 527 2894 584 przegnans
2937 528 3080 573 esset
3114 509 3379 587 Rebecca,
3408 537 3463 578 et

1869 603 2111 670 geminus
2160 604 2212 656 in
2257 613 2408 657 utero
2452 614 2706 672 portaret,
2729 607 2926 661 dictum
2950 621 3031 664 est
3060 628 3073 661 :
3101 605 3260 665 Iacob
3278 615 3461 681 dilexi,

1870 690 2012 744 Emit
2031 703 2198 746 autem
2217 693 2334 746 odio
2360 693 2512 748 habui
2541 693 2690 763 (Gen.
2721 714 2842 761 xxv,
2867 698 2958 765 25,
2991 699 3216 757 Malach.
3248 720 3285 764 ι.
3316 704 3372 771 2,
3402 690 3461 772 5,

1868 791 1914 834 et
1950 783 2096 836 llam.
2125 800 2198 849 ix,
2236 785 2321 854 l5)
2345 786 2369 840 ?
2400 785 2606 841 Dictum
2633 798 2716 843 est
2758 789 2898 844 enim
2925 809 2938 845 :
2961 791 3135 863 Major
3161 799 3334 850 serviet
3359 800 3460 853 mia

1869 875 1999 927 neri.
2033 873 2309 930 Occultum
2351 877 2419 932 ibi
2461 878 2718 948 judicium
2751 881 2879 947 Dei;
2902 883 2995 939 sed
3027 894 3205 942 tamen
3231 905 3263 942 α
3286 892 3459 959 vulva,

1872 964 1922 1017 id
1943 973 2044 1030 εει,
2075 963 2142 1017 ab
2169 966 2282 1034 ipsa
2313 968 2522 1037 origine
2559 969 2768 1025 elimati
2798 978 2925 1026 sunt
2968 989 3271 1044 peccatores.
3305 979 3461 1040 [ludo

1869 1056 2124 1109 alienati?
2153 1060 2189 1109 Α
2215 1059 2458 1113 veritate;
2483 1059 2635 1116 Unde
2678 1063 2933 1118 alienati?
2956 1067 3002 1120 Λ
3031 1069 3200 1137 patria
3231 1069 3405 1137 beata,
3431 1090 3459 1125 ιι

1869 1154 1972 1206 vita
1998 1154 2172 1208 beata.
2205 1157 2285 1210 An
2324 1155 2463 1211 forte
2490 1158 2704 1214 alienati
2756 1161 2826 1214 ab
2869 1161 2981 1226 ipsa
3017 1164 3214 1219 vulva?
3259 1165 3327 1220 Et
3373 1171 3462 1235 qui

1871 1255 2178 1313 peccatores
2208 1247 2422 1300 alienati
2450 1258 2573 1302 sunt
2601 1265 2632 1303 a
2659 1251 2852 1304 vulva?
2878 1251 2978 1317 Qui
3006 1247 3146 1306 enim
3171 1269 3462 1309 nasceren—

1874 1345 1977 1398 tur,
2001 1336 2044 1388 si
2087 1351 2191 1390 non
2238 1337 2306 1390 ibi
2359 1341 2708 1393 tenerentur?
2737 1344 2840 1394 Aut
2870 1343 2959 1411 qui
2988 1343 3147 1398 hodie
3171 1347 3411 1400 viverent
3444 1389 3459 1410 ,

1872 1436 1930 1482 ut
1956 1430 2068 1482 lucc
2095 1429 2213 1483 sine
2257 1444 2413 1482 causa
2437 1431 2701 1494 audirent.
2737 1434 2836 1487 nisi
2887 1437 3460 1501 nascerentnriForte

1869 1534 1998 1589 ergo
2022 1535 2052 1573 a
2077 1520 2303 1588 quadam
2333 1523 2489 1576 vulva
2511 1523 2720 1579 alienati
2749 1535 2875 1578 sunt
2906 1539 3233 1595 peceatores,
3267 1529 3317 1583 in
3357 1546 3459 1600 qua

1869 1609 2084 1676 dolores
2121 1612 2418 1679 patiebatur
2465 1614 2718 1676 citat-itas,
2752 1631 2846 1684 per
2893 1619 3200 1686 Apostolum
3251 1620 3458 1686 dicens,

1875 1699 2015 1767 Quos
2059 1702 2240 1754 iterant
2273 1705 2520 1770 parturio,
2539 1704 2700 1758 donec
2721 1705 2951 1761 Christus
2979 1708 3223 1778 formetur
3248 1712 3298 1764 in
3327 1712 3464 1765 nobis

1873 1790 2109 1864 (Gal.tv.
2141 1791 2258 1862 l9).
2283 1794 2542 1864 Exspecta
2565 1811 2729 1866 ergo;
2762 1798 2992 1853 formare
3017 1801 3054 1852 ’.
3086 1800 3201 1855 Noli
3243 1804 3333 1856 tibi
3365 1806 3468 1857 tri-

1871 1885 2037 1940 buere
2059 1885 2478 1966 judiciumqquod
2511 1888 2647 1943 forte
2677 1905 2781 1945 non
2826 1893 2984 1946 nosti.
3015 1892 3259 1950 Carnalis
3285 1912 3343 1949 es
3371 1898 3465 1951 ad-

1873 1977 1996 2042 huc,
2027 1972 2321 2047 conceptus
2346 1993 2407 2035 es
2435 1998 2448 2031 :
2477 1995 2543 2034 eo
2561 1981 2677 2051 ipso
2693 1999 2799 2052 qun
2819 1986 3070 2052 accepisti
3101 1985 3464 2042 ﬂttmellCIlt‘I-

1871 2073 1957 2132 sti,
1989 2077 2325 2126 sacramento
2347 2070 2577 2140 quodam
2599 2083 2754 2128 natus
2775 2090 2834 2128 es
2862 2075 2913 2128 in
2936 2078 3230 2133 visceribus
3257 2081 3461 2136 matris.

1871 2161 1986 2216 Non
2012 2164 2153 2216 enim
2178 2178 2243 2217 ex
2271 2165 2563 2220 visceribus
2587 2173 2792 2220 tantum
2815 2166 2979 2223 homo
3005 2171 3260 2233 nascitur,
3291 2175 3383 2226 St'lI
3411 2184 3465 2228 ιιι

1874 2254 1926 2308 in
1957 2254 2268 2310 visceribus.
2306 2256 2457 2311 Prius
2497 2259 2731 2313 nascitur
2759 2261 2810 2315 in
2838 2261 3164 2324 visceribus,
3198 2277 3254 2319 nt.
3301 2278 3464 2335 possit

1875 2347 2018 2400 nasci
2049 2346 2116 2400 de
2142 2346 2454 2401 visceribus.
2484 2348 2774 2420 Propterea
2814 2351 3016 2406 dictum
3046 2364 3127 2408 est
3152 2354 3219 2409 de
3259 2357 3416 2410 Maria
3447 2378 3459 2409 :

1877 2435 2025 2497 Quod
2035 2436 2168 2488 enim
2189 2446 2362 2488 natum
2383 2445 2454 2491 est
2472 2440 2525 2491 in
2546 2454 2628 2507 ea,
2642 2439 2706 2492 de
2731 2439 2933 2508 Spiritu
2947 2453 3119 2497 sancto
3145 2452 3216 2498 est
3248 2444 3459 2517 (Matth.

1876 2540 1910 2585 ι,
1940 2523 2054 2594 20).
2077 2524 2324 2581 Nondum
2349 2527 2418 2581 de
2444 2528 2528 2582 illa
2548 2537 2727 2583 natum
2748 2540 2888 2599 erat,
2913 2532 3006 2587 sed
3030 2533 3138 2598 jam
3172 2535 3223 2589 in
3253 2534 3340 2589 illa
3365 2551 3475 2590 na-‘

1876 2627 1982 2671 tum
2001 2629 2133 2671 erat.
2162 2617 2303 2688 Ergo
2329 2630 2621 2676 nascuntur
2658 2623 2792 2678 intra
2825 2625 3028 2680 viscera
3054 2631 3302 2682 Ecclesw
3345 2649 3455 2700 qut-

1873 2709 2321 2777 damparvuli;et
2350 2710 2548 2766 bonum
2565 2719 2649 2767 est
2665 2722 2720 2767 ut
2745 2713 2954 2770 formati
2980 2728 3192 2778 exeant.
3222 2736 3289 2774 ne
3307 2723 3464 2776 almr-

1876 2807 1928 2852 tn
1955 2800 2216 2854 labantur.
2243 2800 2476 2856 Generet
2501 2812 2552 2856 te
2569 2811 2758 2871 mater,
2778 2819 2882 2859 non
2911 2805 3158 2862 abortiat.
3182 2809 3238 2865 Si
3259 2813 3465 2882 patiens

1876 2889 2058 2955 fueris,
2080 2905 2352 2962 usqueth
2371 2891 2638 2957 lormeris,
2658 2909 2933 2965 usquequo
2961 2896 3012 2950 in
3038 2906 3088 2952 te
3111 2911 3256 2954 certa
3283 2901 3348 2956 sit
3368 2901 3467 2956 do-

1874 2984 2041 3034 ctrina
2071 2982 2334 3048 veritatis,
2353 2985 2628 3038 continere
2653 2993 2706 3039 te
2732 2986 2932 3041 debent
2975 2999 3212 3044 materna
3238 2991 3466 3050 visc’em.

1874 3072 1929 3126 Si
1957 3081 2132 3127 autem
2185 3077 2512 3143 impatientia
2545 3086 2631 3131 tua
2676 3080 3012 3136 concusseris
3041 3081 3208 3139 latera
3259 3089 3465 3154 matris,

1875 3177 1995 3217 cum
2038 3164 2224 3219 dolore
2261 3165 2474 3235 quidem
2501 3169 2777 3223 te‘excutit
2825 3168 2986 3238 foras,
3019 3172 3113 3228 sed
3160 3177 3331 3246 magis
3377 3186 3468 3232 tuo

1879 3257 2016 3313 malo
2039 3272 2196 3327 quam
2223 3273 2341 3314 suo.

1948 3351 2001 3405 ti.
2035 3351 2253 3405 Alienati
2276 3361 2395 3405 sunt
2420 3362 2704 3422 peccatores
2729 3371 2761 3408 a
2789 3356 2956 3419 ulva,
2990 3370 3278 3412 enaverant
3299 3378 3332 3414 a
3351 3376 3468 3416 oen-

1879 3452 1972 3506 tre,
1997 3443 2148 3496 locuti
2173 3453 2288 3497 sunt
2317 3446 2470 3515 falsa.
2504 3443 2630 3500 Ideo
2679 3461 2808 3518 ergo
2863 3460 3179 3505 erraverunt
3199 3466 3231 3506 a
3257 3462 3466 3520 ventre,

1879 3533 2000 3601 quia
2017 3532 2174 3586 locuti
2191 3545 2317 3587 sunt
2342 3531 2510 3589 falsa?
2534 3536 2614 3590 Au
2641 3538 2816 3606 potius
2833 3538 2952 3595 ideo
2981 3539 3140 3596 locuti
3171 3553 3292 3597 sunt
3312 3542 3466 3611 falsa,

1830 3647 1835 3653 -
1880 3624 2002 3693 quia
2031 3635 2342 3678 erraverunt
2370 3640 2400 3678 a
2430 3628 2646 3683 ventre?
2668 3629 2724 3684 In
2747 3639 2935 3687 ventre
2964 3633 3159 3704 quippe
3188 3634 3466 3702 Ecclesia),

1883 3716 2076 3771 veritas
2104 3727 2300 3770 manet.
2333 3717 2583 3790 Quisquis
2628 3721 2697 3776 ab
2742 3721 2845 3777 hoc
2869 3735 3056 3779 ventre
3095 3724 3352 3783 Ecclesia:
3378 3743 3468 3784 se-

1885 3817 2100 3877 paratus
2143 3807 2322 3870 fuerit,
2374 3823 2594 3864 necesse
2639 3819 2725 3866 est
2773 3811 2903 3867 falsa
2931 3813 3220 3886 loquatur:
3250 3833 3471 3875 necesse

1883 3908 1984 3964 est,
2013 3900 2244 3970 inquam,
2270 3899 2399 3954 falsa
2421 3901 2686 3968 l0quatur,
2716 3905 2804 3975 qui
2829 3916 2917 3960 aut
2942 3908 3148 3979 concipi
3171 3909 3355 3976 noluit,
3377 3920 3474 3968 aut

1885 4003 2042 4058 quem
2071 4000 2385 4057 conceptum
2440 4002 2612 4048 mater
2653 3996 2907 4051 excussit.
2941 3995 3068 4054 In'de
3097 3999 3330 4058 haeretici
3359 4003 3472 4059 cla-

1887 4091 2032 4135 mant
2059 4093 2244 4137 contra
2275 4082 2623 4153 Evangelium
2653 4096 2749 4142 :ut
2771 4087 2841 4144 de
2881 4087 2963 4144 his
2994 4091 3171 4161 potius
3195 4093 3476 4166 loquamur

1885 4188 2021 4244 quos
2065 4171 2306 4230 dolemus
2333 4189 2608 4245 excussos.
2655 4176 2962 4234 Recitamus
3010 4182 3289 4241 eiszEcce
3314 4186 3477 4244 Chri-

1887 4275 2001 4320 suts
2031 4263 2197 4330 dixit,
2229 4264 2505 4334 Oportebat
2551 4265 2805 4323 Christum
2850 4272 2990 4339 pati,
3019 4281 3067 4326 et
3091 4289 3123 4327 α
3158 4278 3368 4332 mortuis
3395 4294 3480 4332 re-

1886 4372 2095 4426 surgere
2121 4356 2266 4409 tertia
2287 4356 2388 4409 die.
2419 4357 2664 4428 Agnosco
2685 4358 2757 4419 ibi
2779 4373 2935 4431 caput
2957 4375 3219 4431 nostrum,
3243 4382 3477 4439 agnosco

1891 4449 1959 4503 ibi
2014 4463 2266 4518 Sponsum
2311 4462 2551 4505 nostrum
2585 4467 2859 4524 :agnosce
2883 4466 2937 4512 et
2965 4464 3018 4512 tu
3048 4474 3256 4515 mecum
3307 4476 3472 4532 spon-

1889 4556 2026 4603 sam,
2053 4541 2174 4596 vide
2214 4541 2340 4612 quid
2384 4543 2667 4613 sequitur:
2698 4545 2981 4602 Prtedicari
3026 4551 3079 4605 in
3122 4554 3325 4620 nomine
3364 4557 3478 4624 ejus

1890 4632 2232 4700 pauitantiam
2254 4641 2300 4684 et
2323 4633 2666 4688 remissionem
2687 4648 3007 4704 peccatorum
3033 4658 3123 4710 per
3146 4659 3317 4698 omnes
3349 4662 3478 4717 gen.

1891 4733 1982 4785 tes,
2021 4721 2371 4790 incipientibus
2415 4723 2480 4777 ab
2520 4722 2806 4781 Jerusalem
2851 4726 3001 4801 (Luc.
3053 4745 3198 4799 xxiv,
3247 4734 3337 4802 48,
3381 4735 3477 4808 47)

1891 4813 2005 4869 Huc
2034 4814 2175 4880 veni,
2197 4814 2297 4870 huc
2321 4817 2438 4871 veni
2468 4814 2566 4890 (τι).
2599 4818 2736 4875 Ecce
2769 4820 3002 4876 Ecclesia
3018 4840 3108 4893 per
3147 4840 3319 4881 omnes
3355 4844 3481 4898 gen-

1893 4915 1986 4972 tes,
2020 4905 2374 4976 incipientibus
2415 4908 2476 4961 ub
2501 4908 2790 4964 Jerusalem
2814 4925 2834 4965 :
2866 4928 2969 4967 non
3000 4914 3141 4981 dico,
3173 4915 3287 4974 Huc
3316 4922 3433 4974 veni
3459 4935 3477 4987 ;

1893 4997 2004 5065 ipsa
2031 4998 2097 5052 ad
2128 5009 2179 5051 te
2205 4998 2366 5052 venit.
2397 4997 2478 5053 llli
2518 5009 2699 5055 autem
2741 5001 3187 5061 obsurdescentes
3221 5007 3478 5064 adversus

1894 5086 2258 5156 Evangelium,
2287 5097 2342 5142 et
2389 5103 2494 5143 non
2544 5104 2643 5144 nos
2683 5091 3051 5160 permittentes
3098 5095 3277 5164 legere
3316 5097 3477 5153 verba

1893 5179 2010 5246 Dei,
2034 5194 2151 5250 quae
2170 5194 2230 5234 se
2249 5179 2452 5248 iactant
2478 5180 2776 5238 custodisse
2804 5197 2834 5236 a
2862 5182 3075 5240 ﬂamma
3095 5194 3151 5240 et
3173 5187 3356 5243 volunt
3384 5187 3478 5244 de-

1892 5271 2005 5327 lere
2031 5273 2225 5340 lingua,
2251 5272 2537 5341 loquuntur
2565 5287 2683 5337 sua.
2711 5273 2998 5345 loquuntur
3017 5276 3189 5331 inania
3217 5295 3230 5332 :
3254 5277 3347 5336 Ille
3364 5289 3478 5335 tra-

1891 5361 2047 5426 didit,
2078 5371 2133 5416 et
2155 5362 2243 5416 ille
2287 5361 2521 5417 tradidit.
2555 5362 2666 5417 Imo
2695 5373 2749 5418 ct
2789 5379 2890 5435 ego
2915 5365 3054 5431 dico,
3088 5367 3152 5423 Et
3183 5368 3276 5425 ille
3301 5370 3474 5427 tradi-

1890 5453 1988 5514 dit.
2016 5463 2070 5508 et
2101 5452 2189 5508 ille
2222 5453 2434 5508 tradidit
2462 5470 2475 5508 :
2508 5464 2562 5508 et
2587 5469 2769 5510 verum
2795 5455 2936 5514 dico.
2971 5455 3078 5514 Sed
3103 5459 3228 5529 quid
3257 5461 3324 5516 ad
3351 5464 3484 5518 me?

1893 5543 2002 5599 Nec
2046 5554 2099 5598 tu
2131 5546 2259 5598 mini
2303 5560 2441 5614 quos
2486 5548 2732 5602 nominas
2755 5563 2821 5604 ex
2865 5549 3153 5621 Evangelio
3192 5551 3345 5624 legis,
3380 5571 3478 5611 nec

1892 5650 1994 5706 ego
2015 5651 2148 5706 quos
2191 5637 2408 5691 nomino
2435 5652 2503 5692 ex
2548 5637 2841 5708 Evangelio
2874 5640 3010 5713 lego.
3045 5641 3367 5702 Aulerantur
3391 5648 3482 5706 'dc

1956 5768 2471 5854 LWL'ff’ﬂ‘f‘Cizi‘.
2498 5776 2624 5854 Ψδεον
2646 5771 2926 5834 mmmam

1958 5832 2034 5896 (α)
2072 5838 2165 5882 Vox
2194 5838 2558 5884 Donatistarum.
