3968 6326
515 315 621 376 6'79

516 435 691 489 mullo
719 435 917 489 chartae
971 445 1191 498 nostrae,
1245 432 1500 504 procedat
1541 432 1596 484 in
1644 431 1878 486 medium
1925 424 2108 483 Codex

516 523 629 578 Dei.
665 524 800 578 Audi
826 523 1098 579 Christum
1121 525 1410 590 dicentem,
1437 522 1562 578 audi
1592 524 1870 579 veritatem
1889 520 2110 592 loqucno

516 623 623 668 tem
659 633 672 669 :
701 614 983 670 Praedicari
1003 617 1055 669 in
1085 618 1290 669 nomine
1319 618 1447 686 ejus,
1478 615 1667 686 inquit,
1701 615 2043 685 paenitentiam
2063 623 2110 668 et

515 710 859 763 remissionem
885 719 1202 781 peccatorum
1227 729 1314 781 per
1337 727 1508 765 omnes
1539 721 1728 782 gentes.
1757 710 2112 780 incipientibus

514 801 576 853 ab
597 801 902 855 Jerusalem.
935 800 1073 865 Non,
1100 803 1372 871 inquiunt;
1401 804 1495 856 sed
1547 803 1688 872 quod
1742 817 1842 858 nos
1879 803 2110 857 dicimus

520 894 700 949 audite
734 913 748 946 :
782 893 924 965 quod
953 894 1083 949 dicit
1107 895 1450 966 Evangelium
1480 897 1728 950 nolumus
1749 894 1955 951 audire.
1975 894 2114 950 Alie-

517 990 625 1042 nati
653 999 770 1042 sunt
792 999 1078 1058 peccatores
1101 1005 1132 1041 α
1159 989 1334 1053 vulva,
1382 1000 1675 1042 erraverunt
1699 1006 1731 1042 a
1752 998 1939 1052 ventre,
1959 989 2115 1042 locuti

517 1090 633 1132 sunt
665 1080 818 1148 falsa.
841 1079 951 1135 Nos
982 1080 1263 1150 loquamur
1290 1095 1438 1144 vera,
1471 1081 1592 1149 quia
1621 1081 1922 1134 audivimus
1943 1095 2064 1135 vera
2095 1097 2110 1144 ;

516 1171 658 1240 quod
682 1172 938 1227 Dominus
957 1173 1108 1238 dicit,
1139 1190 1246 1228 non
1267 1174 1406 1243 quod
1427 1173 1590 1228 homo
1618 1174 1763 1228 dicit.
1796 1174 1976 1228 Potest
2000 1174 2114 1228 ﬁeri

519 1271 578 1315 ut
603 1260 766 1317 homo
786 1265 1073 1318 mentiatur
1104 1282 1117 1319 :
1145 1281 1250 1320 non
1274 1275 1448 1335 potest
1477 1266 1591 1319 fieri
1624 1275 1680 1319 ut
1711 1267 1906 1320 veritas
1957 1281 2113 1320 men-

520 1355 698 1410 tiatur.
734 1355 814 1410 Ex
843 1358 1082 1412 veritatis
1116 1374 1209 1413 ore
1236 1373 1469 1428 agnoseo
1500 1358 1790 1425 Christum,
1823 1359 1993 1429 ipsam
2023 1374 2116 1412 ve-

517 1450 729 1504 ritatem
764 1467 778 1503 :
810 1465 873 1503 ex
904 1451 1143 1506 veritatis
1163 1467 1259 1506 ore
1278 1466 1510 1520 agnosco
1537 1450 1832 1507 Erelesiam
1853 1491 1869 1516 ,
1903 1449 2118 1520 partici-

518 1558 638 1612 pem
669 1543 929 1598 veritatis.
957 1543 1128 1599 Nemo
1177 1544 1305 1599 mihi
1333 1545 1461 1599 falsa
1493 1545 1762 1615 loquatur,
1785 1545 1873 1614 qui
1918 1545 2120 1598 erravit

515 1637 584 1690 ab
611 1642 762 1688 utero
785 1635 838 1689 in
867 1635 1164 1691 visceribus
1185 1634 1442 1692 Ecclesia:
1467 1656 1482 1691 :
1508 1637 1686 1706 primo
1723 1637 1959 1691 viderem
1989 1635 2114 1704 quid

517 1741 604 1780 me
634 1728 796 1782 vellet
819 1727 1034 1784 docere.
1072 1728 1235 1783 Video
1257 1729 1544 1784 alienatum
1583 1745 1611 1784 a
1642 1730 1821 1792 vulva.
1853 1730 2010 1785 video
2025 1746 2115 1784 er-

519 1832 668 1872 rasse
697 1830 952 1880 aventre,
986 1828 1040 1873 et
1089 1819 1371 1874 auditurus
1423 1836 1539 1874 sum
1585 1822 1652 1875 ab
1699 1835 1800 1885 eo,
1841 1821 1966 1892 quid
2013 1822 2115 1876 nisi

521 1908 694 1965 falsa?
725 1911 1032 1966 Eri-atterunt
1057 1930 1090 1966 a
1109 1924 1298 1979 ventre,
1328 1913 1481 1968 locuti
1507 1925 1622 1967 sunt
1653 1915 1803 1984 falsa.

595 1999 832 2074 7..[vers.
857 2002 914 2066 5,
952 2001 1033 2076 6.]
1060 2002 1356 2074 Indignatio
1386 2006 1458 2058 eis
1507 2005 1782 2059 secundum
1827 2005 2117 2060 similitudi-

527 2108 640 2147 nem
661 2095 926 2163 serpentis.
953 2093 1195 2164 Magnam
1223 2111 1336 2150 rem
1376 2096 1606 2149 audituri
1639 2097 1788 2152 estis.
1818 2095 2116 2169 Indignatio

522 2186 594 2240 eis
609 2186 884 2240 secundum
904 2189 1290 2242 similitudinem
1309 2191 1572 2257 serpentis.
1603 2188 1762 2258 Quasi
1782 2189 2074 2246 diaerimns
2095 2233 2113 2257 ,

523 2277 647 2344 quid
677 2287 760 2332 est
787 2278 926 2346 quod
965 2279 1186 2334 dixisti?
1212 2280 1470 2350 sequitur.
1505 2280 1651 2335 Sicut
1688 2281 1884 2351 aspidis
1922 2282 2112 2336 surde.

526 2365 677 2422 Unde
703 2368 882 2423 surthe
902 2369 927 2421 τ
956 2369 1020 2422 Et
1071 2370 1352 2424 obturantis
1402 2388 1550 2426 aures
1591 2388 1732 2426 suas.
1764 2371 1888 2428 Ideo
1916 2373 2112 2436 surtlm,

522 2459 647 2528 quia
671 2460 883 2513 obturat
913 2476 1072 2516 aures
1098 2477 1242 2516 suas.
1274 2461 1340 2516 Et
1368 2465 1646 2517 obturantis
1671 2479 1820 2517 aures
1849 2480 1984 2523 suas,
2003 2480 2117 2527 qum

525 2567 624 2604 non
637 2552 873 2606 exaudiet
884 2569 1053 2608 vocem
1065 2555 1450 2618 incantantium,
1465 2566 1512 2609 ct
1525 2557 1871 2610 medicamenti
1881 2557 2116 2610 medicati

522 2660 554 2696 ο
575 2645 823 2712 sapiente.
855 2645 1008 2701 Sicut
1047 2646 1367 2713 audivimus,
1384 2648 1525 2717 quod
1555 2657 1604 2700 ct
1638 2647 1880 2702 homines
1907 2648 2112 2714 dicunt,

523 2735 612 2802 qui
629 2751 690 2788 ea
710 2751 810 2805 qua
829 2747 1115 2808 patuerunt
1133 2737 1249 2794 haec
1265 2739 1567 2810 cognitione
1579 2739 1897 2806 didicerunt,
1920 2740 2013 2794 sed
2037 2748 2117 2794 ta-

527 2840 648 2877 mcn
663 2826 799 2893 quod
818 2825 1048 2893 Spiritus
1063 2828 1153 2883 Dei
1172 2828 1340 2888 multo
1351 2829 1540 2884 melius
1551 2829 2117 2886 omnibusbomiuibus

525 2917 694 2970 novit.
717 2914 832 2970 Non
859 2917 1000 2971 enim
1027 2918 1333 2974 frustrahoc
1353 2918 1506 2984 dixit,
1531 2920 1630 2974 nisi
1653 2921 1772 2990 quia
1798 2921 1910 2975 ﬁeri
1942 2930 2118 2990 potest

526 3017 584 3061 ut
596 3010 863 3065 vcrum'sit
879 3010 1039 3064 etiam
1053 3009 1178 3065 illud
1193 3011 1333 3080 quod
1352 3011 1652 3067 audivimus
1665 3014 1732 3067 de
1743 3015 2115 3082 aSpide.ASpis

522 3113 645 3154 cum
676 3105 897 3170 emperit
921 3104 1026 3170 pati
1048 3103 1432 3159 incantatorem
1467 3105 1715 3166 Marsum,
1742 3106 1829 3172 qui
1857 3121 1975 3159 eam
1999 3106 2117 3175 qui-

525 3190 748 3245 busdam
773 3193 1101 3248 carminibus
1129 3194 1358 3264 propriis
1404 3205 1610 3261 evocat,
1645 3197 1779 3250 sicut
1803 3209 1926 3251 sunt
1951 3199 2115 3253 multa

523 3273 685 3337 etiam
709 3283 932 3353 magica,
961 3284 1140 3341 audite
1176 3285 1302 3356 quid
1337 3285 1482 3341 facit.
1509 3285 1614 3342 Sed
1647 3288 1857 3342 interim
1911 3289 1962 3342 in
2015 3288 2117 3345 hoc

522 3375 817 3441 attendite,
843 3375 1070 3433 fratres:
1097 3376 1201 3434 hoc
1240 3379 1383 3434 enim
1433 3380 1867 3449 praxloqncndum
1911 3393 2012 3447 est,
2049 3397 2118 3438 ne

521 3466 802 3538 quisquam
857 3468 1017 3524 veluti
1064 3468 1316 3525 hxsitans
1343 3470 1563 3526 audiat:
1594 3487 1721 3535 non,
1747 3473 2117 3544 undecumque

521 3555 680 3613 datur
698 3557 1012 3622 similitudo.
1043 3561 1111 3616 ab
1141 3562 1432 3632 Scripturis
1475 3562 1724 3619 laudatur
1748 3565 1858 3634 ipsa
1887 3581 1997 3631 res,
2020 3566 2115 3621 sed

526 3659 729 3704 tantum
758 3649 882 3706 inde
923 3651 1216 3708 similitudo
1259 3652 1510 3709 trahitur.
1543 3654 1659 3709 Non
1690 3657 1832 3710 enim
1884 3657 2116 3711 laudavit

526 3740 767 3809 iniquum
793 3741 1027 3812 judicem
1054 3743 1143 3814 qui
1182 3743 1399 3800 nolebat
1424 3745 1611 3801 audire
1638 3747 1780 3802 illam
1801 3742 2034 3813 viduam,
2061 3756 2117 3804 et

524 3849 626 3889 nec
655 3835 822 3890 Deum
847 3836 1088 3907 timebat,
1118 3852 1220 3894 nec
1243 3836 1490 3894 homines
1540 3840 1916 3905 reverebatur;
1948 3850 2002 3896 et
2032 3851 2115 3896 ta-

525 3941 651 3980 men
675 3925 796 3981 inde
817 3926 1217 3984 similitudinem
1236 3929 1492 3984 Dominus
1510 3932 1668 3986 traxit
1684 3929 1836 4000 (Luc.
1859 3949 2010 3996 xvtn,
2035 3933 2113 4003 9.):

526 4033 625 4074 nec
655 4019 801 4072 illum
831 4020 1067 4076 laudavit
1097 4021 1304 4092 pigrum
1335 4021 1424 4092 qui
1455 4029 1569 4079 tres
1614 4037 1800 4092 panes,
1832 4039 1936 4078 non
1988 4039 2116 4094 pro-

518 4122 646 4183 pter
666 4113 952 4169 amicitiam
977 4113 1126 4169 dedit
1150 4116 1370 4185 petenti,
1402 4115 1495 4172 sed
1522 4115 1682 4189 ttedio
1723 4115 1921 4184 victus;
1952 4127 2007 4172 et
2033 4128 2117 4172 ta-

520 4218 647 4262 men
675 4205 801 4261 inde
827 4206 1235 4262 similitudinem
1263 4205 1586 4278 dedit(Luc.
1616 4223 1694 4272 XI,
1716 4207 1799 4275 8).
1828 4210 1895 4265 Et
1929 4209 1997 4264 de
2025 4225 2116 4264 re-

520 4297 621 4351 bus
645 4311 778 4368 ergo
801 4313 906 4352 non
947 4297 1226 4353 laudandis
1256 4297 1540 4354 trahuntur
1585 4299 1876 4355 secundum
1925 4315 2116 4370 quem-

518 4390 642 4444 dam
670 4388 890 4446 modum
923 4389 1191 4444 nonnulla:
1222 4389 1619 4446 similitudines.
1670 4392 1776 4448 Aut
1805 4392 1850 4446 si
1873 4402 2118 4462 propter-

519 4496 583 4536 ca
607 4482 806 4556 putatis
829 4480 1064 4537 eundum
1091 4495 1212 4536 esse
1236 4480 1305 4536 ad
1349 4479 1576 4547 Marsos,
1595 4483 1718 4552 quia
1747 4483 1849 4538 hoc
1889 4483 2117 4540 audistis

519 4574 578 4626 in
602 4575 877 4644 Scriptura
911 4574 1035 4638 Dei;
1057 4573 1290 4629 eundum
1319 4583 1402 4629 est
1429 4585 1485 4630 et
1509 4575 1576 4630 ad
1601 4577 1903 4645 spectacula
1961 4576 2115 4632 thea-

432 4700 434 4704 τ
521 4667 617 4730 tri,
638 4666 760 4736 quia
781 4665 911 4720 dicit
933 4662 1221 4733 Apostolus
1244 4683 1258 4720 :
1283 4665 1406 4721 Non
1425 4666 1502 4720 sic
1521 4667 1764 4737 pugillor,
1787 4667 1933 4737 quasi
1948 4685 2117 4722 aerem

522 4758 751 4821 ardens;
767 4757 988 4828 pugilari
1015 4756 1157 4812 enim
1179 4767 1262 4812 est
1283 4758 1610 4827 pancratium
1639 4756 1835 4813 facere.
1854 4757 1970 4813 Jam
1991 4760 2114 4828 quia

525 4849 650 4904 hinc
674 4847 798 4904 data
828 4856 909 4902 est
928 4849 1238 4914 similitudo,
1271 4849 1570 4917 spectacula
1599 4847 1699 4903 ista
1724 4847 1993 4904 delectare
2015 4864 2115 4905 nos

523 4943 764 5000 debent?
792 4952 885 4996 aut
932 4942 1052 5011 quia
1102 4941 1256 5004 dixit.
1288 4940 1390 5006 Qui
1433 4942 1488 4996 in
1532 4959 1696 5012 agone
1741 4943 2020 5009 contendit,
2049 4943 2114 4996 ab

523 5037 755 5094 omnibus
792 5037 1047 5091 abstinens
1090 5045 1165 5090 est
1191 5037 1209 5105 (
1236 5035 1249 5088 I
1274 5036 1390 5091 Cor.
1421 5051 1496 5102 Ix,
1527 5034 1618 5104 26,
1649 5035 1786 5105 9.8);
1828 5047 2110 5107 propterea

524 5133 817 5203 agonistica
849 5132 948 5186 ista
989 5144 1119 5184 vana
1143 5139 1197 5184 et
1246 5129 1446 5184 ludicra
1491 5129 1652 5184 debet
1672 5127 1926 5185 affectare
1969 5129 2116 5185 chri-

525 5225 766 5279 stianusl
797 5222 1030 5278 Attende
1069 5221 1193 5290 quid
1218 5219 1313 5275 tibi
1363 5221 1570 5275 dicatur
1596 5220 1664 5275 ad
1684 5222 2109 5290 similitudinem,

524 5315 653 5386 quid
681 5323 964 5370 moneatur
990 5311 1056 5367 ad
1090 5311 1516 5381 prohibitionem.
1544 5311 1618 5367 Ita
1640 5327 1768 5382 ergo
1794 5322 1853 5368 et
1877 5313 1963 5368 hic
1986 5314 2108 5368 data

520 5407 858 5478 estqumdam
881 5406 1172 5461 similitudo
1189 5406 1256 5460 de
1274 5405 1466 5469 Marso,
1485 5407 1575 5476 qui
1595 5406 1828 5463 incantat
1847 5417 1902 5463 ut
1918 5408 2110 5464 educat

521 5499 761 5567 aspidem
803 5498 871 5552 de
897 5499 1176 5552 tenebrosa
1217 5512 1442 5551 caverna
1477 5514 1489 5549 :
1519 5497 1700 5568 utique
1721 5499 1772 5553 in
1794 5500 1967 5554 lucem
1999 5503 2108 5557 vult

523 5591 787 5653 educere;
824 5589 910 5643 illa
938 5601 1114 5642 autem
1162 5591 1390 5642 amando
1408 5590 1654 5645 tenebras
1679 5607 1803 5645 suas
1825 5592 2016 5663 quibus
2044 5607 2105 5649 se

525 5680 827 5735 involutans
850 5680 1101 5738 occuluit.
1131 5679 1328 5734 dicitur
1352 5680 1493 5750 quod
1523 5697 1642 5736 cum
1668 5683 1816 5738 exire
1851 5684 2100 5748 noluerit.

523 5785 774 5828 recusans
803 5779 978 5825 tamen
1011 5771 1194 5824 audire
1230 5772 1342 5825 illas
1364 5789 1520 5829 voces
1547 5774 1740 5845 quibus
1760 5791 1819 5831 se
1836 5778 1951 5846 cogi
1975 5792 2098 5834 scn-

1748 314 1804 368 S.
1839 310 1975 367 AUC
1985 303 2204 367 USTINI
2248 307 2548 367 EPlSCOPl

3695 319 3797 380 680

2215 424 2295 486 tit,
2320 425 2492 480 allidit
2540 441 2700 482 unam
2731 443 2912 483 aurem
2967 444 3144 496 terrm,
3172 441 3230 489 et
3276 433 3346 491 de
3395 433 3567 494 cauda
3591 436 3802 494 obturat

2211 516 2459 578 alteram.
2486 527 2646 583 atque
2667 520 2736 575 ita
2764 536 2925 578 voces
2951 523 3072 579 illas
3097 536 3354 595 quantum
3375 539 3553 599 potest
3575 531 3799 597 evitans,

2215 625 2319 663 non
2346 611 2456 664 exit
2480 611 2546 664 ad
2600 610 2978 670 inmntantem.
3009 615 3146 673 Huic
3191 616 3393 674 similes
3415 619 3552 676 dixit
3573 619 3806 692 Spiritus

2219 701 2310 756 Dei
2341 702 2602 773 quosdam
2635 721 2740 761 non
2769 708 3049 765 audientes
3075 711 3296 769 verbum
3345 714 3462 780 Dei,
3484 726 3541 772 et
3586 733 3695 773 non
3718 735 3804 774 so-

2217 792 2325 846 lum
2355 810 2459 849 non
2487 794 2759 864 facientes,
2782 799 2878 855 sed
2921 803 3141 858 omnino
3169 820 3238 861 ne
3265 803 3462 864 faciant
3479 808 3670 867 audire
3712 827 3805 867 no-

2215 883 2388 939 lentes
2407 888 2444 940 ¹.

2287 977 2341 1032 8.
2384 977 2602 1033 Factum
2637 991 2718 1036 est
2758 980 2860 1037 hoc
2899 993 2955 1038 et
2985 984 3037 1039 in
3079 985 3266 1055 primis
3302 991 3630 1059 temporibus
3665 990 3802 1047 fidei.

2215 1067 2516 1136 Stephanus
2543 1080 2745 1142 martyr
2769 1073 3093 1142 przedicabat
3127 1079 3402 1134 veritatem
3429 1121 3444 1143 ,
3473 1091 3528 1136 et
3559 1090 3804 1151 tanquam

2218 1160 2515 1214 tenebrosis
2537 1163 2821 1225 mentibus,
2845 1177 2906 1219 ut
2933 1181 3024 1220 eas
3049 1166 3104 1222 in
3124 1166 3295 1224 lucem
3324 1169 3594 1234 educeret,
3625 1173 3806 1228 incan-

2219 1249 2398 1303 tabat:
2434 1252 2520 1304 uhi
2552 1254 2694 1307 venit
2713 1256 2778 1308 ad
2809 1261 3372 1316 commemorationem
3393 1263 3616 1328 Christi,
3646 1281 3804 1334 quem

2218 1339 2291 1392 illi
2322 1342 2542 1394 omnino
2583 1343 2766 1400 audire
2811 1345 3134 1414 noluerunt,
3162 1349 3287 1420 quid
3322 1352 3391 1407 de
3427 1353 3506 1409 eis
3535 1354 3804 1424 Scriptura

2217 1428 2378 1484 dicit?
2405 1431 2530 1499 quid
2558 1433 2624 1488 de
2655 1434 2760 1491 illis
2790 1437 3010 1492 narrat?
3036 1437 3341 1496 Clauserant
3362 1484 3379 1510 ,
3411 1444 3578 1515 inquit
3599 1486 3615 1510 ,
3659 1463 3805 1502 cures

2217 1535 2358 1573 suas.
2407 1523 2544 1588 Quid
2597 1535 2775 1581 autem
2813 1538 2996 1597 postea
3038 1531 3280 1597 iecerint,
3327 1537 3505 1604 passio
3553 1537 3804 1611 Strphani

2219 1624 2428 1666 narrata
2470 1615 2724 1672 declarat.
2767 1617 2884 1675 Non
2928 1632 3083 1677 erant
3124 1625 3294 1690 surdi,
3341 1627 3434 1681 sed
3472 1630 3711 1684 fecerunt
3750 1646 3806 1686 se

2217 1705 2428 1761 surdos.
2458 1706 2592 1774 Quia
2621 1711 2763 1765 enim
2785 1727 2946 1767 aures
2972 1723 3216 1783 patentes
3243 1718 3295 1773 in
3321 1718 3483 1776 corde
3508 1738 3611 1776 non
3647 1721 3808 1782 lube-

2219 1797 2364 1864 bant,
2393 1800 2641 1855 violentia
2673 1814 2846 1860 tamen
2877 1807 3022 1860 verbi
3055 1823 3154 1877 per
3176 1825 3333 1867 aures
3358 1814 3534 1867 carnis
3561 1815 3804 1884 irruens,

2217 1891 2376 1945 etiam
2404 1893 2530 1962 ipsis
2556 1896 2775 1950 auribus
2803 1901 2980 1954 cordis
3011 1903 3115 1954 vim
3139 1901 3364 1960 faciebat
3389 1923 3403 1960 :
3434 1909 3810 1966 clauseruutet

2217 1995 2374 2038 aures
2399 1987 2658 2053 Corporis,
2686 1997 2740 2043 et
2767 1991 2941 2044 ierunt
2963 1991 3029 2045 ad
3058 1993 3259 2062 lapides
3285 1997 3416 2065 (Act.
3447 2013 3543 2065 vn,
3574 2000 3668 2062 56.
3691 2001 3803 2073 57).

2217 2073 2356 2128 Ecce
2381 2076 2594 2144 aspides
2617 2078 2814 2147 surdze,
2847 2081 3093 2138 duriores
3117 2084 3378 2154 lapidibus
3403 2089 3594 2160 quibus
3622 2093 3798 2148 incan-

2218 2172 2441 2220 tatorem
2464 2183 2616 2222 suum
2644 2170 3048 2239 lapidaverunt:
3075 2190 3178 2231 non
3208 2179 3493 2235 audierunt
3518 2197 3702 2238 vocent
3727 2186 3796 2240 in-

2215 2257 2499 2320 cantantis,
2532 2268 2579 2312 et
2605 2262 2951 2318 medicamenti
2979 2269 3214 2322 medicati
3231 2286 3264 2322 α
3291 2271 3536 2340 sapiente.
3565 2275 3702 2342 Quid
3727 2284 3810 2332 est

2217 2345 2664 2406 medicamentum
2700 2354 3019 2412 medicatum
3065 2375 3094 2412 a
3125 2363 3404 2431 sapiente?
3429 2364 3592 2422 Forte
3633 2370 3805 2425 medi-

2215 2451 2518 2510 camentum
2558 2445 2878 2513 confectum,
2905 2450 3047 2506 dicat
3085 2454 3527 2513 medicamentum
3576 2463 3809 2518 medica-

2216 2539 2349 2585 tum.
2382 2536 2462 2588 An
2487 2538 2778 2606 quaerimus
2803 2540 2876 2595 ibi
2899 2543 3117 2612 aliquid,
3143 2550 3412 2616 quomodo
3433 2550 3544 2621 jam
3573 2555 3616 2607 si
3641 2556 3805 2610 medi-

2215 2634 2516 2680 camentum
2561 2637 2664 2695 est,
2705 2630 2866 2687 etiam
2907 2633 3228 2692 medicatum
3275 2639 3383 2695 sit?
3424 2641 3807 2701 Medicamenta

2216 2725 2366 2770 erant
2395 2716 2446 2771 in
2478 2719 2778 2791 Prophetis,
2807 2725 3192 2785 medicamenta
3219 2740 3372 2788 erant
3399 2734 3452 2789 in
3474 2733 3640 2807 Lege,
3670 2754 3807 2808 pne-

2215 2816 2370 2879 cepta
2405 2810 2516 2880 ipsa
2547 2813 2725 2869 omnia
2769 2816 3156 2877 medicamenta
3184 2835 3366 2892 erant;
3399 2836 3454 2883 et
3488 2827 3594 2885 hoc
3634 2833 3808 2887 medi-

2217 2910 2520 2957 camentum
2549 2904 2783 2961 nondum
2808 2918 2921 2964 erat
2949 2911 3268 2971 medicatum
3293 2933 3310 2972 :
3338 2916 3568 2976 adventu
3595 2921 3805 2980 Domini

2218 2991 2536 3048 medicatum
2563 3005 2645 3051 est
2675 2998 3156 3071 medicamentum;
3185 3004 3287 3062 hoc
3310 3007 3386 3064 illi
3409 3007 3552 3067 ferre
3577 3028 3687 3068 non
3715 3029 3809 3084 po.

2218 3093 2452 3142 tnerunt.
2496 3087 2630 3155 Quia
2678 3091 2819 3146 enim
2855 3109 2962 3149 non
3015 3097 3338 3154 curabantur
3391 3103 3805 3170 medicamento.

2218 3177 2536 3232 medicatum
2556 3189 2639 3235 est
2663 3171 2831 3253 ipsum
2847 3185 3290 3246 medicamentum
3319 3191 3548 3250 adventu
3577 3197 3806 3254 Domini.

2215 3266 2332 3322 Jam
2356 3269 2658 3340 Stephanus
2675 3273 3117 3334 medicamentum
3139 3282 3455 3339 medicatum
3475 3285 3806 3356 incanlabat;

2219 3359 2319 3411 hoc
2342 3359 2414 3412 illi
2444 3361 2630 3418 audire
2658 3365 2977 3425 noluerunt:
3004 3370 3146 3430 unde
3169 3373 3488 3432 medicatum
3522 3390 3608 3436 est
3637 3383 3809 3437 rnedi-

2216 3465 2540 3524 camentum,
2569 3469 2754 3516 contra
2783 3459 2888 3519 hoc
2911 3477 3072 3522 aures
3093 3465 3419 3526 clauserunt.
3443 3471 3578 3529 Nam
3606 3475 3678 3531 ibi
3709 3477 3808 3534 hoc

2218 3544 2497 3612 fecerunt,
2545 3549 2636 3606 ubi
2693 3553 2999 3613 nominatus
3055 3567 3138 3614 est
3183 3559 3446 3618 Christus.
3513 3563 3810 3637 Indignatio

2217 3655 2439 3704 eorum,
2466 3641 2606 3698 sicut
2633 3642 2927 3715 indignatio
2953 3651 3234 3722 serpentis.
3261 3653 3399 3722 Quid
3427 3642 3584 3715 aures
3607 3661 3810 3718 claudi-

2219 3729 2321 3789 ti‘?
2352 3732 2685 3802 Exspectate,
2709 3737 2920 3805 audite;
2952 3749 3008 3796 et
3029 3743 3074 3796 si
3099 3747 3378 3814 potueritis
3397 3788 3413 3811 .
3435 3751 3644 3808 stevite.
3672 3754 3808 3821 Quia

2218 3822 2470 3878 nolebant
2493 3826 2596 3882 nisi
2621 3830 2839 3896 stevire,
2871 3831 3155 3890 noluerunt
3177 3837 3382 3894 audire.
3409 3839 3560 3908 Quod
3584 3845 3630 3900 si
3651 3847 3802 3900 audi-

2216 3922 2355 3974 rent.
2380 3914 2515 3970 forte
2553 3917 2888 3978 desaevirent.
2921 3923 3216 3996 indignatio
3237 3942 3457 3998 eorum,
3484 3934 3624 3989 sicut
3667 3936 3806 3991 indi-

2215 4009 2395 4077 gnatio
2415 4012 2699 4081 serpentis.

2288 4102 2341 4156 9.
2382 4102 2537 4158 Tales
2563 4105 2721 4160 etiam
2749 4105 2877 4162 istos
2905 4109 3139 4177 patimur
3157 4109 3258 4184 (α).
3286 4111 3464 4168 Primo
3489 4115 3807 4172 sibi‘verita-

2217 4201 2323 4247 tem
2353 4203 2534 4249 tenere
2562 4195 2878 4252 videbantur
2901 4215 2915 4253 :
2947 4214 3054 4255 non
3081 4203 3309 4257 cessavit
3333 4205 3488 4272 Deus,
3519 4223 3626 4262 non
3653 4211 3804 4278 quie-

2217 4283 2312 4338 vit.
2343 4284 2396 4338 lu
2424 4286 2445 4316 ¹
2479 4286 2714 4342 Ecclesia
2740 4302 2834 4342 sua
2865 4291 3150 4360 praedicata
3178 4303 3264 4348 est
3287 4297 3481 4350 veritas
3501 4337 3516 4360 .
3545 4298 3599 4352 in
3636 4301 3807 4357 visce-

2217 4376 2365 4432 ribus
2387 4378 2572 4434 matris
2595 4391 2779 4450 aperta
2798 4393 2920 4438 sunt
2946 4399 3129 4440 eorum
3151 4387 3454 4446 mendacia:
3482 4391 3802 4459 patefactum

2215 4479 2299 4526 est
2325 4473 2464 4539 quod
2487 4475 2624 4529 lueet
2647 4491 2662 4537 ;
2691 4475 3050 4532 demonstrata
3072 4489 3154 4534 est
3172 4480 3359 4536 civitas
3381 4495 3541 4553 super
3565 4495 3802 4542 montem

2216 4565 2500 4619 constituta
2519 4609 2536 4631 ,
2565 4581 2686 4637 qua:
2708 4567 2962 4624 abscondi
2991 4584 3098 4626 non
3127 4580 3340 4641 potest,
3369 4581 3425 4629 et
3465 4573 3679 4630 lucerna
3713 4593 3803 4647 po-

2217 4655 2318 4709 sita
2347 4665 2432 4712 est
2471 4673 2635 4728 super
2661 4659 3042 4717 candelabrum
3065 4702 3082 4729 ,
3113 4677 3234 4734 qua:
3261 4663 3401 4720 lucet
3425 4667 3675 4724 omnibus
3713 4671 3800 4738 qui

2216 4748 2270 4803 in
2295 4750 2454 4805 domo
2476 4761 2602 4806 sunt
2633 4751 2842 4821 (Matth.
2870 4769 2938 4823 ν,
2970 4755 3074 4823 Η,
3104 4757 3218 4826 i5).
3249 4757 3350 4815 Ubi
3376 4759 3519 4816 enim
3545 4761 3675 4818 latet
3702 4765 3802 4819 Ee-

2215 4841 2376 4896 clesia
2401 4842 2638 4898 Christi?
2682 4845 2768 4899 ubi
2804 4846 2933 4901 latet
2976 4849 3170 4903 veritas
3197 4847 3434 4906 Christi?
3461 4851 3648 4908 Nonne
3690 4857 3801 4925 ipse

2215 4941 2299 4987 est
2323 4948 2476 4986 mons
2499 4935 2587 5002 qui
2611 4937 2780 4991 crevit
2805 4953 2868 4991 ex
2899 4939 3119 4993 minimo
3150 4940 3343 5010 lapide,
3362 4943 3671 5013 et‘mplevit
3696 4948 3806 5002 nni.

2215 5040 2424 5079 versam
2472 5026 2656 5081 facit-nt
2704 5039 2859 5084 terra:
2903 5030 3062 5100 (Dan.
3113 5048 3186 5096 tt,
3234 5033 3360 5101 55)?
3407 5033 3804 5094 Convincuntur

2217 5117 2361 5181 hinc,
2410 5135 2516 5172 non
2560 5120 2755 5175 habent
2779 5123 2918 5192 quod
2947 5121 3124 5177 dicant
3160 5133 3343 5179 contra
3373 5111 3685 5182 Ecclesium.
3741 5131 3799 5184 lit

2215 5210 2338 5280 quid
2365 5212 2445 5267 cis
2465 5213 2760 5267 remansit?
2779 5213 2914 5279 Quid
2938 5228 3033 5268 nos
3057 5217 3333 5284 quarritis?
3353 5217 3476 5288 quid
3499 5234 3600 5275 nos
3620 5222 3796 5283 vnlti~,

2210 5301 2438 5358 dicunt?
2463 5302 2695 5358 recedite
2715 5321 2742 5356 τι
2775 5304 2946 5359 nobis.
2972 5306 3161 5360 Dicunt
3187 5318 3362 5362 autem
3385 5311 3574 5366 etsuis
3598 5331 3612 5364 :
3637 5312 3800 5367 Nemo

2212 5410 2333 5449 cum
2363 5394 2467 5449 illis
2496 5395 2755 5464 loquatur,
2789 5411 2948 5450 nemo
2974 5397 3074 5452 illis
3096 5397 3464 5469 eonjungatur,
3497 5417 3655 5458 nemo
3683 5405 3799 5458 illos

2211 5487 2409 5542 audiat.
2463 5487 2756 5558 Indignatio
2798 5504 3026 5557 eorum,
3084 5490 3372 5562 indignatio
3421 5500 3798 5564 serpentium:

2273 5603 2292 5635 ¹
2327 5604 2401 5652 Sic
2418 5607 2524 5651 Mss.
2542 5607 2606 5665 _at
2628 5600 2763 5657 Μὰ..
2786 5607 2831 5665 et
2853 5614 2943 5650 non
2965 5601 3120 5665 solum
3141 5614 3232 5652 nou
3251 5603 3514 5665 audientes,
3541 5607 3630 5658 sed
3651 5608 3797 5656 omni-

2209 5676 2271 5715 no
2288 5671 2339 5713 ut
2361 5676 2454 5714 non
2475 5661 2661 5712 caleant
2681 5660 2854 5712 audire
2877 5663 3117 5723 ﬁnientes.

2273 5728 2293 5760 ³
2338 5724 2585 5788 ι’πιυουιδ,
2619 5725 2808 5788 in,qu:e
2826 5728 2872 5775 in
2889 5726 2999 5774 add.
3016 5726 3205 5786 deerat,
3231 5725 3324 5778 huc
3347 5738 3600 5780 revocatur
3611 5743 3672 5780 ex
3691 5738 3795 5781 Mss.

2275 5791 2348 5849 ta)
2383 5787 2666 5837 twuatisms.
