3968 6332
195 341 291 400 681

195 465 321 516 sicut
351 464 542 531 aspidis
591 453 760 518 surdte
805 471 848 516 et
890 463 1168 516 obturantis
1199 481 1342 516 aures
1382 481 1520 526 suas,
1562 480 1674 531 (μιιε
1699 481 1798 515 non

196 555 429 609 exaudiet
457 572 625 608 uocem
655 555 1025 608 inrantantium
1051 595 1064 617 ,
1097 566 1142 606 ct
1172 557 1520 607 medicamenti
1546 596 1560 613 ,
1596 555 1694 607 hoc
1720 565 1800 608 cst

197 664 385 702 vocem
417 647 828 712 medicamenti,
860 649 1098 702 medicati
1121 665 1151 700 a
1179 649 1418 717 sapiente.
1451 647 1637 702 Nonne
1679 648 1800 701 hinc

190 739 302 807 jam
334 739 641 807 intelligitur
667 739 826 808 quale
858 738 1330 804 medicamentum,
1364 739 1578 806 quando
1605 755 1791 791 vocem

193 830 367 884 dicit?
409 831 672 897 Numquid
727 830 1174 885 medicamentum
1229 829 1387 884 habet
1429 830 1655 884 vocem?
1708 831 1802 884 Est

193 921 462 991 quoddam
490 921 934 976 medicamentum
966 921 1105 990 quod
1140 923 1300 975 habet
1325 937 1533 976 vocem.
1565 920 1800 976 Medica-

193 1021 434 1065 mentum
469 1021 778 1080 portamus;
808 1027 994 1066 vocem
1019 1011 1136 1080 ejus
1160 1013 1338 1066 audite
1358 1053 1373 1078 ,
1401 1028 1504 1066 non
1530 1012 1800 1082 quomodo

193 1103 412 1172 aspidcs
438 1103 633 1158 surda}.
665 1103 726 1158 Si
753 1119 865 1157 vere
889 1105 1062 1173 utique
1088 1101 1334 1170 iustitiam
1363 1105 1646 1172 loquimini,
1667 1114 1802 1158 recta

194 1197 421 1264 iudicate
440 1239 454 1258 ,
487 1196 582 1264 ﬁlii
611 1197 891 1249 hominum.
925 1195 1040 1250 Vox
1071 1205 1152 1250 est
1182 1197 1531 1250 medicamenti
1555 1239 1572 1264 ,
1601 1207 1657 1252 et
1701 1198 1802 1252 hoc

195 1287 432 1340 medicati
477 1305 508 1340 a
531 1288 777 1355 sapiente.
807 1287 925 1342 Jam
967 1287 1109 1343 enim
1138 1289 1282 1342 venit
1307 1287 1552 1343 Christus
1579 1290 1668 1359 qui
1698 1289 1796 1343 im—

194 1378 370 1446 pleret
399 1385 593 1446 Legem
615 1384 672 1432 et
699 1378 996 1447 Pmphetas
1026 1376 1244 1448 (Matth.
1279 1394 1310 1430 ν
1335 1421 1350 1444 ,
1384 1377 1472 1448 17)
1497 1421 1512 1444 ,
1540 1382 1627 1449 qui
1655 1381 1799 1434 veri-

195 1479 361 1522 tatem
409 1469 575 1536 ipsam
618 1467 854 1522 ﬁrmaret
895 1485 908 1522 :
958 1468 1011 1522 in
1050 1468 1241 1534 quibus
1283 1468 1492 1524 duobus
1521 1472 1802 1540 prwceptis

192 1567 306 1611 tota
334 1557 441 1611 Lex
473 1556 669 1626 pendet
692 1565 748 1612 et
777 1556 1056 1627 Propheta:
1083 1557 1196 1626 (ld.
1227 1574 1335 1612 χιιι
1354 1599 1372 1624 ,
1401 1556 1515 1628 40).

267 1651 358 1709 10.
401 1651 480 1704 An
512 1651 645 1705 forte
664 1650 953 1719 qumrimus
978 1650 1174 1719 aliquid
1208 1660 1264 1704 et
1284 1651 1336 1704 in
1358 1666 1424 1705 eo
1443 1650 1587 1720 quod
1608 1650 1802 1705 dicitur

191 1743 343 1811 aspis
382 1743 451 1796 ita
489 1756 647 1796 aures
675 1741 946 1807 claudere,
989 1753 1046 1795 ut
1090 1758 1246 1795 unam
1287 1757 1472 1796 earum
1509 1743 1562 1796 in
1605 1751 1801 1796 terram

193 1844 427 1907 premat.
459 1835 683 1890 alteram
711 1835 875 1894 cauda
900 1836 1104 1904 oppilet
1125 1835 1147 1888 ?
1168 1834 1303 1902 Quid
1331 1835 1431 1889 sibi
1453 1835 1559 1888 vult
1586 1835 1724 1890 hoc?
1748 1834 1802 1888 lu

190 1930 396 1992 cauda,
428 1931 722 1998 posteriora
745 1909 924 1999 utique
955 1930 1355 2000 intelliguntur;
1379 1943 1507 1999 ergo
1539 1930 1552 1960 ¹
1578 1937 1802 1999 printer—

193 2028 290 2086 ita,
329 2038 436 2092 quo
474 2023 586 2088 jam
637 2032 843 2092 tergum
887 2031 1100 2092 Oportet
1135 2037 1369 2091 ponere,
1397 2030 1457 2075 ut
1497 2022 1549 2076 in
1589 2036 1650 2076 ea
1677 2037 1800 2092 quas

196 2115 357 2170 nobis
396 2116 779 2185 promittuntur
804 2114 1142 2170 intendamus
1166 2133 1178 2166 :
1205 2128 1336 2183 ergo
1360 2128 1462 2168 nec
1486 2128 1550 2168 ex
1577 2125 1804 2183 praeter-

194 2208 268 2260 ita
321 2207 425 2260 vita
467 2215 645 2261 ucstra
671 2248 686 2271 ,
721 2221 821 2261 nec
843 2223 912 2261 ex
953 2207 1203 2276 prmsenti
1234 2205 1490 2261 delectari
1519 2206 1799 2262 debemus.

195 2297 310 2351 lloc
351 2298 493 2353 enim
529 2298 819 2367 Apostolus
861 2307 1044 2351 monet
1079 2297 1284 2357 dicens,
1338 2296 1501 2361 Quem
1543 2313 1661 2366 ergo
1705 2298 1803 2349 ali-

191 2389 402 2454 quando
429 2392 650 2458 fructum
691 2388 939 2441 habuistis
973 2391 1026 2441 in
1069 2389 1149 2442 his
1191 2391 1242 2441 in
1285 2389 1464 2457 quibus
1510 2405 1643 2442 nunc
1684 2406 1802 2442 eru-

193 2481 398 2534 bescitis
437 2477 614 2550 (Rom.
647 2495 733 2541 vt,
762 2478 896 2548 ειη
940 2478 1176 2533 Rcvocst
1220 2495 1249 2531 a
1297 2479 1641 2533 recordandis
1681 2495 1803 2534 cum

193 2574 550 2627 delectatione
575 2571 876 2641 praeteritis,
901 2574 1095 2626 etcum
1118 2572 1345 2640 quadam
1371 2571 1804 2640 concupiscentia

194 2665 406 2720 fruendi
435 2666 490 2727 ’,
527 2681 592 2718 ne
614 2664 898 2719 redeamus
924 2663 1086 2718 corde
1119 2665 1167 2716 in
1201 2662 1513 2735 Egyptum.
1555 2663 1692 2730 Quid
1735 2663 1804 2718 de

194 2755 584 2824 pnesentibus?
627 2754 895 2824 quomodo
931 2753 1084 2824 jubet
1117 2755 1275 2808 etiam
1325 2756 1440 2822 ipsa
1485 2753 1804 2821 contean

196 2847 322 2902 Non
348 2847 727 2916 respicientibus
746 2888 761 2912 ,
791 2847 990 2916 inquit,
1019 2863 1133 2917 qua:
1159 2846 1389 2900 videntur
1408 2885 1425 2911 ,
1457 2844 1546 2898 sed
1569 2861 1682 2916 qua:
1702 2862 1805 2899 non

191 2939 448 2992 uidentur.
501 2937 630 3003 ρυω
664 2937 798 2991 enim
833 2936 1086 2999 uidentur,
1137 2937 1435 3006 temporalia
1481 2946 1645 2990 sunt:
1691 2951 1808 3006 qua

190 3041 366 3084 autem
392 3047 495 3084 non
524 3030 754 3084 videntur
773 3071 789 3096 ,
819 3039 1006 3083 wterna
1032 3027 1108 3097 (ll
1137 3027 1256 3082 Cor.
1287 3045 1338 3082 tv
1357 3069 1371 3094 ,
1409 3029 1474 3083 l8
1498 3028 1541 3098 ).
1573 3026 1704 3084 Item
1735 3027 1806 3084 de

191 3121 448 3193 pmseuti
480 3121 586 3176 vita
625 3116 790 3175 dicit:
838 3119 898 3174 Si
925 3119 976 3173 in
1006 3119 1101 3172 hac
1131 3120 1232 3172 vita
1271 3127 1466 3172 tantum
1505 3119 1558 3172 in
1601 3118 1805 3174 Christo

197 3225 465 3284 sperantes
491 3229 684 3279 sumus,
716 3212 1102 3266 miserabiliores
1126 3227 1300 3264 sumus
1325 3211 1553 3265 omnibus
1583 3211 1804 3264 homini-

191 3307 286 3360 bus
330 3303 532 3375 (ICor.
600 3320 699 3367 xv,
757 3301 886 3373 19).
939 3302 1268 3357 Obliviscere
1313 3316 1443 3372 ergo
1494 3302 1802 3370 prasterita,

192 3399 394 3470 quibus
439 3398 579 3454 male
639 3397 858 3461 vixisti;
907 3406 1195 3452 contemne
1248 3397 1564 3465 pra-sentin,
1611 3397 1804 3466 quibus

193 3488 566 3558 temporaliter
609 3487 780 3553 vivis,
827 3501 896 3541 ne
936 3497 988 3540 te
1030 3485 1320 3556 alligando,
1365 3489 1645 3554 praesentia
1696 3502 1804 3540 non

197 3582 513 3651 permittant
548 3579 825 3649 pervenire
850 3579 916 3632 ad
946 3577 1142 3632 futura.
1170 3577 1224 3632 Si
1260 3579 1402 3632 enim
1434 3592 1670 3647 presens
1695 3581 1804 3633 vita

194 3681 250 3726 te
273 3670 542 3734 delectat,
569 3684 753 3723 aurem
778 3668 830 3722 in
859 3678 1004 3723 terra
1029 3667 1250 3738 posuisti
1276 3684 1289 3718 :
1320 3668 1364 3722 si
1389 3668 1491 3720 tuis
1520 3667 1805 3735 przeteritis

192 3765 360 3819 etiam
404 3772 554 3817 retro
597 3761 896 3817 labentibus
943 3760 1248 3827 delectaris,
1295 3776 1479 3814 aurem
1522 3759 1592 3826 de
1634 3761 1803 3816 cauda

191 3855 480 3912 obturasti.
505 3854 675 3910 Debes
697 3866 825 3924 ergo
849 3854 928 3909 ire
956 3854 1009 3908 in
1037 3853 1232 3918 lucem,
1263 3853 1412 3908 exire
1435 3852 1503 3908 de
1530 3853 1765 3907 tenebris
1785 3894 1802 3920 ,

192 3948 379 4002 audita
405 3960 538 4001 voce
563 3945 940 4002 medicamenti
972 3943 1220 3999 medicati
1247 3959 1277 3997 a
1304 3945 1576 4011 sapiente;
1613 3952 1670 3997 ut
1690 3944 1802 4011 jam

195 4041 252 4093 in
278 4039 396 4092 luce
421 4037 722 4103 ambulans,
751 4046 806 4091 et
832 4036 1108 4090 exsultans
1138 4035 1287 4090 dicas
1313 4051 1326 4087 :
1360 4035 1488 4098 Qui:
1514 4045 1647 4089 retro
1669 4034 1802 4088 obli-

194 4141 301 4194 tus,
333 4130 385 4182 in
414 4146 473 4185 ea
502 4139 614 4198 quae
637 4139 754 4182 ante
776 4136 894 4182 sunt
921 4124 1428 4196 extentus(Philipp.
1455 4140 1531 4192 ιιι,
1549 4125 1660 4196 15).
1689 4125 1804 4180 Non

192 4224 370 4278 dixit:
401 4221 532 4289 Qua:
573 4229 719 4275 retro
753 4219 982 4284 oblitus,
1019 4228 1075 4272 ct
1100 4233 1166 4272 ex
1196 4217 1550 4286 praesentibus
1568 4218 1804 4272 delecta-

194 4325 305 4369 tus.
329 4314 466 4367 Cum
487 4311 634 4374 dicit,
660 4309 789 4377 Qua:
806 4320 942 4364 retro
961 4307 1168 4371 oblitus,
1196 4321 1301 4361 non
1323 4306 1596 4362 obturavit
1617 4322 1802 4362 aurem

191 4407 267 4461 de
290 4403 493 4467 cauda;
520 4417 640 4457 cum
665 4401 812 4467 dicit,
841 4399 906 4454 In
935 4416 995 4454 ea
1018 4413 1130 4468 qua
1149 4408 1264 4452 ante
1289 4405 1404 4451 sunt
1432 4406 1682 4461 extentus,
1716 4396 1803 4454 his

190 4508 251 4552 et
277 4493 626 4565 pauentibus
647 4506 752 4546 non
781 4491 1098 4546 obsurduit:
1127 4489 1321 4544 merito
1341 4490 1585 4553 audiens,
1611 4491 1804 4544 merito

192 4586 522 4656 pmnlieans,
550 4583 742 4637 merito
763 4582 995 4637 exsultat
1019 4580 1196 4649 lingua
1220 4578 1359 4650 ejus,
1393 4579 1690 4648 pradicans
1712 4596 1803 4635 ve-

192 4679 412 4732 ritatem
454 4676 506 4730 in
538 4674 655 4730 luce
695 4688 856 4739 nova,
903 4672 1146 4742 deposita
1189 4682 1370 4726 vetere
1398 4672 1593 4726 tunica.
1627 4670 1692 4726 Et
1732 4673 1801 4727 ad

194 4771 301 4824 hoc
328 4769 474 4822 enim
499 4765 641 4821 valet
660 4765 855 4820 astutia
883 4762 1168 4834 serpentis,
1191 4761 1258 4817 ad
1284 4777 1443 4832 quam
1467 4776 1566 4816 nos
1592 4762 1804 4816 imitan-

190 4862 319 4914 dam
347 4858 605 4912 Dominus
625 4856 954 4911 exhortatur.
983 4856 1072 4908 Ait
1090 4855 1234 4910 enim
1255 4873 1268 4907 :
1299 4853 1475 4908 Extare
1494 4855 1651 4908 astuti
1670 4855 1802 4908 sicut

191 4961 450 5020 serpentes
480 4947 689 5018 (Matth.
721 4963 781 5012 ι,
815 4946 926 5017 16).
953 4945 1092 5014 Quid
1121 4955 1222 5011 est,
1254 4946 1411 4998 astuti
1435 4946 1563 4998 sicut
1591 4962 1800 5016 serpen-

192 5045 312 5098 tes?
336 5040 485 5097 Oll'er
522 5041 699 5093 omnia
727 5037 966 5092 membra
999 5047 1082 5091 tua
1115 5036 1430 5104 percutienti
1451 5077 1466 5096 ,
1507 5035 1800 5089 dummodo

190 5144 356 5203 eaput
401 5133 666 5201 integrum
715 5143 917 5184 serves.
959 5127 1126 5194 Caput
1166 5127 1279 5191 viri,
1325 5123 1556 5180 Christus
1600 5125 1644 5196 (1
1677 5123 1796 5179 Cor.

193 5244 253 5282 ιι
279 5269 292 5290 ,
324 5227 406 5297 5).
452 5223 559 5278 Sed
585 5229 772 5292 gravat
808 5221 958 5291 quasi
1005 5218 1212 5290 pondus
1254 5218 1385 5272 corii
1423 5216 1698 5286 cujusdam
1741 5225 1799 5271 et

190 5318 348 5389 quasi
374 5323 588 5370 senecta
615 5313 812 5368 veteris
837 5311 1090 5365 hominis.
1113 5309 1249 5363 Audi
1278 5308 1595 5377 Apostolum
1615 5307 1798 5361 dicen-

195 5420 328 5469 tem,
375 5403 630 5459 Eatenus
667 5419 754 5455 uos
781 5411 991 5456 veteran
1017 5401 1292 5461 hominem,
1323 5409 1370 5452 et
1414 5397 1675 5451 induentes
1700 5412 1796 5449 no-

193 5514 310 5551 runt
340 5495 560 5568 (Coloss.
589 5511 645 5548 ut
665 5535 680 5559 ,
708 5493 743 5550 9
762 5535 778 5560 ,
813 5492 926 5561 10).
959 5491 1030 5546 Et
1075 5491 1345 5562 quomodo
1371 5504 1508 5544 exuo
1529 5531 1542 5552 ,
1579 5489 1754 5558 inquis
1775 5528 1794 5554 ,

196 5598 433 5644 veterem
463 5585 778 5640 hominem?
811 5583 1021 5637 Imitare
1057 5582 1305 5637 astutiam
1344 5579 1629 5650 serpentis.
1657 5578 1794 5647 Quid

260 5767 275 5794 ι
313 5765 388 5812 ste
412 5769 516 5811 uss.
551 5761 661 5810 ald.
688 5773 824 5816 vero,
849 5769 1077 5823 ergonmt
1095 5758 1144 5810 in
1166 5755 1433 5822 pratterita.

259 5827 281 5857 ⁸
311 5825 386 5873 sic
411 5831 512 5876 Mss.
544 5831 594 5871 At
619 5823 751 5878 Md,
781 5820 1019 5882 fruendis.

425 5892 689 5958 ΡΑΤιίυι.
731 5898 840 5957 XX
856 5901 901 5958 Χ
920 5901 1014 5956 Η.

1315 339 1718 405 εκλιιιιειτιυ
1757 348 1822 403 IN
1864 351 2180 410 PSALMUM
2220 355 2375 410 ch.

3398 359 3502 415 082

1907 469 2050 521 enim
2101 469 2223 524 facit
2270 487 2508 542 serpens,
2558 484 2612 527 ιιι
2636 485 2792 529 exuat
2839 491 2896 529 se
2947 485 3180 531 vetarem
3227 479 3500 533 tunicam?

1906 560 2146 614 Coarcrat
2179 579 2237 616 se
2277 579 2370 632 per
2401 565 2635 619 foramen
2679 569 2983 636 angustum.
3028 569 3092 623 Et
3122 570 3230 633 ubi,
3282 570 3458 639 inquis
3485 611 3501 634 ,

1908 651 2121 707 invenio
2151 653 2248 706 hoc
2281 655 2516 709 foratrtcn
2548 660 2873 726 angustum?
2911 660 3043 712 Audi
3081 677 3092 710 :
3136 661 3292 713 Arcto
3334 671 3379 713 et
3411 679 3506 712 mt-

1907 754 2052 812 gusta
2064 754 2136 796 est
2154 746 2228 796 via
2248 761 2361 813 qua:
2382 747 2517 798 ducit
2542 747 2606 797 ad
2630 748 2800 809 vitam,
2831 759 2874 800 et
2905 749 3052 813 pauci
3079 761 3194 801 sunt
3220 752 3306 819 qui
3331 752 3504 818 ingre-

1906 834 2115 886 diuntur
2141 853 2227 902 per
2255 853 2365 889 eam
2387 835 2598 904 (Matth.
2635 853 2740 900 vn,
2772 839 2884 908 M).
2918 838 3249 894 Reforn'tidas
3275 856 3413 904 eam,
3445 854 3499 893 et

1909 938 2015 976 non
2045 926 2122 977 vis
2166 926 2442 980 ambulare
2462 970 2476 991 ,
2499 929 2621 997 quia
2655 929 2806 996 pauci
2832 930 2995 983 sunt?
3030 929 3102 983 lbi
3133 931 3376 998 ponenda
3418 940 3501 986 e~t

1910 1025 2059 1068 vetus
2091 1019 2288 1079 tunica,
2321 1029 2375 1072 et
2401 1019 2525 1072 alibi
2567 1022 2688 1087 poni
2719 1038 2822 1072 nou
2853 1031 3045 1089 powst.
3075 1024 3182 1075 Aut
3224 1025 3266 1076 si
3298 1025 3379 1076 vis
3407 1039 3506 1078 ve-

1911 1115 2103 1160 tustate
2137 1109 2403 1176 impediri,
2445 1111 2692 1178 gravari,
2723 1113 2890 1178 premi
2913 1155 2926 1176 ,
2960 1112 3068 1165 noli
3097 1113 3173 1166 ire
3202 1127 3297 1182 per
3339 1129 3505 1180 angu-

1907 1208 2062 1252 stam.
2089 1198 2144 1254 Si
2173 1210 2349 1254 autem
2379 1203 2617 1271 gravaris
2641 1212 2904 1258 vetustate
2929 1204 3156 1273 quadam
3187 1206 3388 1274 peccati
3435 1205 3508 1259 tui

1907 1307 1962 1348 et
1989 1296 2269 1364 prarterita:
2298 1298 2420 1351 vitae
2440 1339 2454 1360 ,
2486 1299 2712 1353 transire
2733 1314 2838 1353 non
2865 1310 3033 1368 potes.
3063 1299 3196 1367 Quia
3227 1317 3355 1370 ergo
3385 1317 3501 1354 cor—

1908 1404 2006 1458 pus
2027 1390 2167 1456 quod
2188 1392 2565 1459 corrumpitur,
2589 1401 2840 1461 aggravat
2860 1392 3090 1445 animam
3115 1393 3270 1461 (ευρ.
3293 1410 3365 1455 tx,
3393 1395 3500 1460 15):

1907 1480 1992 1532 vel
2032 1481 2349 1548 cupiditates
2382 1483 2688 1550 corporales
2731 1498 2836 1537 non
2864 1495 3128 1553 premant,
3179 1484 3262 1539 vel
3301 1501 3505 1539 concu-

1909 1568 2181 1637 piscentia:
2210 1571 2388 1626 carnis
2412 1583 2692 1626 eruantur.
2721 1573 2875 1630 Unde
2920 1587 3221 1640 exuuntur,
3246 1575 3350 1630 nisi
3377 1577 3504 1632 ieris

1909 1675 2004 1728 per
2027 1669 2302 1729 angustam
2333 1663 2375 1726 ι,
2406 1663 2506 1716 nisi
2538 1663 2702 1718 lueris
2727 1672 2934 1718 astutus
2963 1675 3022 1718 ut
3047 1670 3310 1734 serpens?

1981 1751 2068 1804 11.
2110 1749 2284 1822 [vers.
2322 1753 2371 1805 7.
2404 1751 2423 1824 ]
2454 1752 2593 1806 Deus
2637 1755 2869 1807 contrivit
2911 1755 3083 1809 dentes
3130 1773 3302 1810 eorum
3332 1759 3384 1810 in
3419 1773 3509 1812 ore

1907 1840 2156 1909 ipsorum.
2184 1840 2462 1908 Quorum?
2489 1842 2691 1910 Quibus
2718 1843 3010 1912 indignatio
3047 1857 3128 1897 est
3158 1845 3294 1899 sicut
3314 1846 3506 1901 simili-

1911 1931 2036 1984 tudo
2062 1932 2328 2000 serpentis
2351 1974 2366 1998 ,
2399 1943 2454 1988 et
2479 1934 2682 2001 aspidis
2711 1935 3011 1988 obturantis
3039 1951 3198 1989 aures
3225 1951 3352 1990 suas
3377 1975 3394 2002 ,
3441 1952 3509 1992 ne

1907 2026 2085 2080 audiat
2120 2042 2306 2081 vocem
2331 2028 2734 2090 incantantium,
2772 2040 2822 2083 et
2859 2029 3230 2084 medicamenti
3259 2029 3508 2086 medicati

1909 2133 1938 2170 a
1966 2119 2224 2186 sapiente.
2254 2119 2390 2186 Quid
2415 2119 2520 2172 illis
2548 2118 2672 2173 fecit
2706 2119 3000 2174 Dominus?
3035 2118 3283 2174 Contrivit
3325 2122 3508 2177 dentes

1909 2224 2085 2261 eorum
2119 2210 2174 2261 in
2204 2226 2291 2263 ore
2313 2211 2558 2279 ipsorum.
2590 2210 2810 2264 Factum
2839 2220 2952 2272 est;
2982 2210 3083 2263 hoc
3113 2213 3286 2279 primo
3308 2212 3504 2266 factum

1909 2310 2012 2365 est,
2031 2311 2085 2354 et
2102 2301 2260 2355 modo
2283 2302 2357 2355 ﬁt.
2377 2302 2480 2358 Sed
2499 2302 2788 2363 sul‘ticeret,
2808 2301 2998 2356 fratres
3013 2305 3199 2366 mei,ut
3213 2301 3504 2372 diceretur,

1911 2391 2050 2445 Deus
2087 2395 2318 2446 contrivit
2346 2395 2518 2448 dentes
2557 2411 2752 2448 eorum.
2796 2395 2972 2463 Quare
2997 2437 3013 2458 ,
3046 2397 3098 2449 in
3123 2413 3209 2450 ore
3232 2397 3460 2465 ipsorum
3481 2400 3508 2454 Ρ

1908 2478 2178 2533 Nolebant
2201 2480 2386 2535 audire
2410 2482 2603 2550 legem,
2634 2482 2884 2536 nolebant
2903 2483 3086 2536 audire
3117 2493 3380 2553 prmcepta
3412 2501 3506 2540 ve-

1909 2574 2082 2627 ritatis
2136 2588 2165 2626 a
2214 2573 2428 2628 Christo
2481 2573 2785 2640 Pharisaei,
2829 2575 3032 2630 similes
3081 2577 3314 2645 serpenti
3346 2576 3420 2630 illi
3449 2588 3505 2632 et

1907 2664 2100 2733 aspidi.
2150 2664 2442 2718 Pra‘teritis
2469 2666 2612 2719 enim
2643 2665 2756 2719 suis
2801 2667 3035 2734 peccatis
3078 2666 3506 2734 delectabantur,

1909 2766 1960 2810 ot
1983 2765 2302 2826 praesentem
2330 2756 2493 2809 vitam
2524 2756 2778 2810 nolebant
2805 2758 3053 2812 amittere
3076 2799 3090 2822 ,
3120 2758 3172 2812 id
3201 2769 3284 2813 est
3309 2755 3505 2828 gaudia

1912 2855 2122 2901 terrena
2150 2861 2246 2915 pro
2271 2846 2480 2917 gaudiis
2507 2847 2742 2902 aeternis.
2778 2846 2946 2903 Unam
2975 2864 3158 2903 aurem
3187 2849 3509 2906 claudebant

1908 2953 1977 2993 ex
1997 2938 2351 2993 delectatione
2370 2940 2785 3009 praeteritorum,
2811 2939 3032 2994 alteram
3062 2955 3130 2994 ex
3150 2939 3507 2995 delectatione

1909 3029 2253 3098 prmsentium
2277 3028 2298 3058 '
2330 3044 2344 3080 :
2375 3027 2497 3082 ideo
2544 3029 2798 3084 nolebant
2832 3030 3037 3084 audire.
3066 3029 3200 3083 Nam
3245 3031 3386 3086 unde
3425 3040 3509 3088 est

1909 3120 2038 3176 illud
2070 3139 2086 3176 :
2117 3121 2180 3175 Si
2201 3121 2545 3174 dimiserimus
2575 3137 2687 3173 eum
2709 3163 2723 3184 ,
2754 3121 2947 3175 venient
2973 3122 3227 3188 Romani,
3255 3133 3303 3190 et
3328 3121 3508 3179 tollent

1908 3211 2052 3266 nobis
2099 3223 2146 3265 et
2196 3213 2360 3266 locum
2401 3222 2449 3265 et
2477 3222 2674 3282 gentem
2705 3211 2726 3283 (
2765 3212 2921 3267 Joan.
2949 3229 3046 3280 x1,
3100 3213 3261 3286 48)?
3310 3213 3508 3286 Utique

1912 3305 2171 3359 nolebant
2240 3303 2466 3373 perdere
2517 3303 2694 3357 locum
2729 3345 2744 3366 ,
2803 3304 2870 3358 ad
2935 3317 3129 3358 terram
3197 3305 3506 3361 colliserant

1908 3410 2089 3449 aurem
2139 3409 2324 3458 suam;
2373 3403 2426 3448 et
2481 3394 2602 3449 ideo
2656 3394 2941 3448 noluerunt
2996 3395 3180 3448 audire
3210 3395 3371 3450 verba
3415 3397 3501 3451 illa

1909 3485 2172 3539 medicata
2219 3499 2248 3537 a
2300 3485 2562 3554 sapiente.
2619 3486 2826 3539 Dictum
2877 3496 2960 3539 est
3002 3484 3068 3538 de
3111 3484 3216 3539 illis
3257 3497 3312 3540 et
3357 3487 3501 3556 quod

1908 3576 2053 3629 avari
2101 3585 2252 3628 erant
2298 3583 2352 3628 et
2403 3583 2670 3628 amatores
2727 3576 2965 3644 pecuniae
2998 3593 3012 3630 :
3043 3586 3098 3629 et
3155 3575 3329 3630 omnis
3397 3578 3505 3631 vita

1912 3683 2140 3739 eorum,
2192 3668 2354 3720 etiam
2404 3667 2713 3736 praeterita,
2765 3666 3030 3737 descripta
3082 3679 3164 3722 est
3215 3684 3245 3723 a
3277 3669 3503 3725 Domino

1909 3759 1961 3812 iu
1989 3758 2292 3828 Evangelio.
2319 3757 2420 3824 Qui
2449 3745 2573 3824 legit
2599 3757 2881 3827 diligenter
2903 3758 3274 3828 Evangelium,
3299 3759 3506 3815 invenit

1908 3849 2051 3904 unde
2078 3851 2150 3904 illi
2191 3851 2379 3904 ambas
2406 3865 2564 3903 aures
2592 3850 2935 3904 obturabant.
2967 3851 3211 3906 lntendat
3255 3853 3504 3909 Charitas

1914 3940 2098 3995 Vestra
2131 3960 2144 3995 :
2181 3941 2438 3994 Dominus
2459 3939 2587 4009 quid
2617 3941 2778 3995 fecit?
2801 3940 3042 3996 Contrivit
3065 3943 3236 3997 dentes
3257 3961 3428 4000 eorum
3450 3946 3505 4000 iu

1907 4050 1994 4087 ore
2029 4034 2277 4102 ipsorum.
2314 4032 2452 4099 Quid
2497 4042 2601 4098 est,
2647 4034 2701 4086 in
2741 4049 2829 4087 ore
2855 4035 3126 4104 ipsorum?
3156 4035 3226 4092 Ut
3263 4052 3358 4092 ore
3408 4053 3506 4094 suo

1907 4136 2096 4180 contra
2137 4139 2196 4178 se
2225 4123 2676 4193 pronuntiarent:
2707 4126 2884 4194 coegit
2929 4114 3051 4180 illos
3081 4142 3176 4180 ore
3221 4141 3320 4181 suo
3360 4127 3410 4180 in
3445 4142 3507 4182 se

1906 4216 2227 4270 sententiam
2274 4215 2475 4269 dicere.
2523 4214 2849 4269 Calumniari
2897 4217 3151 4271 volebant
3191 4221 3238 4271 ei
3287 4228 3508 4288 propter

1909 4308 2166 4362 tributum
2194 4321 2333 4360 :non
2363 4306 2498 4360 dixit
2521 4305 2630 4371 ille,
2660 4306 2809 4361 Licet
2836 4307 3063 4362 reddere
3087 4308 3363 4369 tributum.
3386 4320 3501 4376 aut,

1905 4413 2014 4454 non
2044 4399 2168 4454 licet
2194 4399 2440 4453 reddere.
2472 4397 2541 4452 Et
2584 4399 2796 4452 volebat
2826 4399 3016 4454 dentes
3056 4415 3270 4467 eorum,
3304 4401 3502 4470 quibus

1907 4489 2182 4545 inhiabant
2223 4499 2282 4544 ut
2312 4487 2641 4552 morderent,
2673 4504 2988 4556 conterere;
3029 4492 3122 4546 sed
3152 4492 3204 4545 in
3232 4507 3328 4547 ore
3360 4493 3504 4560 ipso-

1907 4598 2024 4637 rum
2064 4582 2296 4636 volcbat.
2333 4580 2389 4637 Si
2420 4579 2644 4643 diceret,
2675 4581 2924 4636 Solvatur
2963 4581 3162 4636 Cmsari
3202 4583 3498 4649 tributum;

1904 4673 2361 4727 calumniarentur
2395 4671 2468 4726 illi
2511 4671 2654 4740 quod
2698 4672 3064 4726 maledixisset
3107 4674 3249 4742 genti
3280 4674 3501 4728 Judzeo~

1904 4779 2048 4830 rum,
2070 4777 2189 4818 eam
2218 4762 2549 4817 tributariam
2583 4760 2846 4815 faciendo.
2874 4762 2955 4816 Ex
2987 4773 3203 4830 peccato
3226 4765 3368 4818 enim
3401 4765 3502 4819 tri-

1906 4856 2093 4910 butum
2125 4853 2420 4908 reddebant
2455 4852 2739 4914 bumiliati,
2771 4853 2909 4906 sicut
2939 4853 3047 4906 illis
3100 4854 3151 4906 in
3193 4852 3333 4923 Lege
3363 4871 3502 4922 pra:-

1905 4947 2105 5001 dictum
2159 4953 2296 4998 erat.
2340 4942 2612 4998 Tenemus
2651 4943 2820 5004 illum,
2870 4943 3040 5006 aiunt,
3095 4945 3495 5000 maledictorem

1903 5039 2078 5110 gentis
2098 5046 2320 5101 nostrae,
2352 5034 2516 5090 sinos
2540 5035 2762 5104 jusserit
2790 5034 3048 5088 tributum
3078 5036 3386 5104 persolvere
3411 5053 3424 5089 :
3449 5039 3499 5091 si

1905 5139 2086 5183 autem
2129 5127 2352 5189 dixerit,
2402 5123 2580 5180 Nolite
2621 5125 2854 5188 solvere,
2910 5135 3155 5178 tenemus
3195 5140 3317 5178 eum
3354 5127 3498 5196 quod

1904 5220 2293 5276 contradixcrit
2320 5217 2479 5271 nobis
2505 5218 2730 5271 devotos
2756 5230 2877 5271 esse
2903 5217 3122 5271 Ctesari.
3151 5215 3335 5272 Talom
3367 5218 3503 5273 bici-

1905 5316 2071 5384 pitem
2117 5313 2366 5382 laqueum
2407 5310 2558 5378 quasi
2599 5309 2861 5378 capiendo
2913 5310 3140 5364 Domino
3180 5323 3497 5378 posuerunt.

1904 5407 2011 5462 Sed
2031 5406 2098 5460 ad
2123 5420 2281 5474 quem
2310 5402 2604 5457 venerant?
2630 5402 2728 5468 Qui
2757 5410 2977 5456 noverat
2998 5409 3282 5456 conterere
3307 5402 3498 5458 dentes

1902 5512 2090 5552 eorum
2119 5496 2170 5548 in
2219 5509 2315 5548 ore
2352 5493 2610 5562 ipsorum.
2657 5491 2920 5545 Ostendite
2947 5490 3068 5543 mihi
3096 5507 3378 5560 nummum,
3413 5493 3496 5548 iu-

1967 5630 1983 5659 ¹
2019 5630 2094 5677 sic
2116 5635 2221 5676 Mss.
2250 5637 2297 5676 Αι
2322 5634 2434 5674 me.
2462 5629 2553 5675 hoc
2575 5624 2699 5681 loco,
2729 5636 2816 5686 per
2839 5630 3112 5686 angustum.

1967 5691 1987 5720 ¹
2022 5697 2150 5744 ωδε..
2177 5687 2231 5737 id
2255 5695 2324 5736 est
2357 5685 2539 5749 gaudia
2563 5684 2771 5735 terrena.
2796 5692 2866 5733 Ea:
2912 5684 3104 5749 gaudiis
3127 5685 3331 5736 terrenis
3355 5700 3506 5742 uitam

1900 5763 2071 5800 aurem
2089 5748 2393 5807 claudebant,
2419 5763 2482 5799 ex
2506 5749 2815 5799 delectatione
2848 5748 3204 5808 praeteritortuu
3239 5749 3442 5800 alterum
3482 5772 3502 5809 ,ο

1902 5816 2028 5874 uteo,
2057 5823 2152 5863 etc.

2659 5891 3180 5974 {l'ingt—deuxJ
