3968 6328
499 385 606 441 (νὸὂ

495 497 631 565 quit.
661 494 789 562 Quil
814 509 890 546 me
912 491 1131 549 tentatis,
1159 487 1474 558 hypocritte.’
1505 485 1579 538 De
1612 484 1809 537 tributo
1828 480 2085 534 solvendo

495 587 743 657 cogitatis
763 585 782 620 θ
805 583 1063 652 justitiam
1099 580 1274 647 facere
1294 581 1309 609 ⁸
1341 576 1533 630 sultis?
1559 574 1838 628 consilium
1867 569 2084 640 justitim

495 677 736 746 qttzcritis
801 673 863 728 Si
908 688 1020 725 vere
1047 669 1298 739 justitiam
1339 664 1621 735 loquimini,
1674 675 1808 716 rccta
1833 659 2082 731 judicate,

497 769 594 836 ﬁlii
621 768 898 820 hominum.
941 761 1096 816 Nunc
1137 769 1316 813 autem
1349 758 1471 826 quia
1511 755 1613 809 alia
1655 750 1953 821 loquimini,
1983 749 2085 800 alia

494 859 765 928 judicatis,
820 851 1118 926 hypocrita:
1155 850 1285 903 estis
1314 865 1327 901 :
1358 847 1479 916 quid
1531 861 1610 898 me
1654 841 1894 896 tentatis?
1935 837 2087 894 Nunc

496 927 769 1005 conteram
802 945 991 998 dentes
1017 937 1227 995 vestros
1251 939 1301 992 in
1331 955 1424 991 ore
1447 945 1624 991 vestro
1652 951 1665 988 :
1698 932 1939 987 ostendite
1965 927 2088 981 mihi

501 1056 782 1093 nummum.
823 1035 890 1089 Et
917 1032 1426 1089 demonstraverunt
1467 1025 1539 1081 ci.
1577 1025 1645 1079 Et
1688 1024 1774 1077 ille
1799 1038 1903 1081 non
1936 1019 2085 1081 dicit,

498 1131 728 1184 thesauris
773 1137 894 1191 est;
941 1124 1034 1179 sed
1081 1123 1391 1190 interrogat,
1445 1117 1602 1187 Cujus
1647 1114 1762 1168 cst?
1806 1121 1862 1165 ut
1901 1125 2086 1164 eorum

497 1221 685 1281 dentes
717 1220 783 1274 in,
801 1233 896 1269 ore
921 1215 1158 1283 ipsorum
1185 1218 1549 1267 conterantur.
1579 1207 1862 1271 Qutcrenle
1892 1201 2089 1268 quippe

503 1310 596 1364 illo
636 1309 789 1377 cujus
836 1306 1056 1360 haberet
1107 1301 1389 1372 imaginem
1445 1306 1498 1352 et
1541 1294 1965 1364 inscriptionem,
2012 1289 2089 1341 illi

504 1401 731 1455 (Zatsaris
760 1398 1027 1451 disserunt.
1062 1393 1178 1447 Jam
1223 1405 1365 1446 nunc
1395 1388 1651 1444 Dominus
1681 1393 1926 1438 cootcret
1955 1379 2090 1434 den-

506 1503 585 1546 tes
630 1506 814 1544 eorum
857 1490 908 1540 in
951 1503 1046 1540 ore
1097 1485 1354 1554 ipsorum.
1403 1481 1520 1535 Jam
1569 1476 1942 1546 respondistis,
1981 1471 2089 1541 jam

502 1583 717 1640 enutriti
744 1593 870 1634 sunt
893 1580 1083 1633 dentes
1112 1576 1275 1630 vestri
1305 1576 1358 1628 in
1392 1589 1486 1626 ore
1508 1580 1706 1624 vestro.
1742 1566 1956 1620 Reddite
1983 1563 2092 1615 (1w-

501 1678 605 1731 sari
618 1691 734 1744 quae
752 1672 965 1726 (Itrsaris
980 1679 1117 1734 sunt,
1139 1677 1186 1721 et
1212 1665 1314 1719 Deo
1335 1681 1448 1733 qua!
1466 1662 1557 1715 Dei
1581 1669 1696 1715 sunt
1720 1656 1933 1727 (Matth.
1956 1669 2088 1716 χχιι,

507 1764 716 1836 1731).
769 1764 971 1829 ριιτιξι-ἰι
1022 1759 1205 1814 Ca-sar
1253 1756 1542 1825 imaginem
1596 1766 1787 1811 suam;
1840 1746 2089 1801 reddite:

499 1857 698 1928 qurerit
725 1856 865 1908 Deus
889 1850 1172 1919 imaginem
1202 1862 1385 1908 suam;
1419 1844 1644 1898 reddite.
1678 1841 1791 1895 Non
1817 1837 2004 1909 perdat
2028 1850 2092 1888 ex

508 1948 662 2003 vobis
685 1947 866 2000 Cresar
887 1956 1159 1997 nummum
1180 1953 1334 1992 suum
1361 1954 1374 1990 :
1405 1944 1509 1989 non
1539 1931 1725 2003 perdat
1748 1931 1892 1985 Deus
1921 1929 1972 1980 in
2001 1937 2096 1978 vo-

500 2041 590 2094 bis
617 2051 891 2091 nummum
923 2046 1098 2086 suum.
1131 2029 1202 2083 Et
1245 2028 1320 2082 illi
1351 2042 1455 2080 non
1490 2028 1827 2078 invenerunt
1847 2017 1974 2086 quid
2020 2031 2094 2070 re-

505 2126 854 2199 sponderent.
886 2122 1030 2176 Missi
1075 2120 1217 2174 enim
1247 2127 1400 2172 erant
1425 2128 1481 2170 ut
1521 2114 1975 2179 calumniarentur
1999 2109 2046 2161 ci
2077 2124 2091 2160 :

507 2231 562 2274 et
593 2218 866 2272 redierunt
904 2212 1146 2266 dicentes
1176 2207 1316 2278 quod
1367 2219 1527 2261 nemo
1575 2203 1742 2274 possit
1787 2201 1834 2255 ei
1873 2213 2097 2267 respon—

503 2312 654 2365 dcrc.
680 2304 867 2364 Unde?
890 2304 1024 2371 Quia
1051 2301 1264 2356 contriti
1303 2306 1455 2353 erant
1483 2296 1673 2351 dentes
1711 2307 1898 2358 eorum
1926 2291 1978 2344 in
2003 2304 2097 2344 ore

508 2404 764 2470 ipsorum.

584 2489 667 2544 ii.
692 2485 819 2540 Inde
837 2491 919 2539 est
947 2494 998 2536 et
1029 2477 1158 2536 illud
1185 2495 1200 2532 :
1226 2478 1293 2532 'ln
1320 2494 1418 2546 qua
1453 2485 1694 2546 potestate
1714 2475 1812 2529 ista
1839 2473 2004 2544 facis!
2033 2472 2096 2525 Et

494 2599 601 2652 ego
626 2575 942 2648 interrogabo
980 2591 1068 2627 eos
1091 2588 1246 2625 unum
1273 2585 1550 2624 sermonem
1572 2583 1592 2632 ;
1621 2567 1915 2636 respondete
1951 2563 2094 2616 mihi.

513 2674 581 2727 [at
629 2665 975 2735 interrogavit
1016 2663 1087 2716 de
1137 2661 1382 2723 Joanne,
1438 2657 1579 2711 unde
1628 2665 1770 2710 esset
1809 2655 2099 2722 baptismus

510 2764 766 2824 Joannis,
806 2759 872 2812 de
899 2757 1036 2814 coelo
1061 2797 1073 2817 ,
1102 2770 1170 2807 an
1209 2769 1274 2807 es
1316 2750 1653 2814 hominibus;
1685 2757 1743 2802 ut
1789 2749 1832 2800 si
1864 2745 1989 2816 quid
2018 2759 2102 2798 re-

513 2854 842 2926 sponderent
861 2889 875 2909 .
907 2855 1089 2902 contra
1120 2845 1236 2898 illos
1265 2852 1426 2897 esset.
1453 2840 1748 2895 Noluerunt
1775 2838 1954 2891 dicere
1977 2877 1990 2898 .
2024 2835 2100 2888 Ex

516 2943 820 3000 hominibus
838 2981 853 3005 ,
883 2940 1133 3011 timentes
1161 2933 1403 2988 homines
1431 2946 1498 2986 ne
1523 2929 1882 2999 lapidarentur
1908 2928 1976 2979 ab
1997 2925 2100 2986 eis,

515 3054 581 3092 eo
620 3034 760 3104 quod
792 3030 1052 3086 Joannem
1099 3024 1412 3095 prophetam
1456 3021 1747 3077 haberent:
1777 3019 1985 3081 dicere,
2030 3015 2103 3070 [te

506 3127 652 3183 caelo
684 3125 804 3196 plus
829 3118 1199 3180 formidabant,
1219 3130 1285 3169 ne
1303 3114 1593 3167 faterentur
1617 3111 1791 3180 ipsum
1814 3108 2102 3172 Christum,

513 3200 900 3287 quialoannes
931 3207 1312 3279 przedieaverat
1335 3203 1627 3258 Christum.
1649 3198 1915 3255 Coaretati
1937 3198 2107 3252 utrin-

502 3321 651 3379 que,
673 3320 736 3358 cs
761 3302 858 3356 liae
889 3309 1039 3370 parte
1070 3305 1126 3376 et
1143 3310 1209 3352 es
1239 3296 1339 3349 hac
1359 3301 1538 3363 parte,
1564 3291 1655 3362 qui
1683 3289 1942 3360 parabant
1965 3287 2105 3356 obji-

513 3412 639 3454 eere
678 3395 883 3450 crimen
930 3388 1326 3459 responderunt
1370 3383 1760 3455 ignorantiam;
1810 3380 2104 3435 dixerunt:

518 3485 788 3542 Nescimus
819 3480 1007 3554 (Marc.
1033 3495 1084 3533 χι
1105 3520 1120 3545 ,
1144 3477 1358 3547 28-35).
1386 3474 1717 3528 Calumniam
1748 3474 1768 3504 ²
1795 3471 1937 3526 enim
1969 3485 2107 3540 prae.

515 3576 807 3649 parabant,
839 3570 1054 3642 quando
1083 3569 1370 3632 dixerunt,
1404 3563 1469 3618 In
1495 3580 1596 3632 qua
1621 3571 1864 3633 potestate
1886 3561 1981 3614 ista
2026 3562 2106 3632 fa-

512 3668 625 3724 cis!
656 3675 712 3720 ut
748 3665 793 3718 si
819 3663 1056 3724 diceret,
1082 3658 1328 3715 Christus
1354 3670 1469 3710 sum
1491 3696 1506 3720 ,
1550 3654 1703 3724 quasi
1731 3661 2103 3722 arrogantem,

515 3757 841 3824 superbum,
895 3751 1212 3819 sacrilegum
1261 3744 1594 3800 invaderent.
1649 3742 1830 3798 Noluit
1879 3741 2105 3806 dicere,

516 3848 759 3903 Christus
797 3856 945 3910 sum;
986 3841 1080 3895 sed
1116 3837 1363 3909 quarsivit
1401 3835 1468 3889 de
1494 3834 1738 3896 Joanne,
1777 3833 1866 3901 qui
1901 3831 2108 3886 dixerat

515 3935 657 4008 quod
687 3935 798 4000 ipse
820 3942 961 3987 esset
987 3929 1253 3983 Christus.
1279 3925 1357 3981 Illi
1390 3938 1493 3979 non
1522 3934 1645 3978 Sunt
1672 3923 1786 3975 ausi
1819 3921 2109 3989 reprehen-

510 4030 647 4085 dere
681 4027 943 4081 Joannem
970 4064 984 4086 ,
1014 4021 1262 4074 timentes
1292 4033 1358 4073 ne
1399 4031 1430 4069 a
1460 4015 1658 4085 popqu
1683 4013 2056 4067 occiderentur
2090 4029 2104 4066 :

515 4136 626 4176 non
645 4127 770 4176 sunt
787 4116 900 4170 ausi
922 4113 1132 4175 dicere,
1167 4110 1362 4164 Verum
1385 4107 1527 4162 dixit
1555 4107 1790 4161 Joannes
1806 4145 1823 4171 ,
1867 4121 1934 4162 ne
1957 4106 2106 4162 dice-

513 4219 668 4268 retur
693 4209 794 4270 eis,
820 4204 1036 4260 Credite
1067 4203 1162 4256 illi.
1193 4199 1611 4260 Obmutuerunt,
1636 4196 1846 4252 nescire
1871 4210 1930 4251 se
1957 4196 2121 4259 dixe-

513 4311 643 4360 runt
685 4318 701 4353 :
742 4299 854 4366 jam
900 4296 1146 4352 mordere
1182 4306 1289 4346 non
1331 4288 1597 4343 valebant.
1627 4287 1781 4342 Unde
1821 4305 1925 4341 non
1962 4288 2109 4343 vale-

509 4393 693 4456 bant?
720 4390 838 4446 Jam
867 4387 1100 4442 occurrit
1145 4383 1334 4447 vobis;
1381 4379 1598 4434 contriti
1623 4387 1775 4433 erant
1801 4379 1989 4433 dentes
2015 4392 2112 4433 eo-

517 4506 635 4548 rum
666 4487 718 4540 in
756 4498 850 4537 ore
889 4483 1145 4548 ipsorum.

594 4577 681 4632 i3.
712 4572 986 4627 Pharisaro
1013 4565 1287 4634 displicuit
1315 4562 1568 4616 Dominus
1605 4560 1679 4615 illi
1722 4560 1814 4630 qui
1853 4560 1920 4614 ad
1960 4576 2109 4628 pran-

510 4667 666 4728 dium
702 4665 990 4715 vocaverat
1008 4698 1022 4718 ,
1047 4656 1188 4723 quod
1234 4653 1500 4723 peccatrix
1529 4651 1723 4705 mulier
1746 4650 2034 4714 accesserit
2059 4651 2107 4705 ei

517 4758 586 4810 ad
631 4754 836 4824 pedes;
877 4760 931 4802 et
968 4745 1320 4801 murmurat-it
1360 4742 1618 4797 adversus
1641 4758 1764 4796 eum
1791 4743 1974 4797 dicens
2006 4743 2111 4797 :‘Si

513 4854 648 4900 esset
692 4842 774 4895 hic
820 4837 1065 4909 propheta
1089 4876 1103 4898 ,
1145 4835 1291 4888 sciret
1317 4847 1431 4901 qua:
1457 4833 1638 4885 mulier
1674 4831 1752 4884 illi
1793 4832 1998 4888 accessit
2041 4832 2112 4884 ad

524 4933 698 5005 pedes.
744 4930 790 4984 Ο
821 4940 874 4982 ιιι
917 4943 1021 4980 nou
1065 4924 1321 4993 propheta
1343 4964 1357 4983 ,
1392 4922 1532 4978 unde
1557 4923 1664 4999 seis
1692 4923 1832 4992 quod
1861 4924 2112 4978 nescierit

523 5039 646 5096 qute
671 5023 865 5077 tnulier
893 5019 965 5072 illi
987 5017 1209 5071 accessit
1235 5015 1300 5068 ad
1333 5015 1537 5083 pedes?
1566 5013 1700 5080 Quia
1727 5030 1833 5069 non
1864 5016 2113 5070 servabat

525 5113 776 5167 videlicet
814 5107 1124 5162 tnunditiam
1167 5105 1505 5169 Juda'orum,
1549 5121 1667 5172 quae
1707 5120 1737 5158 a
1781 5103 1914 5158 foris
1959 5106 2110 5176 quasi

523 5201 928 5258 custodiebatur
950 5199 1000 5250 in
1030 5211 1221 5261 carne,
1251 5203 1307 5249 et
1331 5196 1607 5250 exsulabat
1632 5194 1654 5225 ³
1683 5210 1749 5249 es
1783 5195 1978 5259 corde,
2011 5197 2112 5250 hoc

513 5295 591 5348 de
638 5291 864 5346 Domino
899 5287 1196 5358 suspicatus
1232 5294 1334 5339 est.
1377 5285 1630 5339 Dominus
1659 5295 1837 5339 autem
1878 5286 1968 5356 qui
2002 5303 2114 5355 pec-

524 5396 641 5439 cata
668 5381 909 5436 mulieris
939 5388 1191 5442 noverat,
1223 5377 1381 5431 etiam
1405 5378 1755 5447 cogitationes
1784 5379 2007 5445 hospitis
2027 5395 2114 5434 au-

524 5477 744 5541 diebat,
789 5481 844 5552 et
872 5470 1145 5540 respondit
1173 5487 1291 5539 qua:
1320 5469 1508 5525 nostis.
1558 5471 1624 5525 Et
1651 5487 1719 5527 ne
1759 5471 1851 5526 diu
1893 5473 2013 5528 hinc
2045 5476 2119 5528 lo-

591 5659 606 5685 ι
634 5653 705 5700 sic
742 5658 846 5699 uss.
869 5656 922 5699 Αι
944 5647 1073 5703 rdd.,
1091 5645 1333 5708 justitiam
1356 5647 1518 5708 facere
1540 5659 1632 5697 non
1658 5646 1813 5699 vultis.

591 5717 610 5744 ³
637 5718 710 5760 Er.
742 5721 794 5761 et
819 5719 942 5766 Mss,
966 5708 1269 5757 adnuntiari.

588 5775 612 5806 ³
635 5774 704 5822 sic
725 5782 828 5822 uss.
856 5781 908 5821 at
930 5770 1063 5830 Μελ,
1087 5777 1131 5818 (ε
1153 5782 1244 5818 non
1269 5767 1510 5820 colebatur
1533 5783 1598 5820 ea:
1612 5770 1778 5820 corde.

1690 365 1757 422 S.
1800 356 2167 421 AUCUSTINI
2210 350 2516 411 EPISCOPI

3675 345 3779 404 εει

2194 487 2346 540 quar,
2381 481 2554 523 tamen
2584 470 2752 522 inore
2783 466 2899 535 ejus
2925 466 3093 536 voluit
3120 473 3398 521 conterere
3428 464 3620 521 dentes
3642 465 3780 534 ejus.

2193 562 2473 631 Proposuit
2491 562 2630 615 enim
2656 579 2669 615 :
2697 559 2809 612 Duo
2831 559 3075 611 debitores
3095 567 3236 611 erant
3251 557 3452 610 cuidam
3471 555 3778 627 feneratori:

2191 670 2322 707 unus
2361 655 2658 723 quingentos
2685 650 2889 703 debebat
2931 649 3166 703 denarios
3185 691 3200 712 ,
3231 650 3362 703 alius
3394 648 3778 716 quinquaginta.

2197 743 2316 797 Non
2356 743 2600 796 habebant
2626 743 2770 794 ambo
2799 741 2929 792 unde
2959 739 3222 793 redderent
3244 754 3264 802 ;
3293 738 3482 790 dimisit
3519 737 3763 790 ambobus

2197 837 2321 902 Quis
2345 851 2458 890 eum
2494 835 2608 903 plus
2637 833 2866 888 dilexit?
2893 831 2970 885 Ad
3003 831 3103 884 hoc
3132 831 3422 901 interrogat
3455 829 3572 892 ille,
3607 838 3668 881 ut
3697 827 3784 880 ille

2194 924 2513 995 respondeat
2541 941 2555 978 :
2588 924 2653 978 ad
2687 924 2788 976 hoc
2827 923 2915 976 ille
2943 921 3261 991 respondet,
3296 931 3350 974 ut
3375 919 3563 975 dentes
3589 920 3706 988 ejus
3733 920 3785 972 in

2193 1032 2288 1070 ore
2317 1015 2433 1086 ejus
2465 1023 2832 1068 conterantur.
2866 1011 3158 1080 Respondit
3201 1008 3481 1076 confusus,
3533 1010 3784 1063 exclusus

2193 1116 2277 1160 est
2307 1122 2322 1158 :
2351 1105 2580 1158 admissa
2603 1115 2687 1158 est
2719 1104 2801 1157 illa
2832 1104 2895 1156 ad
2928 1101 3317 1170 percipiendam
3342 1100 3782 1163 misericordiam,

2195 1213 2313 1264 qua:
2344 1197 2605 1264 irruperat
2645 1195 2696 1248 in
2729 1192 3083 1248 Ital-itaettlum
3115 1194 3346 1247 alienum
3371 1235 3384 1251 .
3417 1191 3511 1245 sed
3553 1206 3657 1246 non
3697 1206 3785 1244 ac-

2196 1295 2431 1339 cesserat
2456 1286 2521 1339 ad
2569 1285 2734 1339 Deum
2767 1285 2999 1338 alienum
3037 1282 3201 1352 (Luc.
3235 1298 3340 1343 vn.
3389 1282 3576 1353 59-50)
3613 1280 3784 1336 :Con—

2198 1378 2330 1430 trivit
2358 1376 2599 1429 Dominus
2626 1375 2796 1428 dentes
2825 1391 2998 1428 eorum
3030 1375 3081 1426 in
3110 1390 3196 1427 ore
3215 1373 3461 1442 ipsorum.

2272 1467 2357 1522 Η.
2393 1465 2560 1519 Holus
2590 1467 2790 1520 leonum
2829 1467 3076 1536 confregit
3125 1463 3388 1518 Dominus.
3423 1462 3538 1517 Non
3579 1472 3784 1516 tantum

2199 1557 2460 1624 aSpidum.
2507 1555 2642 1624 Quid
2674 1556 2742 1610 de
2787 1556 3103 1624 aSpidihus?
3132 1556 3358 1626 Aspides
3390 1556 3645 1609 insidiose.
3694 1569 3782 1606 ro-

2203 1649 2316 1701 lnnt
2350 1661 2551 1701 venena
2599 1647 2884 1700 immittere
2911 1688 2924 1708 ,
2972 1657 3024 1699 et
3068 1661 3349 1715 spargere,
3391 1657 3444 1698 et
3491 1646 3783 1700 insilsilare.

2201 1739 2552 1806 Apertissime
2587 1739 2877 1790 szcvierunt
2918 1748 3101 1805 gentes
3124 1778 3141 1802 ,
3175 1746 3231 1790 et
3282 1737 3608 1790 fremuerunt
3650 1735 3788 1788 sicut

2201 1829 2402 1882 leones.
2437 1829 2608 1896 Quare
2650 1828 2959 1896 fremuerunt
3007 1837 3174 1896 gentes
3198 1869 3212 1891 ,
3255 1838 3302 1881 et
3343 1826 3516 1895 populi
3562 1825 3787 1877 meditati

2199 1931 2314 1982 sunt
2343 1920 2519 1974 inania
2563 1918 2731 1990 (Psal.
2765 1935 2798 1974 tt
2820 1962 2834 1983 ,
2865 1921 2967 1990 1)"!
2994 1921 3218 1988 Quando
3265 1919 3646 1973 insidiabantur
3686 1919 3787 1971 Do-

2200 2014 2365 2076 mino,
2391 2012 2527 2066 Licet
2555 2014 2678 2065 dare
2697 2013 2937 2065 tributum
2959 2013 3164 2074 timori,
3183 2029 3247 2064 an
3276 2029 3372 2064 non
3397 2013 3508 2064 licet
3525 2012 3551 2065 2
3574 2011 3789 2080 aspidcs

2199 2114 2374 2171 erant,
2405 2114 2683 2174 serpentes
2703 2117 2856 2158 erant
2883 2120 2895 2156 :
2919 2104 3132 2159 contriti
3159 2114 3282 2157 sunt
3308 2103 3492 2157 dentes
3521 2117 3704 2158 eorum
3733 2104 3785 2156 in

2200 2212 2296 2252 ore
2318 2198 2573 2268 ipsorum.
2604 2197 2790 2252 Postea
2820 2196 3182 2249 clamaret-unt
3201 2237 3216 2259 ,
3243 2194 3523 2266 Crueiﬂge,
3547 2196 3789 2264 eruciﬁge

2205 2288 2418 2359 (Matth.
2443 2304 2626 2350 xxvn,
2653 2288 2758 2354 23,
2788 2298 2834 2340 et
2857 2286 3012 2341 Joan.
3043 2302 3157 2345 xix.
3186 2287 3240 2353 6)
3272 2288 3413 2355 :jam
3442 2301 3546 2339 non
3575 2294 3658 2339 est
3682 2286 3787 2340 lin-

2199 2394 2300 2450 gua
2340 2380 2569 2448 aspidis,
2596 2380 2688 2433 sed
2720 2379 2960 2433 fremitus
2991 2379 3180 2433 leonis.
3205 2377 3308 2434 Sed
3333 2388 3387 2432 et
3411 2379 3568 2432 molas
3587 2379 3789 2432 leonum

2161 2497 2164 2501 ’
2201 2476 2446 2545 confregit
2467 2475 2732 2528 Dominus.
2758 2473 2918 2529 Forte
2948 2474 3035 2530 hic
3063 2489 3166 2527 non
3207 2481 3358 2527 vacat
3383 2471 3522 2543 quod
3553 2487 3660 2526 non
3695 2473 3791 2527 ad-

2202 2567 2355 2629 didit,
2379 2569 2432 2619 in
2461 2581 2555 2620 ore
2576 2582 2786 2621 eorum.
2822 2567 3134 2620 lnsidiantes
3159 2567 3301 2620 enim
3329 2565 3582 2634 captiosis
3619 2565 3790 2619 inter-

2204 2659 2600 2728 rogationibus,
2630 2658 2955 2728 cogebantur
2982 2658 3330 2727 responsione
3365 2669 3457 2711 sua
3494 2655 3630 2710 vinci
3660 2674 3674 2709 :
3703 2655 3791 2711 isti

2204 2762 2380 2808 autem
2403 2753 2490 2823 qui
2521 2761 2701 2821 aperte
2729 2751 3044 2814 smriebant,
3076 2749 3329 2818 numquid
3360 2748 3792 2819 interrogationi-

2206 2845 2305 2898 bus
2330 2843 2676 2897 cunvincendi
2708 2839 2898 2896 crant?
2920 2841 3120 2895 Tamen
3148 2849 3202 2894 et
3239 2855 3424 2894 eorum
3469 2839 3624 2893 mola:
3661 2854 3792 2894 cou-

2209 2937 2346 2988 tritzu
2373 2947 2492 2989 sunt
2529 2952 2540 2986 :
2565 2933 2852 2988 cruciﬁxus
2875 2932 3192 2996 resurrexit,
3214 2929 3453 2985 ascendit
3474 2929 3526 2984 in
3556 2930 3749 2985 caelum
3773 2973 3790 2999 ,

2207 3024 2529 3093 glorillcatus
2557 3033 2640 3076 est
2665 3021 2908 3077 Christus
2933 3063 2947 3087 ,
2977 3022 3232 3075 adorator
3259 3021 3327 3074 ab
3351 3020 3599 3074 omnibus
3623 3022 3796 3096 genti-

2209 3118 2337 3181 bus,
2368 3117 2619 3170 aduratur
2643 3115 2711 3166 ab
2737 3114 2982 3167 omnibus
3009 3112 3240 3182 regibus;
3263 3110 3492 3167 Steviant
3521 3111 3684 3166 modo
3705 3111 3794 3166 Ju-

2209 3208 2308 3261 dmi
2331 3250 2345 3270 ,
2379 3208 2421 3261 si
2448 3216 2687 3273 possunt.
2710 3203 2824 3258 Non
2855 3204 3099 3257 smriuut.
3132 3201 3299 3257 Malas
3329 3199 3526 3256 leonum
3551 3203 3796 3274 confregit

2213 3299 2480 3353 Dominus.

2267 3390 2371 3444 .15.
2416 3388 2680 3442 Habemus
2717 3393 2771 3440 et
2819 3387 2870 3439 in
2921 3384 3184 3440 lnrreticis
3218 3383 3320 3439 hoc
3343 3383 3718 3439 documentum
3745 3395 3797 3441 et

2209 3481 2653 3547 experimentum,
2669 3478 2791 3547 quia
2819 3486 2873 3530 et
2903 3477 3044 3545 ipsos
3063 3475 3363 3530 invenimus
3381 3489 3503 3529 esse
3521 3483 3799 3544 serpentes

2213 3571 2571 3640 indignatione
2596 3567 2937 3632 obsurdatos,
2962 3566 3202 3620 nolentes
3224 3564 3408 3618 audire
3437 3565 3796 3620 medicamen-

2213 3673 2322 3716 tum
2351 3662 2668 3715 medicatum
2693 3674 2723 3711 a
2747 3659 2985 3726 sapiente
3017 3676 3030 3710 :
3057 3667 3112 3712 et
3142 3658 3191 3710 in
3213 3671 3308 3711 ore
3335 3657 3570 3725 ipsorum
3597 3658 3799 3712 contri-

2210 3755 2287 3807 vit
2337 3754 2589 3806 Dominus
2631 3752 2817 3805 dentes
2845 3764 3049 3805 corum.
3093 3747 3371 3815 Quomodo
3411 3749 3705 3804 sazviebant
3747 3750 3798 3804 in

2212 3859 2331 3907 nos,
2351 3839 2792 3912 reprehendendo
2815 3839 2954 3910 quod
2973 3840 3123 3908 quasi
3152 3848 3517 3908 persecutores
3533 3853 3797 3906 essemus,

2209 3933 2549 3989 excludenda
2588 3933 2708 3986 illos
2741 3931 2810 3986 de
2838 3931 3105 3986 basilicis?
3148 3930 3302 3984 Modo
3331 3931 3450 3984 illos
3483 3933 3752 4001 interroga
3779 3948 3797 3990 :

2214 4026 2421 4080 Debent
2446 4023 2654 4078 excludi
2691 4021 2925 4077 haeretici
2953 4021 3021 4075 de
3046 4022 3308 4082 basilicis,
3339 4037 3405 4075 an
3438 4038 3542 4076 non
3565 4024 3800 4080 debent?

2210 4116 2592 4185 Respondeant
2635 4114 2814 4169 modo.
2865 4115 3050 4168 Dicant
3095 4129 3201 4169 non
3246 4114 3443 4171 debere
3492 4134 3506 4169 :
3553 4129 3799 4185 repetunt

2213 4209 2614 4264 Maximiauistm
2643 4207 2906 4262 basilicas.
2937 4207 3014 4261 Ne
3043 4215 3218 4262 autem
3249 4216 3487 4277 repetant
3524 4209 3799 4268 Maximia-

2185 4303 2365 4353 tnistze
2411 4298 2657 4353 basilicas
2681 4339 2696 4362 ,
2737 4297 2923 4351 dicunt
2946 4297 3159 4352 debere.
3191 4298 3328 4364 Quid
3371 4307 3453 4352 est
3499 4315 3627 4368 ergo
3657 4301 3798 4370 quod

2212 4392 2471 4446 dicebatis
2500 4390 2781 4444 adversum
2813 4389 2952 4443 nos?
2976 4390 3055 4442 An
3095 4389 3306 4444 contriti
3333 4401 3455 4445 sunt
3481 4391 3673 4447 dentes
3713 4409 3801 4448 re-

2213 4484 2307 4537 stri
2338 4484 2389 4537 in
2415 4499 2510 4537 ore
2540 4483 2760 4537 vestro?
2783 4481 2920 4548 Quid
2967 4472 3119 4535 nobis
3145 4491 3198 4534 et
3237 4484 3450 4553 regibus
3469 4525 3484 4545 ,
3512 4469 3801 4554 inquiunt?

2212 4571 2339 4644 quid
2366 4574 2521 4630 nobis
2560 4583 2629 4635 et
2655 4573 3106 4643 imperatoribus?
3134 4573 3240 4627 Vos
3283 4574 3353 4630 de
3393 4574 3800 4644 imperatoribus

2214 4666 2554 4737 praesumitis.
2585 4666 2780 4731 Quaero
2803 4672 2857 4720 et
2884 4678 2985 4735 ego
3014 4681 3028 4719 :
3057 4665 3192 4733 Quid
3219 4666 3370 4721 vobis
3395 4667 3462 4721 ad
3509 4684 3814 4737 proconsug

2214 4759 2312 4823 les,
2342 4771 2477 4827 quos
2499 4755 2761 4812 miserunt
2786 4757 3177 4825 imperatores?
3203 4757 3328 4828 quid
3357 4759 3505 4812 vobis
3527 4759 3591 4812 ad
3621 4761 3764 4830 leges
3783 4802 3799 4820 .

2215 4863 2349 4919 quas
2386 4859 2572 4903 contra
2598 4863 2693 4904 vos
2733 4848 2993 4902 dederunt
3035 4849 3421 4916 imperatores?
3452 4851 3826 4918 Imperatores“

2215 4939 2605 4994 communionis
2633 4949 2830 4992 nostra:
2859 4940 3002 5008 leges
3029 4938 3286 4993 adversus
3313 4954 3498 4995 omnes
3521 4939 3804 4997 ιιι-τρηωε

2184 5031 2521 5086 dederunt:
2559 5043 2654 5082 eos
2678 5030 2859 5096 utique
2897 5029 3168 5099 appellant
3213 5029 3522 5094 lueretieos,
3559 5031 3647 5100 qui
3694 5048 3801 5085 non

2217 5131 2343 5175 sunt
2370 5119 2760 5174 communionis
2792 5134 3008 5185 eorum,
3042 5120 3181 5174 inter
3219 5135 3355 5188 quos
3397 5123 3575 5191 utique
3617 5132 3670 5176 ct
3710 5140 3803 5178 ms

2217 5213 2366 5267 estis.
2398 5210 2455 5266 Si
2481 5225 2622 5264 verae
2647 5219 2772 5264 sunt
2798 5211 2961 5277 leges,
2994 5212 3203 5265 valeant
3224 5221 3280 5265 et
3301 5211 3352 5264 in
3378 5227 3472 5266 Vos
3500 5212 3800 5277 haereticos;

2218 5305 2261 5356 si
2285 5304 2429 5355 falsa:
2453 5310 2578 5355 sunt
2602 5301 2773 5371 leges,
2800 5317 2964 5369 quare
2993 5303 3166 5355 valent
3187 5311 3372 5357 contra
3399 5311 3605 5357 vestros
3635 5304 3800 5358 luere-

2222 5399 2351 5449 lices
2369 5395 2395 5448 .’
2421 5393 2654 5459 Fratres,
2682 5393 2953 5463 paululum
2983 5393 3260 5458 advertite,
3287 5404 3342 5448 et
3370 5394 3643 5463 intelligite
3661 5401 3801 5466 quod

2196 5489 2449 5546 diximus
2479 5505 2492 5538 :
2521 5488 2736 5557 quando
2753 5496 2987 5558 egerunt
3006 5505 3193 5545 musas
3213 5506 3338 5545 suas
3358 5491 3616 5547 adversus
3642 5493 3804 5550 Maxi-

2220 5581 2495 5634 mianistas
2513 5621 2526 5642 ,
2555 5589 2614 5634 ut
2641 5595 2732 5634 eos
2757 5595 2789 5635 a
2815 5595 2872 5634 se
2899 5580 3178 5635 damnatos
3217 5591 3270 5638 et
3306 5583 3672 5641 schismaticos
3696 5590 3803 5640 suis

2217 5671 2475 5742 ejicerent
2505 5673 2571 5726 de
2612 5672 2742 5726 locis
2765 5713 2780 5737 ,
2807 5688 2926 5742 quze
2957 5673 3029 5726 illi
3059 5674 3171 5728 loca
3201 5675 3452 5728 tenebant
3479 5680 3800 5746 antiquitus,

2220 5771 2275 5818 et
2302 5772 2669 5820 successerant
2695 5763 2959 5835 episcopis
2988 5763 3358 5819 decessoribus
3383 5765 3524 5835 suis;
3572 5768 3802 5823 volentes
