3968 6334
295 309 403 367 685

298 422 420 477 illos
461 420 581 476 inde
624 419 949 483 excludere,
995 426 1217 488 egerunt
1264 417 1471 487 legibus
1518 416 1782 485 publicis,
1832 415 1899 469 ad

296 515 506 581 iudices
551 523 848 572 venerunt.
877 512 1124 567 dixerunt
1150 511 1527 565 sercatbulicos
1548 552 1565 576 ,
1597 522 1656 566 ut
1683 520 1902 579 possent

297 604 588 660 excludere
641 605 938 658 ba'reticos.
972 602 1153 669 Quare
1185 611 1235 655 te
1264 602 1397 656 dicis
1437 602 1761 657 catholicum
1782 643 1799 668 ,
1844 612 1901 657 ut

298 697 615 752 excludatur
644 694 948 758 hereticus,
980 706 1033 748 et
1058 710 1164 748 non
1191 695 1367 763 potius
1395 710 1455 748 es
1484 696 1801 759 catholicus,
1837 710 1904 750 ne

299 790 375 844 sis
403 789 651 844 exclusus
674 786 1001 842 haereticus?
1032 787 1186 841 Modo
1216 785 1513 841 catholicus
1543 801 1621 849 es,
1650 797 1709 841 ut
1731 789 1906 842 valeas

299 882 364 935 ad
397 880 784 937 excludendum
832 881 1161 935 barreticum.
1198 879 1371 934 Judex
1402 879 1542 933 enim
1575 893 1679 932 non
1727 889 1908 949 posset

302 974 403 1027 nisi
434 974 636 1043 legibus
660 972 772 1026 suis
791 971 1050 1041 judicare.
1081 971 1339 1024 Dixerunt
1369 985 1427 1023 se
1448 968 1770 1025 catholicos:
1803 968 1903 1023 ad-

301 1066 453 1121 missi
492 1075 617 1119 sunt
643 1080 802 1135 agere
836 1082 850 1120 :
891 1064 1143 1118 dixerunt
1167 1064 1287 1115 illos
1317 1061 1631 1121 bmreticos;
1662 1061 1908 1130 quaesivit

303 1155 445 1211 unde
471 1156 824 1225 probaretur:
858 1155 1050 1209 lectum
1081 1163 1165 1208 est
1189 1152 1472 1207 concilium
1514 1151 1860 1222 Bagaitanum
1887 1192 1903 1213 ,

302 1248 393 1302 ubi
440 1248 673 1303 damnati
706 1256 828 1300 sunt
854 1246 1294 1307 Maximianistm;
1344 1244 1604 1297 insertum
1631 1252 1714 1297 est
1757 1244 1904 1299 Actis

302 1338 809 1411 proconsularibus,
843 1337 1123 1407 probatum
1157 1344 1241 1389 est
1274 1335 1415 1404 quod
1439 1335 1510 1387 illi
1534 1334 1768 1387 damnati
1798 1349 1904 1386 non

302 1430 562 1486 deberent
585 1438 767 1483 tenere
803 1425 1100 1490 basilicas,
1125 1438 1179 1479 et
1220 1424 1580 1493 pronuntiavit
1621 1422 1904 1490 proconsul

302 1536 367 1576 ex
404 1500 536 1590 lege.
565 1514 770 1589 Ex'qna
800 1516 953 1587 lege?
980 1520 1111 1585 Qua-
1140 1517 1244 1570 lata
1278 1524 1360 1569 est
1384 1526 1566 1567 contra
1601 1512 1901 1567 bmreticos.

303 1613 361 1670 Si
403 1622 587 1667 contra
617 1611 916 1675 haereticos,
942 1619 997 1665 et
1024 1620 1207 1661 contra
1236 1616 1306 1661 te.
1338 1607 1535 1676 Quare,
1558 1606 1747 1675 inquit,
1776 1620 1906 1659 con-

300 1697 388 1761 tra
408 1705 527 1760 me?
555 1721 659 1758 non
686 1704 827 1756 enim
853 1717 953 1767 ego
978 1700 1267 1754 ltzereticus
1286 1714 1425 1753 sum.
1450 1696 1504 1752 Si
1535 1707 1589 1751 ttt
1620 1696 1905 1751 haereticus

304 1815 413 1854 non
441 1812 520 1859 es,
555 1796 699 1849 falsae
729 1803 853 1848 sunt
882 1795 987 1847 illa:
1010 1794 1157 1862 leges
1185 1808 1200 1845 :
1229 1790 1297 1847 ab
1328 1790 1410 1843 his
1439 1791 1582 1843 enim
1616 1790 1905 1858 imperato-

304 1888 457 1941 ribus
478 1887 595 1940 latre
623 1894 763 1947 sunt,
791 1885 880 1953 qui
910 1898 1015 1937 non
1045 1891 1169 1936 sunt
1194 1880 1594 1935 communionis
1616 1888 1755 1943 tum;
1783 1894 1901 1932 om-

305 1993 403 2033 nes
428 1978 519 2046 qui
556 1994 661 2029 non
703 1985 827 2029 sunt
854 1974 1245 2029 communionis
1284 1957 1502 2034 eorum,
1546 1970 1753 2041 legibus
1790 1970 1903 2026 suis

305 2070 586 2124 lia-retices
612 2079 823 2121 vorant.
868 2067 983 2122 Non
1022 2081 1205 2137 quaero
1233 2076 1407 2119 utrum
1438 2080 1579 2119 verm
1614 2080 1681 2117 an
1718 2065 1900 2130 falsze;

308 2160 638 2231 sequestt'ata
672 2162 756 2215 illa
781 2162 850 2214 sit
875 2160 1101 2230 quaestio
1120 2201 1134 2223 ,
1158 2160 1200 2213 si
1224 2159 1396 2213 adhuc
1424 2158 1648 2226 qua‘stio
1668 2168 1749 2213 est
1778 2177 1790 2209 :
1818 2159 1901 2211 in-

305 2254 460 2307 terim
492 2252 786 2305 secundum
815 2260 867 2305 te
889 2251 1049 2303 modo
1070 2250 1360 2318 interrogo.
1394 2249 1548 2303 Vera:
1578 2250 1724 2320 leges
1751 2260 1899 2315 sunt,

302 2358 373 2396 an
406 2343 551 2397 falsa:
594 2343 740 2411 it‘ges
766 2341 929 2397 sunt?
955 2342 1010 2396 Si
1044 2356 1182 2394 verm
1209 2348 1333 2393 sunt
1356 2381 1371 2405 ,
1402 2339 1649 2394 credatur
1687 2338 1766 2395 eis
1808 2358 1821 2393 :
1854 2340 1901 2396 si

304 2416 451 2489 falsa:
475 2445 630 2501 sunt,
661 2450 823 2503 quare
851 2434 1014 2487 uteris
1038 2433 1157 2488 eis?
1185 2432 1367 2485 Dixisti
1418 2433 1719 2499 proconsali
1751 2450 1765 2485 :
1798 2432 1901 2485 Ca-

302 2526 533 2580 tholicus
562 2541 677 2578 sum
699 2566 715 2588 ,
746 2523 969 2579 exclude
997 2524 1323 2578 lia-.retietnu.
1357 2522 1613 2588 Quassivit
1644 2522 1731 2580 ille
1760 2521 1900 2576 unde

300 2619 621 2688 probaretur
671 2617 955 2670 luereticus
1004 2634 1018 2670 :
1067 2616 1330 2685 protulisti
1379 2616 1661 2669 concilium
1708 2628 1897 2682 tuum,

300 2709 578 2763 ostendisti
602 2708 881 2777 quodcum
908 2707 1268 2761 damnaveris.
1306 2707 1397 2760 ille
1424 2707 1505 2760 vel
1531 2708 1825 2761 eonnivens
1857 2709 1897 2773 ¹,

302 2799 386 2855 vel
412 2816 517 2853 non
545 2799 848 2866 intelligens
872 2838 886 2861 ,
919 2812 1046 2852 usus
1073 2805 1251 2853 tamen
1274 2806 1359 2852 est
1386 2797 1501 2867 lege
1530 2798 1666 2851 sicut
1689 2797 1849 2866 judex
1884 2817 1897 2852 :

299 2900 354 2944 et
378 2889 546 2943 fecisti
572 2889 638 2943 de.
664 2888 845 2958 judice
872 2888 1013 2958 quod
1042 2888 1110 2944 de
1139 2899 1316 2943 tc-non
1346 2890 1424 2943 vis
1448 2889 1641 2944 facere.
1673 2890 1727 2945 Si
1755 2892 1898 2945 enim

299 2980 458 3051 iudex
490 2995 618 3034 usus
663 2989 748 3035 est
776 2981 893 3051 lege
924 2982 1261 3049 imperatoris
1302 2971 1372 3034 ad
1415 2992 1556 3034 tuam
1602 2982 1901 3052 suggestio-

300 3088 423 3125 nem
449 3080 487 3134 ,'
510 3086 607 3125 cur
647 3086 711 3127 ea
746 3080 799 3125 tu
845 3087 949 3125 non
994 3071 1159 3125 uteris
1187 3070 1253 3124 ad
1285 3082 1427 3124 tuam
1467 3072 1901 3127 correctionem?

299 3160 438 3215 Ecce
462 3160 622 3230 ejecit
647 3160 955 3215 luereticum
988 3169 1133 3213 tuum
1163 3176 1230 3215 ex
1258 3161 1375 3230 lege
1405 3162 1739 3229 imperatoris
1765 3168 1848 3216 sui
1878 3181 1893 3218 :

295 3266 465 3319 quare
487 3260 537 3305 te
552 3266 619 3306 ex
634 3252 823 3305 eadem
843 3250 961 3321 lege
987 3267 1091 3305 non
1118 3252 1200 3304 vis
1235 3263 1290 3305 ut
1326 3252 1537 3322 ejiciat‘!
1558 3244 1900 3323 Replieamus

296 3342 440 3411 quod
489 3344 726 3397 fecistis:
760 3359 887 3398 ecce
928 3345 1161 3398 basilicre
1193 3346 1510 3398 tenebantur
1551 3362 1579 3399 a
1625 3346 1900 3401 Maximis.-

300 3434 457 3486 nistis
478 3473 494 3498 ,
546 3433 705 3487 modo
751 3450 780 3486 a
810 3434 963 3488 vobis
1013 3444 1295 3499 tenentur;
1341 3435 1543 3489 exclusi
1576 3446 1788 3491 suntex
1816 3438 1896 3491 eis

298 3525 704 3579 Maximianistte
725 3544 740 3581 :
761 3524 1246 3595 exstantjussiones
1265 3526 1663 3594 proconsulum,
1684 3537 1897 3582 exstant

296 3617 571 3671 memoria:
594 3614 901 3678 Gestorum;
924 3618 1257 3687 apparitores
1276 3618 1629 3685 accipiuntur,
1655 3619 1896 3672 civitates

296 3707 633 3771 excitantur,
664 3707 933 3776 pelluntur
963 3706 1205 3760 homines
1232 3706 1301 3761 de
1346 3708 1476 3762 locis
1501 3709 1634 3762 suis.
1678 3708 1895 3775 Quare?

292 3797 430 3866 Quia
469 3798 702 3852 barretici
731 3807 873 3851 sunt.
904 3796 1018 3866 Qua
1060 3798 1173 3866 lege
1218 3798 1529 3866 pelluntur?
1570 3798 1891 3867 Responde:

291 3889 573 3943 videamus
600 3889 643 3942 si
670 3888 904 3943 nondum
928 3890 1139 3942 contriti
1171 3898 1293 3943 sunt
1315 3889 1506 3946 dentes
1533 3891 1694 3945 vestri
1723 3891 1773 3945 in
1800 3907 1894 3947 ore

294 3989 504 4034 vestro.
531 3978 683 4033 Falsa
709 3981 792 4034 lex
820 3979 942 4034 est?
967 3978 1083 4033 Non
1105 3982 1276 4033 valeat
1304 3982 1354 4033 in
1384 3980 1693 4036 luereticum
1719 3992 1889 4038 tuum.

292 4070 437 4127 Vera
468 4073 551 4125 lex
577 4071 699 4127 est?
728 4072 911 4125 Valeat
934 4079 988 4125 et
1016 4070 1069 4125 in
1101 4081 1172 4126 te.
1214 4072 1331 4128 Non
1360 4082 1443 4126 est
1480 4073 1621 4142 quod
1661 4090 1888 4144 respon-

290 4161 489 4224 deant;
539 4160 679 4215 Deus
718 4161 949 4215 contrivit
991 4160 1165 4215 dentes
1209 4179 1384 4217 eorum
1421 4165 1474 4217 in
1520 4172 1607 4218 ore
1642 4166 1890 4234 ipsorum.

292 4252 526 4321 Ideoque
553 4251 640 4306 ubi
683 4268 788 4306 non
832 4262 1051 4321 possunt
1093 4252 1293 4307 lubrica
1327 4252 1529 4308 fallacia
1573 4270 1793 4325 serpere
1835 4266 1895 4311 ut

290 4343 530 4415 aspidcs,
557 4354 738 4413 aperta
760 4345 1012 4398 violentia
1039 4344 1271 4399 fremunt
1296 4354 1352 4399 ut
1376 4346 1578 4399 leones.
1602 4346 1893 4402 Prosiliunt

290 4446 352 4493 et
375 4439 602 4492 szeviunt
622 4448 840 4491 armata:
863 4438 1028 4491 turba:
1050 4436 1576 4500 Circumeellionum;
1606 4440 1735 4493 dant
1757 4451 1892 4495 stra-

289 4544 412 4596 gem
442 4538 694 4597 quantam
725 4536 976 4597 possunt,
1007 4538 1492 4599 quantamcumque
1514 4541 1754 4600 possunt.
1783 4530 1889 4587 Sed

289 4630 343 4673 et
375 4619 537 4673 molas
562 4619 763 4673 leonum
788 4618 1331 4690 confregitﬂominus.

367 4710 453 4766 16.
489 4705 659 4784 [rem
692 4709 791 4783 8.]
824 4710 1144 4785 Spernentur
1168 4722 1409 4781 tanquam
1438 4728 1568 4781 aqua
1590 4711 1885 4766 decurrens.

288 4804 405 4857 Non
438 4817 533 4855 vos
560 4812 797 4857 terreant
819 4842 837 4869 ,
883 4801 1109 4875 fratres,
1139 4802 1355 4872 quidam
1390 4803 1534 4856 ﬂuvii
1562 4804 1649 4871 qui
1681 4802 1873 4856 dicuuo

288 4906 377 4947 tur
414 4901 711 4953 torrentes;
746 4893 1062 4948 b’emalibus
1089 4892 1244 4963 aquis
1272 4892 1594 4965 implentur:
1625 4894 1789 4948 nolite
1819 4895 1883 4947 ti-

288 5000 478 5049 tuere;
528 4992 647 5052 post
692 4984 964 5053 paululum
1017 4986 1248 5053 transit,
1301 4986 1540 5039 decurrit
1604 5000 1777 5055 aqua,
1818 4986 1884 5041 ad

286 5086 502 5143 tempus
533 5077 845 5145 perstrepit,
878 5090 1003 5130 mox
1031 5076 1299 5140 cessabit;
1330 5076 1420 5129 ditt
1447 5086 1591 5131 stare
1621 5091 1727 5131 non
1758 5092 1883 5146 pos-

284 5168 626 5233 SuntJlultte
657 5168 890 5223 haereses
910 5168 1019 5238 jam
1048 5179 1307 5224 emortua:
1334 5178 1460 5223 sunt
1484 5185 1500 5225 :
1531 5179 1886 5223 cucurrerunt

285 5264 339 5315 in
374 5263 502 5315 rivis
531 5261 642 5315 suis
673 5274 929 5331 quantum
962 5271 1286 5331 potuerunt,
1331 5261 1725 5326 decurrerunt,
1771 5260 1882 5315 sic-

283 5355 393 5409 cati
424 5363 549 5407 sunt
577 5355 717 5420 rivi,
766 5355 851 5407 vix
901 5370 1089 5413 eorum
1142 5354 1401 5408 memoria
1454 5355 1757 5423 reperitur,
1799 5355 1882 5407 vel

283 5448 409 5517 quia
432 5447 647 5499 fuerint.
681 5444 998 5515 Spernentur
1026 5456 1266 5512 tanquam
1296 5461 1428 5515 aqua
1457 5444 1748 5497 decurrens.
1776 5444 1881 5499 Sed

283 5556 392 5596 non
424 5538 598 5593 solum
632 5536 730 5607 ipsi
762 5555 774 5589 :
808 5545 982 5590 totum
1011 5538 1110 5590 hoc
1140 5538 1395 5591 smtlum
1422 5537 1487 5591 ad
1516 5547 1724 5607 tempus
1752 5554 1878 5607 per-

283 5633 477 5701 strepit
502 5673 515 5696 ,
545 5639 600 5685 et
626 5632 815 5701 quaerit
840 5646 996 5701 quem
1028 5632 1219 5683 trahat.
1245 5627 1443 5684 Omnes
1476 5629 1621 5699 impii
1648 5670 1662 5695 ,
1693 5644 1882 5683 omnes

348 5770 367 5802 ³
404 5775 456 5818 tn
478 5766 643 5817 multis
666 5771 797 5827 vss,
819 5764 1095 5816 conhibens.
1116 5770 1164 5815 tn
1179 5765 1289 5815 aliis
1309 5773 1359 5816 et
1379 5768 1503 5823 apud
1528 5773 1623 5823 Et,
1643 5763 1881 5815 cohibens.

1457 303 1853 362 ENARRATIO
1893 300 1955 356 IN
2000 302 2319 359 PSHMUM
2364 306 2518 361 LVll.

3507 312 3616 378 680

2020 416 2229 484 superbi
2255 459 2269 477 ,
2300 428 2553 472 sonantes
2594 419 2658 472 ad
2687 436 2810 474 saxa
2845 424 3111 491 superbia:
3142 440 3254 481 sua:
3283 429 3433 491 quasi
3461 436 3616 498 aquis

2017 506 2343 563 irruentibus
2370 521 2422 563 et
2445 509 2842 567 conﬂuentibus
2870 556 2883 577 ,
2918 532 3021 570 non
3056 533 3153 573 vos
3184 522 3455 588 terreant;
3491 525 3613 580 hie-

2016 598 2181 652 males
2208 613 2361 668 aqum
2390 612 2552 667 sunt,
2585 618 2797 671 semper
2828 622 3044 662 manare
3073 626 3178 664 ιιιιιι
3212 624 3433 678 possunt
3463 634 3476 668 :
3512 632 3612 672 ue-

2014 704 2167 743 cesse
2196 702 2275 743 est
2304 691 2589 745 decurrant
2621 696 2670 747 in
2706 697 2876 749 locum
2906 714 3057 754 suum
3085 743 3097 758 .
3134 702 3185 754 in
3221 704 3377 759 linem
3425 722 3605 763 suum.

2016 779 2082 832 Et
2110 790 2283 835 tamen
2313 782 2380 836 de
2411 788 2512 836 isto
2543 794 2777 840 torrente
2807 790 2985 843 sa-culi
3019 791 3151 847 bibit
3185 794 3453 852 Dominus.
3480 799 3608 854 Pas-

2015 887 2103 927 sus
2134 884 2217 926 est
2258 873 2400 927 enim
2434 875 2518 929 hic
2541 916 2556 939 ,
2592 876 2762 944 ipsum
2798 888 3088 935 torrentem
3117 884 3284 948 bibit;
3317 889 3413 941 sed
3442 890 3493 941 in
3526 892 3609 946 via

2016 962 2168 1027 bibit,
2200 965 2290 1017 sed
2322 963 2372 1017 in
2404 974 2737 1030 transcursu,
2770 970 2893 1038 quia
2928 974 2984 1026 in
3016 973 3098 1025 via
3131 986 3468 1043 peccatorum
3503 996 3610 1034 non

2013 1057 2157 1111 stetit
2188 1059 2205 1117 ί
2235 1054 2379 1111 Psal.
2410 1074 2462 1121 t,
2497 1059 2579 1129 Ι).
2612 1061 2716 1114 Sed
2768 1063 2893 1131 quid
2939 1066 3012 1116 ait
3056 1065 3122 1117 de
3171 1067 3261 1118 illo
3290 1068 3561 1137 Scriptura
3591 1074 3614 1125 ?

2016 1144 2089 1199 De
2112 1157 2332 1201 torrente
2355 1148 2407 1200 in
2434 1149 2512 1201 ria
2530 1150 2675 1212 bibet,
2702 1163 2969 1221 prapterea
2998 1156 3240 1210 exaltabit
3263 1173 3414 1227 caput
3438 1160 3612 1232 (Psal.

2010 1251 2096 1290 (ιιι
2114 1279 2130 1303 ,
2158 1238 2224 1307 7)
2251 1256 2265 1292 :
2294 1240 2346 1292 id
2373 1250 2456 1294 cst
2479 1281 2493 1300 ,
2526 1252 2804 1310 propterea
2827 1244 3154 1313 glorifimtus
3181 1260 3286 1313 est,
3316 1253 3437 1319 quia
3467 1268 3615 1307 mor-

2012 1336 2130 1383 tuus
2177 1339 2289 1391 est;
2325 1340 2603 1399 propterea
2650 1336 2982 1399 resurrexit,
3030 1340 3151 1407 quia
3203 1355 3390 1409 passus
3419 1355 3523 1398 est.
3552 1344 3609 1399 Si

2011 1421 2173 1474 nollet
2203 1422 2385 1477 bibere
2418 1424 2467 1476 iu
2513 1426 2597 1478 via
2624 1425 2689 1479 de
2723 1437 2961 1485 torrente
2984 1471 3000 1493 ,
3045 1446 3150 1483 non
3181 1444 3520 1501 moreretur;
3549 1438 3596 1491 si

2012 1531 2116 1568 nun
2149 1525 2482 1579 moreretur,
2516 1535 2621 1572 nun
2652 1532 2957 1589 resurgeret
2984 1540 2996 1584 ;
3050 1524 3093 1576 si
3122 1541 3226 1579 non
3264 1540 3608 1598 resurgeret,

2011 1621 2115 1658 non
2166 1607 2573 1676 gloriticaretur.
2609 1611 2781 1680 Ergo.
2826 1613 2889 1664 de
2940 1606 3161 1669 torrente
3204 1617 3257 1669 in
3308 1620 3389 1671 ria
3438 1619 3611 1689 bibet,

2009 1709 2275 1767 propterea
2300 1699 2541 1754 exaltabit
2572 1717 2735 1772 caput.
2766 1703 3064 1758 Exaltatum
3092 1718 3173 1759 est
3196 1707 3306 1772 jam
3328 1720 3485 1778 caput
3513 1725 3612 1764 no~

2008 1797 2177 1841 strum
2210 1806 2223 1841 :
2256 1803 2550 1855 sequantur
2578 1809 2700 1848 cum
2731 1796 2968 1848 membra
2998 1811 3114 1851 sua.
3141 1797 3463 1867 Spernentur
3487 1810 3610 1853 tan-

2007 1894 2158 1946 quam
2180 1896 2313 1950 aqua
2334 1882 2621 1938 decurrens.
2646 1882 2872 1939 Intendit
2896 1902 3069 1940 arcum
3089 1906 3259 1956 suum,
3276 1891 3438 1945 donec
3458 1894 3609 1961 inﬁr~

2009 1982 2226 2027 ment‘ur.
2257 1971 2412 2026 Minze
2436 1973 2527 2028 Dei
2556 1990 2660 2028 non
2686 1986 2899 2030 cessant
2924 1994 2939 2032 :
2968 1993 3127 2032 arcus
3155 1979 3278 2043 Dei,
3304 1983 3462 2035 mina:
3488 1983 3607 2041 Dei.

2012 2062 2304 2116 Intenditur
2328 2078 2505 2128 arcus,
2542 2065 2778 2119 nondum
2810 2068 2946 2120 ferit.
2984 2067 3208 2122 lntendit
3234 2087 3409 2140 arcum
3431 2090 3604 2140 suum,

2007 2152 2166 2206 donec
2193 2154 2533 2220 inﬁrmentur.
2567 2156 2629 2209 Et
2660 2156 2813 2210 multi
2859 2158 3108 2213 infirmati
3137 2135 3269 2223 sunt
3293 2162 3310 2193 ¹
3340 2163 3503 2232 ipsius
3528 2135 3612 2219 in;

2009 2244 2249 2298 teutione
2292 2260 2451 2299 arcus
2482 2246 2670 2299 territi.
2718 2247 2848 2301 Nam
2883 2249 3008 2302 hinc
3051 2250 3348 2307 infirmatus
3392 2265 3474 2311 cst
3518 2257 3611 2313 ille

2006 2337 2095 2403 qui
2137 2336 2307 2390 dixit:
2345 2337 2483 2405 Quid
2512 2355 2591 2392 me
2629 2340 2781 2409 jubes
2828 2342 3045 2410 facere!
3075 2343 3188 2415 Ego
3223 2361 3372 2413 sum,
3402 2348 3607 2418 inquit,

2005 2425 2156 2479 Jexus
2188 2427 2520 2494 Nasarenus,
2553 2446 2703 2499 quem
2729 2440 2780 2483 tu
2808 2422 3169 2519 persequeris}
3187 2436 3299 2489 Act.
3333 2453 3384 2492 Ix
3406 2479 3421 2505 ,
3448 2439 3502 2504 6,
3526 2441 3607 2511 5).

2007 2516 2105 2583 Qui
2150 2518 2414 2573 clamabat
2440 2518 2507 2573 de
2532 2520 2710 2585 cmlo,
2753 2536 2937 2577 arcum
2988 2516 3260 2579 tendebat.
3290 2527 3441 2582 Multi
3473 2544 3606 2603 ergo

2004 2613 2092 2680 qui
2126 2609 2337 2665 fuerunt
2383 2613 2618 2678 inimici,
2652 2614 2905 2669 inlirmati
2936 2626 3103 2684 sunt,
3136 2626 3190 2672 ct
3231 2622 3479 2675 conversi
3511 2638 3610 2676 no-

2008 2701 2219 2756 luerunt
2251 2704 2459 2774 erigere
2504 2706 2595 2757 diu
2627 2687 2867 2762 cervices
2912 2724 3039 2763 suas
3075 2709 3335 2771 adversus
3356 2729 3608 2781 perseve~

2008 2799 2230 2849 rantiam
2258 2797 2459 2851 extenti
2487 2812 2665 2852 arcus.
2709 2797 2842 2853 Nam
2874 2800 2953 2854 sie
2997 2802 3301 2857 inﬁrmatus
3328 2814 3412 2860 est
3438 2818 3487 2860 et
3518 2808 3608 2863 illo

2003 2887 2092 2965 qui
2115 2890 2207 2952 ait,
2233 2905 2297 2942 ne.
2313 2889 2593 2942 timeamus
2620 2890 2877 2944 infirmari
2907 2909 2920 2943 :
2948 2891 3167 2956 Quando
3206 2894 3459 2963 inﬁrmor,
3485 2907 3607 2953 tunc

2005 2988 2181 3048 potens
2204 2995 2337 3031 sum.
2364 2978 2430 3033 Et
2453 2994 2576 3033 cum
2604 2993 2781 3036 oraret
2812 2998 2840 3033 a
2866 2998 2925 3036 se
2958 2984 3071 3037 tolli
3100 2985 3373 3041 stimulum
3400 2986 3601 3057 carnis,

2004 3070 2128 3137 quid
2159 3070 2205 3124 ei
2235 3084 2551 3138 restionsum
2581 3070 2700 3125 est?
2749 3071 2916 3126 Virtus
2944 3074 2997 3126 in
3021 3075 3317 3141 inﬁrmitate
3345 3081 3606 3147 perﬁcitur

2004 3160 2077 3231 (ll
2107 3159 2225 3215 Cor.
2260 3176 2367 3227 xu,
2407 3162 2503 3228 10,
2533 3160 2629 3234 9),
2650 3159 2880 3217 Intendit
2908 3180 3088 3219 arcum
3114 3185 3295 3236 suum,
3322 3170 3484 3226 donec
3517 3174 3606 3228 in-

2000 3253 2288 3319 ﬁrmentur.

2076 3344 2164 3395 i7.
2195 3340 2213 3416 [
2235 3358 2343 3395 vers
2362 3340 2443 3415 9.]
2470 3342 2616 3398 Sicut
2645 3360 2761 3397 cera
2785 3345 3057 3414 liquefacta
3082 3347 3395 3415 anferentur.
3418 3351 3602 3408 Dicta-

2003 3448 2094 3487 rus
2122 3436 2263 3487 enim
2292 3450 2413 3488 cras
2438 3452 2450 3487 :
2482 3433 2597 3488 Non
2627 3451 2814 3488 onmes
2838 3436 3304 3503 sic.inlirmautur,
3329 3443 3599 3509 quomodo

2001 3538 2121 3593 ego,
2155 3535 2211 3578 ut
2237 3527 2491 3588 credant;
2521 3533 2869 3593 perseverant
2896 3526 3045 3580 multi
3080 3528 3133 3581 in
3164 3522 3305 3583 malo
3335 3547 3433 3585 suo
3463 3543 3519 3588 et
3545 3537 3600 3591 iu

2002 3610 2200 3662 malitia
2226 3625 2340 3663 sua.
2363 3610 2429 3663 Et
2448 3610 2515 3663 de
2546 3611 2674 3678 ipsis
2704 3609 2836 3663 nihil
2865 3613 3053 3665 timeas
3079 3631 3090 3664 :
3128 3613 3274 3668 Sicut
3302 3634 3417 3669 cera
3445 3618 3603 3681 tique.

2000 3705 2136 3771 facta
2160 3700 2476 3771 auferentur.
2498 3700 2830 3756 Non'coutra
2859 3712 2911 3757 te
2939 3707 3175 3769 stabunt,
3206 3724 3310 3759 non
3342 3711 3601 3777 perdura-

2002 3790 2135 3845 bunt
2163 3808 2177 3843 :
2208 3789 2329 3861 igne
2356 3791 2587 3861 quodam
2617 3792 3176 3860 concupiscentiarum
3223 3811 3443 3851 suarum
3475 3816 3602 3869 per-

2000 3886 2171 3939 ibunt.
2206 3885 2301 3939 Est
2330 3887 2471 3938 enim
2504 3885 2591 3939 bic
2634 3884 2879 3953 qua-dam
2914 3902 3069 3955 [unita
3114 3889 3319 3941 UCt‘lllla
3362 3907 3373 3940 :
3415 3890 3483 3949 de
3510 3893 3601 3948 illa

1998 3978 2239 4031 dicturus
2264 3985 2347 4031 est
2370 3976 2529 4032 modo
2550 3977 2793 4031 Psabnus
2821 3994 2989 4046 usque
3021 3979 3071 4031 in
3098 3980 3278 4035 tinem.
3298 3980 3453 4035 Pauci
3476 3992 3602 4040 sunt

1998 4086 2186 4126 versus
2219 4086 2232 4121 :
2268 4070 2457 4123 intenti
2498 4078 2690 4124 estote.
2738 4070 2833 4122 Est
2876 4069 3120 4140 quietiam
3168 4086 3329 4141 poma
3377 4070 3553 4128 futura
3579 4116 3598 4142 ,

1996 4164 2253 4233 gehennae
2303 4145 2483 4234 ignis,
2536 4163 2673 4232 ignis
2716 4171 2970 4216 arternus.
3000 4161 3199 4217 Futura
3248 4165 3389 4219 enim
3442 4181 3601 4235 ιιωιιει

1995 4256 2128 4311 duas
2172 4255 2381 4324 species
2412 4255 2590 4307 habet.
2614 4257 2719 4307 Ant
2743 4247 3040 4307 inferorum
3090 4264 3209 4319 est,
3254 4256 3343 4309 ubi
3375 4257 3601 4313 ardebat

1995 4347 2143 4401 dives
2175 4347 2293 4410 ille,
2312 4346 2401 4415 qui
2432 4346 2644 4399 volebat
2670 4344 2771 4397 sibi
2801 4343 3000 4398 stillam
3029 4360 3180 4415 aqu:e
3204 4345 3392 4400 stillari
3417 4347 3469 4400 in
3496 4348 3600 4401 liu-

1994 4454 2153 4508 guam
2182 4438 2248 4492 de
2274 4437 2438 4506 digito
2480 4436 2760 4506 pauperis,
2807 4449 2966 4504 quem
3006 4446 3130 4488 ante
3176 4434 3397 4505 januam
3442 4452 3597 4493 suam

1995 4539 2389 4597 contempserat
2410 4568 2425 4588 ,
2456 4526 2671 4595 quando
2718 4527 2793 4579 ait
2822 4543 2836 4578 :
2890 4526 3146 4589 Quoniam
3186 4528 3386 4581 crucior
3416 4527 3469 4581 in
3500 4530 3598 4583 hac

1993 4622 2205 4691 ﬂarnma
2237 4619 2389 4689 (Luc.
2418 4634 2503 4672 xvt
2529 4660 2545 4683 ,
2577 4617 2692 4683 ⁸24).
2720 4617 2785 4670 Et
2812 4619 2977 4671 altera
3023 4628 3105 4669 est
3134 4616 3221 4671 illa
3255 4619 3306 4671 in
3340 4606 3446 4674 line
3468 4662 3481 4684 ,
3524 4620 3597 4677 de

1994 4728 2096 4781 qua
2129 4712 2357 4766 audituri
2384 4719 2547 4765 sunt:
2582 4710 2669 4779 qui
2711 4708 2777 4763 ad
2825 4710 3097 4763 sinistram
3145 4712 3373 4780 ponendi
3422 4723 3549 4773 sunt
3578 4732 3593 4769 :

1996 4803 2075 4858 Ite
2112 4809 2163 4857 in
2202 4806 2368 4875 ignem
2412 4816 2677 4867 reternum,
2717 4803 2805 4871 qui
2846 4814 3171 4873 purpuratus
3199 4817 3270 4859 est
3296 4806 3504 4859 diabolo
3548 4818 3597 4863 et

1991 4898 2183 4967 angelis
2212 4898 2319 4968 ejus
2364 4894 2587 4965 (Halm.
2618 4910 2751 4959 xxv,
2777 4894 2838 4949 ιιι
2865 4896 2905 4964 ).
2936 4894 3046 4949 Illa:
3078 4911 3250 4969 paena:
3292 4898 3595 4955 manifesta

1989 4996 2151 5044 erunt
2174 5005 2238 5041 eo
2267 5000 2505 5054 tempore
2528 5028 2544 5053 ,
2575 4986 2788 5055 quando
2813 4986 3016 5040 exitum
3049 4986 3209 5042 fuerit
3235 5004 3299 5043 ex
3330 4991 3430 5044 bac
3459 4993 3591 5056 vita,

1992 5091 2083 5134 aut
2113 5078 2263 5133 finito
2294 5077 2491 5133 szeculo
2523 5087 2835 5147 perventum
2865 5078 2929 5131 ad
2964 5079 3415 5135 resurrectionem
3449 5098 3593 5138 mor-

1992 5181 2221 5227 tuorum.
2249 5169 2405 5226 Modo
2432 5186 2560 5242 ergo
2581 5170 2723 5223 nulla
2756 5184 2911 5238 paena
2940 5180 3020 5223 est
3044 5210 3058 5231 ,
3086 5181 3139 5224 et
3166 5186 3390 5240 prorsus
3415 5175 3590 5242 impu-

1994 5266 2099 5317 nita
2130 5264 2257 5317 sinit
2289 5263 2425 5315 Deus
2457 5272 2670 5330 peccata
2704 5277 2873 5329 usque
2902 5261 2967 5315 ad
3016 5261 3161 5314 illum
3196 5264 3385 5317 diem?
3417 5266 3509 5318 Est
3535 5278 3587 5321 et

1991 5356 2077 5409 hic
2107 5356 2348 5426 qumdam
2379 5369 2531 5422 parua
2560 5354 2766 5407 occulta
2793 5369 2807 5415 ;
2854 5352 2921 5406 de
2952 5356 3063 5422 ipsa
3097 5356 3257 5406 nnnln
3305 5368 3586 5413 tractatur.

1990 5448 2138 5503 lianc
2166 5448 2278 5501 vult
2303 5443 2679 5499 commendare
2709 5443 2935 5511 Spiritus
2966 5446 3056 5496 Dei
3095 5462 3108 5498 :
3136 5444 3287 5500 .liane
3322 5447 3589 5517 intelligas

1990 5554 2149 5603 mus,
2195 5536 2332 5591 hanc
2372 5551 2689 5599 caveamus,
2743 5534 2879 5587 hanc
2928 5534 3228 5597 evitemus,
3262 5548 3316 5592 ct
3366 5538 3417 5591 in
3467 5534 3588 5593 illas

1990 5632 2213 5684 multum
2248 5627 2515 5682 terribiles
2549 5642 2653 5681 non
2698 5625 3020 5683 incidemus.
3068 5623 3230 5683 Forte
3260 5629 3595 5686 dicturuSest

2052 5765 2069 5794 ¹
2099 5767 2148 5811 tn
2173 5757 2357 5822 aliquot
2380 5766 2483 5809 Mss.
2512 5758 2721 5821 additur,
2745 5765 2789 5809 et
2812 5759 3028 5812 conversi
3050 5768 3174 5810 sunt.
