3968 6332
413 286 527 344 687

421 398 553 454 mihi
599 393 822 465 aliquis:
856 394 988 450 Sunt
1014 407 1069 452 et
1111 396 1198 452 bic
1222 410 1396 467 pense
1420 436 1434 461 ,
1474 409 1718 451 carceres
1741 436 1757 462 ,
1785 392 1970 448 exsilia
1998 432 2013 455 ,

419 497 690 545 tormenta
715 529 729 553 ,
763 497 963 544 mortes
984 531 1000 554 ,
1029 490 1238 546 diversa
1268 504 1464 560 genera
1489 487 1734 543 dolorum
1761 495 1815 540 et
1841 485 2012 540 tribu-

419 583 700 640 talionum.
722 582 857 640 Sunt
880 583 1096 654 quidem
1127 593 1182 640 et
1205 584 1337 649 ista,
1359 593 1414 637 et
1447 582 1538 637 Dei
1567 580 1770 651 judicio
1799 581 2011 648 dispen-

419 681 607 729 sentur
629 689 646 740 ;
672 673 768 730 sed
799 674 981 732 multis
1028 673 1096 728 ad
1145 673 1516 746 probationem
1538 711 1552 736 ,
1585 671 1766 725 multis
1813 668 1880 723 ad
1917 668 2005 721 da-

422 766 775 822 mnationem'.
814 766 1070 822 Videmus
1096 776 1272 822 tamen
1325 764 1614 836 aliquando
1642 765 1694 818 in
1735 761 1817 816 bis
1844 761 2018 830 peetus

422 857 593 928 iustos
617 855 782 929 afﬂigi
806 897 820 921 ,
852 868 906 911 et
933 858 1001 912 ab
1033 857 1115 912 bis
1144 858 1317 926 pugnis
1365 840 1594 925 injustos
1620 870 1740 910 esse
1767 854 1974 907 alienos
1999 870 2012 904 :

416 949 565 1004 unde
590 959 912 1006 nutaverant
936 949 1096 1017 pedes
1128 948 1202 1003 illi
1229 990 1243 1012 ,
1271 947 1361 1017 qui
1393 957 1573 1014 postea
1601 946 1894 1016 gratulatus
1919 944 2012 1004 ait,

426 1041 594 1108 Quam
620 1041 781 1096 bonus
806 1040 970 1095 Israel
1000 1041 1132 1096 Deus
1159 1043 1307 1095 rectis
1332 1040 1528 1095 corde!
1558 1039 1660 1094 Hei
1689 1050 1862 1093 autem
1888 1053 2014 1106 pene

423 1134 664 1188 commoti
686 1146 804 1188 sunt
830 1134 1006 1199 pedes,
1038 1136 1156 1203 quia
1185 1134 1344 1188 celavi
1370 1135 1423 1186 in
1446 1131 1813 1200 peccatoribus,
1841 1145 2014 1201 pacem

427 1233 749 1295 peccatorum
773 1225 1215 1280 intuensNiderat
1233 1227 1374 1279 enim
1401 1225 1703 1279 felicitatem
1728 1224 2011 1287 malorum,

415 1327 480 1372 et
505 1317 801 1374 delectatus
830 1329 944 1372 erat
967 1333 1088 1372 esse
1119 1318 1322 1380 malus,
1355 1318 1544 1373 videns
1571 1332 1795 1384 regnare
1820 1315 2012 1379 malos,

412 1408 565 1465 bene
590 1409 693 1465 illis
720 1424 840 1465 esse
861 1453 876 1474 ,
925 1409 1199 1465 abundare
1232 1427 1327 1466 eos
1360 1411 1410 1464 in
1455 1411 1603 1464 onmi
1649 1410 1801 1478 copia
1834 1423 2013 1463 rerum

425 1500 821 1572 temporalium,
851 1501 1025 1572 qualia
1051 1501 1226 1556 adhuc
1257 1503 1372 1572 ipse
1401 1503 1650 1572 parvulus
1674 1500 2016 1557 desiderabat

422 1608 451 1646 a
481 1591 747 1647 Domino:
776 1602 829 1647 et
854 1602 1179 1648 nutaverant
1205 1592 1278 1648 illi
1306 1593 1475 1664 pedes
1496 1636 1513 1661 ,
1543 1607 1823 1664 usquequo
1861 1591 2014 1648 vide-

423 1692 511 1737 ret
536 1683 662 1752 quid
693 1682 746 1737 in
778 1683 938 1738 tinem
980 1685 1062 1739 vel
1103 1684 1426 1752 sperandum
1464 1685 1553 1740 vel
1599 1684 1893 1740 timendum
1922 1684 2011 1739 sit.

425 1771 515 1826 Ait
541 1773 686 1828 enim
717 1775 769 1830 in
795 1774 986 1829 eodem
1017 1775 1222 1844 psalmo
1255 1794 1270 1832 :
1305 1774 1418 1829 Hec
1455 1776 1596 1830 labor
1639 1785 1714 1830 est
1751 1785 1869 1831 ante
1893 1791 1975 1829 me
1996 1816 2012 1840 ,

417 1865 589 1918 donec
632 1865 880 1919 introeant
922 1868 976 1919 in
1026 1867 1372 1920 sanctuarium
1401 1865 1535 1932 Dei,
1567 1874 1614 1921 et
1657 1857 1938 1938 intelligam
1963 1866 2019 1919 in

428 1955 702 2009 novissima
725 1955 746 2026 (
769 1953 914 2010 Psal.
939 1973 1081 2012 Lxxtt
1107 1999 1120 2020 .
1153 1959 1176 2011 ‘l
1205 1999 1221 2022 ,
1245 1957 1282 2011 2
1303 1999 1321 2024 ,
1353 1959 1387 2012 5
1407 1996 1422 2022 ,
1455 1958 1523 2015 16
1546 1999 1559 2022 ,
1585 1959 1650 2013 Π
1745 1957 1862 2012 Non
1888 1973 2018 2029 ergo

423 2062 620 2118 pmnas
646 2045 938 2103 inferorum
964 2088 979 2111 ,
1008 2063 1113 2103 non
1145 2062 1330 2117 pugnas
1356 2049 1495 2105 illius
1525 2060 1644 2119 post
1672 2053 2020 2104 resurrectio-

425 2151 553 2192 nem
595 2136 736 2209 ignis
760 2139 965 2205 aeterni,
985 2153 1090 2193 non
1115 2153 1302 2208 poenas
1328 2139 1459 2194 istas
1481 2155 1600 2210 qua:
1622 2139 1798 2194 adhuc
1840 2140 1894 2195 in
1916 2139 2020 2195 hoc

426 2227 628 2282 saeculo
659 2230 972 2299 promiscua:
1001 2239 1123 2284 sunt
1145 2230 1306 2301 justis
1334 2239 1390 2285 et
1417 2229 1659 2300 iniustis,
1695 2240 1752 2286 et
1785 2230 2018 2300 plerum—

425 2332 531 2388 que
554 2315 827 2387 graviores
843 2318 1109 2390 justorum
1136 2335 1295 2390 quam
1327 2321 1680 2390 injustor'um:
1713 2321 1808 2376 sed
1839 2323 2020 2376 nescio

421 2423 587 2480 quam
617 2424 830 2480 penam
870 2411 1154 2482 prmsentis
1198 2411 1320 2467 vitae
1345 2412 1460 2466 vult
1488 2411 1867 2468 commendare
1896 2411 2020 2479 8ιοί-

427 2505 564 2560 ritus
590 2505 702 2560 Dei.
749 2505 1030 2560 Advertite
1052 2547 1065 2567 ,
1109 2505 1291 2561 audite
1320 2506 1424 2561 hoc
1454 2521 1541 2560 me
1571 2505 1838 2561 dicturum
1877 2505 2019 2574 quod

429 2595 701 2650 noveratis
723 2610 742 2648 :
771 2595 868 2650 sed
896 2594 1101 2651 dulcius
1126 2606 1208 2650 est
1234 2611 1356 2651 cum
1385 2596 1436 2649 in
1457 2596 1671 2651 Psalmo
1695 2596 2019 2664 ostenditur,

434 2689 527 2757 qui
551 2689 812 2744 obscurus
832 2699 1115 2758 antequam
1147 2690 1544 2754 ostenderetur,
1572 2690 2024 2760 putabatur.Ecce

431 2780 575 2834 enim
609 2777 821 2849 profero
849 2796 966 2847 qua:
991 2784 1100 2849 jam
1130 2782 1433 2835 noveratis:
1462 2779 1556 2836 sed
1585 2782 1707 2852 quia
1742 2781 1865 2838 inde
1894 2798 2017 2854 pro-

435 2869 711 2937 feruntur,
749 2870 838 2924 ubi
867 2871 1102 2925 nondum
1129 2887 1191 2924 ea
1218 2870 1506 2936 videbatis,
1537 2871 1596 2927 lit
1622 2882 1680 2927 ut
1705 2875 1865 2928 etiam
1900 2886 2024 2930 nota

428 2971 686 3032 tanquam
715 2977 852 3018 nova
879 2961 1168 3017 delectent.
1212 2963 1408 3018 Audite
1444 2978 1655 3032 pmnam
1689 2965 1972 3036 impiorum
2003 2981 2019 3018 :

425 3051 582 3110 Sicut
622 3068 771 3121 cera,
817 3054 1028 3124 inquit,
1072 3054 1342 3125 liquefacta
1402 3056 1713 3125 auferantur.
1763 3055 1885 3110 Dixi
1929 3071 2027 3126 per

424 3145 893 3215 cencuplscentias
941 3160 1065 3200 suas
1107 3145 1210 3200 hoc
1259 3147 1338 3201 eis
1384 3146 1520 3201 fieri.
1575 3147 2024 3218 Concupiscentia

434 3237 580 3292 mala
605 3277 621 3304 ,
665 3237 815 3307 quasi
857 3235 1020 3292 ardor
1044 3248 1126 3292 est
1153 3247 1207 3292 et
1228 3239 1244 3269 ¹
1276 3238 1433 3308 ignis.
1463 3238 1604 3308 Ignis
1631 3225 1902 3294 consumit
1928 3255 2024 3294 ve-

431 3340 594 3394 stem,
626 3327 791 3383 libido
826 3327 1072 3382 adulterii
1103 3343 1207 3382 non
1233 3330 1502 3413 consumit
1527 3329 1803 3384 animam?
1832 3331 1908 3386 De
1935 3344 2032 3386 co-

427 3421 600 3490 gitato
642 3419 904 3474 adulterio
941 3435 1063 3474 cum
1104 3421 1412 3490 loqueretur
1432 3419 1714 3489 Scriptura
1743 3421 1820 3476 ait
1850 3438 1865 3476 :
1895 3421 2026 3475 Alli-

433 3511 572 3582 gabit
608 3509 722 3580 quis
762 3511 927 3580 ignem
951 3511 1005 3563 in
1044 3511 1161 3564 sinu
1198 3527 1292 3565 suo
1318 3553 1331 3576 ,
1362 3520 1411 3565 et
1449 3515 1744 3566 vestimenta
1787 3531 1882 3568 sua
1923 3530 2024 3568 non

437 3602 691 3657 comburat
712 3602 735 3654 .’
756 3601 947 3658 Gestas
975 3603 1040 3656 in‘
1057 3603 1178 3656 sinu
1209 3618 1437 3672 prunas,
1468 3603 1771 3672 perforatur
1803 3606 1979 3660 tunica
2007 3622 2021 3660 :

438 3705 615 3767 gestas
645 3697 698 3750 in
723 3696 1047 3765 cogitatione
1069 3696 1090 3723 '
1121 3695 1471 3764 adulterium,
1498 3704 1554 3752 et
1577 3697 1782 3769 integra
1803 3707 1886 3754 est
1905 3698 2024 3754 ani-

435 3803 520 3845 ma
549 3787 738 3859 (Prov.
766 3803 816 3842 Vl
835 3829 849 3851 ,
870 3786 1076 3860 27-29)
1100 3787 1124 3841 ?

509 3878 723 3935 18.Sed
755 3880 886 3934 istas
919 3893 1102 3948 pinnas
1141 3880 1292 3948 pauci
1339 3879 1564 3934 vident:
1615 3890 1892 3950 propterea
1933 3895 2025 3938 eas

433 3971 668 4024 maxime
709 3969 1051 4023 commendat
1092 3969 1321 4037 Spiritus
1366 3970 1486 4025 Dei.
1533 3971 1667 4024 Audi
1709 3973 2024 4041 Apostolum

434 4064 701 4118 dicentem
733 4079 746 4116 :
793 4059 1030 4114 Tradidit
1055 4062 1173 4115 illos
1200 4061 1340 4115 Deus
1365 4062 1418 4118 in
1444 4065 1882 4133 concupisrenttas
1901 4082 2019 4120 cor~

430 4157 516 4214 dis
536 4173 724 4211 eorum.
762 4156 900 4211 Ecce
931 4156 1067 4226 ignis
1087 4198 1102 4222 ,
1135 4172 1164 4210 a
1195 4141 1507 4226 cujus'lacie
1535 4165 1783 4222 tanquam
1812 4172 1934 4213 cera
1957 4159 2023 4211 Ii-

434 4261 730 4322 quescuut:
773 4250 1051 4304 solvuntur
1079 4249 1223 4303 enim
1249 4265 1278 4302 a
1322 4237 1550 4317 Quadam
1594 4251 1892 4304 constantia
1930 4267 2021 4304 ca-

431 4341 633 4398 stitatis
655 4356 670 4406 ;
692 4350 974 4410 propterea
991 4348 1045 4392 et
1058 4324 1681 4418 ipsieuntesiulibidines
1700 4355 1845 4405 suas,
1865 4341 2021 4395 soluti

433 4441 492 4489 et
519 4431 646 4488 ﬂuxi
691 4432 957 4487 dicuntur.
981 4431 1136 4486 Unde
1163 4432 1328 4490 fluxi?
1366 4431 1510 4486 unde
1539 4433 1738 4487 soluti?
1780 4433 1863 4489 Ab
1905 4434 2026 4503 igne

433 4514 1004 4594 concupiscentiarum.
1036 4524 1267 4579 Tradidit
1293 4525 1409 4580 illos
1438 4524 1573 4580 Dens
1596 4527 1650 4579 in
1675 4527 2020 4593 concupiscen-

433 4618 533 4670 tias
556 4613 725 4670 cordis
752 4631 930 4669 eorum
967 4615 1066 4680 ,ω
1092 4615 1286 4686 faciant
1309 4632 1431 4684 quae.
1446 4632 1548 4669 non
1572 4617 1904 4682 conveniunt,
1946 4633 2028 4670 re-

434 4707 598 4780 pletos
622 4709 758 4761 enati
785 4708 1140 4780 iniquitatem
1166 4717 1444 4764 enumerat
1468 4709 1634 4763 multa
1661 4725 1778 4780 qum
1802 4721 2022 4782 peccata

431 4808 600 4866 sunt,
646 4809 700 4853 et
745 4814 931 4877 pennas
973 4799 1102 4853 dicit
1143 4815 1264 4854 esse
1313 4810 1682 4869 peccatorum.
1708 4801 1841 4854 Nam
1894 4802 2028 4857 dicit

433 4892 663 4962 primam
696 4906 910 4960 pinnam
952 4891 1252 4960 superbiam
1284 4909 1298 4944 :
1345 4892 1455 4944 imo
1494 4907 1598 4946 non
1631 4906 1843 4962 poenam
1872 4935 1887 4958 ,
1929 4893 2024 4948 sed

435 4983 670 5050 primum
699 4988 976 5050 peccatum
1007 4980 1330 5048 superbiam.
1359 4981 1596 5034 Primum
1628 4993 1902 5050 peccatum
1934 5000 2026 5038 su-

431 5072 619 5140 perbia
652 5081 771 5125 est:
801 5071 982 5125 ultima
1013 5087 1168 5143 poena
1197 5081 1282 5126 est
1307 5056 1445 5142 ignis
1472 5083 1704 5127 aeternus
1727 5114 1743 5137 ,
1773 5084 1866 5130 aut
1888 5074 2023 5144 ignis

430 5161 708 5226 infernus;
737 5163 846 5229 jani
873 5164 1014 5215 enim
1043 5162 1428 5218 damnatorum.
1458 5164 1602 5219 Inter
1630 5165 1759 5220 illud
1793 5151 2020 5237 primum

429 5264 706 5322 peceatum
733 5263 788 5308 et
818 5255 956 5309 hanc
985 5254 1223 5308 ultimam
1255 5271 1461 5324 pinnam
1483 5277 1500 5322 ,
1525 5260 1698 5313 media
1723 5277 1841 5330 quae
1875 5272 2020 5327 sunt,

430 5358 485 5403 et
510 5360 724 5418 peccata
762 5358 963 5403 suntet
993 5365 1181 5417 ptume.
1210 5347 1338 5403 Tam
1367 5353 1529 5405 multa
1561 5353 1702 5406 enim
1731 5354 1859 5409 dicit
1879 5355 2023 5426 Apoc

429 5441 598 5495 stolus
639 5439 754 5495 fieri
806 5440 873 5494 ab
913 5441 991 5493 eis
1019 5482 1032 5503 ,
1062 5455 1182 5509 quae
1217 5453 1436 5511 peccata
1484 5440 1606 5498 sunt
1646 5443 2020 5511 detestabilia;

428 5539 487 5586 et
514 5540 691 5586 tamen
723 5546 910 5601 [lenas
936 5547 1028 5614 eas
1053 5531 1198 5586 dicit.
1236 5532 1456 5604 PrOpter
1477 5535 1599 5602 hoc,
1649 5537 1854 5609 inquit,
1887 5539 2021 5595 Deus

493 5665 511 5696 ι
545 5663 619 5727 sic
655 5670 759 5712 Mss.
791 5671 842 5712 At
865 5665 927 5712 ab
951 5663 1063 5713 Edd.
1088 5664 1228 5713 abest
1261 5665 1510 5727 particula,
1533 5674 1595 5718 et.

488 5727 512 5757 ⁸
544 5726 617 5775 sic
637 5738 809 5776 annos
830 5731 935 5776 κει.
962 5727 1166 5789 Ali-10¢,
1190 5729 1247 5777 in
1263 5727 1426 5777 corde.

1660 281 1716 337 S.
1763 273 2130 335 AUGUSTINI
2173 275 2474 334 EPISCOPI

3611 291 3711 348 688

2130 391 2336 443 tradidit
2366 407 2448 446 eos
2477 394 2529 444 in
2557 394 2988 464 concupiscentias
3013 397 3178 451 cordis
3205 414 3398 467 eorum,
3419 402 3472 456 in
3494 404 3715 461 inunita-

2124 483 2300 535 ditiam
2328 524 2344 550 ,
2392 494 2444 536 ut
2473 485 2665 555 faciant
2692 502 2806 555 qua:
2833 505 2932 541 non
2958 491 3277 545 conveniunt.
3312 493 3377 548 Et
3405 511 3470 551 ne
3500 508 3713 566 putaret

2123 575 2402 644 quisquam
2435 576 2567 645 ipsis
2599 578 2772 646 panis
2799 586 3002 632 tantum
3030 595 3088 634 se
3118 579 3278 652 afﬂigi
3309 584 3503 652 quibus
3553 589 3713 642 modo

2121 665 2437 732 delectatur,
2460 682 2511 724 et
2540 684 2644 724 non
2675 671 2883 726 timeret
2907 673 3050 743 quod
3080 684 3364 731 venturum
3387 687 3472 732 est
3500 678 3552 732 in
3581 678 3706 742 line,

2122 762 2562 815 Commemoravit
2606 763 2846 818 ultimam
2883 781 3095 834 pmnam
3127 786 3141 822 :
3175 768 3272 835 Qui
3299 787 3412 823 cum
3455 771 3709 840 justitiam

2123 849 2220 903 Dei
2250 854 2595 921 cognouissent
2620 895 2634 914 .
2667 870 2770 907 non
2798 856 3154 910 intellexerunt
3178 899 3192 922 ,
3231 859 3440 929 inquit,
3472 863 3710 933 quoniam

2119 943 2206 1011 qui
2235 960 2292 997 ea
2320 952 2496 1014 agunt,
2519 945 2660 1015 digni
2683 957 2803 1000 sunt
2826 958 3015 1009 morte;
3053 966 3156 1003 non
3184 951 3347 1004 solum
3375 953 3460 1019 qui
3485 954 3708 1023 (ocima,

2122 1033 2210 1086 sed
2235 1035 2386 1087 etiam
2414 1035 2502 1105 qui
2529 1039 2842 1092 consentiunt
2873 1041 3191 1110 facientibus.
3220 1041 3319 1108 Qui
3344 1060 3404 1096 ea
3431 1055 3594 1115 agunt
3633 1046 3712 1100 di-

2119 1127 2210 1196 gni
2227 1136 2342 1180 sunt
2360 1138 2517 1182 morte
2529 1146 2546 1181 :
2559 1131 2703 1199 qutc?
2719 1131 2848 1198 Quae
2864 1134 3108 1200 superius
3126 1137 3453 1192 enumeravit
3467 1139 3518 1191 in
3541 1139 3712 1208 poenis

2122 1233 2278 1272 esse:
2311 1234 2434 1273 nam
2459 1220 2669 1274 tradidit
2695 1222 2812 1276 illos
2846 1221 2981 1276 Deus
3006 1265 3018 1285 ,
3047 1224 3186 1278 dixit
3212 1267 3230 1290 ,
3271 1226 3323 1279 in
3351 1230 3712 1298 concupiscen-

2123 1309 2219 1364 tias
2244 1311 2410 1363 cordis
2445 1327 2650 1379 eorum,
2679 1323 2732 1366 ut
2761 1315 2950 1384 faciant
2991 1331 3106 1384 quc
3143 1332 3244 1371 non
3289 1321 3608 1373 conveniunt.
3644 1320 3713 1376 Ut

2120 1402 2331 1458 adulter
2359 1403 2464 1471 sit,
2489 1405 2599 1474 jam
2637 1420 2794 1476 paena
2834 1416 2952 1472 est;
2995 1417 3053 1463 ut
3096 1409 3327 1464 mendax
3354 1452 3368 1475 ,
3397 1421 3458 1466 ut
3495 1427 3708 1478 avarus,

2122 1505 2181 1548 ut
2219 1494 2604 1562 fraudulentus,
2636 1507 2694 1551 ut
2721 1498 2985 1553 homicida
3005 1541 3018 1561 ,
3039 1500 3148 1569 jam
3178 1515 3350 1570 pinna:
3379 1511 3525 1558 sunt.
3543 1503 3708 1573 Cujus

2123 1588 2328 1656 peccati
2357 1588 2574 1657 ptume?
2618 1587 2817 1644 Prioris
2856 1592 3140 1659 apostasia:
3165 1631 3181 1657 ,
3223 1591 3365 1647 illius
3401 1593 3664 1662 superbia:
3693 1611 3708 1649 :

2121 1675 2336 1731 Initium
2387 1679 2580 1750 peccati
2623 1681 2840 1734 hominis
2868 1691 3157 1750 apostatare
3181 1699 3212 1737 a
3242 1682 3389 1748 Deo;
3417 1693 3474 1739 et
3510 1685 3711 1739 initiatus

2119 1769 2286 1822 onmis
2301 1770 2492 1839 peccati
2504 1773 2738 1840 superbia
2755 1769 2940 1841 (Ereti.
2963 1788 3014 1837 κ,
3025 1773 3518 1844 14,15).Ρι·οριρι·ω
3535 1776 3710 1846 ipsum

2123 1867 2399 1926 peccatum
2427 1859 2572 1928 prius
2597 1860 2762 1915 dixit:
2791 1861 3015 1928 Quicum
3044 1865 3384 1934 cognovissent
3401 1864 3587 1932 Deum,
3609 1885 3712 1921 non

2121 1959 2178 2003 ut
2206 1949 2370 2004 Deum
2398 1951 2808 2023 gloriﬁcauerunt
2828 1994 2846 2021 ,
2875 1966 2962 2009 aut
2990 1958 3184 2039 gratias
3208 1969 3415 2029 egerunt
3433 1960 3565 2026 {sed
3591 1941 3711 2016 ava-

2123 2053 2340 2096 nuerunt
2368 2045 2422 2097 in
2451 2045 2841 2116 cogitationibus
2869 2047 2976 2101 suis
2995 2088 3010 2110 ,
3057 2058 3103 2101 et
3132 2050 3452 2104 obscuratum
3482 2062 3552 2106 est
3590 2054 3716 2105 insi-

2123 2135 2265 2204 piens
2302 2152 2391 2188 cor
2418 2137 2746 2192 eorum.Jam
2777 2139 2872 2193 ista
2897 2153 3055 2208 paena
3084 2149 3168 2194 est
3189 2139 3497 2198 obscuratio
3513 2125 3712 2199 cordis.

2124 2222 2231 2279 Sed
2273 2225 2412 2280 unde
2439 2226 2703 2297 contigit?
2743 2225 2978 2283 Dicentes
3019 2230 3153 2283 enim
3200 2247 3254 2285 se
3291 2248 3398 2286 esse
3423 2235 3673 2302 sapientes
3695 2276 3712 2300 ,

2123 2319 2264 2372 stulti
2292 2320 2413 2387 tacti
2442 2328 2559 2373 sunt
2589 2318 2766 2390 (Rom.
2801 2336 2854 2386 ι,
2884 2319 3236 2391 2l-29).Quia
3262 2339 3292 2376 a
3320 2319 3610 2380 sebaberc
3637 2325 3716 2379 di-

2125 2411 2320 2466 ccbant
2344 2412 2486 2482 quod
2516 2425 2547 2464 a
2580 2411 2689 2467 Deo
2717 2421 3071 2483 acceperant;
3095 2423 3187 2469 aut
3211 2414 3256 2468 si
3283 2401 3648 2486 cognoverunt
3683 2433 3714 2471 a

2126 2517 2232 2571 quo
2273 2510 2636 2572 acceperunt,
2683 2518 2789 2557 non
2833 2518 2955 2558 eum
2989 2504 3425 2574 glorificaverunt
3448 2521 3478 2576 a
3506 2521 3612 2578 quo
3647 2522 3709 2563 se

2126 2593 2399 2661 accepisse
2441 2602 2808 2662 cognoverunt
2850 2615 2865 2660 -,
2917 2594 3019 2649 hoc
3062 2605 3183 2661 est,
3238 2595 3470 2651 Dicentes
3518 2615 3570 2653 se
3606 2615 3716 2654 esse

2127 2687 2395 2755 sapientes.
2421 2687 2488 2740 Et
2527 2685 2598 2740 ibi
2624 2687 2803 2742 statim
2841 2703 2996 2756 ρωικι
3023 2697 3205 2743 secuta
3233 2698 3317 2746 est
3345 2708 3360 2743 :
3394 2690 3554 2747 Stulti
3596 2693 3718 2764 facti

2127 2789 2263 2840 sunt.
2298 2789 2346 2833 et
2373 2779 2692 2834 obscuratum
2717 2791 2790 2834 est
2816 2781 3057 2851 insipiens
3083 2798 3170 2836 cor
3191 2797 3384 2837 eorum.
3414 2781 3648 2840 Dicentes
3667 2802 3719 2840 se

2129 2887 2236 2925 esse
2265 2871 2538 2940 sapientes,
2567 2870 2712 2924 stulti
2741 2873 2863 2941 facti
2879 2882 3014 2925 sunt.
3049 2872 3215 2927 Parva
3261 2873 3356 2927 ista
3406 2888 3564 2944 pana
3589 2877 3718 2931 est?

2130 2963 2196 3018 Ut
2222 2962 2291 3019 de
2321 2964 2418 3018 ista
2447 2965 2560 3019 sola
2593 2964 2876 3034 loquamur
2907 3003 2922 3026 ,
2966 2964 3272 3021 obscuratio
3294 2966 3472 3022 cordis
3500 3008 3517 3033 ,
3547 2983 3718 3025 excae-

2129 3055 2268 3110 catio
2295 3055 2490 3110 mentis
2515 3069 2674 3124 parva
2703 3064 2786 3109 est
2816 3055 3015 3125 pinna?
3039 3055 3094 3112 Si
3122 3057 3242 3127 quis
3278 3057 3472 3112 furtum
3495 3057 3713 3123 faciens,

2129 3147 2306 3201 statim
2335 3145 2549 3200 oculum
2579 3145 2916 3215 perdidisset,
2941 3161 3129 3201 omnes
3143 3146 3562 3205 dicerentDeum
3593 3165 3718 3221 pne-

2129 3253 2334 3297 scntcm
2362 3239 2682 3294 vindicasse.
2737 3239 2961 3294 Oculum
3015 3240 3192 3295 cordis
3229 3241 3426 3308 amisit,
3461 3251 3514 3296 et
3545 3243 3593 3297 ei
3627 3259 3717 3312 pe-

2131 3337 2363 3403 percisse
2394 3340 2606 3401 putatur
2634 3332 2803 3386 Deus!
2839 3331 2985 3386 Sicut
3014 3347 3131 3386 cera
3173 3333 3445 3403 liquefacta
3483 3333 3716 3402 aufereno

2129 3436 2233 3480 tur.

2201 3515 2286 3570 19.
2332 3514 2678 3585 Supercecidit
2700 3514 2833 3586 ignis
2851 3556 2866 3578 ,
2899 3521 2946 3568 et
2965 3529 3067 3567 non
3091 3513 3324 3568 uiderunt
3351 3515 3531 3569 solem.
3558 3514 3711 3570 Vide-

2131 3612 2196 3662 tis
2224 3609 2492 3678 quomodo
2535 3607 2666 3663 dicit
2712 3607 2998 3678 quamdam
3045 3621 3257 3675 pinnam
3306 3608 3712 3662 obscurationis.

2128 3697 2276 3770 Ignis
2322 3699 2856 3770 supercecidit:iguis
2907 3697 3208 3765 superbiae,
3254 3696 3390 3768 ignis
3437 3696 3712 3761 fumosus.

2130 3793 2266 3862 ignis
2290 3790 2768 3861 concupiscentiae,
2808 3789 2944 3859 ignis
2971 3787 3280 3843 iracundiae.
3311 3791 3552 3856 Quantus
3583 3791 3716 3860 ignis

2129 3887 2256 3942 est?
2293 3887 2468 3955 Super
2495 3898 2654 3954 quem
2681 3882 2966 3946 ceciderit,
3001 3897 3106 3936 non
3138 3881 3338 3936 videbit
3367 3883 3562 3936 solem.
3594 3882 3716 3936 Ideo

2129 3979 2329 4034 dictum
2355 3988 2437 4034 est
2461 4000 2473 4031 :
2509 3977 2629 4031 Non
2649 3977 2846 4030 occidat
2876 3975 2953 4030 sol
2981 3991 3134 4044 super
3160 3974 3476 4028 iracundiam
3503 3985 3714 4028 vestram

2134 4072 2347 4144 (Ephes.
2377 4087 2450 4137 tv,
2494 4069 2612 4139 26).
2643 4069 2814 4139 Ergo,
2840 4067 3030 4121 fratres
3049 4107 3064 4132 ,
3093 4065 3268 4136 ignem
3297 4065 3448 4119 mala:
3466 4066 3702 4133 concupi-

2131 4163 2348 4218 scentia:
2376 4163 2559 4217 timete
2580 4201 2594 4224 ,
2625 4159 2669 4213 si
2701 4175 2809 4213 non
2837 4158 2996 4213 vultis
3027 4156 3284 4227 liquefieri
3315 4158 3452 4212 sicut
3479 4173 3601 4211 cera
3621 4199 3635 4219 ,
3663 4166 3708 4210 et

2130 4255 2308 4324 perire
2341 4269 2369 4307 a
2397 4253 2530 4308 facie
2563 4252 2675 4306 Dei.
2701 4250 3014 4320 Supercadit
3044 4251 3185 4306 enim
3216 4250 3354 4320 ignis
3386 4251 3500 4313 iste,
3533 4260 3590 4304 et
3617 4265 3708 4304 so-

2130 4348 2233 4401 lem
2260 4361 2364 4400 uon
2395 4344 2658 4399 videbitis.
2680 4343 2848 4411 Quem
2877 4341 3089 4397 solem?
3117 4340 3232 4396 Non
3263 4342 3420 4396 istum
3449 4357 3608 4413 quem
3640 4353 3714 4395 te-

2129 4453 2250 4490 cum
2275 4435 2455 4490 vident
2497 4444 2549 4490 et
2585 4450 2774 4504 pecora
2797 4474 2811 4497 ,
2844 4443 2898 4488 et
2929 4448 3126 4486 musca!
3151 4475 3166 4498 ,
3221 4442 3276 4487 et
3305 4431 3428 4487 boni
3457 4441 3511 4486 ct
3553 4433 3709 4495 mali;

2129 4530 2249 4598 quia
2299 4526 2422 4581 facit
2466 4526 2632 4580 solem
2676 4540 2830 4580 suum
2878 4523 3007 4579 oriri
3043 4537 3202 4594 super
3243 4523 3412 4578 bonos
3455 4532 3508 4578 et
3548 4524 3713 4578 malos

2136 4623 2344 4693 (Matth.
2379 4636 2430 4686 v,
2460 4621 2574 4689 45).
2602 4619 2706 4674 Sed
2736 4628 2816 4673 est
2846 4619 2986 4672 alios
3011 4617 3112 4682 sol,
3147 4617 3215 4672 de
3242 4632 3346 4686 quo
3377 4616 3570 4670 dicturi
3597 4625 3715 4670 sunt

2131 4714 2236 4780 illi,
2269 4712 2330 4767 Et
2356 4711 2436 4766 sol
2476 4728 2577 4765 non
2603 4720 2742 4763 ortus
2770 4719 2842 4764 est
2878 4709 3055 4775 nobis;
3097 4709 3404 4762 transierunt
3433 4707 3600 4761 omnia
3629 4707 3714 4761 illa

2129 4813 2367 4872 tanquam
2396 4802 2591 4855 umbra.
2624 4799 2765 4871 Ergo
2796 4801 3071 4854 erravimus
3099 4816 3131 4852 a
3162 4799 3244 4852 eia
3274 4799 3493 4852 veritatis
3517 4841 3531 4861 ,
3564 4808 3612 4853 et
3627 4799 3717 4868 ju-

2130 4898 2279 4950 stitia:
2307 4896 2476 4950 lumen
2504 4912 2602 4948 non
2632 4894 2760 4946 luxit
2803 4891 2944 4947 nobis
2964 4933 2978 4954 ,
3011 4902 3056 4944 et
3080 4891 3157 4946 sol
3177 4908 3278 4945 non
3305 4899 3442 4943 ortus
3468 4899 3539 4943 est
3579 4891 3718 4943 nobis

2135 4989 2290 5060 (Sap.
2322 5005 2375 5055 v,
2404 4986 2540 5057 6,9).
2576 4987 2758 5053 Quare
2777 5027 2793 5051 ,
2841 4986 2938 5039 nisi
2966 4986 3085 5054 quia
3113 4984 3442 5053 supercecidit
3468 4984 3629 5052 ignis,
3673 4991 3717 5035 et

2132 5099 2232 5135 non
2253 5081 2482 5134 viderunt
2519 5079 2718 5133 solem?
2747 5077 2886 5132 Vicit
2916 5078 3034 5132 illos
3057 5076 3484 5146 concupiscentia
3520 5073 3712 5129 carnis.

2131 5174 2197 5227 Et
2225 5175 2321 5226 ista
2349 5170 2775 5240 concupiscentia
2807 5168 2948 5224 unde
2969 5169 3152 5223 venit?
3182 5166 3472 5222 Attendite.
3504 5167 3582 5222 De
3613 5175 3716 5222 tra-

2130 5265 2265 5318 duce
2289 5272 2441 5316 natus
2484 5277 2542 5316 es
2571 5276 2690 5314 cum
2721 5276 2785 5314 eo
2820 5259 2959 5330 quod
2995 5260 3177 5314 vincas
3207 5276 3220 5312 :
3253 5259 3359 5313 noli
3402 5257 3493 5312 tibi
3537 5259 3714 5314 hostes

2130 5355 2366 5416 addere,
2395 5354 2546 5407 vince
2577 5368 2696 5407 cum
2730 5369 2834 5422 quo
2883 5361 3037 5406 natus
3079 5368 3158 5406 es.
3204 5351 3282 5405 Ad
3323 5352 3551 5406 stadium
3595 5353 3713 5404 vita:

2117 5446 2288 5516 .ltujus
2311 5462 2430 5498 cum
2463 5445 2552 5499 illo
2585 5445 2795 5506 venisti,
2821 5444 3151 5514 congredere
3182 5459 3301 5497 cum
3332 5459 3396 5496 eo
3424 5444 3511 5511 qui
3541 5454 3711 5498 tecum

2132 5540 2409 5609 processit.
2457 5538 2576 5606 Ipso
2619 5552 2723 5591 non
2772 5537 2946 5598 victo,
2999 5552 3163 5605 quare
3195 5551 3451 5604 provocas
3477 5545 3713 5590 catervas

2131 5630 2714 5700 concupiscentiarutu?
2744 5628 3034 5683 Delectatio
3054 5630 3194 5683 enim
3223 5627 3470 5694 carnalis,
3501 5629 3710 5692 fratres,

2131 5738 2252 5781 cum
2283 5724 2498 5784 homine
2524 5723 2778 5778 nascitur.
2803 5720 2908 5776 Sed
2936 5721 3022 5791 qui
3045 5719 3181 5776 bene
3209 5719 3449 5776 eruditur
3468 5760 3484 5788 ,
3512 5721 3616 5774 cito
3636 5718 3709 5773 νῦν
