3968 6332
273 473 383 530 689

272 587 368 639 det
401 588 606 640 hostem
635 602 789 641 suum
813 629 827 652 ,
859 595 914 641 et
938 586 1245 658 aggreditur
1271 596 1324 641 et
1357 588 1618 651 luctatur,
1662 598 1717 641 et
1759 587 1870 640 cito

274 679 444 731 vineit
473 694 486 730 :
511 678 735 733 idoneus
772 687 855 733 est
882 679 1023 732 enim
1053 679 1289 733 nondum
1316 679 1679 733 crescentibus
1700 677 1870 733 hosti-

274 768 400 823 bus.
430 769 534 835 Qui
564 778 743 823 autem
771 769 913 824 illam
956 771 1441 840 ccxicupiscentiam
1467 813 1481 835 ,
1512 787 1631 826 cum
1660 786 1765 840 qua
1806 771 1875 826 de

277 860 484 930 peceati
517 861 803 931 prOpagine
835 872 986 914 natus
1012 872 1124 927 est,
1175 862 1469 916 contemnit
1513 864 1730 915 vincere
1755 903 1770 925 ,
1821 872 1877 916 et

276 950 477 1003 multas
506 950 679 1003 adhuc
706 952 904 1004 excitat
941 951 1247 1018 exseritque
1280 950 1556 1017 libidines,
1588 951 1876 1006 difﬁculter

276 1058 376 1097 eas
404 1051 652 1111 superat,
693 1050 747 1096 et
776 1042 1032 1097 adversus
1053 1057 1112 1096 se
1146 1043 1259 1111 ipse
1307 1044 1543 1106 divisus,
1592 1044 1711 1113 igne
1754 1044 1879 1111 pro-

275 1137 398 1205 prio
424 1146 815 1189 concrematur.
849 1135 923 1190 Ne
964 1138 1140 1205 itaque
1180 1151 1366 1207 speres
1393 1137 1544 1206 quasi
1588 1136 1708 1190 illas
1734 1137 1877 1193 solas

276 1242 471 1295 pcetias
492 1225 729 1290 futuras;
758 1236 1053 1297 prmsentes
1080 1228 1217 1281 vide.
1249 1227 1602 1297 Super-cecidit
1631 1228 1794 1298 ignis,
1828 1238 1877 1283 et

276 1326 386 1362 non
409 1310 640 1363 viderunt
667 1310 841 1363 solem.

350 1402 443 1457 20.
474 1399 699 1474 [vers.l(l
767 1401 1073 1472 Priusquam
1101 1402 1343 1471 producat
1362 1404 1534 1472 spinas
1555 1414 1741 1457 vestras
1755 1402 1880 1455 rha-

274 1510 454 1555 mmts,
470 1503 704 1563 tanquam
726 1494 941 1547 viventes
963 1505 1202 1564 tanquam
1216 1496 1266 1548 in
1279 1496 1356 1547 ira
1369 1495 1607 1548 combibe!
1621 1511 1724 1548 eos.
1740 1494 1877 1562 Quid

273 1594 366 1640 est
379 1586 630 1641 rhamnus
645 1586 669 1638 ?
685 1586 967 1655 Spinarum
986 1602 1150 1657 genus
1176 1598 1278 1651 est,
1294 1587 1625 1640 densissima:
1638 1588 1877 1655 quasdam

274 1677 450 1747 spina:
494 1692 612 1732 csse
653 1678 917 1732 dicuntur.
951 1678 1129 1732 Primo
1156 1678 1315 1732 herba
1342 1688 1423 1732 est
1448 1695 1461 1742 ;
1488 1686 1686 1731 etcum
1718 1677 1879 1731 herba

277 1778 395 1832 est,
428 1769 603 1825 mollis
658 1780 712 1824 rt
748 1771 967 1839 pulchra
1019 1780 1099 1823 cst
1132 1787 1145 1822 :
1180 1771 1249 1825 ibi
1304 1766 1427 1824 sun't
1481 1781 1655 1823 tamen
1711 1770 1882 1838 Spina:

278 1869 472 1929 pestea
521 1875 872 1929 processuras.
900 1860 1052 1914 Modo
1073 1876 1203 1929 ergo
1225 1860 1493 1915 delectant
1537 1867 1752 1930 peccata
1774 1900 1788 1923 ,
1828 1869 1881 1914 et

274 1953 432 2020 quasi
460 1968 564 2005 non
593 1960 973 2020 compungunt.
1010 1952 1187 2005 llerba
1216 1959 1299 2006 est
1328 1950 1609 2014 rhamnus,
1642 1959 1695 2004 et
1721 1949 1881 2003 modo

276 2050 459 2097 tamen
486 2053 567 2097 est
596 2044 768 2112 spina.
797 2040 1103 2117 Rriusqnam
1133 2042 1379 2111 producat
1404 2041 1577 2111 spinas
1599 2046 1841 2094 rnamnus
1862 2056 1882 2094 :

275 2136 589 2208 priusquam
637 2136 953 2190 miserarum
997 2135 1410 2189 delectationum
1459 2144 1513 2188 et
1552 2133 1879 2203 voluptatum

274 2228 559 2283 manifesta
594 2236 856 2283 tormenta
889 2226 1197 2297 procedant.
1228 2226 1559 2295 lnterrogent
1587 2240 1646 2280 se
1673 2226 1759 2293 qui
1786 2225 1883 2277 ali-

270 2319 404 2392 quid
432 2329 648 2384 amant,
680 2330 732 2373 et
758 2319 823 2373 ad
852 2319 901 2372 id
933 2320 1213 2387 pervenire
1240 2333 1345 2372 non
1374 2326 1595 2387 possunt
1621 2333 1635 2381 ;
1668 2316 1883 2371 videant

273 2414 317 2468 si
367 2428 471 2466 non
516 2412 823 2467 cruciantur
864 2413 1131 2468 desiderio
1163 2430 1175 2465 :
1211 2422 1411 2466 etcum
1446 2412 1787 2481 pervenerint
1814 2411 1881 2464 ad

274 2504 325 2557 id
360 2502 501 2572 quod
535 2503 717 2557 illicite
747 2503 1091 2566 desiderant,
1122 2503 1399 2557 attendant
1423 2503 1467 2557 si
1501 2518 1604 2556 non
1634 2503 1880 2556 crucian-

270 2605 375 2649 tur'
405 2596 616 2648 timore.
650 2592 879 2649 Videant
921 2610 1048 2665 ergo
1080 2595 1165 2647 hic
1198 2609 1382 2663 pinnas
1411 2609 1563 2655 suas,
1592 2604 1879 2663 antequam

269 2687 457 2741 veniat
484 2686 568 2739 illa
596 2686 949 2753 resurrectio,
980 2702 1098 2741 cum
1131 2687 1182 2740 in
1215 2702 1376 2740 carne
1404 2694 1743 2755 resurgentes
1775 2702 1879 2739 non

269 2776 714 2833 immutabuntur.
760 2777 959 2831 Omnes
1008 2778 1150 2831 enim
1202 2792 1544 2845 resurgemus
1573 2819 1587 2842 ,
1634 2776 1727 2830 sed
1772 2792 1879 2833 non

266 2886 463 2925 omnes
490 2871 891 2925 immn‘tabimur
918 2872 958 2940 (Ι
987 2870 1105 2925 Car.
1133 2887 1219 2934 xv,
1245 2869 1357 2942 5i).
1385 2870 1664 2924 llabebunt
1686 2872 1880 2940 quippe

265 2966 669 3035 corruptionem
709 2964 886 3019 carnis
926 2964 977 3018 in
1007 2980 1109 3035 qua
1141 2963 1390 3027 doleant,
1422 2978 1527 3017 non
1556 2964 1608 3016 in
1637 2978 1737 3033 qua
1765 2979 1877 3017 mo-

266 3057 476 3110 riantur
503 3072 518 3120 ;
548 3055 744 3123 alioqui
775 3062 830 3109 et
859 3054 931 3107 illi
962 3053 1176 3107 dolores
1205 3053 1501 3107 (inirentur.
1534 3052 1683 3106 Tunc
1710 3054 1878 3121 spinae

268 3146 414 3200 illius
436 3144 666 3211 rhamni,
701 3144 751 3198 id
783 3152 883 3207 est,
914 3143 1127 3198 dolores
1152 3159 1339 3197 omnes
1361 3154 1410 3198 et
1438 3144 1878 3211 compunctiones

266 3248 658 3293 tormentorum
711 3237 1090 3307 producentur.
1136 3236 1333 3304 Quales
1378 3236 1558 3304 spinas
1612 3236 1878 3304 patientur

265 3330 343 3385 illi
375 3331 464 3399 qui
492 3330 683 3384 dicturi
715 3338 839 3382 Sunt
869 3346 883 3380 :
918 3327 989 3381 Hi
1018 3338 1131 3381 sunt
1160 3345 1286 3398 quos
1312 3328 1588 3397 aliquando
1614 3327 1877 3381 habuimus

262 3413 321 3475 in
351 3424 505 3477 risum
535 3423 691 3491 (Sap.
724 3440 751 3474 v
772 3466 788 3485 ,
821 3422 916 3492 5)?
938 3422 1131 3491 Spinas
1160 3422 1584 3489 compunctionis
1615 3422 1879 3489 pmniten-

264 3515 357 3568 tias
378 3556 392 3577 ,
433 3514 525 3569 sed
554 3531 689 3569 sera:
718 3526 771 3569 et
802 3515 1142 3567 infractum-at
1167 3554 1181 3575 ,
1211 3514 1347 3565 sicut
1376 3513 1646 3581 Spinarum
1674 3512 1874 3565 sterili-

263 3614 370 3659 tas.
420 3604 739 3660 Pmnitentia
788 3605 943 3673 hujus
992 3604 1291 3670 temporis,
1340 3602 1495 3657 dolor
1538 3603 1873 3657 medicinalis

260 3705 351 3749 est
401 3713 414 3748 :
463 3696 772 3766 pmnitentia
823 3696 964 3749 illius
1009 3696 1299 3764 temporis,
1328 3694 1483 3749 dolor
1512 3696 1737 3764 poenalis
1766 3704 1870 3750 est.

263 3785 384 3841 Non
420 3788 496 3841 vis
526 3788 642 3841 illas
672 3788 775 3856 pati
803 3786 1022 3859 spinas?
1054 3787 1149 3840 llic
1174 3800 1533 3857 eompungere
1563 3786 1731 3855 spinis
1755 3802 1873 3856 pa:-

260 3878 536 3943 m'lentiat,
584 3886 640 3931 ut
674 3878 837 3932 facias
883 3876 1023 3946 quod
1065 3877 1265 3931 dictum
1298 3888 1380 3930 est
1414 3895 1424 3931 :
1460 3878 1737 3931 Conversus
1762 3895 1874 3932 sum

259 3972 320 4024 in
360 3987 625 4035 (erumna,
672 3987 787 4023 cum
825 3972 1158 4039 conﬁgeretur
1200 3970 1366 4035 spina.
1412 3967 1681 4021 Peccatum
1710 3986 1875 4022 meum

260 4063 509 4130 cognovi,
552 4071 597 4115 et
635 4062 947 4123 iniquitatem
994 4076 1154 4113 meum
1186 4078 1285 4112 non
1314 4060 1506 4129 operui.
1541 4060 1664 4113 Dixi
1692 4076 1709 4114 :
1736 4060 1874 4114 Pro-

259 4156 507 4209 nuntiobo
550 4154 790 4207 adversus
832 4170 910 4206 me
950 4153 1185 4206 delictum
1226 4169 1387 4204 meum
1421 4152 1688 4217 Domino;
1732 4165 1777 4206 et
1818 4163 1873 4208 tu

257 4246 503 4301 remisisti
526 4246 832 4317 impietatem
857 4246 1021 4299 cordis
1045 4246 1139 4298 mei
1168 4244 1337 4314 (Psal.
1364 4261 1512 4309 χχχι,
1537 4246 1679 4315 4-6).
1707 4246 1865 4300 Modo

258 4336 354 4392 fac
376 4378 390 4399 ,
439 4338 597 4389 modo
636 4352 1034 4405 compungere;
1082 4352 1185 4388 non
1225 4336 1275 4388 in
1308 4346 1357 4389 te
1387 4336 1477 4389 tiat
1505 4339 1645 4405 quod
1672 4336 1871 4392 dictum

258 4438 349 4483 est
395 4428 462 4481 de
504 4428 821 4495 quibusdam
861 4427 1300 4491 detestabilibus,
1338 4426 1549 4480 Discissi
1592 4438 1743 4493 sunt,
1783 4446 1873 4484 nec

258 4522 553 4590 compuncti
590 4530 707 4573 sunt
751 4518 920 4589 (Psal.
964 4535 1158 4583 χχχιιι,
1195 4519 1302 4585 16).
1339 4520 1613 4574 Attendile
1649 4521 1735 4589 qui
1765 4520 1873 4573 dis-

257 4614 385 4667 cissi
425 4623 570 4674 sunt,
615 4628 704 4665 nec
746 4612 1030 4682 compuncti
1071 4620 1205 4665 sunt.
1255 4611 1453 4664 Videtis
1494 4610 1745 4665 discissos
1770 4656 1785 4677 ,
1819 4621 1873 4667 et.

257 4719 375 4761 non
398 4703 590 4759 videtis
613 4715 981 4772 compunctos.
1014 4702 1149 4756 Ecce
1177 4712 1372 4770 praeter
1400 4702 1691 4757 Ecclesuuu
1723 4714 1867 4768 sunt,

258 4802 326 4851 et.
369 4808 473 4848 non
517 4810 611 4848 eos
651 4796 904 4864 poenitet.
947 4804 1003 4846 ut
1042 4793 1253 4847 rideant
1293 4794 1433 4851 unde
1472 4792 1681 4849 discissi
1723 4805 1866 4848 sunt.

262 4886 533 4944 Produeet
563 4900 747 4957 postea
779 4888 959 4955 spinas
985 4902 1169 4941 eorum
1195 4870 1469 4940 rhamnos.
1493 4886 1689 4941 Nolunt
1712 4888 1870 4941 modo

262 4981 469 5038 habere
502 4981 970 5050 ,compunetionem
992 4978 1359 5033 medicinalem
1386 4994 1401 5043 ;
1430 4979 1698 5033 habebunt
1726 4987 1874 5048 post-

261 5084 331 5126 ea
383 5072 667 5140 ptenalem.
705 5070 809 5125 Sed
864 5072 1023 5123 etiam
1054 5070 1212 5123 modo
1237 5113 1252 5134 ,
1286 5072 1591 5138 priusquam
1616 5070 1872 5138 producat

260 5160 451 5231 spinas
491 5161 745 5213 rltamnus
768 5203 780 5222 ,
830 5160 1180 5229 supercccidit
1210 5160 1345 5229 ignis
1370 5161 1458 5227 qui
1489 5174 1583 5213 eos
1612 5177 1714 5212 non
1749 5176 1867 5229 per.

260 5251 433 5306 mittit
468 5250 651 5304 videre
696 5252 861 5304 solem
890 5293 903 5313 ,
951 5250 1038 5318 qui
1090 5264 1183 5303 eos
1222 5248 1396 5302 adhuc
1440 5250 1677 5304 viventes
1716 5252 1869 5305 inira

262 5342 362 5396 Dei
390 5341 648 5395 Combibit
677 5358 691 5392 :
721 5342 856 5413 ignis
878 5340 1426 5410 conenpiscentiarum
1455 5342 1748 5405 malarum,
1777 5328 1871 5397 lio-

261 5449 460 5488 norum
504 5447 791 5497 vanorum,
838 5433 1100 5499 superbia:
1126 5473 1139 5495 ,
1184 5432 1419 5484 avaritia:
1447 5447 1597 5496 sure;
1630 5442 1683 5485 et
1711 5433 1869 5503 quid-

259 5524 391 5594 quid
437 5538 530 5576 cos
559 5526 572 5553 ³
619 5524 808 5591 premit
850 5538 915 5574 ne
962 5532 1283 5591 cognoscant
1310 5522 1583 5575 veritatem
1606 5564 1621 5588 ,
1653 5540 1718 5577 ne
1749 5524 1869 5577 victi

262 5617 587 5675 videantur.
636 5630 701 5668 ne
751 5615 1000 5683 subjiciat
1047 5616 1167 5669 illos
1206 5616 1287 5668 vel
1334 5616 1442 5682 ipsa
1486 5616 1702 5669 veritas.
1732 5616 1867 5685 Quid

259 5707 408 5761 cnim
437 5706 724 5775 gloriosius
746 5748 758 5769 ,
792 5706 999 5770 fratres,
1023 5722 1178 5773 quam
1212 5705 1397 5773 subjici
1425 5714 1479 5759 et
1510 5706 1647 5759 vinei
1673 5724 1701 5759 a
1728 5708 1869 5761 veri-

261 5796 419 5851 tate?
463 5780 703 5865 Superet'
735 5806 787 5850 te
828 5796 1024 5849 veritas
1068 5796 1370 5859 volentem;
1413 5807 1617 5850 nam-et
1647 5798 1868 5852 invitum

334 5932 353 5963 ⁸
390 5942 492 5981 Am.
520 5940 574 5983 et
595 5932 760 5996 proba:
786 5938 912 5982 notae
938 5939 1061 5992 Mss,
1086 5930 1135 5981 in
1160 5930 1277 5995 quid
1292 5942 1370 5981 eos
1386 5928 1575 5992 premit.

1396 471 1791 529 ENAllliATlO
1833 472 1896 526 IN
1938 472 2257 533 PSALMUM
2302 478 2455 534 LVII.

3482 489 3589 542 690

1984 587 2095 658 ipsa
2118 594 2407 660 superabit.
2441 595 2580 664 Ergo
2606 594 2691 651 ille
2714 598 2846 667 ignis
2876 600 3430 670 concmiisccntlauum
3463 619 3580 656 ma-

1983 680 2188 749 larum,
2235 686 2322 754 qui
2355 688 2708 755 superoecidit
2738 699 2791 743 ut
2823 706 2933 744 non
2957 692 3172 747 videant
3199 695 3404 759 solem,
3436 674 3591 750 com-

1982 773 2114 829 bibit
2148 775 2431 831 rhamnum
2458 821 2471 843 ,
2511 779 2817 851 priusquam
2860 783 3112 851 producat
3138 785 3319 854 spinas
3344 801 3532 840 eorum
3567 804 3581 840 :

1984 865 2036 918 id
2065 875 2182 933 est,
2214 869 2446 922 occultat
2474 883 2659 924 eorum
2689 872 2883 925 malam
2915 876 3076 927 vitam
3099 916 3116 940 ,
3146 874 3454 947 priusquam
3486 892 3585 947 pa-

1983 958 2085 1011 riat
2123 959 2310 1015 eadem
2349 963 2457 1016 vita
2500 963 2811 1019 manifestos
2852 966 2906 1019 in
2938 967 3041 1021 line
3068 970 3377 1035 cruciatus;
3406 970 3501 1024 sed
3532 972 3585 1025 iu

1985 1047 2060 1101 ira
2088 1049 2181 1103 Dei
2213 1052 2448 1106 occultat
2476 1054 2759 1109 rhamnum
2791 1056 2926 1125 ignis
2958 1057 3076 1110 iste.
3106 1056 3225 1113 Non
3252 1061 3395 1114 enim
3423 1075 3589 1130 parva

1986 1157 2139 1211 [)an
2181 1153 2265 1198 est
2305 1144 2446 1213 quod
2496 1147 2656 1200 modo
2703 1162 2808 1201 non
2840 1148 3019 1203 vident
3043 1149 3251 1217 solem,
3280 1166 3382 1207 nec
3408 1152 3591 1222 spinas

1984 1249 2262 1302 [KBttal‘tlttl
2304 1236 2533 1291 credunt
2573 1254 2637 1292 ex
2684 1238 2782 1292 hac
2815 1240 2917 1292 vita
2952 1240 3090 1295 mala
3117 1240 3218 1295 sibi
3247 1250 3432 1312 postea
3458 1258 3589 1315 pro.

1983 1342 2249 1381 cessurus.
2306 1327 2410 1381 Vos
2453 1327 2635 1395 enim,
2679 1332 2883 1399 inquit,
2927 1330 3183 1388 rhamnus
3222 1335 3388 1401 estis;
3426 1350 3586 1405 quem

1984 1416 2300 1481 rhanmum,
2344 1418 2393 1472 id
2436 1428 2520 1473 est
2561 1436 2657 1475 vos
2694 1422 2838 1491 ipsos
2859 1464 2875 1488 ,
2922 1424 3191 1489 virentes,
3223 1405 3273 1479 id
3303 1434 3385 1480 est
3410 1426 3591 1483 adhuc

1986 1507 2037 1560 in
2085 1508 2183 1563 hac
2224 1509 2327 1564 vita
2368 1512 2716 1577 constitutos,
2767 1515 3071 1583 priusquam
3105 1518 3155 1572 in
3184 1517 3359 1571 futuro
3381 1517 3587 1586 judicio

1986 1601 2166 1668 spinas
2189 1618 2464 1673 poenarum
2487 1617 2779 1660 vestrarum
2810 1608 3118 1664 manifestas
3140 1610 3417 1678 producat,
3442 1627 3587 1666 nunc

1988 1694 2038 1746 in
2087 1695 2160 1747 ira
2204 1697 2490 1761 combibit,
2538 1699 2587 1752 id
2630 1709 2751 1766 est,
2784 1700 2934 1768 quasi
2960 1701 3298 1773 absorbendo
3326 1718 3587 1773 apparere

1988 1801 2091 1839 non
2120 1788 2264 1842 sinit.
2294 1788 2391 1843 llic
2418 1791 2595 1860 itaque
2623 1792 2756 1847 ordo
2787 1792 3068 1847 verborum
3089 1834 3104 1857 ,
3137 1804 3391 1862 quantum
3424 1807 3584 1863 puto,

1990 1879 2195 1947 planius
2214 1880 2283 1934 ita
2313 1882 2614 1936 contexitur
2641 1901 2655 1937 :
2682 1884 3027 1953 Snpercecidit
3053 1884 3183 1955 ignis
3207 1925 3223 1950 ,
3247 1893 3294 1938 et
3320 1901 3420 1938 non
3445 1886 3587 1939 vide-

1988 1981 2103 2024 runt
2126 1971 2283 2024 solem
2313 1988 2331 2025 :
2357 1974 2445 2042 qui
2474 1972 2609 2043 ignis
2635 1984 2873 2040 tanquam
2901 1976 2953 2027 in
2976 1975 3081 2041 ira,
3112 1983 3355 2045 tanquam
3374 1977 3591 2030 viventes

1987 2076 2073 2116 vos
2108 2062 2373 2117 rhamnum
2402 2064 2666 2129 combibit,
2701 2066 2993 2135 priusquam
3022 2065 3271 2137 producat
3300 2067 3475 2137 spinas
3502 2082 3589 2120 ve-

1987 2163 2118 2208 stras
2145 2171 2163 2208 :
2190 2154 2239 2209 id
2272 2164 2354 2210 est
2372 2199 2387 2216 .
2418 2172 2513 2210 vos
2540 2158 2684 2226 ipsos
2710 2174 2842 2225 quos
2869 2157 3152 2212 rhamnum
3179 2157 3414 2224 invenit,
3440 2174 3587 2213 eom-

1990 2248 2119 2305 bibit
2152 2257 2275 2303 ante
2319 2258 2543 2304 martem
2570 2291 2583 2309 .
2618 2252 2927 2320 priusquam
2960 2250 3099 2305 idem
3127 2251 3380 2305 rhamnus
3407 2252 3591 2323 spinas

1990 2348 2193 2392 vestras
2221 2349 2340 2408 post
2365 2350 2589 2395 mortem
2621 2341 2673 2394 in
2708 2342 2792 2395 illa
2824 2342 3017 2410 pmnali
3046 2342 3437 2397 resurrectione
3464 2358 3588 2413 pro-

1987 2431 2162 2485 ducat.
2191 2431 2369 2498 Quare
2396 2444 2570 2487 autem
2603 2447 2708 2487 non
2736 2434 2902 2499 dixit,
2924 2435 3182 2499 viventes,
3204 2435 3319 2498 sed,
3344 2444 3588 2505 tanquam

1987 2522 2200 2575 viventes
2220 2562 2236 2587 ,
2275 2523 2375 2576 nisi
2417 2524 2539 2593 quia
2580 2522 2708 2579 falsa
2736 2533 2822 2579 est
2846 2524 2962 2579 haec
2986 2524 3091 2578 vita
3126 2526 3448 2594 impiorum?
3476 2526 3583 2581 Ne-

1986 2630 2089 2685 que
2127 2617 2269 2671 enim
2313 2617 2527 2681 vivunt,
2557 2617 2650 2671 sed
2682 2618 2862 2672 vivere
2890 2616 2992 2672 sibi
3024 2616 3287 2685 videntur.
3324 2618 3391 2673 Et
3420 2635 3588 2689 quare

1987 2722 2091 2760 non
2117 2749 2131 2772 ,
2165 2708 2216 2760 in
2249 2706 2324 2761 ira
2348 2750 2361 2773 ,
2393 2708 2485 2763 sed
2509 2750 2523 2775 ,
2551 2719 2791 2777 tanquam
2817 2710 2869 2761 in
2898 2708 3011 2776 ira,
3042 2708 3294 2789 nisi‘quia
3325 2711 3588 2779 tranquil-

1986 2797 2071 2851 lus
2100 2798 2200 2851 hoc
2224 2796 2349 2852 facit
2378 2799 2558 2853 Deus?
2585 2798 2717 2853 Nam
2748 2809 2801 2853 et
2828 2799 2930 2854 hoc
2956 2801 3213 2869 scriptum
3240 2811 3321 2856 est
3345 2818 3358 2857 :
3384 2800 3464 2855 Tu
3494 2819 3587 2854 nu-

1985 2898 2103 2947 tem.
2132 2888 2341 2943 Domine
2370 2890 2753 2956 virtutum,cum
2782 2892 3149 2963 tranquillitate
3166 2892 3374 2961 judicas
3424 2892 3595 2965 (δαν.

1984 2996 2088 3045 an,
2118 2980 2231 3050 £8).
2262 2981 2351 3035 llle
2372 2996 2498 3051 ergo
2518 2990 2573 3036 et
2599 2997 2719 3035 cum
2752 2982 2987 3036 minatur
3007 3021 3025 3047 ,
3054 2997 3162 3037 non
3190 2984 3454 3038 irascitur.
3479 2984 3586 3038 Ne-

1983 3088 2085 3142 que
2119 3073 2268 3137 .enim
2311 3076 2686 3143 perturbatur,
2729 3074 2821 3128 sed
2868 3084 3117 3145 tanquam
3154 3076 3431 3139 irascitur,
3463 3078 3586 3147 quia

1984 3167 2134 3235 punit
2173 3176 2226 3221 et
2250 3166 2503 3221 vindicat.
2539 3168 2601 3221 Et
2630 3168 2717 3236 qui
2745 3166 2937 3236 corrigi
2972 3168 3157 3221 nolunt
3180 3208 3194 3232 ,
3225 3177 3473 3238 tanquam
3511 3171 3587 3221 vi-

1982 3268 2139 3322 vunt,
2172 3257 2263 3312 scd
2292 3274 2395 3311 non
2427 3260 2627 3312 vivunt.
2648 3258 2888 3313 Vindicta
2918 3259 3061 3313 enim
3090 3259 3244 3330 primi
3268 3261 3471 3330 peccati
3493 3302 3507 3323 ,
3532 3272 3586 3315 et

1981 3366 2165 3405 eorum
2198 3367 2313 3421 qua:
2343 3351 2691 3416 addiderunt,
2726 3360 2904 3405 manet
2928 3368 3090 3421 super
3113 3368 3207 3406 eos
3235 3370 3249 3406 :
3277 3365 3329 3407 et
3360 3354 3471 3421 ipsa
3496 3370 3586 3408 vo-

1979 3451 2132 3497 catur
2171 3444 2244 3497 ira
2281 3442 2370 3496 Dei
2398 3486 2411 3504 ,
2444 3444 2565 3511 quia
2596 3442 2663 3496 de
2684 3442 2885 3511 judicio
2909 3442 3001 3497 Dei
3030 3443 3193 3497 venit.
3228 3442 3379 3498 Unde
3407 3445 3586 3497 Domi-

1981 3552 2079 3589 nus
2107 3537 2172 3588 de
2203 3552 2306 3589 non
2336 3535 2588 3591 credente
2612 3536 2686 3589 ait
2715 3553 2728 3589 :
2759 3535 2864 3590 Sed
2885 3536 2963 3589 ira
2990 3534 3085 3588 Dei
3110 3547 3277 3589 manet
3299 3552 3453 3605 super
3471 3554 3584 3591 eum

1980 3627 2158 3695 (Joan.
2191 3643 2247 3681 ιιι
2274 3670 2288 3692 ,
2313 3626 2426 3697 36).
2456 3627 2589 3679 (lum
2615 3628 2688 3680 ira
2710 3627 2853 3680 enim
2883 3625 2976 3682 Dei
3003 3628 3258 3681 mortales
3289 3628 3581 3681 nascinmr.

1983 3717 2131 3772 Unde
2176 3718 2305 3771 dicit
2343 3717 2633 3786 Apostolus
2675 3734 2689 3770 :
2730 3715 2947 3771 Fuimus
2983 3726 3029 3771 et
3063 3734 3154 3770 nos
3184 3718 3459 3786 aliquando
3488 3736 3585 3772 nu-

1980 3820 2095 3862 tura
2135 3810 2232 3877 filii
2258 3810 2348 3862 ira:
2366 3849 2381 3871 ,
2412 3811 2538 3862 sicut
2564 3819 2615 3863 et
2638 3808 2806 3862 ca'teri
2835 3806 3052 3877 (Ep/tes.
3080 3823 3152 3873 tl,
3185 3808 3263 3880 5).
3297 3809 3435 3876 Quid
3461 3820 3542 3863 est
3566 3851 3584 3875 ,

1980 3910 2161 3953 natura
2191 3901 2287 3969 [itii
2313 3902 2403 3953 im:
2422 3942 2435 3965 ,
2466 3900 2566 3954 nisi
2597 3900 2717 3969 quia
2748 3908 3021 3969 portamus
3052 3899 3328 3953 nobiscum
3364 3916 3582 3969 pinnam

1982 3993 2133 4062 primi
2166 3994 2363 4062 peccati
2387 3992 2409 4045 ?
2434 3992 2537 4047 Sed
2566 3991 2612 4045 si
2638 4002 3013 4045 convertamus
3039 4006 3138 4045 nos
3162 4032 3176 4056 ,
3210 3992 3446 4046 aufertur
3472 3993 3547 4046 im
3566 4034 3582 4057 ,

1978 4084 2246 4154 pra~betur
2274 4085 2462 4153 gratia.
2490 4083 2606 4138 Non
2639 4083 2718 4137 vis
2742 4084 2981 4138 converti
3008 4126 3021 4148 ,
3054 4082 3205 4138 addis
3232 4085 3391 4137 etiam
3424 4100 3585 4152 super

1979 4174 2031 4230 id
2060 4176 2201 4244 quod
2235 4186 2389 4229 natus
2422 4190 2482 4231 es
2516 4192 2531 4229 :
2562 4186 2811 4244 tanquam
2844 4175 2894 4227 in
2926 4174 3001 4228 ira
3028 4174 3351 4230 combiberis
3371 4176 3421 4229 in
3452 4192 3585 4245 prsc-

1979 4269 2115 4321 scnti
2150 4276 2410 4335 tempore.
3036 4250 3041 4255 ’

2047 4359 2139 4412 Ἥ.
2177 4357 2328 4430 [υεη.
2376 4356 2487 4429 ιι.]
2536 4358 2823 4427 Agnoscite
2872 4372 3000 4426 ergo
3044 4358 3197 4411 istam
3241 4372 3487 4426 pinnam,
3530 4369 3585 4412 et

1977 4450 2203 4520 gaudete
2242 4465 2338 4503 vos
2370 4464 2474 4502 non
2503 4464 2623 4503 esse
2656 4449 2705 4500 in
2736 4447 2835 4501 hac
2860 4462 3016 4517 paina
3041 4463 3230 4501 omnes
3254 4448 3585 4524 qui_protici-

1978 4541 2046 4597 tis
2068 4585 2081 4607 ,
2107 4558 2292 4595 omnes
2314 4541 2402 4610 qui
2427 4540 2718 4611 intelligitis
2742 4550 2796 4593 et
2820 4540 3014 4592 amatis
3038 4540 3317 4609 veritatem
3344 4541 3368 4603 ,’
3390 4555 3583 4595 omnes

1976 4635 2065 4703 qui
2108 4635 2224 4703 plus
2268 4633 2320 4685 in
2362 4620 2512 4686 vobis
2543 4632 2702 4684 vultis
2730 4628 3004 4684 victoriam
3034 4629 3271 4683 veritatis
3307 4646 3464 4700 quam
3493 4647 3586 4685 ve-

1975 4735 2141 4779 stram
2164 4766 2178 4790 ,
2207 4725 2295 4794 qui
2317 4739 2425 4780 non
2453 4721 2700 4776 elanditis
2726 4721 2984 4774 adversus
3006 4722 3282 4774 veritatem
3307 4736 3467 4775 aures
3488 4738 3582 4776 ve-

1977 4828 2115 4872 stras
2139 4857 2153 4884 ,
2181 4814 2248 4872 de
2275 4818 2613 4887 prmsentium
2642 4815 2998 4870 delectatione
3018 4826 3073 4869 et
3096 4815 3165 4871 de
3187 4816 3582 4885 proderiton

1977 4911 2349 4967 recordatiOne
2372 4950 2387 4973 ,
2429 4925 2497 4963 ne
2532 4908 2649 4963 sitis
2678 4909 2825 4962 canis
2851 4922 3101 4962 reversus
3126 4908 3193 4962 ad
3222 4923 3379 4963 suum
3408 4910 3581 4964 vomi—

1981 5014 2090 5055 tum
2137 5001 2202 5071 (ll
2250 4999 2395 5055 Petr.
2441 5016 2511 5067 ιι,
2553 4997 2667 5069 22).
2700 4998 2899 5053 Omnes
2928 4998 3060 5052 tales
3088 4998 3177 5068 qui
3204 4999 3333 5052 estis
3356 5038 3373 5065 ,
3406 4999 3598 5055 videte-

1978 5110 2164 5166 ptL-nas
2205 5110 2389 5149 eorum
2433 5094 2521 5163 qui
2549 5094 2681 5146 tales
2708 5106 2813 5145 non
2841 5100 2964 5144 sunt
2989 5130 3004 5155 ,
3034 5102 3087 5144 et
3114 5090 3361 5160 gaudete.
3393 5090 3583 5147 Adhuc

1977 5189 2264 5242 inferorum
2306 5202 2477 5257 penne
2509 5199 2618 5239 non
2649 5193 2943 5247 venerunt,
2973 5182 3149 5237 adhuc
3183 5183 3320 5251 ignis
3349 5193 3583 5237 aeternus

1976 5296 2082 5333 non
2117 5280 2257 5333 venit
2288 5296 2300 5329 :
2330 5286 2605 5345 comparet
2624 5276 2717 5345 qui
2750 5272 2957 5341 prolicit
2983 5273 3034 5326 in
3065 5273 3173 5327 Deo
3198 5289 3257 5327 se
3279 5274 3438 5328 modo
3459 5289 3580 5327 cum

1978 5372 2141 5439 impio
2165 5412 2181 5435 ,
2222 5385 2423 5425 caecum
2453 5384 2545 5421 cor
2572 5383 2691 5422 cum
2724 5367 3021 5420 illuminato
3045 5365 3206 5418 corde
3231 5381 3245 5429 ;
3273 5377 3585 5433 comparate

1978 5463 2143 5528 duos,
2183 5461 2448 5514 videntem
2497 5467 2551 5513 et
2590 5475 2695 5511 non
2739 5456 3008 5511 videntem
3055 5456 3108 5509 in
3147 5470 3326 5509 carne.
3358 5456 3426 5510 Et
3454 5457 3579 5525 quid

1979 5569 2227 5623 magnum
2270 5562 2353 5605 est
2397 5552 2529 5603 visio
2569 5549 2794 5604 carnis?
2830 5547 3095 5617 Numquid
3127 5547 3322 5603 Tobias
3353 5546 3583 5602 habebat

1977 5662 2202 5702 carneos
2228 5646 2413 5698 oculos
2435 5643 2458 5695 ?
2481 5643 2647 5696 Filius
2671 5642 2835 5709 ipsius
2867 5640 3130 5701 habebat,
3156 5649 3209 5692 et
3236 5638 3322 5691 ilic
3354 5655 3457 5691 non
3489 5639 3581 5690 ha-

1977 5740 2172 5800 bebat;
2214 5748 2268 5792 et
2313 5738 2447 5790 viam
2492 5739 2611 5788 vita!
2656 5749 2831 5787 caecus
2861 5734 3058 5785 videnti
3087 5730 3579 5799 ostendebat(Tob.

1980 5849 2031 5886 tv
2056 5876 2069 5895 ,
2100 5835 2172 5893 l}.
2223 5832 2361 5899 Ergo
2400 5832 2552 5882 istam
2599 5844 2811 5895 pmnam
2852 5826 3066 5895 quando
3093 5825 3285 5879 videtis
3306 5868 3317 5887 ,
3350 5825 3583 5893 gaudete

1981 5932 2102 5995 quia
2130 5927 2181 5979 in
2208 5924 2291 5978 illa
2324 5941 2426 5976 non
2460 5925 2616 5977 estis.
2653 5922 2939 5989 Propterea
2967 5918 3093 5971 dicit
3116 5919 3388 5988 Scriptura
3422 5934 3435 5971 τ
3466 5916 3579 5971 ιω-
