3968 6364
418 455 513 512 69!
1664 453 1721 508 8.
1765 450 2132 508 AUCUSTINI
2174 453 2474 511 EPISCOPI

413 571 602 624 labitur
620 570 822 639 justus,
852 584 969 622 cum
995 566 1174 622 viderit
1200 567 1493 628 vindictam.
1537 566 1654 622 Non
1691 567 1840 623 illam
1879 566 2020 622 futu-

411 677 524 717 ram
555 678 570 724 ;
616 676 737 716 nam
775 659 898 715 vide
932 659 1059 730 quid
1085 660 1329 730 sequitur
1356 677 1370 714 ς
1397 659 1584 714 Manus
1612 676 1731 714 suos
1757 659 1943 716 lavabit
1966 661 2020 714 in

409 755 656 825 sanguine
697 754 996 824 peccatoris.
1037 751 1174 820 Quid
1213 760 1299 805 est
1331 749 1476 806 hoc?
1503 751 1746 805 lntendat
1775 752 2020 806 Charitas

408 845 620 900 Vestra.
646 844 916 916 Numquid
943 844 1158 915 quando
1187 843 1452 898 feriuntur
1477 842 1756 898 homicidae
1779 883 1792 901 .
1824 841 2022 898 debent

410 940 538 994 illuc
577 940 897 994 innocentes
927 942 1036 1003 ire,
1063 945 1118 991 et
1144 937 1323 990 lavare
1355 952 1542 992 manus
1568 936 1731 990 suas?
1761 935 1867 992 Sed
1893 935 2020 1005 quid

409 1039 494 1084 est
511 1072 526 1096 ,
562 1031 617 1083 in
647 1030 897 1100 sanguine
918 1031 1195 1100 peccatoris
1223 1029 1407 1084 levabit
1437 1046 1616 1096 uiantis
1643 1045 1764 1082 suas
1786 1029 1813 1082 .’
1833 1026 2022 1082 Justus

412 1120 630 1189 quando
673 1121 819 1176 videt
861 1136 1072 1190 penam
1124 1122 1453 1189 peccatoris,
1508 1119 1716 1188 prolicit
1753 1120 1867 1187 ipse
1911 1136 1925 1173 :
1969 1127 2025 1172 et

411 1227 562 1267 mors
601 1212 823 1268 alterius
862 1215 1003 1268 valet
1038 1211 1105 1266 ad
1146 1212 1307 1266 vitam
1335 1211 1576 1266 alterius.
1604 1212 1658 1266 Si
1686 1210 1828 1265 enim
1861 1209 2016 1279 spiri-

412 1305 630 1358 tualitcr
671 1304 888 1374 sanguis
913 1303 1082 1358 currit
1110 1302 1178 1356 de
1206 1303 1288 1356 his
1314 1303 1401 1373 qui
1430 1302 1756 1355 intrinsecus
1787 1301 2025 1354 meriun-

409 1403 527 1457 tur,
565 1404 619 1448 tu
649 1394 836 1450 videns
866 1395 1026 1449 talem
1053 1395 1363 1458 vindictam,
1392 1394 1507 1446 lava
1531 1393 1638 1446 illic
1660 1407 1849 1446 manus
1872 1402 2022 1454 tuas;

409 1485 478 1541 de
515 1496 713 1541 cintero
751 1487 1003 1541 mundius
1039 1487 1176 1539 vive.
1211 1486 1279 1540 Et
1304 1485 1574 1556 quomodo
1607 1485 1801 1538 lavabit
1833 1498 2024 1538 manus

409 1581 637 1640 snas.-si
657 1577 837 1646 justus
864 1577 985 1632 est?
1013 1577 1150 1645 Quid
1177 1577 1321 1631 enim
1346 1577 1507 1630 habet
1534 1575 1584 1628 in
1617 1575 1860 1629 manibus
1881 1574 2022 1643 quod

409 1665 620 1721 lavetur
639 1709 655 1732 ,
701 1669 744 1721 si
767 1667 945 1737 justus
973 1669 1094 1722 est?
1124 1667 1231 1722 Sed
1256 1668 1431 1736 justus
1462 1683 1528 1720 ex
1558 1668 1658 1722 lide
1688 1667 1818 1720 vivit
1846 1664 2021 1736 (Rom.

410 1773 430 1812 ι
450 1800 464 1818 .
499 1758 811 1827 17;.]ιιειοε
836 1774 968 1829 ergo
996 1760 1131 1813 dixit
1154 1759 1338 1814 lideles
1370 1778 1383 1813 :
1412 1769 1467 1814 et
1493 1775 1559 1814 ex
1587 1775 1694 1827 qno
1717 1758 1828 1828 jam
1851 1758 2024 1812 credi-

411 1849 567 1912 disti,
595 1851 706 1918 jam
737 1850 929 1921 incipis
947 1851 1128 1921 vocari
1150 1850 1347 1920 justus.
1372 1849 1533 1904 Facta
1563 1862 1644 1904 est
1668 1851 1812 1904 enim
1833 1849 2020 1903 dimis-

411 1941 496 1995 sio
526 1952 891 2010 peccatorum.
916 1943 1028 1998 Etsi
1058 1943 1128 1998 de
1153 1945 1251 1999 ista
1276 1944 1486 1998 residua
1509 1945 1615 1998 vita
1639 1943 1885 2014 qu:edam
1909 1959 2023 2012 pec-

412 2040 531 2086 cata
575 2042 662 2086 tua
702 2043 860 2098 sunt,
903 2050 1022 2102 mne
1066 2050 1174 2088 non
1215 2045 1438 2102 possunt
1475 2035 1575 2088 nisi
1608 2044 1858 2104 tanquam
1885 2049 2024 2104 aqua

413 2122 484 2176 de
519 2124 651 2177 mari
681 2123 732 2177 in
763 2123 1026 2180 sentinam
1057 2125 1279 2179 influere
1307 2143 1320 2179 ε
1351 2136 1525 2179 tamen
1559 2126 1677 2194 quia
1709 2125 1979 2180 credidisti
2007 2143 2022 2191 ;

402 2229 538 2269 'cum
574 2215 766 2270 videris
784 2231 910 2271 eum
936 2214 1027 2286 qui
1056 2217 1276 2271 omnino
1305 2231 1527 2271 aversus
1555 2225 1637 2270 est
1662 2231 1692 2270 a
1719 2217 1826 2273 Deo
1855 2217 2024 2274 occidi

411 2304 471 2361 in
501 2307 590 2361 illa
609 2311 879 2375 caecitate,
906 2314 1296 2379 super-cadente
1327 2311 1418 2364 illo
1445 2311 1568 2379 igne
1597 2326 1701 2364 non
1726 2311 1904 2365 videre
1932 2326 2025 2365 so-

409 2398 558 2464 lem,
591 2394 646 2453 tu
675 2402 764 2470 qui
789 2402 900 2471 jam
931 2417 1027 2471 per
1055 2402 1212 2457 Iidem
1245 2403 1393 2457 vides
1417 2400 1731 2468 Christum,
1764 2413 1821 2457 ut
1846 2403 2027 2458 videas

411 2507 513 2561 per
551 2493 823 2561 speciem,
866 2495 988 2563 quia
1028 2496 1206 2562 justus
1250 2510 1313 2548 ex
1356 2495 1460 2547 lide
1486 2495 1650 2559 vivit,
1683 2495 1899 2549 attende
1927 2495 2026 2549 im-

412 2584 561 2653 pium
603 2584 958 2649 morientem,
1000 2599 1054 2639 et
1081 2601 1246 2656 purga
1288 2597 1338 2640 te
1376 2602 1405 2639 a
1444 2587 1695 2655 peccatis.
1727 2585 1799 2640 lta
1824 2586 2027 2640 iuvabis

413 2675 811 2744 quodammodo
840 2691 1030 2731 manus
1059 2688 1178 2732 tuas
1204 2679 1255 2732 in
1282 2679 1542 2747 sanguine
1575 2680 1890 2747 peccatoris.
1909 2676 2026 2730 Ma-

414 2784 512 2822 nus
531 2784 662 2837 ergo
683 2785 802 2823 suas
830 2769 1019 2823 levabit
1048 2771 1100 2823 in
1126 2771 1373 2840 sanguine
1393 2771 1693 2839 peccatoris.

486 2859 578 2914 22.
607 2859 757 2934 [verm
785 2859 902 2934 i1]
934 2860 1000 2914 Et
1028 2864 1158 2915 dicet
1179 2863 1330 2915 homo
1357 2878 1376 2916 :
1400 2861 1462 2916 Si
1489 2879 1607 2932 ergo
1633 2872 1702 2915 cst
1723 2866 1917 2930 [ructus
1929 2862 2025 2931 ju-

415 2960 512 3005 sto.
563 2952 704 3005 Ecce
747 2958 1036 3019 antequam
1085 2954 1265 3007 veniat
1308 2952 1448 3019 quod
1489 2951 1841 3020 promittitur,
1871 2962 2023 3006 aute-

412 3057 577 3110 quam
602 3042 760 3096 detur
789 3043 894 3096 vita
918 3052 1118 3096 teterna
1140 3085 1154 3104 ,
1179 3052 1466 3112 antequam
1502 3042 1647 3112 impii
1681 3043 2029 3112 projiciantur

413 3134 469 3187 in
512 3134 687 3204 ignem
725 3144 986 3190 aeternum
1011 3176 1028 3201 ,
1059 3135 1145 3190 hic
1173 3135 1225 3189 in
1257 3134 1355 3191 hac
1385 3135 1490 3188 vita
1519 3144 1603 3188 est
1632 3133 1834 3187 fructus
1858 3133 2022 3203 justo.

415 3225 518 3292 Qui
558 3224 804 3280 fructus?
847 3225 956 3296 Spe
990 3225 1303 3296 gaudentes,
1336 3227 1390 3279 in
1427 3226 1751 3279 tribulatione
1781 3227 2026 3294 patientes

413 3313 504 3369 1d.
529 3299 785 3387 1",.12).
834 3317 934 3383 Qui
984 3317 1186 3371 fructus
1216 3317 1406 3385 justo?
1447 3315 1742 3371 Gloriamnr
1768 3318 1821 3370 in
1861 3319 2022 3370 tribu-

415 3406 690 3461 lationibus
723 3423 742 3459 .'
771 3407 982 3462 scientes
1005 3408 1125 3476 quia
1152 3408 1411 3462 tribulatio
1441 3410 1733 3473 patientiam
1763 3422 2022 3475 operatur,

421 3499 666 3567 patientia
693 3509 862 3552 autent
897 3499 1283 3569 probationem,
1311 3500 1541 3568 probatio
1568 3515 1681 3552 vero
1708 3516 1879 3567 spem,
1911 3516 2026 3568 spes

413 3602 584 3644 autem
625 3607 727 3644 non
759 3591 1069 3663 confundit;
1107 3592 1229 3657 quia
1265 3593 1485 3646 clmritas
1525 3591 1622 3645 Dei
1655 3591 1847 3657 iii/fusa
1872 3603 1945 3662 est
1973 3593 2026 3646 in

414 3683 649 3738 cordibus
676 3683 862 3736 nostris
882 3700 971 3752 per
1003 3683 1253 3752 Spiritum
1270 3694 1499 3737 sanctam
1522 3725 1536 3748 ,
1560 3684 1645 3752 qui
1666 3685 1815 3736 datus
1837 3693 1910 3736 est
1933 3700 2026 3738 no-

414 3778 491 3832 bis
531 3775 642 3846 (Id.
674 3792 710 3830 v
733 3818 746 3838 ,
781 3774 923 3848 3-5).
954 3775 1162 3831 Gaudet
1188 3776 1431 3829 ebriosus
1455 3817 1468 3839 ,
1501 3785 1556 3830 et
1586 3793 1690 3829 non
1721 3777 1913 3846 gaudet
1937 3777 2026 3844 ju-

414 3869 574 3924 stus?
614 3867 670 3921 In
709 3866 971 3921 charitate
1001 3878 1082 3921 est
1112 3866 1316 3921 fructus
1338 3866 1505 3936 justo.
1535 3867 1696 3920 Miser
1721 3868 1835 3933 ille,
1866 3868 2024 3922 etiam

415 3974 540 4014 cum
572 3974 630 4012 se
659 3958 922 4011 inebriat:
953 3957 1141 4011 beatus
1173 3958 1303 4018 iste,
1331 3958 1491 4012 etiam
1523 3973 1644 4011 cum
1675 3960 1842 4013 esurit
1867 3969 1920 4014 et
1949 3960 2023 4013 si-

416 4052 500 4104 tit.
530 4048 678 4104 Illum
713 4049 998 4118 ingurgitat
1026 4049 1349 4115 vinolentia;
1383 4050 1541 4103 istum
1573 4065 1698 4119 spes
1722 4053 1907 4119 pascit.
1939 4051 2027 4107 Vi-

414 4143 541 4199 deat
581 4157 714 4211 ergo
756 4140 897 4197 illius
936 4156 1180 4210 penam,
1225 4156 1379 4195 suum
1427 4142 1715 4210 gaudium,
1749 4153 1802 4196 et
1829 4144 2027 4213 cogitet

414 4237 608 4292 Deum.
634 4238 735 4308 Qui
767 4239 872 4293 tale
896 4239 1145 4309 gaudium
1175 4239 1334 4291 modo
1360 4238 1509 4293 dedit
1535 4238 1604 4293 de
1629 4237 1735 4293 fide
1753 4280 1769 4305 ,
1800 4221 2023 4308 de‘spe,

419 4329 487 4384 de
509 4330 772 4384 charitate
797 4373 813 4396 ,
843 4331 910 4384 de
934 4331 1158 4386 veritate
1177 4331 1572 4399 Seriptnrarum
1601 4344 1838 4397 suarum,
1868 4332 2044 4400 quale-

416 4431 687 4489 pra'parat
730 4421 780 4474 in
825 4421 983 4476 finem
1010 4422 1024 4475 !
1072 4420 1129 4474 In
1157 4421 1240 4474 via
1271 4423 1349 4474 sic
1378 4420 1580 4490 pascit,
1612 4420 1664 4474 in
1697 4421 1866 4490 patria
1892 4437 2026 4491 quo-

415 4513 580 4568 modo
604 4514 865 4582 sagiuahit
892 4516 906 4569 l
942 4512 1008 4567 Et
1035 4516 1166 4567 dicet
1193 4514 1345 4567 homo
1369 4529 1388 4567 :
1416 4513 1477 4567 Si
1497 4529 1615 4584 ergo
1632 4523 1704 4567 est
1729 4514 2027 4584 fructusju.

414 4616 514 4659 sto.
541 4605 776 4660 Credant
801 4607 889 4675 qui
917 4606 1128 4672 vident,
1156 4617 1210 4661 et
1238 4607 1454 4660 videant
1477 4616 1531 4659 ct
1561 4607 1879 4675 intelligant.
1912 4605 2026 4659 ιω-

417 4697 609 4752 tabitur
643 4700 854 4767 justus,
898 4714 1014 4750 cum
1059 4697 1239 4750 viderit
1278 4697 1571 4750 vindictam.
1617 4696 1672 4751 Si
1710 4708 1886 4751 autent
1921 4714 2024 4750 non

417 4788 580 4841 habet
626 4789 810 4842 oculos
847 4788 989 4842 unde
1020 4787 1196 4841 videat
1225 4787 1513 4841 vindictam
1535 4828 1550 4852 ,
1579 4788 1985 4842 contristabitur
2007 4832 2023 4852 ,

417 4874 534 4933 nec
562 4880 862 4949 corrigetur
897 4895 961 4934 ex
1008 4880 1117 4934 illa.
1169 4881 1224 4935 Si
1266 4891 1444 4934 autem
1489 4880 1634 4934 videt
1667 4881 1854 4945 illam,
1883 4882 2025 4935 videt

418 4969 543 5036 quid
578 4969 788 5024 intersit
819 4972 958 5025 inter
980 4975 1422 5026 contenebratum
1453 4973 1668 5025 oculum
1693 4973 1872 5026 cordis
1895 4975 1912 5005 ⁸
1933 5014 1948 5033 .
1973 4983 2025 5025 et

415 5063 632 5116 oculum
662 5062 1012 5116 illumiuatom
1037 5062 1252 5128 cordis;
1282 5063 1422 5118 inter
1450 5063 1782 5134 refrigerium
1805 5067 2025 5119 castita-

416 5154 485 5206 tis
509 5194 525 5213 .
563 5164 617 5206 et
655 5152 925 5206 ﬂammam
955 5153 1228 5219 libidinis;
1259 5153 1400 5209 inter
1420 5155 1764 5219 securitatem
1795 5157 1941 5225 Spei,
1971 5165 2026 5208 et

417 5246 668 5306 timorem
697 5243 971 5300 facinoris.
1004 5244 1138 5300 Cum
1171 5246 1363 5301 viderit
1389 5248 1522 5314 hoc,
1553 5247 1823 5302 discernat
1853 5264 1943 5312 se,
1971 5261 2024 5302 et

416 5335 556 5389 lavet
584 5350 775 5389 manus
802 5353 927 5389 snas
957 5336 1008 5390 in
1033 5337 1495 5407 sanguineipsius.
1522 5337 1770 5392 Proficiat
1790 5355 1854 5391 ex
1874 5355 2021 5393 com-

414 5427 694 5496 paratione
715 5467 730 5489 ,
779 5437 835 5480 et
875 5427 1020 5481 dicat
1040 5467 1055 5490 ,
1099 5426 1239 5499 Ergo
1278 5440 1353 5482 est
1375 5433 1570 5498 fructus
1588 5432 1732 5496 justo
1760 5446 1778 5482 :
1805 5446 1924 5499 ergo
1952 5441 2022 5482 est

412 5517 556 5572 Deus
574 5519 819 5587 judicans
849 5535 933 5573 eos
961 5519 1170 5573 interra
1202 5535 1219 5574 :
1248 5519 1484 5574 nondum
1511 5521 1563 5574 in
1597 5521 1685 5574 illa
1710 5523 1814 5574 vita
1841 5563 1855 5585 ,
1892 5537 2024 5574 nou-

411 5611 543 5664 dum
586 5611 638 5664 in
685 5611 808 5679 igne
835 5622 1072 5677 :cterno,
1106 5613 1340 5665 nondum
1368 5613 1508 5682 apud
1538 5613 1737 5667 inferos
1763 5655 1778 5677 ,
1811 5615 1903 5668 sed
1937 5614 2024 5667 hic

412 5703 468 5754 in
512 5710 674 5754 terra.
719 5700 855 5755 Ecce
897 5703 1048 5757 dives
1089 5704 1179 5757 ille
1226 5705 1403 5759 adhuc
1446 5704 1688 5759 induitur
1707 5721 1940 5775 purpura
1971 5717 2023 5760 et

413 5788 608 5862 bysso,
661 5801 716 5844 et
755 5791 930 5846 adhuc
965 5793 1212 5861 epulatur
1254 5795 1495 5864 qumidie
1529 5795 1829 5866 Splendide.
1874 5797 2019 5850 Non-

480 5904 496 5934 ³
529 5903 603 5955 Si;
623 5909 730 5954 MSS.
764 5911 807 5953 ιι
832 5905 940 5954 Ftltl,
971 5906 1058 5958 lwc
1082 5907 1201 5971 loco,
1225 5908 1458 5972 corporis,

3633 450 3734 510 σπι

2132 571 2261 625 dum
2295 572 2546 640 produxit
2587 569 3096 640 Spinas-rhamnns;
3132 569 3366 624 nondum
3403 568 3561 634 dicit,
3605 568 3731 622 Cru-

2130 664 2235 718 cior
2249 679 2300 717 ιη
2314 665 2408 716 liae
2427 666 2636 732 ﬂamma
2652 662 2802 731 (Lac.
2831 679 2938 728 xvi,
2961 661 3047 730 l9,
3064 661 3157 733 2i)
3178 682 3192 717 :
3211 661 3304 737 sed
3313 664 3421 732 jam
3438 670 3521 717 est
3541 660 3733 715 mentis

2129 755 2344 808 etc-citas
2365 795 2380 819 ,
2421 754 2532 823 jam
2575 753 2762 808 oculus
2793 743 2988 809 mentis
3017 755 3314 808 exstinctus
3344 760 3445 806 est.
3476 751 3534 806 Si
3563 765 3735 806 οπως

2128 847 2300 900 Oculis
2326 847 2504 900 carnis
2529 845 2594 900 ad
2624 859 2863 900 mensam
2892 861 3043 900 suam
3062 845 3355 913 quamlibet
3372 844 3608 915 opimam
3629 841 3736 896 dis-

2131 937 2408 990 cumberet
2440 977 2455 1000 ,
2503 937 2759 992 miserum
2802 953 2925 990 eum
2967 937 3176 990 diceres
3223 938 3441 1010 :caecus
3475 933 3732 997 interius,

2132 1043 2328 1096 panem
2368 1025 2639 1082 Christum
2684 1044 2790 1082 non
2831 1029 3010 1094 videt,
3038 1037 3093 1082 et
3133 1029 3320 1081 beatus
3345 1027 3470 1104 est?
3497 1025 3609 1080 Hoc
3634 1040 3735 1078 non

2131 1118 2263 1172 dicit
2305 1119 2405 1172 nisi
2444 1119 2644 1188 pariter
2682 1132 2874 1172 czecus.
2918 1116 3054 1188 Ergo
3095 1128 3167 1171 cst
3194 1117 3546 1187 {raetusjnsto
3577 1129 3598 1169 :
3623 1128 3736 1184 ergo

2131 1219 2204 1264 est
2231 1208 2371 1264 Deus
2384 1210 2628 1277 judicans
2658 1196 2742 1263 eos
2771 1211 2823 1263 in
2848 1221 3004 1263 terra.

2201 1300 2295 1355 25.
2324 1301 2377 1355 Si
2410 1300 2679 1370 aliquanto
2718 1301 3037 1371 prolixiores
3083 1299 3278 1352 fuimus
3299 1341 3314 1359 ,
3351 1298 3474 1351 date
3505 1296 3735 1351 veniam.

2132 1391 2495 1446 Exhortamur
2523 1407 2619 1447 vos
2649 1391 2704 1446 in
2731 1393 2951 1447 nomine
2978 1391 3198 1456 Christi,
3220 1402 3279 1444 ut
3301 1390 3420 1444 'hzec
3438 1404 3561 1458 qua:
3587 1386 3738 1440 audi-

2130 1482 2250 1547 stis,
2274 1481 2339 1536 ad
2365 1481 2593 1537 fructum
2614 1482 2882 1551 cogitetis.
2905 1481 3040 1550 Quia
3065 1491 3120 1536 ct
3147 1481 3438 1551 prtetlicare
3464 1477 3738 1532 veritatem

2130 1572 2265 1627 nihil
2292 1585 2375 1629 est
2399 1615 2415 1639 ,
2445 1574 2490 1628 si
2519 1588 2618 1628 cor
2645 1592 2675 1628 a
2701 1573 2882 1643 lingua
2909 1573 3223 1638 dissentiat;
3253 1583 3305 1624 et
3331 1570 3516 1625 audire
3546 1567 3742 1624 verita-

2132 1672 2238 1718 tem
2263 1705 2278 1728 ,
2307 1664 2438 1717 nihil
2470 1664 2709 1733 prodest,
2742 1665 2786 1719 si
2820 1664 2981 1719 homo
3008 1681 3114 1720 non
3144 1680 3308 1735 super
3335 1677 3538 1735 petram
3569 1665 3737 1720 aditi-

2129 1763 2232 1808 Cct.
2262 1754 2363 1822 Qui
2394 1754 2623 1809 ardilicat
2664 1770 2826 1825 super
2856 1765 3060 1827 petram
3084 1797 3100 1820 .
3131 1758 3244 1827 ipse
3270 1767 3352 1811 est
3389 1758 3479 1827 qui
3509 1757 3659 1811 audit
3687 1766 3739 1812 et

2131 1843 2257 1898 facit
2298 1865 2313 1899 :
2357 1846 2447 1916 qui
2491 1856 2669 1901 autem
2700 1849 2847 1902 audit
2876 1857 2928 1902 et
2983 1863 3088 1902 non
3137 1848 3292 1914 facit,
3322 1849 3544 1902 :edilieat
3578 1861 3738 1918 super

2129 1952 2346 1990 arenam
2377 1936 2395 2007 (
2419 1936 2605 1991 Matth.
2629 1952 2727 2000 vti,
2755 1939 2846 2004 εει,
2870 1937 2980 2008 26)
3007 1955 3021 1991 :
3047 1940 3137 2010 qui
3165 1954 3265 1993 nec.
3287 1939 3432 1992 audit
3456 1955 3553 1992 nec
3579 1938 3704 1993 facit
3721 1979 3736 2002 ,

2129 2027 2260 2102 nihil
2291 2027 2540 2083 aediﬁcat.
2585 2029 2691 2084 Sed
2720 2029 2992 2098 quomodo
3035 2031 3123 2099 qni
3169 2030 3593 2100 altililttzat‘super
3619 2045 3738 2084 are-

2131 2132 2255 2171 nam
2277 2157 2293 2183 ,
2329 2119 2536 2172 ruinam
2565 2118 2666 2172 sibi
2699 2120 2963 2182 :etlilicat;
2995 2120 3074 2174 sic
3118 2119 3206 2174 ille
3239 2122 3324 2188 qui
3379 2135 3483 2172 non
3514 2119 3740 2173 :cdiﬂcat

2130 2222 2293 2276 super
2311 2220 2538 2278 petram,
2565 2210 2812 2264 veniente
2838 2210 3020 2272 lluvio.
3047 2209 3164 2265 sine
3191 2211 3349 2264 domo
3376 2211 3596 2278 rapitur.
3625 2209 3738 2281 Ντιιι

2130 2308 2215 2352 est
2242 2301 2385 2369 quod
2434 2300 2648 2367 facere,
2681 2300 2781 2354 nisi
2824 2311 2882 2356 et
2931 2299 3200 2360 aediﬁcare
3245 2310 3300 2355 et
3343 2315 3505 2371 super
3534 2304 3740 2372 petram

2131 2393 2431 2460 aediﬁcante;
2466 2395 2516 2449 id
2537 2404 2639 2458 est,
2664 2406 2718 2450 et
2746 2396 2932 2449 audire
2957 2393 3230 2451 etfacere.
3266 2395 3374 2450 Nec
3393 2396 3534 2448 alius
3555 2395 3695 2449 dicat
3722 2411 3736 2447 :

2132 2475 2327 2556 litqnid
2372 2487 2602 2556 procedo
2640 2489 2707 2543 ad
2754 2489 3083 2546 ecclesiam?
3127 2505 3251 2548 ecce
3282 2491 3372 2559 qni
3402 2488 3639 2559 quotidie
3675 2487 3742 2543 ad

2131 2580 2413 2634 ecclesiam
2443 2580 2775 2648 procedunt,
2812 2597 2919 2634 non
2970 2581 3166 2636 iaciunt
3192 2580 3332 2654 quod
3361 2580 3602 2634 audiunt.
3639 2579 3745 2634 Fav

2131 2671 2280 2724 ciunt
2303 2681 2479 2725 tamen
2507 2680 2566 2725 ut
2590 2671 2808 2725 audiant
2833 2714 2846 2736 ,
2880 2673 2962 2726 sic
2985 2669 3412 2742 possunt-faccre
3443 2680 3498 2724 ut
3524 2671 3744 2726 audiant

2131 2772 2185 2816 et
2212 2759 2410 2814 faciant
2439 2779 2452 2814 :
2488 2771 2543 2816 tu
2571 2775 2749 2818 autem
2796 2773 3053 2831 quantum
3101 2763 3260 2834 longe
3304 2779 3421 2824 csa
3450 2762 3703 2817 faciendo
3727 2805 3744 2828 ,

2131 2854 2219 2923 qui
2254 2864 2455 2907 tantum
2487 2853 2629 2924 fugis
2652 2853 2720 2910 ab
2746 2855 3050 2910 audiendo?
3079 2854 3183 2910 Sed
3224 2872 3323 2925 ego
3349 2897 3364 2917 ,
3399 2856 3609 2926 inquit,
3637 2869 3744 2913 non

2129 2945 2341 3000 :cdilico
2386 2961 2548 3016 super
2571 2963 2811 3002 arenam.
2845 2947 3057 3003 Nudum
3089 2959 3140 3004 te
3168 2949 3484 3004 inventurus
3525 2959 3610 3002 est
3639 2946 3744 3002 ﬂu-

2133 3043 2246 3096 vius
2280 3058 2292 3095 :
2324 3042 2745 3113 numquididu-o
2776 3056 2828 3099 te
2859 3058 2965 3098 non
3010 3043 3286 3098 ablaturus
3313 3043 3435 3097 est?
3483 3042 3742 3112 numquid

2131 3133 2252 3189 ideo
2283 3135 2462 3204 pluvia
2512 3123 2623 3189 non
2667 3135 2912 3193 necabit?
2955 3134 3214 3205 nuntio-uid
3265 3134 3407 3189 venti
3458 3145 3742 3204 propterea

2132 3241 2236 3292 non
2269 3226 2536 3294 abripient
2557 3227 2745 3294 llirgo
2777 3226 2982 3280 veniam
3015 3234 3068 3280 et
3095 3225 3328 3280 audiam.
3362 3225 3468 3281 Sed
3492 3239 3620 3279 cum
3648 3241 3742 3277 au-

2128 3317 2314 3383 diet'is,
2346 3318 2450 3371 lac.
2481 3317 2614 3372 Nam
2643 3317 2689 3371 si
2714 3318 2970 3384 audieris,
2999 3327 3055 3372 et
3082 3324 3188 3371 non
3219 3315 3432 3381 feceris,
3463 3316 3741 3371 azdilicasti

2127 3408 2343 3480 quidem
2369 3452 2383 3468 .
2415 3408 2510 3464 sed
2556 3423 2716 3477 super
2745 3423 2988 3464 arenam.
3030 3408 3167 3474 Quia
3203 3423 3331 3476 ergo
3361 3411 3477 3461 sine
3515 3406 3741 3461 ardilicio

2129 3499 2402 3553 Constituti
2426 3539 2442 3562 ,
2472 3497 2596 3552 nudi
2639 3514 2823 3553 sumus
2849 3541 2866 3566 ,
2895 3498 2948 3552 in
2976 3498 3208 3553 mdiﬁcio
3233 3510 3410 3552 autem
3438 3513 3602 3567 super
3626 3513 3740 3553 are-

2129 3607 2254 3647 nam
2276 3593 2458 3659 .positn
2485 3592 2586 3648 sub
2612 3593 2766 3647 ruina
2810 3608 3024 3656 sumus;
3066 3602 3230 3647 restat
3263 3602 3320 3646 ut
3348 3606 3511 3662 super
3535 3602 3737 3662 petram

2130 3671 2488 3746 azditicemus,
2516 3690 2573 3736 et
2598 3682 2742 3752 quod
2770 3682 3071 3738 audivimus
3098 3680 3375 3736 faciamus.

2549 3849 2631 3910 ΙΝ
2673 3848 3056 3912 PSALMUM
3086 3850 3298 3911 LVIII

2723 3949 3146 4006 ENARBATIO.

2770 4055 2942 4095 sentio
2972 4057 2987 4095 ι
3029 4039 3128 4113 (η).

2585 4130 2667 4185 De
2690 4133 2855 4199 prima
2883 4141 3027 4199 parte
3058 4129 3280 4184 Psalmi.

2205 4243 2255 4299 Ι.
2291 4242 2444 4315 [rem
2488 4242 2566 4315 1.]
2606 4243 2756 4298 Sicut
2783 4244 2922 4298 διιιθι
2951 4243 3225 4313 Scriptura
3261 4243 3593 4299 Psalmorum
3628 4261 3738 4320 my.

2130 4335 2292 4389 steria
2316 4337 2369 4388 in
2402 4334 2569 4388 titulis
2598 4348 2822 4403 ponere,
2846 4346 2900 4390 et
2928 4334 3156 4389 frontem
3191 4333 3385 4389 Psalnti
3414 4337 3742 4392 sublimitate

2130 4429 2451 4481 sacramenti
2481 4425 2763 4488 decorare,
2799 4437 2856 4481 ut
2881 4426 3114 4482 sciamus
3139 4428 3227 4497 qui
3256 4428 3500 4483 intraturi
3529 4447 3742 4494 sumus.

2130 4532 2250 4571 cum
2285 4503 2534 4586 ttinqnam
2562 4533 2724 4584 super
2763 4527 2970 4587 postem
3003 4518 3130 4587 quid
3162 4519 3302 4572 intus
3330 4529 3519 4588 agatur
3547 4519 3745 4591 legeri-

2131 4621 2273 4675 mus,
2300 4612 2381 4664 vel
2403 4610 2555 4678 cujus
2581 4609 2771 4664 domus
2799 4611 2888 4674 sit,
2912 4610 2999 4664 vel
3027 4611 3272 4680 quisnam
3293 4611 3362 4664 sit
3389 4612 3531 4665 illius
3555 4613 3748 4680 prwdii

2132 4717 2412 4770 possessor
2438 4717 2452 4754 :
2485 4703 2554 4756 ita
2582 4716 2636 4756 ct
2663 4703 2714 4754 in
2746 4702 2846 4756 hoe
2874 4699 3080 4770 psalmo
3106 4704 3338 4772 scriptos
3361 4714 3440 4759 est
3470 4707 3656 4760 titulus
3673 4705 3751 4761 de

2132 4793 2304 4846 titulo.
2341 4792 2509 4846 liabet
2535 4793 2676 4846 enim
2697 4834 2711 4855 ,
2742 4790 2806 4846 In
2837 4795 3009 4862 finem.
3040 4811 3104 4847 ne
3123 4785 3419 4864 corrumpas
3445 4797 3542 4866 ipsi
3577 4796 3750 4852 David

2130 4885 2181 4936 in
2211 4883 2343 4936 tituli
2369 4884 2770 4954 inscriptionem.
2806 4883 2919 4939 Hoc
2967 4894 3050 4938 est
3095 4887 3238 4954 quod
3281 4885 3390 4939 dixi
3420 4929 3435 4950 ,
3466 4888 3652 4943 titulus
3677 4889 3753 4945 de

2131 4974 2309 5028 titulo.
2339 4975 2596 5042 Quasnam
2619 4974 2765 5030 enim
2811 4975 2878 5028 sit
2921 4975 3057 5028 tituli
3093 4978 3248 5042 hujus
3276 4978 3552 5046 inseriptio
3583 4995 3754 5048 quant

2130 5067 2401 5134 corrumpi
2430 5073 2610 5132 vetat,
2643 5063 2994 5134 Evangelium
3023 5067 3176 5122 nobis
3205 5067 3423 5123 indicat.
3454 5069 3591 5124 Nam
3620 5085 3756 5125 cum

2131 5155 2394 5211 Dominus
2420 5155 2844 5226 crucifigeretur,
2875 5158 3056 5212 titulus
3086 5159 3374 5227 inscriptus
3397 5174 3484 5216 est
3510 5179 3540 5214 a
3572 5162 3757 5219 Pilato

2129 5256 2183 5300 et
2217 5247 2419 5315 positus
2442 5289 2456 5310 ,
2492 5247 2604 5302 Rea:
2645 5245 2946 5302 ludam-um
2972 5291 2986 5312 ,
3021 5249 3191 5303 tribus
3240 5251 3456 5325 linguis,
3483 5255 3701 5308 hebraea
3731 5296 3758 5323 ,

2128 5350 2300 5406 grteca
2325 5378 2340 5401 ,
2372 5347 2426 5391 et
2457 5338 2615 5391 latina
2646 5337 2795 5408 (Luc.
2843 5355 2974 5393 xxm
3000 5379 3016 5401 ,
3047 5340 3153 5410 38)
3189 5359 3202 5394 :
3235 5357 3355 5409 qua:
3405 5342 3600 5413 lingua
3633 5355 3764 5402 toto

2130 5431 2261 5486 orbe
2288 5431 2519 5488 tnaxime
2546 5433 2836 5489 excellunt.
2869 5434 3032 5504 igitur
3061 5435 3105 5489 si
3153 5452 3247 5490 rex
3276 5436 3586 5492 Judaeorum
3613 5454 3763 5496 cru-

2129 5521 2324 5578 ciﬁxus
2351 5535 2432 5579 est
2455 5565 2472 5589 ,
2502 5533 2559 5578 et
2581 5523 2752 5578 Judaei
2777 5539 2956 5594 regem
2987 5541 3144 5578 suum
3173 5512 3589 5594 cniciliserunt;
3616 5545 3767 5585 cru-

2127 5613 2395 5685 ciligendo
2420 5629 2543 5669 eum
2572 5615 2736 5671 etiam
2766 5628 2950 5686 regem
2983 5616 3231 5671 Gentium
3261 5615 3500 5673 fecerunt
3527 5662 3542 5685 ,
3575 5623 3768 5690 magis

2129 5721 2289 5775 quam
2319 5705 2652 5760 occiderunt.
2686 5706 2763 5774 Et.
2790 5707 3004 5777 quidem
3049 5721 3305 5772 quantum
3357 5711 3408 5764 in
3460 5709 3565 5766 illis
3595 5715 3702 5767 fuit
3737 5751 3760 5780 ,

2131 5797 2481 5868 perdiderunt
2505 5796 2780 5852 Christum
2801 5841 2816 5864 ,
2848 5797 2943 5859 sed
2975 5799 3073 5852 sibi
3101 5839 3115 5861 ,
3150 5816 3259 5854 non
3291 5802 3478 5866 nobis;
3510 5810 3563 5857 et
3595 5815 3768 5860 mor—

2197 5913 2274 5977 (τι)
2307 5913 2503 5964 Habitus
2525 5921 2962 5978 postcoauzertum
2983 5914 3160 5980 Pelagii
3187 5929 3428 5980 errorem,
3466 5932 3528 5969 ex
3555 5931 3604 5966 ιι.
3635 5919 3731 5972 ιι).
