3968 6330
503 373 604 428 695

499 500 569 541 ris-
600 486 727 544 suis,
762 483 982 553 Sangut‘s
1010 481 1116 547 ejus
1147 494 1300 544 super
1331 492 1443 538 nos,
1471 479 1517 527 et
1545 488 1698 543 super
1724 471 1858 540 filios
1887 479 2084 523 nostros

498 578 710 632 t.lluttlt.
742 573 1015 635 xxvu.%,
1042 570 1157 630 ‘25).
1187 567 1293 623 Sed
1326 581 1424 620 nec
1449 566 1500 619 iu
1531 564 1648 632 ejus
1676 576 1871 629 corpus
1896 573 2088 612 exsur-

492 684 621 738 {ere
653 669 748 720 viri
777 666 1092 735 sanguinum
1120 669 1488 720 cessaverunt,
1526 670 1647 709 nam
1673 662 1728 709 et
1760 661 1880 722 post
1907 665 2092 706 resur-

492 762 789 813 rectionem
853 755 1332 820 ascensionemque
1394 747 1635 812 Christi,
1691 743 2092 813 persecutiones

496 863 653 917 passa
683 861 766 901 est
799 846 1030 900 Ecclesia
1063 861 1077 905 ;
1129 853 1185 896 et
1212 843 1297 896 illa
1329 839 1540 910 quidem
1572 836 1744 906 primo
1772 849 1891 903 qute
1933 832 2088 887 efllo-

497 939 606 994 rnit
643 939 713 992 de
741 947 900 1007 gente
927 935 1231 990 Judreorum
1259 973 1272 994 ,
1303 931 1372 987 de
1415 944 1518 999 qua
1550 939 1604 982 et
1631 925 1870 996 Apostoli
1919 922 2090 979 nostri

498 1029 734 1087 fuerunt.
769 1029 841 1082 lbi
877 1028 1047 1095 primo
1075 1023 1377 1092 Stephanus
1420 1020 1683 1090 lapidatus
1711 1027 1792 1070 est
1823 1016 1955 1079 (Act.
1991 1031 2088 1073 vn,

501 1121 647 1190 58),
697 1129 751 1174 et
796 1118 934 1188 quod
982 1116 1269 1169 vocabatur
1316 1111 1539 1180 accepit.
1595 1107 1899 1178 Stephanus
1947 1106 2090 1159 enim

501 1215 710 1269 Corona
741 1212 955 1267 dicitur.
1009 1209 1288 1263 liumiliter
1316 1205 1610 1276 lapidatus,
1650 1202 1746 1257 sed
1787 1198 2091 1254 sublimiter

496 1317 803 1361 Coronatus.
855 1302 1054 1358 Deinde
1102 1302 1154 1354 in
1184 1299 1444 1355 Gentibus
1471 1301 1889 1352 exsurrexerunt
1927 1304 2089 1357 regna

495 1398 769 1461 Gentium,
792 1404 1074 1464 antequam
1102 1393 1154 1447 in
1176 1395 1255 1447 eis
1280 1389 1592 1459 impleretur
1611 1385 1752 1455 quod
1776 1382 2088 1452 prtedictum

495 1498 634 1551 erat,
663 1487 958 1542 Adorabunt
985 1501 1098 1538 eum
1128 1499 1301 1538 omnes
1327 1497 1468 1551 reges
1496 1490 1684 1541 terra;
1723 1491 1895 1529 omnes
1923 1483 2093 1545 gentes

495 1581 710 1634 senieut
739 1580 785 1634 ei
810 1577 984 1648 (Psal.
1013 1594 1157 1640 uti,
1194 1576 1282 1647 11)
1313 1590 1327 1629 ;
1356 1584 1410 1628 et
1437 1571 1650 1627 fremuit
1680 1570 1911 1638 impetus
1941 1567 2090 1637 regni

496 1671 643 1724 illius
687 1670 944 1724 adversus
981 1678 1144 1722 testes
1169 1665 1366 1721 Christi
1391 1681 1406 1726 ;
1434 1662 1634 1718 effusus
1664 1671 1744 1714 est
1775 1673 2000 1728 magnus
2039 1664 2092 1710 et

495 1762 700 1816 inultus
721 1769 1011 1831 martyrum
1036 1757 1252 1826 sanguis
1276 1775 1290 1809 :
1314 1771 1420 1824 quo
1443 1751 1636 1819 effuso,
1660 1761 1911 1820 tanquam
1933 1748 2094 1802 semi-

497 1863 622 1904 nata
674 1865 828 1920 seges
882 1848 1139 1904 Ecclesia:
1200 1845 1426 1900 fertilius
1483 1843 1779 1913 pullulavit,
1811 1850 1864 1895 et
1923 1849 2091 1893 totum

496 1941 784 2008 mundum,
812 1941 952 1995 sicut
979 1953 1121 1994 nunc
1147 1937 1528 2006 conSpicimus,
1557 1932 1863 2002 occupavit.
1899 1931 1982 1986 Ab
2009 1929 2092 1984 his

492 2050 629 2106 ergo
673 2034 803 2088 viris
848 2033 1165 2106 sanguinum
1211 2030 1416 2086 eruitur
1450 2027 1713 2089 Christus,
1764 2039 1869 2078 non
1919 2023 2092 2078 solum

478 2137 674 2198 caput,
707 2127 800 2182 sed
841 2127 1001 2182 etiam
1033 2117 1247 2194 corpus.
1291 2124 1334 2177 Α
1365 2122 1496 2175 viris
1533 2118 1850 2189 sanguinum
1890 2117 2094 2170 eruitur

491 2221 763 2287 Christus,
809 2230 864 2275 et
908 2221 988 2275 eis
1015 2219 1102 2288 qui
1137 2217 1370 2276 fuerunt,
1413 2222 1468 2268 et
1512 2213 1591 2268 eis
1629 2211 1719 2282 qui
1747 2220 1889 2275 sunt,
1935 2219 1987 2263 et
2016 2207 2094 2261 eis

496 2314 586 2382 qui
616 2311 773 2366 futuri
804 2319 950 2375 sunt,
979 2310 1185 2366 eruitur
1213 2308 1457 2362 Christus
1478 2347 1493 2370 ,
1526 2315 1581 2359 et
1606 2303 1695 2373 qui
1724 2302 2013 2371 praecessit,
2039 2309 2094 2353 et

496 2404 586 2474 qui
618 2414 721 2467 est,
751 2412 806 2456 et
829 2403 919 2473 qui
946 2410 1204 2456 venturus
1229 2412 1330 2455 eSt.
1359 2399 1604 2453 Christus
1642 2397 1786 2450 enim
1817 2403 1899 2449 est
1923 2403 2090 2446 totum

495 2511 696 2566 corpus
722 2493 920 2549 Christi
951 2512 964 2549 :
995 2501 1050 2547 et
1084 2493 1407 2562 quicumque
1437 2503 1576 2542 nunc
1620 2484 1896 2540 christiani
1941 2484 2088 2546 boni,

495 2598 552 2644 ct
581 2589 671 2658 qui
702 2596 825 2641 ante
865 2601 998 2650 nos,
1029 2596 1084 2640 et
1110 2584 1200 2653 qui
1247 2591 1366 2651 post
1413 2594 1510 2634 nos
1554 2577 1714 2632 futuri
1760 2585 1901 2638 sum,
1949 2583 2093 2629 totus

495 2678 744 2732 Christus
786 2677 993 2730 eruitur
1019 2689 1048 2726 a
1077 2674 1209 2728 viris
1252 2671 1609 2742 sanguionm;
1651 2682 1750 2722 nec
1779 2676 1931 2720 vacat
1978 2665 2093 2718 tunc

496 2783 623 2836 Vox,
662 2769 720 2822 Et
749 2787 780 2822 a
806 2768 926 2822 viris
949 2768 1254 2837 sanguinum
1281 2764 1475 2817 salvum
1505 2778 1584 2816 me
1610 2760 1712 2830 fac.

570 2862 620 2916 Β.
651 2859 817 2932 (vers.
843 2856 936 2929 4.]
980 2857 1112 2922 Quia
1152 2872 1266 2910 ecce
1307 2853 1471 2908 uenali
1498 2862 1613 2907 sunt
1641 2849 1864 2905 animam
1907 2863 2090 2900 inuam.

499 2952 793 3014 Potuerunt
841 2962 1060 3015 tenere,
1109 2955 1399 3020 potuerunt
1442 2945 1722 3006 occidere,
1767 2942 1931 2996 uenali
1974 2947 2092 2992 sunt

499 3045 722 3098 animam
765 3058 945 3097 meum.
984 3039 1090 3095 Sed
1112 3039 1216 3092 ubi
1254 3046 1370 3098 est,
1413 3033 1693 3104 Disrupisti
1740 3030 1942 3085 vincula
1979 3043 2092 3081 mea

497 3135 673 3205 (Psal.
702 3149 802 3188 cxv
821 3177 836 3195 ,
865 3131 1014 3203 46)?
1057 3130 1159 3186 Ubi
1195 3140 1313 3195 est,
1344 3127 1635 3196 Museipula
1661 3125 1968 3179 comminuta
1996 3131 2100 3187 est,

500 3237 547 3281 et
573 3243 665 3279 nos
695 3226 824 3278 eruti
855 3222 1075 3277 sumus?
1114 3221 1215 3276 Ubi
1239 3231 1324 3275 est
1343 3219 1486 3291 quod
1513 3217 1878 3273 benedicimus
1902 3215 2091 3278 Deum,

498 3318 586 3389 qui
611 3334 710 3370 non
742 3317 877 3369 dedit
909 3331 1000 3369 nos
1027 3315 1081 3368 in
1119 3312 1434 3368 uenationem
1458 3309 1689 3364 dentibus
1716 3323 1889 3361 eorum
1918 3304 2089 3373 (I’sal.

499 3425 682 3472 cxstu,
714 3409 766 3471 7,
792 3408 890 3477 6)?
921 3407 998 3461 illi
1026 3405 1241 3477 quidem
1271 3403 1446 3458 venati
1474 3409 1618 3468 sunt,
1648 3402 1742 3456 sed
1769 3400 1820 3454 in
1848 3398 2092 3454 manibus

497 3500 803 3554 venantium
837 3513 940 3551 nou
973 3497 1190 3551 dimittit
1225 3495 1315 3564 qui
1342 3493 1571 3548 custodit
1599 3491 1780 3547 Israel.
1818 3490 1951 3558 Quia
1977 3505 2092 3543 ecce

499 3592 662 3644 Wnati
703 3601 818 3644 sunt
861 3589 1083 3642 animum
1115 3604 1275 3641 meam
1301 3601 1318 3640 :
1346 3587 1601 3639 irruerunt
1627 3599 1779 3651 super
1807 3599 1886 3635 me
1914 3585 2090 3652 fortes.

498 3683 616 3738 Non
646 3687 928 3750 utcumque
957 3679 1339 3735 transeundum
1371 3687 1454 3732 est
1478 3677 1545 3729 ab
1576 3677 1659 3729 his
1685 3673 1911 3729 fortibus
1937 3692 1950 3727 :
1974 3671 2092 3727 diii-

499 3787 687 3845 xenter
730 3773 1103 3828 insinuandum
1135 3781 1220 3826 est
1249 3771 1335 3840 qui
1360 3771 1488 3822 sint
1528 3768 1692 3822 fortes
1736 3769 2092 3836 insurgentes.

500 3867 690 3921 Fortes
714 3908 727 3925 ,
759 3880 922 3932 super
947 3878 1101 3933 quos,
1136 3863 1235 3915 nisi
1265 3876 1426 3929 super
1454 3859 1718 3921 infirmos,
1747 3872 1909 3926 super
1940 3856 2091 3908 inra-

501 3956 660 4018 iidos,
691 3971 852 4023 super
879 3969 982 4007 non
1016 3952 1216 4007 fortes?
1256 3951 1324 4005 Et
1351 3949 1634 4003 laudantur
1664 3957 1844 4001 tamen
1871 3945 2089 4008 infirmi,

506 4060 562 4106 ct
588 4049 908 4104 damnantur
940 4047 1122 4102 fortes.
1153 4046 1208 4101 Si
1241 4043 1604 4114 intelligantur
1636 4040 1726 4112 qui
1756 4050 1882 4094 sunt
1904 4039 2092 4104 fortes,

503 4145 674 4216 primo
703 4145 875 4214 ipsum
905 4142 1178 4197 diabolum
1204 4140 1462 4195 Dominus
1487 4136 1676 4192 fortem
1703 4135 1838 4190 dixit
1863 4152 1878 4188 :
1905 4131 2091 4198 Nemo,

507 4238 698 4307 inquit,
733 4225 895 4306 potest
935 4236 1128 4287 intrare
1168 4233 1222 4286 in
1265 4231 1472 4285 domum
1517 4229 1684 4300 fortis,
1731 4236 1777 4281 et
1825 4244 1944 4281 vasa
1987 4228 2096 4296 ejus

504 4327 696 4397 eripere
717 4369 732 4392 ,
767 4326 864 4378 nisi
895 4325 1036 4394 prius
1075 4323 1356 4392 alligaverit
1398 4325 1578 4391 fortem
1617 4316 1831 4388 (Matth.
1857 4333 1952 4379 xu,
1978 4315 2092 4389 29).

503 4421 755 4490 Alligavit
782 4433 913 4487 ergo
954 4415 1144 4470 fortem
1173 4413 1400 4468 vinculis
1435 4409 1816 4466 dominationis
1850 4423 2000 4470 sum;
2047 4418 2097 4461 et

504 4526 628 4568 vasa
674 4511 792 4581 ejus
834 4510 1078 4579 arripuit,
1124 4523 1187 4561 ac
1230 4522 1354 4560 vasa
1402 4520 1498 4560 sua
1548 4503 1690 4559 fecit.
1741 4503 1910 4560 Erant
1955 4502 2096 4557 enim

503 4618 694 4658 omnes
739 4603 902 4671 iniqui
942 4615 1068 4654 vasa
1098 4599 1324 4661 diaboli,
1358 4597 1447 4668 qui
1489 4595 1773 4651 credentes
1813 4596 1934 4649 facti
1975 4602 2102 4648 sunt

505 4710 632 4748 vasa
680 4694 876 4748 Christi
924 4710 937 4746 :
985 4692 1178 4761 quibus
1205 4691 1491 4760 Apostolus
1537 4688 1687 4752 dicit,
1734 4686 1925 4742 Fuistis
1966 4688 2100 4740 enim

508 4787 782 4858 aliquando
811 4788 1055 4851 tenebrae,
1082 4801 1215 4838 nunc
1242 4792 1408 4836 autem
1438 4782 1529 4835 tua:
1553 4783 1609 4850 in
1635 4780 1853 4835 Domino
1882 4779 2097 4851 (Ephes.

509 4897 565 4941 v,
593 4879 681 4945 8),
710 4879 795 4950 qui
821 4887 965 4931 notas
997 4877 1113 4946 facit
1143 4876 1342 4928 divitias
1371 4890 1489 4928 snas
1517 4873 1570 4925 in
1596 4888 1717 4926 uasa
1745 4870 2104 4925 misericordiae

514 4970 690 5040 (Rom.
721 4987 794 5032 ιχ,
822 4968 937 5038 25).
967 4968 1198 5022 Possunt
1225 4982 1354 5036 ergo
1389 4966 1475 5019 isti
1513 4965 1682 5020 fortes
1723 4965 1963 5034 intelligi.
1995 4963 2099 5020 Sed

510 5071 636 5116 sunt
678 5061 730 5115 in
781 5059 1084 5113 hominibus
1129 5058 1344 5128 quidam
1395 5057 1556 5110 fortes
1602 5055 2005 5124 reprehensibili
2049 5065 2104 5110 et

510 5151 801 5207 damnabili
848 5149 1154 5216 fortitudine
1175 5190 1190 5213 ,
1221 5151 1308 5217 qui
1355 5155 1682 5217 przesumunt
1723 5147 1938 5216 quidem
1959 5187 1976 5211 ,
2007 5147 2100 5202 sed

512 5244 582 5298 de
614 5242 892 5310 temporali
921 5239 1191 5294 felicitate.
1221 5238 1335 5292 Non
1359 5239 1509 5292 vobis
1533 5238 1742 5291 videtur
1770 5237 1929 5290 fuisse
1952 5237 2101 5292 fortis

513 5336 666 5390 dives
691 5335 824 5398 iste,
854 5336 943 5401 qui
975 5346 1115 5385 nunc
1140 5346 1203 5385 ex
1237 5330 1523 5399 Evangelio
1554 5332 1807 5384 recitatos
1833 5339 1935 5393 est,
1967 5346 2102 5398 quo-

511 5428 656 5484 niam
683 5425 941 5480 successit
977 5425 1025 5477 ei
1057 5424 1205 5493 regio
1232 5425 1282 5477 in
1312 5424 1581 5494 opulentia
1624 5423 1932 5476 fructuum?
1974 5423 2099 5478 Per-

516 5516 762 5571 turbatus
789 5516 1070 5569 consilium
1116 5513 1500 5568 recondilionis
1538 5515 1740 5568 int-cuit
1759 5556 1776 5580 ,
1805 5526 1862 5568 ut
1889 5514 2106 5568 destru-

509 5609 618 5662 ctis
636 5605 906 5660 veteribus
926 5604 1223 5674 apothecis,
1252 5621 1416 5659 novas
1435 5615 1771 5660 construeret
1795 5606 2102 5674 ampliores,

513 5700 698 5765 eisque
737 5695 1039 5765 completis,
1086 5695 1279 5750 animat
1317 5711 1428 5751 suae
1465 5696 1708 5752 diceret:
1744 5696 1915 5750 [Iabes
1944 5698 2108 5750 multa

515 5788 685 5854 bona,
713 5789 926 5852 anima;
962 5787 1202 5857 epulare,
1240 5787 1560 5858 jucundare,
1595 5790 1781 5843 satiare
1809 5788 1826 5857 (
1851 5785 1973 5842 Luc.
2007 5802 2106 5856 xu,

1744 357 1802 412 ε.
1843 348 2210 411 AUGUSTI!"
2251 350 2551 408 EPISCOPI

3689 356 3794 413 696

2204 465 2415 538 16-19).
2445 466 2666 535 Qualem
2712 466 2901 522 fortem
2946 468 3138 525 rides?
3184 469 3316 524 Ecce
3357 470 3506 528 homo
3552 475 3638 538 qui
3691 491 3790 526 non

2197 547 2377 622 posuit.
2394 559 2559 615 Deum
2584 561 2870 629 adiutorem
2902 579 3050 616 suum
3069 606 3083 627 ,
3111 563 3201 616 sed
3228 565 3447 632 speravit
3473 565 3524 618 in
3557 565 3788 618 multitu-

2197 653 2315 706 dine
2341 653 2628 707 divitiarum
2655 671 2884 710 suarum.
2915 655 3048 711 Vide
3071 671 3227 726 quam
3258 655 3407 711 fortis
3428 657 3496 710 sit
3527 674 3541 711 :
3567 656 3632 710 Et
3657 672 3791 726 pnt-

2196 745 2376 803 oaluit,
2406 744 2594 813 inquit,
2622 747 2674 798 in
2702 746 2921 799 vanitate
2949 764 3042 800 sua
3070 745 3244 815 (Psal.
3272 763 3339 810 LI,
3369 748 3444 819 9).

2268 835 2324 888 7.’
2351 835 2487 890 Suut
2510 845 2564 888 et
2592 835 2677 889 alii
2708 835 2872 890 fortes
2890 880 2904 901 ,
2933 852 3039 891 non
3067 839 3134 892 de
3161 838 3359 893 divitiis
3377 881 3392 905 ,
3427 854 3532 893 non
3564 839 3631 894 de
3658 839 3784 893 viri-

2198 925 2297 980 bus
2322 929 2599 995 corporis.
2629 943 2733 982 non
2773 928 2840 982 de
2879 928 3057 999 aliqua
3097 930 3148 982 in
3189 939 3431 999 tempore
3463 931 3783 1000 prmeellenti

2197 1017 2433 1084 potentia
2458 1015 2748 1085 dignitatis,
2781 1017 2873 1072 sed
2907 1028 3287 1088 praesumentes
3313 1019 3382 1076 de
3416 1022 3622 1090 justitia
3661 1037 3777 1076 sua.

2196 1103 2310 1159 lloc
2337 1121 2507 1176 genus
2535 1106 2752 1162 fortium
2783 1109 3100 1175 cavendum,
3133 1111 3497 1179 metuendum,
3532 1128 3781 1168 aversan-

2196 1194 2347 1258 dum,
2378 1213 2484 1250 non
2512 1198 2821 1254 imitandum
2857 1217 2871 1252 ε
2911 1203 3375 1270 ρταξδυπιεηιίυηι,
3409 1205 3657 1275 inquam,
3684 1223 3786 1260 non

2198 1285 2264 1341 de
2289 1301 2542 1357 corpore,
2578 1305 2684 1345 non
2720 1289 2788 1346 de
2815 1292 3006 1360 epibus
3027 1333 3044 1359 ,
3077 1309 3183 1348 non
3229 1293 3295 1348 de
3322 1310 3556 1365 genere,
3588 1313 3694 1350 non
3720 1298 3785 1352 dc

2199 1380 2437 1447 honore;
2467 1383 2644 1436 omnia
2671 1383 2814 1440 enim
2848 1387 2945 1440 ista
2980 1388 3099 1455 quis
3125 1403 3228 1442 non
3255 1388 3432 1444 videat
3455 1391 3786 1460 temporalia,

2198 1469 2337 1524 ﬂuxa
2355 1512 2371 1538 ,
2398 1472 2619 1536 caduca,
2651 1475 2876 1530 volatiea
2899 1476 2924 1528 ἳ
2952 1469 3512 1547 sed'pmsumentbun
3533 1482 3606 1538 de
3626 1481 3785 1554 justi-

2200 1564 2270 1617 tia
2295 1579 2409 1618 sua.
2438 1564 2584 1620 Talis
2607 1565 2862 1620 fortitudo
2897 1568 3172 1639 impedivit
3197 1569 3411 1628 indutos
3434 1588 3504 1629 ne
3529 1587 3626 1644 per
3653 1573 3790 1632 fora-

2200 1670 2321 1710 men
2352 1671 2479 1709 acus
2511 1657 2776 1713 intrarent
2801 1660 2820 1728 (
2843 1659 3026 1714 Matth.
3059 1677 3149 1716 xix
3171 1705 3185 1728 ,
3212 1662 3338 1735 21).
3381 1664 3510 1721 Cum
3541 1669 3684 1722 enim
3728 1669 3792 1722 de

2198 1761 2258 1800 se
2285 1756 2616 1814 pra‘sumunt
2653 1749 2794 1818 quod
2833 1751 2961 1820 justi
3005 1752 3146 1819 sint,
3174 1761 3228 1807 et
3260 1764 3505 1826 tanquam
3537 1757 3651 1811 sani
3694 1758 3790 1812 sibi

2197 1837 2478 1903 videntur,
2512 1839 2831 1895 medicinam
2863 1852 3276 1910 recusaverunt,
3312 1858 3367 1900 et
3399 1847 3570 1916 ipsum
3619 1851 3791 1904 medi-

2199 1943 2320 1982 cum
2365 1941 2709 1985 necaverunt.
2759 1932 2918 1988 Tales
2960 1948 3090 2006 ergo
3135 1936 3334 2003 fortes,
3381 1953 3486 1994 non
3527 1940 3789 2008 infirmos,

2201 2037 2308 2075 non
2337 2023 2482 2077 venit
2509 2039 2701 2080 vocare
2730 2028 2818 2097 qui
2862 2029 2994 2082 dixit
3025 2046 3040 2083 :
3071 2027 3192 2084 Non
3225 2041 3297 2086 est
3324 2048 3447 2102 opus
3471 2035 3610 2087 sanis
3635 2035 3793 2090 medi.

2199 2130 2319 2181 cus,
2348 2115 2435 2169 sed
2461 2116 2594 2169 male
2622 2118 2934 2173 habentibus.
2967 2119 3090 2175 Non
3129 2123 3246 2177 ueni
3270 2138 3445 2180 uocare
3475 2126 3642 2196 justas
3660 2166 3675 2190 ,
3705 2128 3792 2180 sed

2200 2217 2485 2274 peccatores
2511 2210 2564 2261 in
2595 2212 2956 2278 paenitentiam.
2991 2212 3080 2268 Isti
3114 2225 3269 2269 erant
3297 2218 3462 2274 fortes
3500 2218 3593 2286 qui
3623 2219 3792 2274 insul—

2201 2300 2387 2353 tabant
2414 2301 2686 2370 discipulis
2718 2303 2936 2367 Christi,
2965 2307 3089 2374 quia
3118 2306 3371 2377 magister
3397 2322 3584 2364 eorum
3612 2308 3677 2363 ad
3710 2313 3778 2364 iu-

2201 2391 2384 2447 tirmos
2408 2394 2658 2458 intrabat,
2684 2404 2739 2450 et
2767 2397 3151 2453 convivabatur
3177 2413 3301 2453 cum
3331 2399 3574 2453 infirmis.
3601 2401 3788 2470 Quare,

2204 2484 2468 2552 inquiunt,
2493 2487 2733 2555 magister
2754 2499 2912 2541 vester
2934 2506 3046 2541 cum
3073 2489 3359 2561 publicanis
3381 2500 3427 2544 et
3448 2493 3793 2561 peccatoribus

2199 2575 2514 2644 manducat(
2547 2575 2634 2630 Id.
2680 2593 2764 2642 ix,
2815 2578 3054 2650 11-15)?
3095 2579 3139 2635 Ο
3191 2579 3358 2636 fortes
3409 2581 3601 2653 quibus
3625 2585 3789 2640 medio

2200 2681 2295 2722 cus
2335 2681 2468 2737 epus
2497 2684 2601 2724 non
2648 2673 2772 2724 est!
2816 2669 3099 2727 Fortitudo
3137 2673 3236 2727 ista
3268 2672 3373 2728 non
3405 2675 3650 2734 sanitatis
3685 2689 3788 2744 est,

2199 2759 2294 2814 sed
2329 2759 2571 2815 insanire.
2600 2763 2732 2816 Nam
2763 2775 2817 2818 et
2848 2764 3169 2834 phreneticis
3199 2765 3329 2821 nihil
3359 2767 3579 2836 fortius,
3607 2771 3791 2827 valens

2200 2850 2363 2905 tiores
2407 2861 2531 2905 sunt
2568 2855 2756 2907 sanis:
2790 2855 2881 2909 sed
2914 2865 3113 2924 quanto
3160 2858 3395 2927 majores
3436 2860 3596 2927 vires,
3643 2871 3792 2917 tanto

2199 2957 2346 2998 mors
2373 2943 2615 2998 vicinior.
2649 2947 2868 3000 Avertat
2898 2963 3027 3017 ergo
3071 2949 3208 3006 Deus
3254 2950 3322 3005 ab
3365 2951 3659 3008 imitatione
3692 2970 3790 3008 no-

2197 3043 2306 3088 stra
2339 3034 2504 3090 fortes
2533 3037 2682 3091 istos.
2715 3037 3032 3094 Timendum
3062 3051 3147 3096 est
3175 3041 3317 3096 enim
3351 3058 3419 3099 ne
3444 3059 3541 3100 eos
3564 3045 3793 3117 quisque

2199 3127 2323 3180 velit
2368 3125 2584 3183 imitari.
2645 3130 2844 3185 Doctor
2893 3144 3071 3188 autem
3127 3132 3472 3202 humilitatis,
3524 3139 3791 3209 particeps

2201 3226 2401 3272 nostm
2428 3219 2773 3286 infirmitatis,
2800 3221 3007 3277 donans
3031 3225 3492 3296 participationem
3523 3217 3634 3285 sua:
3657 3229 3793 3286 diri-

2199 3310 2413 3376 nitatis,
2447 3311 2513 3365 ad
2561 3312 2662 3368 hoc
2703 3312 3038 3371 descendens
3077 3326 3134 3370 ut
3175 3317 3314 3372 viam
3358 3318 3575 3376 doceret
3613 3330 3668 3376 et
3705 3323 3791 3378 via

2198 3399 2351 3456 ﬁeret
2379 3400 2559 3474 (Joan.
2589 3418 2699 3468 xw,
2730 3403 2838 3475 6),
2871 3408 3100 3461 maxime
3128 3422 3277 3462 suam
3309 3409 3661 3468 humilitatem
3692 3430 3787 3467 uo-

2197 3492 2281 3547 bis
2309 3495 2685 3550 commendare
2714 3497 2963 3566 dignalus
2993 3507 3113 3563 est;
3143 3507 3198 3554 et
3228 3499 3348 3554 ideo
3373 3516 3402 3556 a
3430 3515 3588 3555 servo
3613 3502 3789 3572 bapti-

2197 3586 2307 3640 zari
2336 3601 2444 3641 non
2471 3586 2787 3657 dedignatus
2813 3598 2897 3643 est
2929 3589 3139 3659 (Matth.
3171 3606 3245 3655 ut,
3278 3592 3392 3660 13).
3421 3601 3481 3649 ut
3510 3607 3608 3649 nos
3632 3594 3792 3649 duce-

2196 3687 2282 3733 ret
2324 3679 2567 3734 contitcri
2616 3690 2829 3750 peccata
2882 3691 3080 3748 nostra,
3127 3695 3182 3738 et
3228 3685 3481 3739 intirmari
3522 3697 3579 3740 ut
3624 3687 3790 3742 fortes

2197 3770 2385 3835 simus,
2409 3769 2608 3825 habere
2630 3772 2806 3841 potius
2827 3773 3065 3841 Apostoli
3089 3789 3271 3829 vocem
3296 3775 3542 3845 dicentis,
3573 3779 3792 3845 Quando

2197 3861 2450 3929 inﬁrmor,
2480 3870 2596 3915 tunc
2623 3873 2798 3931 potem
2826 3880 2940 3917 sum
2970 3864 3046 3934 (11
3072 3864 3188 3918 Cor.
3214 3883 3321 3933 xu,
3347 3867 3466 3935 10).
3510 3869 3790 3936 Quomodo

2199 3968 2329 4022 ergo
2371 3954 2540 4008 noluit
2582 3969 2703 4009 esse
2747 3954 2920 4009 fortis.
2971 3955 3059 4010 Isti
3101 3967 3280 4012 autem
3316 3959 3414 4029 qui
3466 3957 3633 4016 fortes
3671 3977 3794 4016 esse

2198 4032 2502 4108 voluerunt,
2533 4044 2585 4100 id
2618 4054 2720 4113 est,
2763 4047 2852 4115 qui
2881 4046 2950 4101 de
2991 4062 3084 4101 sua
3122 4047 3319 4103 virtute
3347 4063 3673 4118 prmsumere
3702 4066 3791 4106 vo-

2201 4136 2415 4191 luerunt
2444 4145 2696 4206 tanquam
2720 4137 2868 4206 juSti,
2900 4137 3238 4193 offenderunt
3277 4139 3328 4193 in
3360 4140 3592 4210 lapidem
3617 4142 3787 4198 offen-

2200 4227 2367 4283 sionis
2396 4227 2571 4299 (Rom.
2604 4244 2678 4295 ix,
2708 4227 2802 4298 52)
2833 4245 2848 4284 :
2877 4240 2929 4284 et
2973 4228 3159 4284 luedus
3185 4229 3332 4286 visus
3357 4241 3439 4287 est
3478 4232 3557 4288 eis
3586 4234 3789 4304 Agnus,

2199 4329 2254 4375 et
2294 4320 2417 4390 quia
2452 4319 2619 4374 veluti
2668 4320 2878 4377 haedum
2920 4321 3266 4384 occiderunt,
3312 4323 3380 4378 ab
3407 4325 3561 4394 Agno
3603 4327 3789 4381 redimi

2200 4428 2307 4468 non
2340 4422 2670 4468 meruerunt.
2713 4412 2816 4482 Ipsi
2856 4423 2980 4470 sunt
3021 4430 3152 4485 ergo
3181 4414 3366 4478 fortes,
3396 4418 3483 4486 qui
3523 4419 3794 4474 irruerunt

2201 4521 2364 4578 Super
2391 4506 2660 4562 Christum
2683 4549 2696 4572 ,
2723 4507 3164 4563 commendantes
3188 4509 3446 4578 justitiam
3475 4525 3650 4565 suam.
3681 4515 3792 4567 Au-

2202 4599 2313 4652 dite
2339 4599 2503 4652 fortes
2531 4598 2660 4652 istos
2687 4614 2702 4653 :
2723 4598 2853 4652 Cum
2881 4599 3095 4667 quidam
3116 4598 3506 4672 Jerosolymitte
3527 4601 3793 4668 dicereut,

2204 4688 2353 4743 missi
2394 4689 2462 4744 ab
2502 4690 2582 4743 eis
2623 4689 2687 4743 ad
2732 4689 3241 4762 apprehendendum
3269 4690 3559 4756 Christum,
3606 4705 3662 4749 et
3691 4711 3795 4750 non

2205 4781 2468 4836 audentes
2507 4780 2914 4852 apprehendere
2956 4781 3118 4852 (quia
3164 4783 3380 4852 quando
3420 4784 3622 4851 voluit,
3671 4795 3796 4842 tunc

2206 4874 2573 4943 apprehensus
2594 4883 2703 4937 est,
2731 4875 2820 4945 qui
2860 4890 2986 4931 vere
3033 4873 3184 4929 fortis
3228 4874 3366 4947 erat)
3401 4895 3413 4931 :
3446 4876 3618 4943 Quare
3651 4896 3797 4950 ergo,

2209 4965 2474 5035 inquiunt,
2507 4982 2608 5020 non
2635 4982 2750 5019 eum
2780 4966 3012 5036 potuistis
3040 4967 3462 5036 apprehendere?
3490 4967 3555 5022 Et
3582 4985 3798 5039 respon-

2209 5057 2390 5111 derunt
2424 5074 2440 5110 :
2476 5057 2640 5112 Nemo
2674 5075 2897 5129 unquam
2925 5059 3182 5112 hominum
3212 5059 3286 5112 sic
3311 5059 3508 5113 locutus
3537 5071 3609 5114 est
3627 5101 3644 5126 ,
3673 5046 3799 5115 sicut

2207 5149 2314 5203 ille.
2348 5147 2416 5201 Et
2450 5149 2523 5202 illi
2565 5147 2732 5202 fortes
2762 5167 2775 5202 :
2813 5148 3076 5218 Numquid
3113 5149 3295 5215 aliquis
3325 5147 3710 5205 Pharistt'orum
3749 5153 3798 5205 in

2209 5243 2359 5296 illum
2398 5243 2640 5306 credidit,
2673 5251 2760 5294 aut
2785 5241 2968 5310 aliquis
2994 5240 3308 5307 Scribarum,
3341 5242 3438 5296 nisi
3465 5245 3689 5312 papultts
3713 5255 3801 5299 iste

2210 5335 2434 5388 nesciens
2469 5332 2652 5404 Legem
2681 5332 2856 5403 (Joan.
2881 5349 2954 5387 vu
2973 5374 2990 5398 ,
3018 5333 3088 5388 45
3108 5363 3132 5374 -
3152 5333 3279 5405 49).
3308 5335 3719 5404 Prmposuerunt
3744 5352 3801 5392 se

2213 5425 2383 5480 turbae
2417 5425 2643 5479 infirmae
2671 5425 2736 5479 ad
2770 5425 3034 5479 medicum
3057 5425 3291 5480 currenti
3320 5444 3334 5480 :
3358 5424 3523 5493 unde,
3549 5427 3653 5482 nisi
3677 5429 3801 5499 quia

2213 5519 2312 5588 ipsi
2343 5519 2506 5572 fortes
2526 5518 2711 5573 erant?
2737 5530 2787 5573 et
2815 5517 3122 5573 fortitudine
3142 5533 3258 5585 sua,
3286 5518 3429 5588 quod
3453 5528 3536 5573 est
3562 5521 3794 5588 gravius,

2213 5624 2427 5663 omnem
2460 5610 2617 5663 etiam
2649 5609 2857 5663 turbam
2887 5611 2939 5664 in
2967 5625 3028 5666 se
3053 5609 3422 5679 traduxerunt,
3450 5621 3506 5666 et
3532 5613 3796 5668 medicum

2215 5702 2452 5752 omnium
2484 5699 2812 5755 occiderunt.
2854 5700 2959 5756 Sed
2985 5710 3042 5754 et
3080 5701 3172 5756 ille
3198 5715 3265 5756 eo
3291 5702 3431 5771 quod
3459 5703 3670 5760 occisus
3694 5712 3795 5768 est,

2217 5787 2284 5845 dc
2312 5790 2575 5860 sanguine
2613 5805 2710 5846 suo
2737 5789 3184 5849 medicamentum
3221 5791 3348 5848 fecit
3389 5795 3622 5865 :rgrotis.
3652 5793 3796 5850 Irru-
