3968 6412
211 501 312 556 697

212 623 353 668 erunt
383 625 532 678 super
561 622 639 660 me
665 609 840 676 fortes.
886 600 994 656 llos
1022 596 1258 652 maxime
1302 594 1468 650 fortes
1495 593 1794 655 advertite;

211 717 266 758 et
291 701 466 757 videte
494 709 668 752 utrum
697 694 766 749 de
793 693 899 749 ulla
926 706 984 746 re
1018 686 1446 760 praesumendum
1478 684 1547 738 sit
1573 681 1798 750 homini,

211 792 424 863 quando
455 804 554 843 nec
573 787 640 842 de
665 784 870 855 justitia
905 777 1331 852 praesuincndnm
1359 786 1459 830 est.
1488 774 1606 829 .lam
1630 774 1804 827 videte

214 886 298 939 ubi
342 885 554 952 jaceant
584 885 968 949 praesumentes
1001 872 1070 927 de
1100 871 1318 934 divitiis,
1344 868 1414 922 de
1452 868 1651 921 viribus
1677 881 1801 919 cor-

214 977 390 1045 poris,
422 974 490 1027 de
518 970 796 1026 nobilitate
825 965 1070 1037 generis,
1114 961 1180 1016 de
1220 960 1479 1030 dignitate
1508 957 1689 1011 saeculi
1711 997 1724 1018 ,
1757 953 1802 1008 si

212 1070 302 1138 qui
350 1066 420 1121 de
461 1067 572 1134 ipsa
615 1061 818 1132 justitia
860 1068 1108 1127 tanquam
1149 1053 1214 1108 de
1255 1067 1348 1107 sua
1378 1047 1802 1138 praesumpsi-rit,

213 1137 375 1213 cadit.
407 1154 674 1209 Irruerunt
704 1166 856 1219 super
883 1163 962 1201 me
988 1149 1166 1217 fortes.
1195 1143 1285 1196 Ex
1307 1141 1408 1195 illis
1449 1139 1673 1193 fortibus
1708 1137 1806 1192 fuit

216 1251 307 1305 ille
334 1249 475 1302 vires
501 1260 626 1300 suas
651 1244 859 1313 jactans
891 1257 902 1291 :
937 1238 1139 1293 Gratias
1174 1234 1284 1300 tibi,
1333 1231 1537 1302 inquit,
1563 1245 1660 1298 ago
1684 1227 1806 1295 quia

214 1357 318 1393 rion
343 1355 456 1392 sum
483 1339 609 1390 sicut
638 1334 802 1388 caeteri
843 1331 1103 1384 hominum
1120 1368 1135 1392 ,
1172 1325 1349 1394 injusti
1370 1365 1387 1391 ,
1414 1332 1641 1391 raptores
1660 1359 1676 1386 ,
1709 1317 1803 1371 ad-

217 1431 363 1484 ulteri
384 1470 402 1496 ,
428 1429 556 1482 sicut
582 1437 628 1480 et
655 1423 966 1478 l’ublicanus
990 1421 1084 1474 iste
1111 1436 1124 1472 :
1158 1417 1340 1487 jejuno
1381 1414 1454 1468 bis
1485 1413 1537 1466 in
1576 1409 1802 1473 sabbato,

216 1521 439 1574 decimas
465 1518 529 1571 do
555 1515 778 1569 omnium
802 1526 916 1578 qua
939 1508 1189 1579 possideo.
1222 1504 1355 1560 Vide
1384 1501 1574 1557 fortem
1603 1500 1808 1567 jactan-

216 1623 326 1667 tem
355 1611 497 1663 vires
524 1621 648 1663 suas
683 1623 695 1658 :
724 1614 907 1660 contra
933 1616 1060 1656 vero
1089 1601 1242 1668 longe
1267 1605 1497 1651 stantem
1536 1593 1803 1647 inﬁrmum

215 1702 474 1766 attende,
520 1708 575 1752 et
628 1696 929 1751 humilitate
985 1692 1443 1761 propinquantum.
1496 1686 1807 1739 Publicanus

217 1805 419 1857 autem,
453 1791 656 1862 inquit,
683 1789 746 1842 de
772 1787 1044 1858 longinquo
1069 1784 1234 1838 stabat
1253 1823 1269 1848 ,
1298 1791 1341 1834 et
1379 1797 1469 1834 nec
1495 1777 1667 1844 oculos
1693 1792 1809 1830 suos

216 1883 436 1939 audebat
464 1884 518 1936 iu
545 1880 725 1936 calum
764 1880 961 1944 levare,
992 1876 1079 1930 sed
1107 1873 1409 1944 percutiebat
1439 1883 1609 1940 pectus
1637 1885 1809 1932 suum;

218 1978 394 2032 dicens
422 1993 440 2030 :
471 1974 604 2028 Deus
621 2015 634 2034 .
662 1971 912 2043 propitius
938 1979 1040 2022 esto
1067 1967 1188 2020 nti/ti
1220 1965 1489 2036 percolari.
1513 1962 1670 2016 Amen
1696 1961 1810 2014 dico

215 2073 381 2134 vobis,
413 2067 667 2124 descendit
683 2065 997 2135 justi/icatus
1022 2060 1335 2114 Publicanus
1360 2057 1449 2111 ille
1475 2056 1636 2126 magis
1658 2070 1811 2126 quam

215 2164 308 2218 ille
336 2161 648 2216 Pharisaeus.
689 2157 756 2212 Et
780 2156 900 2212 vide
924 2155 1183 2225 justitiam
1217 2170 1231 2204 :
1268 2151 1402 2216 Quia
1437 2148 1601 2202 omnis
1634 2146 1722 2216 qui
1759 2162 1812 2198 se

215 2253 432 2316 mltat,
472 2247 858 2310 Itumiliabitur;
903 2255 950 2298 et
990 2244 1077 2314 qui
1121 2259 1173 2296 se
1214 2240 1468 2328 Ituntiliat,
1509 2235 1813 2291 exeltubitur

218 2344 374 2416 (Luc.
401 2358 530 2396 xvut
551 2383 564 2406 ,
593 2341 651 2396 tl
671 2341 758 2393 -14
779 2341 817 2409 ).
865 2337 1139 2392 lrruerunt
1169 2335 1253 2388 isti
1298 2332 1486 2395 fortes,
1531 2331 1581 2384 id
1613 2338 1694 2384 est
1723 2344 1813 2383 su-

219 2435 397 2508 perbi,
426 2434 515 2504 qui
547 2434 853 2503 ignorantes
882 2428 974 2483 Dei
999 2427 1278 2497 justitiam,
1308 2435 1361 2479 et
1384 2439 1534 2480 suam
1552 2422 1809 2493 justitiam

217 2527 467 2582 volentes
507 2524 833 2578 constituere
855 2559 872 2586 ,
909 2519 1130 2589 justitia:
1161 2517 1252 2571 Dei
1285 2531 1389 2571 non
1429 2524 1553 2568 sunt
1587 2513 1809 2581 subjecti

219 2617 402 2689 (Rom.
430 2631 483 2680 x,
511 2607 590 2683 5).

294 2710 350 2764 8.
401 2706 563 2780 [vers.
591 2701 682 2776 5.]
727 2703 863 2770 Quid
895 2699 1128 2757 deinde?
1176 2698 1354 2768 Neque
1391 2697 1630 2767 iniquitas
1678 2712 1810 2761 mea,

219 2815 385 2872 neque
406 2808 664 2868 peccatum
691 2812 875 2857 nicum,
906 2792 1143 2846 Domine.
1170 2791 1440 2845 lrruerunt
1461 2789 1675 2858 quidem
1707 2788 1814 2842 for-

217 2902 304 2950 tes
330 2891 400 2946 de
420 2889 624 2958 iustitia
651 2901 746 2940 sua
780 2893 1164 2955 prmsnmcutes
1185 2923 1198 2946 ,
1226 2883 1498 2935 irruerunt
1516 2920 1530 2942 .
1564 2878 1658 2934 sed
1686 2893 1812 2948 pec-

214 2996 402 3042 eatum
437 2982 491 3037 in
528 2962 613 3035 me
647 2995 751 3034 non
784 2979 1121 3032 invenerunt.
1151 2973 1284 3028 Nam
1313 2973 1497 3042 utique
1517 2972 1590 3025 illi
1621 2969 1809 3036 fortes,

216 3077 276 3134 id
318 3085 401 3131 cst
427 3072 574 3127 Velut
608 3070 736 3142 justi
779 3084 944 3139 quare
975 3075 1192 3136 possent
1234 3063 1479 3134 persequi
1521 3062 1811 3126 Christum,

215 3166 324 3222 nisi
349 3163 500 3234 quasi
533 3158 904 3232 peccatorum?
933 3157 1037 3212 Sed
1079 3167 1255 3210 tamen
1295 3155 1366 3209 illi
1397 3152 1628 3210 viderint
1653 3167 1810 3222 quam

217 3261 396 3313 fortes
421 3256 526 3309 sint
557 3252 884 3307 immanitate
915 3249 1098 3315 febris,
1128 3263 1231 3302 non
1261 3245 1511 3301 ﬁrmitate
1536 3244 1812 3321 sanitatis:

217 3348 458 3405 viderint
481 3347 555 3401 illi
584 3359 742 3414 quam
768 3342 934 3397 fortes
963 3342 1090 3406 sint,
1119 3349 1173 3394 et
1202 3347 1453 3409 tanquam
1481 3336 1606 3406 iusti
1628 3345 1814 3390 contra

215 3443 467 3511 iniquum
508 3438 815 3492 saevierunt.
858 3433 961 3488 Sed
994 3441 1169 3486 tamen
1201 3447 1359 3501 neque
1397 3428 1639 3500 iniquitas
1680 3444 1813 3494 mea,

215 3551 388 3607 neque
407 3542 664 3605 peccatum
685 3546 870 3589 meum,
899 3528 1130 3581 Domine.
1157 3525 1280 3580 Sine
1304 3525 1568 3594 iniquitate
1591 3523 1814 3588 cucurri,

213 3637 270 3681 et
301 3624 558 3694 dirigebar
581 3623 622 3676 ⁸.
651 3620 729 3677 [lli
753 3634 879 3688 ergo
905 3617 1072 3672 fortes
1098 3625 1403 3671 currentem
1429 3629 1514 3668 me
1537 3612 1687 3682 sequi
1710 3626 1814 3666 non

213 3721 518 3788 potuerunt
545 3730 560 3765 :
591 3709 713 3766 ideo
751 3718 1088 3780 peccatorem
1117 3712 1470 3777 putaverunt,
1501 3703 1624 3773 quia
1656 3703 1816 3758 vesti-

211 3807 310 3879 gia
343 3820 458 3859 mea
490 3819 596 3858 non
627 3801 892 3854 viderunt.

298 3895 357 3952 9.
399 3891 561 3966 [vers
588 3889 682 3963 6.]
727 3890 852 3945 Sine
891 3887 1150 3956 iniquitate
1189 3885 1422 3949 cucurri,
1452 3892 1498 3937 et
1523 3882 1816 3953 dirigebar:

213 4001 446 4053 exsurge
473 3984 523 4036 in
554 3997 818 4035 occursum
849 3979 970 4032 milii
991 4019 1005 4039 ,
1037 3988 1081 4030 et
1108 3977 1237 4030 vide.
1287 3977 1395 4028 Deo
1438 3974 1658 4038 dicitur,
1692 3972 1820 4027 Sine

212 4079 492 4146 iniquitate
535 4074 738 4129 cucurri
758 4115 773 4138 ,
801 4081 849 4125 et
894 4071 1145 4141 dirigebar
1172 4086 1189 4122 :
1217 4085 1428 4138 exsurge
1471 4068 1522 4121 in
1550 4083 1816 4120 occursum

213 4171 380 4236 mihi,
397 4179 442 4222 et
455 4168 585 4222 ride.
617 4165 754 4232 Quid
781 4162 966 4219 enim?
995 4163 1052 4218 Si
1079 4179 1184 4216 non
1211 4170 1478 4224 occurrat,
1501 4161 1684 4215 videre
1712 4177 1816 4215 non

214 4261 448 4335 potest?
474 4260 744 4329 Tanquam
777 4259 818 4310 si
851 4256 1151 4310 ambulares
1179 4255 1337 4314 viam.
1361 4261 1411 4308 et
1433 4253 1502 4307 de
1522 4254 1818 4324 longinquo

212 4357 296 4410 ab
335 4352 516 4422 aliquo
554 4349 800 4418 cognosci
851 4363 954 4401 non
999 4361 1187 4416 posses
1211 4388 1226 4411 ,
1257 4346 1521 4399 Clamares
1559 4345 1624 4399 ad
1671 4360 1816 4410 eum,

210 4455 282 4502 et
324 4442 579 4497 diceres:
623 4439 858 4494 Occurre
901 4438 1063 4501 mihi,
1109 4445 1164 4492 et
1208 4436 1331 4490 vide
1370 4435 1816 4505 quemadmodum

211 4532 542 4596 ambulem;
595 4546 714 4584 nam
761 4528 972 4599 quando
1001 4527 1068 4583 de
1094 4526 1381 4598 longinquo
1432 4543 1519 4582 me
1562 4527 1816 4594 attendis,

209 4638 478 4696 gressum
511 4636 685 4676 meum
716 4619 897 4675 videre
924 4635 1028 4674 non
1075 4628 1246 4688 potes.
1297 4617 1443 4672 Itane
1466 4628 1523 4673 et
1553 4618 1689 4673 Deus
1717 4620 1818 4673 nisi

210 4721 578 4775 occurreret,
621 4726 727 4765 non
780 4710 982 4766 videret
1029 4725 1187 4778 quam
1236 4709 1353 4763 sine
1400 4707 1677 4778 iniquitate
1721 4706 1821 4763 iste

209 4806 584 4877 dirigebatur,
609 4813 661 4858 et
685 4817 845 4872 quam
871 4802 989 4855 sine
1012 4809 1232 4870 peccato
1254 4799 1540 4854 currebat?
1563 4799 1822 4870 Accipere

207 4898 450 4972 quidem
481 4906 530 4951 et
563 4895 661 4948 hoc
691 4907 972 4962 possumus
994 4934 1010 4956 ,
1038 4891 1286 4960 Exsurge.
1305 4891 1357 4944 in
1384 4906 1646 4944 occursum
1675 4890 1819 4952 mihi,

207 4991 426 5062 adjtn'a
447 5002 550 5042 me.
577 4984 728 5052 Quod
751 4997 925 5039 autem
951 4983 1172 5048 addidit,
1197 4991 1241 5035 et
1265 4979 1394 5047 itide,
1423 4980 1820 5050 intelligendum

207 5095 317 5144 est
335 5124 356 5150 ,
384 5081 465 5137 fac
491 5079 655 5136 videri
687 5080 827 5150 quod
856 5092 1016 5133 curro
1034 5119 1049 5141 ,
1076 5075 1161 5131 fac
1190 5076 1356 5130 videri
1403 5075 1542 5144 quod
1583 5075 1820 5144 dirigor;

204 5193 299 5235 ex
328 5173 421 5228 illa
451 5173 613 5242 ﬁgura
643 5186 744 5240 qua
771 5179 824 5223 et
852 5168 980 5223 illud
1007 5167 1206 5221 dictum
1232 5175 1316 5221 est
1335 5165 1602 5220 Abraham
1632 5183 1646 5219 :
1673 5164 1825 5219 Nunc

205 5266 447 5338 cognovi
473 5262 607 5334 quod
631 5264 774 5316 times
798 5259 964 5316 Deum
990 5258 1143 5330 (Gen.
1170 5275 1309 5324 xxu,
1340 5257 1464 5326 η).
1493 5257 1634 5312 Deus
1673 5257 1822 5323 dicit,

206 5359 398 5418 Nunc
421 5355 632 5426 cognovi
654 5370 674 5407 :
703 5352 877 5418 unde,
915 5352 1016 5406 nisi
1059 5351 1183 5420 quia
1214 5365 1355 5404 nunc
1382 5358 1434 5404 te
1480 5349 1582 5403 feci
1622 5363 1825 5420 cogno-

203 5446 436 5508 scere?
475 5444 689 5515 Ignotus
713 5443 854 5496 enim
884 5442 986 5495 sibi
1012 5442 1236 5511 quisque
1260 5449 1342 5495 est
1371 5449 1495 5494 ante
1521 5441 1824 5509 interroga-

205 5543 443 5600 tionem
471 5533 799 5598 tentationis,
824 5532 961 5587 sicut
980 5547 1042 5587 se
1067 5532 1255 5587 Petrus
1276 5531 1648 5600 prresumendo
1675 5532 1824 5601 iguoo

200 5629 412 5695 tabat,
435 5636 490 5682 et
513 5624 757 5695 negando
785 5623 970 5678 didicit
991 5622 1176 5698 quales
1203 5622 1344 5676 vires
1373 5621 1626 5685 haberet;
1657 5623 1708 5676 in
1729 5637 1824 5676 sua

199 5726 350 5795 ipsa
379 5719 697 5774 titubatione
734 5717 992 5770 intellexit
1035 5715 1170 5770 falso
1212 5729 1332 5769 sese
1375 5717 1820 5784 praesumpsisse:

293 5877 321 5908 ⁴ι
356 5872 582 5939 Mel-ique
623 5879 751 5939 uss"
778 5869 1046 5939 diriqebam
1075 5881 1092 5919 :
1117 5876 1169 5919 et
1197 5868 1326 5939 intra
1348 5866 1472 5927 loco,
1506 5866 1822 5939 dirigebatrn',

202 5939 438 5999 habent,
461 5930 739 5998 dirigebat;
763 5930 1002 5996 pauloque
1024 5939 1148 5995 post,
1173 5930 1348 5994 dirigo,
1373 5944 1478 5994 pro,
1498 5930 1702 5995 dirigor.
1746 5966 1749 5967 ν

1307 481 1704 540 ΕΝᾹΒΒΑΤΙΟ
1743 480 1804 535 IN
1847 480 2168 535 PSALMUM
2210 479 2385 534 L\'lll.

3389 487 3496 545 698

1912 590 2055 646 ﬂevit
2099 592 2306 662 (.llatth.
2336 608 2482 656 xxvi,
2515 593 2617 655 35,
2659 592 2754 658 69,
2788 595 2937 663 75);
2982 605 3035 651 et
3078 596 3254 653 flendo
3300 605 3494 656 meruit

1907 683 2177 736 fructuose
2220 697 2376 737 nosse
2419 684 2562 753 quod
2609 683 2744 750 fuit,
2777 695 2830 739 et
2870 703 2989 743 esse
3036 688 3178 760 quod
3223 705 3326 744 non
3372 691 3490 745 fuit.

1908 772 2050 842 Ergo
2094 773 2345 842 probatus
2373 774 2662 836 Abraham,
2711 775 2880 831 factus
2925 791 3009 832 est
3055 781 3299 848 cognitus
3343 782 3490 844 sibi;

1907 873 1962 916 et
1987 863 2187 917 dictum
2217 873 2300 918 est
2325 879 2355 917 a
2379 865 2514 926 Deo,
2552 864 2702 920 Nune
2728 869 2936 937 cognovi
2954 910 2968 931 ,
3001 869 3100 925 hoc
3127 881 3211 925 est
3230 913 3243 934 ,
3273 888 3412 927 nunc
3441 883 3494 928 te

1907 952 2007 1008 feci
2053 969 2396 1025 cognoscere.
2448 955 2728 1024 Quomodo
2776 958 2927 1013 laetus
2980 960 3136 1027 dies,
3180 963 3320 1032 quod
3369 963 3496 1018 facut

1909 1045 2100 1111 lrctos;
2140 1057 2194 1101 et
2221 1049 2389 1103 tristis
2418 1049 2752 1111 amaritudo,
2785 1050 2926 1120 quod
2967 1053 3249 1107 contristat
3272 1037 3494 1123 gustau-

1911 1145 2015 1192 tem
2048 1155 2062 1190 :
2092 1137 2170 1192 sic
2196 1139 2381 1194 videns
2409 1140 2549 1195 Deus
2569 1181 2584 1204 ,
2616 1141 2797 1196 videre
2822 1141 3045 1197 faciens.
3085 1142 3320 1214 Exsurge
3343 1160 3495 1214 ergo,

1910 1229 2109 1300 inquit,
2137 1230 2189 1284 in
2216 1247 2478 1286 occursum
2506 1234 2631 1286 mihi
2649 1274 2664 1299 ,
2691 1244 2738 1287 et
2768 1233 2896 1288 vide.
2940 1235 3074 1302 Quid
3117 1245 3226 1300 est,
3258 1245 3305 1290 et
3344 1236 3457 1290 vide
3477 1237 3503 1290 .’

1907 1320 1975 1375 Et
1997 1322 2187 1390 adjuva
2232 1338 2340 1386 me,
2384 1322 2438 1377 id
2476 1335 2557 1378 est
2604 1324 2654 1378 in
2697 1326 2877 1394 illis',
2925 1337 2980 1380 ut
3025 1329 3239 1383 videant
3279 1343 3494 1382 cursum

1909 1428 2086 1467 meum
2105 1454 2120 1480 ,
2147 1425 2438 1484 sequantur
2463 1430 2569 1480 me,
2597 1432 2704 1471 non
2749 1417 2828 1472 eis
2858 1418 3099 1473 videatur
3127 1435 3346 1488 pravum
3377 1434 3498 1475 esse

1909 1505 2050 1574 quod
2097 1516 2299 1560 rectum
2348 1519 2465 1574 εει,
2511 1522 2616 1562 non
2654 1508 2734 1564 eis
2762 1508 3006 1564 videatur
3044 1509 3331 1566 distortum
3377 1525 3500 1566 esse

1910 1596 2049 1666 quod
2079 1607 2226 1652 tenet
2249 1599 2486 1668 regulam
2513 1602 2533 1632 ³
2561 1602 2804 1656 veritatis
2831 1621 2845 1658 :
2877 1603 3131 1670 Quoniam
3155 1605 3264 1658 sine
3307 1605 3497 1675 iniqui-

1911 1699 2013 1742 tate
2039 1691 2269 1755 cucurri,
2298 1701 2344 1744 et
2382 1692 2638 1764 dirigebar
2667 1709 2686 1746 :
2709 1710 2924 1765 exsurge
2958 1696 3011 1749 in
3047 1711 3312 1750 occursum
3350 1697 3498 1764 mitti,

1911 1789 1955 1832 et
1987 1781 2116 1834 vide.

1986 1873 2073 1926 l0.
2113 1873 2324 1943 Aliquid
2359 1873 2520 1929 etiam
2560 1889 2646 1929 me
2673 1873 2854 1930 dicere
2882 1873 3136 1930 admonet
3173 1876 3225 1930 in
3257 1875 3359 1932 hoc
3385 1877 3504 1933 loco

1912 1965 2100 2033 capitis
2140 1965 2306 2032 ipsius
2347 1966 2515 2020 nostri
2542 1966 2877 2032 sublimitas;
2908 1969 3158 2037 quoniam
3201 1968 3502 2039 inﬁrmatus

1913 2067 2190 2126 estusque
2231 2058 2298 2111 ad
2334 2069 2586 2124 mortem,
2618 2069 2674 2114 et
2697 2061 2990 2129 assumpsit
3028 2060 3353 2115 inﬁrmitatis
3383 2075 3506 2115 car-

1915 2165 2059 2210 nem,
2089 2160 2148 2203 ut
2189 2150 2362 2218 pullos
2412 2149 2709 2205 Jerusalem
2758 2150 3038 2220 colligeret
3083 2151 3182 2205 sub
3225 2151 3339 2205 alas
3379 2165 3506 2206 suas

1916 2252 2165 2312 tanquam
2208 2243 2404 2313 gallina
2433 2242 2698 2296 inﬁrmata
2735 2258 2858 2297 cum
2905 2245 3156 2312 parvulis.
3200 2242 3316 2298 Non
3359 2244 3503 2297 enim

1916 2333 1969 2387 in
2015 2333 2190 2403 aliqua
2247 2349 2347 2388 ave
2386 2335 2488 2388 hoc
2541 2335 2828 2404 aliquando
2873 2335 3272 2404 couSpceximus,
3317 2349 3502 2390 earum

1914 2425 2074 2478 etiam
2101 2440 2219 2494 qua:
2239 2424 2513 2480 nidificant
2536 2438 2661 2480 ante
2683 2426 2866 2480 oculos
2892 2436 3125 2492 nostros,
3159 2426 3297 2480 sicut
3324 2427 3505 2498 parie-

1915 2522 2028 2569 tum
2073 2530 2338 2584 passeres,
2377 2517 2518 2570 sicut
2545 2517 2856 2572 hirundines
2885 2528 3133 2587 tanquam
3171 2533 3364 2573 annnte
3407 2534 3505 2573 no-

1917 2613 2040 2659 straa
2083 2607 2340 2674 hospites,
2380 2607 2518 2662 sicut
2557 2609 2798 2675 ciconiae,
2838 2610 2978 2664 sicut
3018 2610 3136 2664 alia:
3184 2619 3345 2680 atque
3385 2610 3505 2665 alia:

1915 2712 2042 2750 aves
2068 2713 2184 2766 qua-3
2211 2707 2337 2753 ante
2365 2700 2552 2754 oculos
2599 2710 2813 2755 nostros
2850 2700 3143 2765 nidiﬁcant,
3172 2712 3226 2757 et
3263 2701 3379 2755 ovis
3417 2702 3504 2756 in-

1916 2788 2115 2852 sidunt,
2149 2790 2321 2857 pullos
2363 2791 2533 2856 alunt,
2565 2792 2705 2845 sicut
2751 2792 2880 2860 ipsa:
2911 2792 3174 2846 columbae
3203 2808 3336 2863 quas
3373 2808 3506 2863 quo-

1918 2881 2044 2936 tidie
2069 2881 2343 2947 videmus;
2374 2883 2604 2953 aliquam
2635 2899 2786 2939 avem
2820 2883 3079 2939 infirmari
3106 2899 3226 2939 cum
3270 2883 3505 2956 parvulis

1917 2989 2021 3026 non
2049 2975 2413 3043 cognovimus,
2445 2991 2549 3031 non
2588 2977 2918 3045 aspeximus,
2954 2992 3060 3031 non
3099 2976 3348 3032 vidimus.
3374 2976 3500 3032 Gal—

1918 3063 2022 3116 lina
2053 3064 2320 3132 quomodo
2347 3064 2447 3118 hoc
2477 3065 2675 3120 habet?
2701 3063 2860 3121 Certe
2881 3076 3060 3120 notam
3091 3082 3204 3122 rem
3225 3067 3505 3137 dico,qu:e

1919 3155 1970 3207 in
1999 3163 2286 3223 conspectu
2315 3167 2503 3211 nostro
2529 3158 2764 3227 quotidie
2787 3167 3063 3212 versatur:
3096 3158 3366 3229 quomodo
3391 3173 3506 3211 rau-

1916 3248 2084 3301 ccscit
2129 3263 2261 3313 vox,
2317 3248 2586 3318 quomodo
2635 3248 2696 3304 ﬁt
2742 3248 3008 3318 hispidum
3059 3258 3228 3304 totum
3273 3248 3507 3319 corpus?

1917 3339 2258 3406 deponuntur
2291 3339 2410 3406 alte,
2436 3339 2680 3394 laxantur
2704 3339 2921 3410 plumas,
2946 3347 3002 3395 et
3029 3339 3178 3395 vides
3205 3340 3348 3395 circa
3381 3339 3502 3410 pul-

1919 3432 1998 3485 los
2040 3433 2221 3486 ne-cio
2245 3431 2371 3500 quid
2400 3443 2679 3501 mgrotum,
2710 3440 2763 3487 et
2793 3446 2856 3486 ea
2880 3443 2964 3487 est
3007 3443 3244 3486 materna
3273 3432 3508 3488 charitas

1919 3539 2039 3592 qua:
2079 3523 2348 3578 invenitur
2389 3522 2688 3577 inﬁrmitas.
2718 3522 2895 3591 Quare
2923 3539 3053 3596 ergo
3095 3524 3371 3591 Dominus,
3405 3524 3508 3579 nisi

1921 3624 2136 3684 propter
2181 3613 2300 3678 hoc.
2330 3614 2524 3683 gallina
2563 3629 2683 3668 esse
2722 3614 2888 3669 voluit
2931 3615 2983 3669 in
3026 3625 3208 3670 sancta
3236 3614 3508 3687 Scriptura

1920 3706 2143 3759 dicens:
2174 3705 2483 3772 Jerusalem,
2523 3705 2846 3774 Jerusalem,
2890 3707 3081 3776 quoties
3122 3707 3262 3762 uolui
3297 3724 3508 3780 congre-

1919 3812 2041 3866 gare
2062 3797 2195 3864 ﬁlios
2221 3808 2353 3862 tuos,
2383 3808 2620 3868 tauquam
2653 3797 2848 3868 gallina
2873 3799 3040 3867 pullos
3065 3815 3180 3853 suos
3203 3800 3296 3853 sub
3316 3801 3447 3864 alas,
3467 3809 3512 3854 ct

1921 3888 2127 3941 noluisti
2175 3887 2310 3959 (Id.
2346 3905 2510 3952 χχιιι,
2558 3891 2649 3958 57)
2689 3891 2703 3944 ι
2753 3889 3105 3960 Congrogavit
3155 3901 3332 3947 autem
3392 3909 3512 3948 om-

1922 3995 2017 4033 nes
2045 3991 2250 4050 gentes,
2277 3990 2526 4053 tanquam
2559 3981 2752 4051 gallina
2784 3983 2957 4052 pullos
2983 3998 3129 4048 suos,
3158 3984 3246 4053 qui
3275 3984 3514 4038 inﬁrma-

1923 4078 2008 4124 tus
2037 4081 2118 4123 est
2146 4083 2362 4139 prOptcr
2398 4086 2516 4136 nos,
2548 4073 2816 4141 accipiens
2843 4087 3058 4126 carnem
3085 4089 3115 4127 a
3146 4073 3320 4138 nobis,
3353 4073 3406 4127 id
3432 4083 3515 4128 est

1921 4173 1951 4212 a
2003 4175 2199 4228 genere
2252 4159 2526 4223 humano;
2567 4162 2881 4225 crucifixus,
2927 4172 3298 4232 contemptus,
3344 4165 3514 4234 alapis

1922 4263 2118 4313 caesus,
2148 4248 2465 4318 flagellatus,
2510 4250 2654 4318 ligno
2683 4265 2997 4320 suspensus,
3044 4251 3229 4308 lancea
3268 4254 3516 4309 vulnera-

1925 4349 2027 4393 tus.
2079 4340 2216 4409 Ergo
2257 4338 2358 4393 hoc
2396 4349 2652 4394 malorum
2684 4341 3005 4396 inﬁrmitatis
3034 4350 3138 4408 est,
3169 4358 3274 4398 non
3302 4345 3513 4399 amissa:

1924 4432 2237 4499 majcSIatis.
2262 4429 2395 4485 Cum
2419 4446 2546 4500 ergo
2568 4432 2689 4486 talis
2710 4443 2854 4487 esset
2877 4432 3140 4498 Christus,
3169 4444 3222 4489 et
3250 4434 3369 4490 ideo
3391 4450 3516 4490 con-

1923 4532 2177 4591 tetnpttts,
2217 4532 2270 4576 et
2298 4522 2416 4577 ideo
2458 4523 2594 4592 lapis
2624 4523 2935 4580 offensionis
2961 4534 3014 4580 et
3060 4537 3207 4595 petra
3253 4527 3512 4593 scandali,

1925 4624 1978 4668 et
2024 4615 2142 4668 ideo
2185 4617 2334 4670 multi
2377 4614 2715 4671 offenderunt
2756 4619 2808 4672 in
2853 4633 2976 4674 eum
3027 4619 3201 4688 (Rom.
3241 4637 3316 4688 ix,
3354 4622 3514 4686 32,6

1927 4704 1945 4759 l
1978 4703 2121 4758 I’etr.’
2147 4721 2203 4769 ιι,
2232 4706 2287 4774 8)
2312 4722 2326 4758 z
2362 4721 2484 4759 cum
2517 4707 2639 4760 talis
2663 4722 2793 4777 ergo
2820 4718 2983 4775 esset,
3011 4719 3065 4764 et
3094 4721 3268 4766 tamen
3297 4727 3514 4767 carnem

1925 4798 2042 4852 sine
2083 4784 2301 4868 peccato
2343 4801 2686 4870 suscepisset,
2718 4801 2886 4856 factus
2915 4812 2996 4856 cst
3025 4805 3292 4876 particeps
3319 4814 3517 4860 nostra:

1928 4889 2272 4956 inﬁrmitatis,
2302 4908 2408 4946 non
2443 4893 2769 4962 iniquitatis;
2804 4905 2860 4948 ut
2887 4911 2951 4948 ex
2977 4910 3043 4950 eo
3066 4897 3210 4966 quod
3241 4899 3515 4952 nobiscum

1927 4986 2342 5039 communicavit
2371 4966 2752 5051 infirmitatem,
2785 4987 3019 5043 solveret
3061 5001 3296 5045 nostram
3326 4993 3519 5060 iniqui—

1930 5084 2112 5130 tatem.
2139 5077 2282 5143 Ideo,
2314 5077 2440 5133 Sine
2465 5079 2727 5146 iniquitate
2755 5081 2978 5147 cucurri,
3009 5092 3056 5135 et
3077 5083 3352 5153 dirigebar.
3381 5086 3518 5153 Quid

1931 5185 2080 5240 ergo,
2107 5170 2400 5224 secundum
2431 5172 2481 5224 id
2509 5171 2650 5241 quod
2682 5173 2822 5227 Deus
2851 5181 2934 5226 est
2962 5188 3068 5227 neu
3098 5186 3180 5229 est
3219 5191 3512 5245 agnoscen-

1930 5263 2053 5331 dus,
2093 5276 2145 5318 et
2189 5265 2316 5319 illud
2358 5266 2530 5320 solum
2575 5268 2627 5319 in
2673 5281 2736 5321 eo
2778 5268 3221 5324 considerandmu
3263 5273 3516 5343 estquod

1933 5367 2150 5427 propter
2172 5373 2269 5410 nos
2293 5358 2458 5411 factus
2492 5367 2593 5422 est,
2620 5375 2724 5412 non
2753 5359 2879 5412 illud
2907 5376 3011 5429 quo
3043 5377 3138 5414 nos
3166 5361 3522 5420 fecit?.Plane

1931 5448 2092 5502 etiam
2139 5448 2266 5502 illud
2311 5449 2757 5503 considerandum
2801 5461 2915 5516 est;
2962 5452 3082 5521 quia
3129 5469 3378 5523 magnum
3413 5456 3523 5524 pie-

1933 5542 2056 5595 tatis
2095 5541 2346 5595 indicium
2374 5552 2456 5596 est
2489 5557 2648 5596 nosse
2690 5544 2809 5613 quis
2856 5560 2951 5613 pro
2997 5556 3050 5599 te
3075 5546 3200 5615 quid
3247 5549 3520 5604 sustinuit.

1932 5633 2048 5687 Non
2077 5635 2398 5704 quicumque
2441 5651 2656 5706 parvus,
2692 5653 2796 5691 non
2838 5652 2936 5707 pro
2975 5646 3028 5693 te
3064 5655 3277 5710 magno,
3301 5641 3393 5696 sed
3423 5657 3522 5713 pro

1930 5810 2026 5923 mi;
2051 5809 2254 5918 Iss.
2296 5816 2349 5858 At
2388 5815 2517 5871 I.ov.,
2551 5817 2596 5861 et
2619 5809 2774 5863 ride!
2807 5812 2992 5876 Adjuua
3029 5829 3122 5878 me,
3161 5815 3216 5868 id
3238 5827 3326 5881 est,
3367 5821 3440 5890 {ac
3481 5827 3533 5878 in

1985 5885 2217 5982 ‘f’tt'hltcres
2238 5939 2362 5994 usa,
2393 5933 2575 5999 regula.
