3968 6364
523 360 631 422 699

525 492 582 538 te
611 480 822 537 inﬁrmo
851 480 939 538 ille
966 495 1227 537 summus.
1256 476 1439 546 Quid?
1471 475 1662 532 Factus
1690 474 1938 546 parvulus
1962 492 1976 525 :
2016 468 2129 525 Hu-

526 574 743 627 miliavit
780 589 864 639 se,
909 556 1074 641 {actus
1114 571 1348 625 obedicns
1391 583 1545 639 usque
1585 566 1655 620 ad
1698 574 1928 619 mortem.
1959 560 2128 630 Quis?

523 680 691 736 Supra
718 665 841 720 andi
867 683 879 719 :
917 664 1018 732 Qui
1046 681 1159 719 cum
1183 663 1239 717 in
1267 662 1434 730 [arma
1468 658 1567 713 Dei
1590 670 1737 722 esset,
1762 674 1874 723 non.
1892 655 2128 724 rapinam

522 758 802 811 arbitratus
843 765 916 810 est
961 772 1068 810 esse
1111 754 1320 824 wqualis
1373 752 1502 830 Deo.
1563 751 1701 819 Ergo
1745 747 1967 817 mqualis
2016 745 2128 800 Deo

527 849 853 916 semetipsum
875 844 1182 905 Δεέιτὶιιιυιὶιιὶι,
1227 848 1443 915 formam
1483 841 1611 894 servi
1657 839 1931 907 accipiens,
1971 836 2023 889 in
2060 835 2131 888 si-

528 935 870 987 militudinem
893 934 1156 987 hominum
1184 933 1368 1002 factus,
1390 942 1436 985 et
1457 931 1630 983 habitu
1654 930 1881 982 inventus
1900 935 1952 979 ut
1978 926 2129 978 homo

532 1023 798 1096 (Philipp.
839 1042 898 1089 ιι,
945 1025 1118 1096 6-8):
1160 1032 1214 1078 et
1262 1025 1331 1077 ita
1376 1020 1685 1083 exinanivit,
1732 1026 1791 1074 ut
1834 1026 2131 1071 assumeret

534 1115 678 1185 quod
709 1130 815 1168 non
845 1124 979 1178 erat,
1011 1130 1116 1169 non
1149 1124 1206 1167 ut
1234 1114 1505 1180 amitteret
1529 1109 1671 1183 quod
1696 1118 1833 1164 erat.
1849 1106 2129 1176 Quomodo

532 1220 663 1275 ergo
691 1204 1027 1261 exinanivit?
1063 1204 1195 1271 Quia
1247 1203 1339 1258 tibi
1389 1203 1509 1257 talis
1552 1202 1831 1270 apparuit;
1880 1199 2000 1269 quia
2031 1196 2127 1250 tibi

529 1295 844 1364 dignitatem
891 1311 1049 1361 quam
1095 1295 1233 1365 apud
1285 1287 1496 1349 Patrem
1544 1292 1722 1356 habet,
1754 1308 1859 1345 non
1905 1291 2127 1343 demon-

529 1387 755 1452 stravit;
799 1387 920 1456 quia
960 1386 1052 1439 tibi
1078 1401 1223 1439 nunc
1251 1385 1449 1439 obtulit
1479 1370 1866 1446 infirmitatem,
1896 1378 2132 1436 servavit

531 1487 759 1547 purgato
807 1488 990 1547 postea
1031 1476 1353 1551 claritatem.
1398 1476 1492 1531 Ille
1533 1490 1663 1545 ergo
1702 1473 1843 1529 Patri
1887 1458 2127 1542 mqualis,

533 1571 656 1626 talis
692 1580 776 1625 est
816 1570 1108 1633 factuszet
1139 1581 1317 1625 tamen
1360 1570 1411 1623 in
1458 1569 1569 1637 ipsa
1611 1566 1919 1621 inﬁrmitate
1962 1578 2131 1633 agno-

534 1662 771 1719 scendus
817 1672 920 1727 est,
952 1679 1060 1718 non
1091 1663 1319 1728 visione,
1350 1661 1444 1715 sed
1486 1660 1624 1724 lidc;
1668 1668 1726 1713 ut
1763 1656 1906 1731 quod
1951 1653 2133 1727 videre

539 1754 778 1807 nondum
831 1769 1148 1824 possumus,
1178 1754 1365 1807 saltem
1411 1751 1726 1817 credamus,
1764 1758 1819 1807 et
1858 1747 2133 1803 credendo

537 1842 681 1912 quod
731 1858 836 1897 non
866 1844 1133 1917 videmus,
1162 1844 1321 1897 etiam
1362 1842 1544 1895 videre
1589 1854 1914 1895 mereamur.
1944 1836 2132 1891 Merito

538 1936 886 2005 posteaquam
935 1934 1259 1999 resurrexit,
1299 1933 1375 1988 ait
1419 1931 1599 1987 Mariae
1633 1928 1999 1999 Magdalente,
2043 1926 2132 2001 cui

537 2023 788 2093 dignatus
829 2032 913 2077 est
966 2024 1211 2093 primitus
1260 2037 1519 2093 apparere
1555 2039 1569 2074 :
1609 2019 1735 2074 Noli
1780 2036 1859 2073 me
1904 2027 2127 2088 tangere,

535 2114 761 2168 nondum
790 2116 923 2169 enim
950 2114 1157 2168 ascendi
1192 2116 1262 2168 ad
1289 2113 1497 2167 Patrem
1524 2112 1702 2186 (Joan.
1731 2127 1829 2178 xx,
1863 2111 1971 2179 l7).
1992 2110 2129 2179 Quid

534 2213 620 2258 est
651 2202 793 2259 hoc?
834 2204 1000 2259 Paulo
1048 2214 1171 2275 post
1200 2218 1331 2259 eum
1364 2203 1616 2265 mulieres
1661 2202 1966 2272 tetigerunt.
1996 2199 2130 2255 Nam

534 2294 825 2351 redeuntes
848 2312 876 2348 a
905 2305 1275 2361 monumento,
1306 2296 1518 2359 obviam
1558 2294 1659 2349 sibi
1706 2293 1903 2349 factum
1933 2292 2129 2379 adora-

532 2396 747 2449 verunt,
775 2398 829 2441 et
867 2388 1032 2457 pcch
1070 2387 1188 2457 ejus
1216 2397 1506 2442 tenuerunt
1547 2385 1763 2456 (Matth.
1803 2400 1996 2449 xxvtn,
2032 2380 2126 2456 9):

531 2475 780 2546 discipuli
833 2478 993 2531 etiam
1042 2478 1321 2534 cicatrices
1373 2478 1726 2548 palpaverunt
1773 2476 1922 2548 (an.
1976 2492 2126 2541 xxiv,

531 2565 647 2635 59).
676 2566 813 2633 Quid
858 2576 940 2623 est
985 2582 1134 2638 ergo,
1168 2566 1295 2622 Noli
1342 2584 1422 2622 me
1467 2576 1692 2639 tangere,
1724 2566 1948 2620 nondum
1991 2567 2127 2621 enim

529 2657 739 2710 ascendi
777 2658 846 2710 ad
891 2657 1134 2725 Patrem;
1177 2658 1301 2724 nisi,
1343 2659 1449 2715 noli
1474 2658 1617 2728 quod
1647 2658 1794 2713 vides
1825 2658 1926 2712 hoc
1951 2660 2124 2713 solum

530 2762 622 2802 tne
647 2748 889 2813 credere,
931 2765 997 2803 ne
1023 2760 1079 2805 et
1094 2750 1192 2834 ,bic
1231 2757 1506 2805 remaneat
1543 2757 1791 2821 aspectus
1826 2737 1947 2804 tuus
1972 2749 2126 2820 quasi

529 2847 703 2895 lactus
730 2841 890 2895 tuus?
920 2839 1146 2897 Humilis
1164 2842 1306 2896 enim
1331 2841 1424 2896 tibi
1441 2839 1645 2905 videor,
1668 2841 1892 2895 nondum
1919 2840 2126 2896 ascendi

530 2931 604 2983 ad
634 2930 862 2997 Patrem,
895 2931 1039 2987 unde
1065 2941 1122 2987 et
1146 2933 1213 2987 ad
1242 2946 1339 2989 vos
1363 2931 1639 2999 descendi,
1668 2940 1721 2987 et
1748 2932 1874 2987 inde
1903 2948 2007 2986 non
2034 2948 2123 2986 re-

529 3022 694 3088 cessi,
717 3023 952 3077 nondum
985 3024 1109 3087 illuc
1137 3022 1375 3091 ascendi,
1392 3023 1606 3093 quando
1626 3039 1722 3079 vos
1748 3038 1853 3077 non
1882 3022 2123 3080 deserui.

530 3111 692 3168 Venit
738 3130 844 3168 non
890 3113 1457 3177 recedenshascendit
1504 3129 1611 3169 non
1654 3114 1967 3169 deserens‘.
2015 3115 2123 3169 Sed

498 3204 659 3274 .quid
702 3194 791 3259 est
820 3205 963 3276 quod
1002 3204 1245 3261 ascendit
1288 3205 1355 3258 ad
1396 3205 1651 3260 Patrem?
1694 3203 1919 3272 Quando
1967 3205 2124 3260 nobis

529 3295 819 3352 inualescit
839 3295 1062 3367 arqnalis
1089 3296 1255 3351 Patri.
1284 3295 1393 3351 Nos
1419 3297 1562 3351 enim
1590 3296 1929 3352 ascendimus
1957 3296 2122 3366 proli-

531 3388 746 3455 ciendo,
776 3396 833 3443 ut
873 3389 975 3444 hoc
1002 3387 1203 3454 videre,
1233 3400 1293 3443 ut
1328 3388 1431 3444 hoc
1473 3388 1791 3460 intelligere,
1822 3398 1880 3444 ut
1907 3388 2013 3444 hoc
2040 3398 2124 3444 ut.

528 3495 763 3550 cumque
793 3495 991 3550 capere
1028 3480 1323 3536 valeamus.
1362 3479 1488 3535 Ideo
1513 3493 1642 3553 ergo
1668 3478 1876 3535 distulit
1902 3488 2120 3547 tactum,

532 3586 641 3626 non
666 3572 905 3637 abstulit,
931 3580 1035 3627 nan
1063 3573 1280 3645 repulit,
1301 3588 1405 3627 non
1437 3574 1668 3643 negavit.
1694 3572 1942 3628 Nondum
1967 3575 2120 3641 enim,

530 3662 722 3733 inquit,
755 3665 960 3719 ascendi
984 3665 1053 3719 ad
1078 3664 1306 3719 Patrem.
1326 3665 1369 3719 Α
1384 3681 1580 3720 summa
1603 3667 1730 3720 caelo
1757 3667 1973 3737 egressio
1990 3667 2121 3737 ejus,

527 3752 662 3807 dicit
679 3753 816 3807 alius
838 3753 1098 3819 Psalmus,
1119 3764 1169 3809 et
1195 3771 1434 3810 accursus
1452 3757 1563 3826 ejus
1591 3771 1748 3827 usque
1774 3759 1845 3811 ad
1870 3774 2126 3812 summum

528 3843 648 3897 cadi
672 3842 846 3908 (Psal.
878 3860 1029 3910 xvtu,
1058 3846 1133 3917 Ἰ).
1173 3846 1443 3901 Summum
1473 3847 1606 3913 ccli,
1634 3848 1687 3902 id
1723 3856 1828 3916 est,
1856 3865 2122 3904 summum

531 3934 586 3988 in
622 3935 872 3990 omnibus
916 3936 1282 4006 spiritualibus
1326 3938 1486 3993 Pater
1528 3947 1659 3997 est:
1702 3941 1827 3997 inde
1867 3957 2127 3999 excursus

528 4026 666 4096 ejus,
696 4035 755 4082 et
793 4043 1050 4085 occursus
1079 4045 1247 4101 usque
1284 4031 1350 4086 ad
1397 4046 1664 4087 summum
1695 4034 1839 4090 cmli.
1879 4036 2126 4092 Occurrit

531 4132 701 4189 usque
726 4118 794 4174 ad
839 4134 1127 4185 summum,
1157 4138 1263 4176 non
1299 4121 1494 4178 dicitur
1534 4124 1634 4179 nisi
1666 4124 1732 4179 de
1758 4127 1973 4196 :equali.
2022 4128 2127 4183 De-

528 4210 694 4281 nique
729 4226 852 4266 cum
894 4212 1070 4282 aliqua
1112 4212 1395 4284 inaequalia
1420 4229 1814 4285 comparamus,
1844 4228 1900 4273 et
1921 4217 2121 4288 aliquid

530 4303 695 4360 breve
732 4304 801 4359 ad
831 4304 1029 4375 aliquid
1074 4320 1325 4375 magnum
1368 4306 1719 4376 applicamus,
1746 4308 1930 4363 videre
1955 4325 2125 4379 quan-

529 4402 642 4448 tum
689 4394 757 4450 ad
795 4403 1055 4465 quantum
1098 4397 1188 4461 sit,
1220 4399 1265 4451 si
1311 4397 1571 4467 inzequale
1614 4399 1998 4468 invenerimus,-
2046 4402 2119 4456 ita

527 4486 767 4543 solemus
820 4488 987 4555 loqui,
1010 4487 1125 4543 Non
1168 4488 1445 4545 occurrit:
1474 4474 1519 4543 si
1546 4499 1745 4545 autem
1789 4493 1994 4561 a-quale
2024 4494 2114 4561 sit,

524 4576 789 4632 Occurrit.
821 4578 964 4648 Ergo
992 4594 1230 4633 occursus
1267 4580 1377 4644 eius
1402 4595 1562 4649 usque
1588 4579 1657 4633 ad
1690 4597 1942 4636 summum
1984 4584 2119 4649 cmli,

523 4668 647 4739 quia
673 4654 894 4737 :equalis
918 4678 1002 4725 est
1026 4669 1194 4723 Patri.
1226 4669 1411 4726 Talem
1440 4685 1499 4725 se
1536 4671 1750 4726 volebat
1784 4673 2122 4732 innotescere

529 4757 776 4814 ﬁdelibus
797 4757 930 4826 suis,
960 4759 1054 4831 qui
1082 4759 1325 4815 dixerat:
1360 4757 1489 4814 Noli
1512 4776 1591 4815 me
1617 4770 1843 4835 tangere.
1885 4762 2000 4819 Hoc
2027 4781 2123 4820 vo-

524 4849 668 4906 lebat
718 4850 965 4919 prcstari
1014 4865 1046 4905 a
1090 4851 1249 4907 Patre
1280 4851 1525 4907 ﬁdelibus
1552 4844 1685 4921 Suis,
1731 4854 1823 4924 qui
1870 4854 2117 4912 dicebat:

524 4939 763 5012 Exsurge
808 4942 861 4995 in
900 4958 1161 4996 accursum
1204 4943 1349 5008 mihi,
1394 4949 1441 4997 et
1469 4943 1618 5008 vide;
1665 4944 1940 5000 innotesce
1975 4948 2138 5017 quod,

526 5032 622 5087 tibi
647 5033 871 5100 aequalis
900 5032 1021 5085 sim.
1058 5030 1125 5086 Et
1152 5033 1265 5086 vide
1286 5046 1307 5087 :
1340 5031 1467 5103 quid
1494 5042 1597 5095 est,
1627 5031 1695 5086 Et
1726 5035 1878 5089 vide?
1908 5035 2013 5090 Fac
2037 5036 2119 5091 vi-

524 5122 639 5179 deri
666 5122 807 5192 quod
838 5122 929 5176 tibi
974 5123 1193 5191 aqualis
1218 5123 1341 5177 sim.
1373 5122 1636 5189 Quamdiu
1673 5124 1802 5177 mihi
1842 5125 2117 5196 Philippus

524 5214 689 5269 dicit:
720 5211 941 5267 Ostende
964 5214 1107 5267 nobis
1148 5211 1376 5275 Patrem,
1414 5224 1462 5267 et
1482 5214 1660 5284 sufﬁcit
1690 5215 1829 5268 nobis
1851 5216 1878 5269 Ζ)
1917 5216 2116 5283 Quam-

524 5305 615 5361 diu
642 5321 742 5376 cgo
771 5304 967 5370 dicam,
1004 5303 1168 5358 Tanto
1196 5314 1419 5374 tempore
1457 5306 1705 5358 vobiscum
1745 5324 1877 5369 sum,
1926 5320 1973 5361 et
2021 5310 2119 5362 l’a-

524 5410 660 5454 trem
702 5416 804 5453 non
829 5399 985 5452 nostis
1006 5400 1032 5452 ?
1075 5396 1337 5468 Philippe,
1366 5400 1455 5464 qui
1478 5415 1559 5451 me
1578 5400 1736 5458 .videt.
1766 5400 1899 5454 videt
1936 5411 1983 5455 et
2010 5400 2117 5457 Pa-
2145 5459 2149 5463 ,

522 5503 650 5547 trem
678 5507 698 5545 :
727 5506 827 5544 non
855 5489 1020 5543 credis
1047 5490 1167 5559 quia
1193 5506 1286 5560 ego
1314 5488 1368 5543 in
1406 5488 1646 5572 Patre,~et
1680 5489 1835 5545 Pater
1871 5492 2024 5547 in'mc
2039 5502 2119 5548 est

526 5582 707 5654 (Joan.
741 5598 853 5651 XIV,
876 5581 1078 5653 8-H)?
1105 5592 1158 5639 et
1202 5582 1380 5637 adhuc
1420 5582 1560 5637 forte
1589 5598 1695 5638 non
1724 5584 1898 5640 credit
1932 5600 2115 5658 aequa-

746 5742 850 5788 tas.
876 5743 931 5788 At
952 5735 1098 5787 add:
1125 5733 1240 5789 veni
1260 5748 1353 5788 non
1381 5735 1631 5796 recedens,
1659 5735 1859 5793 ascendi
1889 5751 1984 5792 nm
2025 5740 2116 5792 de—

1766 356 1825 413 S.
1870 347 2234 411 Αυαυειιδςι
2279 346 2589 404 ενιεεοιιι

3720 351 3826 409 700

2241 464 2368 523 lem.
2407 465 2637 539 Exsurge
2675 465 2725 521 in
2756 482 3020 523 occursum
3045 469 3189 536 mihi,
3221 479 3270 524 et
3304 470 3432 525 vide.
3479 471 3592 530 Fac
3620 489 3708 529 me
3740 477 3823 529 vi.

2234 557 2372 623 deri,
2397 558 2479 612 lac
2507 568 2558 612 te
2585 557 2775 623 videri,
2806 558 2888 613 fac
2917 568 3099 615 notam
3126 560 3431 617 hominibus
3461 565 3821 633 :cqualitatetn

2237 662 2494 706 nostram.
2523 650 2639 706 Non
2678 660 2865 721 putent
2890 650 3057 707 Judaai
3084 668 3144 707 se
3172 654 3443 710 hominem
3471 658 3820 718 cruciﬁxissc.

2235 741 2489 807 Quamvis
2516 741 2568 796 in
2597 757 2664 796 eo
2690 757 2794 797 non
2836 743 3146 797 cruciﬁxum
3178 730 3267 810 sit,
3312 746 3412 801 nisi
3464 748 3517 800 in
3568 759 3823 817 quantum

2237 832 2398 885 homo
2426 840 2583 887 erat:
2614 840 2792 885 tamen
2825 848 2930 905 non
2968 844 3332 911 cognoverunt
3361 851 3521 905 quem
3550 839 3828 894 cruciﬁxi:-

2236 934 2384 978 runt.
2416 923 2473 978 Si
2504 927 2646 979 enim
2678 924 3074 997 cognovissent,
3123 926 3403 982 Donninuxn
3454 927 3646 998 gloriae
3697 945 3826 984 nun-

2235 1029 2394 1083 quam
2440 1012 2832 1068 cmcillxissent
2875 1012 2924 1074 ll
2954 1012 3074 1070 Cor.
3119 1031 3179 1082 ιι,
3220 1015 3297 1085 8).
3346 1017 3500 1071 llunc
3546 1019 3824 1073 Dominum

2234 1104 2419 1172 gloria:
2447 1114 2507 1171 ut
2538 1103 2785 1159 noverint
2814 1103 3001 1166 ﬁdeles
3038 1106 3143 1183 titei
3163 1145 3182 1173 ,
3218 1105 3449 1179 Exsurge
3471 1108 3526 1162 in
3568 1125 3829 1165 occursum

2235 1194 2382 1254 mihi,
2412 1205 2457 1248 et
2481 1194 2612 1248 vide.
3242 1258 3243 1261 η
3648 1254 3651 1255 ν

2310 1285 2395 1339 ll.
2440 1283 2506 1337 Et
2543 1293 2619 1346 tu,
2641 1284 2857 1340 Domine
2894 1284 3033 1341 Deus
3058 1286 3322 1354 uirtutum,
3361 1287 3500 1343 Deus
3527 1270 3721 1344 lsrael.
3748 1291 3824 1345 Tu

2238 1376 2379 1431 Deus
2410 1375 2593 1442 Israel,
2626 1377 2855 1447 quinon
2880 1379 3084 1447 putaris
3129 1381 3231 1435 nisi
3260 1379 3401 1437 Deus
3446 1380 3613 1438 Israel
3641 1383 3838 1451 solius,

2236 1468 2327 1538 qui
2355 1483 2464 1524 non
2509 1468 2717 1541 putaris
2744 1468 2846 1524 nisi
2890 1470 3028 1526 Deus
3070 1471 3227 1525 unius
3253 1472 3427 1542 gentis
3454 1488 3575 1543 qum
3602 1482 3657 1529 te
3681 1474 3821 1540 colit,

2236 1574 2359 1614 cum
2390 1576 2582 1617 omnes
2609 1570 2799 1632 gentes
2845 1562 2983 1616 idola
3033 1560 3233 1625 colant,
3266 1572 3320 1617 tu
3365 1563 3506 1619 Deus
3536 1564 3723 1632 Israel,
3753 1568 3826 1620 in.

2237 1651 2386 1705 tende
2404 1652 2473 1706 ad
2497 1653 2803 1708 uisitandum
2828 1670 3003 1709 omnes
3042 1665 3231 1724 gentes.
3264 1655 3553 1725 Implentur
3579 1658 3681 1713 ista
3708 1673 3825 1729 pro-

2238 1743 2439 1813 phetia,
2473 1745 2525 1800 in
2550 1762 2655 1815 qua
2705 1746 2868 1802 Isaias
2902 1762 2967 1803 ex
3000 1762 3226 1818 persona
3269 1759 3357 1804 tua
3401 1750 3695 1821 alloquitur
3722 1751 3827 1807 Ec-

2235 1832 2453 1889 clesium
2505 1847 2669 1900 tuam,
2729 1846 2971 1891 sanctam
3026 1838 3298 1894 civitatem
3353 1850 3529 1907 tuam,
3588 1841 3827 1899 sterilem

2236 1924 2382 1979 illam
2420 1927 2574 1994 cujus
2624 1926 2774 1982 multi
2800 1927 2900 1996 ﬁlii
2943 1928 3174 1997 desertae,
3212 1930 3375 2001 magis
3400 1947 3552 2003 quam
3582 1931 3698 2005 ejus
3718 1949 3829 2003 quia

2237 2013 2384 2071 habet
2430 2017 2616 2072 virum.
2656 2017 2716 2072 Ei
2748 2018 2947 2087 quippe
2993 2016 3195 2075 dictum
3248 2018 3366 2075 est:
3396 2019 3615 2094 Latere,
3641 2024 3826 2077 sterilis

2232 2121 2350 2174 qua:
2375 2122 2477 2159 non
2511 2106 2672 2175 paris,
2701 2122 2912 2177 erumpe
2940 2117 2989 2162 et
3026 2108 3400 2181 exclama,qu¢
3433 2125 3533 2164 non
3571 2113 3825 2181 parturis;

2233 2197 2355 2266 quia
2384 2196 2536 2251 multi
2547 2254 2551 2258 ,
2562 2197 2660 2265 ﬁlii
2696 2197 2922 2263 deserta,
2962 2198 3127 2268 magis
3167 2214 3319 2268 quam
3369 2200 3479 2271 ejus
3516 2216 3634 2271 qua
3679 2202 3825 2256 habet

2232 2286 2436 2343 virum:
2466 2288 2636 2357 magis
2664 2303 2824 2358 quam
2858 2289 3036 2359 gentis
3055 2288 3258 2345 Judma:
3279 2306 3398 2361 quae
3424 2290 3588 2347 habet
3627 2293 3822 2357 virum.

2232 2391 2353 2444 qua:
2394 2377 2602 2446 accepit
2643 2376 2879 2448 Legem;
2915 2380 3088 2450 magis
3133 2394 3290 2457 quam
3337 2380 3452 2450 ejus
3488 2384 3664 2453 gentis
3706 2400 3825 2453 qua:

2234 2466 2420 2527 habuit
2444 2468 2749 2524 evidentem
2772 2484 2975 2540 regem.
3005 2469 3139 2525 Nam
3178 2482 3302 2527 tuus
3325 2487 3417 2526 rex
3444 2472 3597 2538 latet,
3624 2485 3680 2528 et
3710 2475 3824 2545 pluo

2232 2573 2321 2612 res
2345 2559 2438 2630 tibi
2480 2559 2573 2616 lilii
2599 2544 2723 2616 sunt
2746 2577 2812 2617 ex
2847 2563 3059 2619 occulto
3085 2575 3306 2633 sponso.
3341 2563 3483 2635 Ergo
3509 2566 3556 2619 ei
3586 2544 3822 2623 dicitur:

2233 2649 2392 2705 Hulti
2434 2652 2532 2721 ﬁlii
2559 2652 2788 2717 desertae,
2822 2658 2985 2727 magis
3009 2671 3160 2727 quam
3185 2657 3297 2729 ejus
3316 2672 3432 2727 qua:
3466 2658 3612 2711 liabet
3636 2660 3821 2714 virute.

2233 2743 2437 2814 Deinde
2468 2744 2709 2816 adiungit
2750 2745 3060 2818 Propheta:
3091 2746 3269 2802 Dilata
3308 2749 3473 2803 locum
3493 2748 3823 2809 tabernaculi

2231 2836 2325 2903 tui,
2358 2845 2406 2891 et
2431 2837 2579 2892 aulas
2615 2841 2631 2870 ¹
2662 2849 2775 2893 tuas
2802 2841 3035 2910 conﬁge;
3080 2856 3183 2896 non
3209 2852 3284 2895 est
3311 2841 3447 2910 quod
3474 2858 3653 2911 parcas
3680 2860 3704 2897 :
3738 2860 3824 2898 αι

2231 2928 2378 2981 tende
2406 2929 2609 2999 longius
2645 2930 2914 3001 funiculos‘
2930 2940 3062 2993 tuos,
3091 2941 3139 2987 et
3163 2933 3311 3003 palos
3337 2933 3531 2989 validos
3553 2937 3822 2998 constitue.

2229 3018 2379 3071 etiam
2405 3028 2556 3089 atque
2573 3021 2726 3074 etiam
2752 3022 2807 3074 in
2832 3022 3093 3077 dexteram
3122 3033 3272 3095 atque
3297 3024 3577 3084 sinistram.
3603 3025 3657 3080 in
3688 3027 3824 3083 dex-

2230 3117 2343 3163 tera
2370 3116 2495 3163 tene
2521 3110 2711 3176 bonos,
2744 3112 2795 3165 in
2832 3114 3048 3180 sinistra
3079 3124 3204 3170 lene
3246 3115 3417 3171 malos
3438 3112 3652 3189 (Matth.
3684 3134 3821 3185 xxv,

2229 3203 2343 3274 33),
2374 3204 2548 3261 donec
2572 3206 2752 3261 veniat
2784 3208 3140 3264 ventilabrum
3174 3205 3285 3282 (ιιι.
3329 3224 3412 3275 ιιι,
3447 3210 3574 3281 12);
3606 3211 3824 3282 posside

2233 3304 2409 3350 tamen
2437 3312 2639 3352 omnes
2680 3306 2895 3370 gentes.
2930 3299 3228 3355 lnvitentur
3250 3301 3318 3356 ad
3358 3304 3572 3373 nuptias
3608 3303 3742 3361 boni
3770 3311 3827 3361 et

2224 3389 2382 3455 mali,
2405 3389 2728 3459 impleantur
2764 3393 2965 3462 nuptiae
2995 3394 3419 3450 recumbentium
3450 3393 3556 3467 (Id.
3591 3412 3725 3465 xm,
3765 3398 3820 3468 9,

2232 3478 2323 3549 10)
2352 3496 2366 3533 :
2399 3493 2678 3536 servorum
2709 3492 2793 3537 est
2824 3483 3070 3548 invitare,
3099 3485 3309 3546 Domini
3352 3491 3622 3557 separare.
3652 3488 3822 3547 Etiam

2227 3579 2380 3635 atque
2404 3570 2555 3625 etiam
2582 3572 2635 3625 in
2673 3572 2931 3627 dexteram
2973 3582 3123 3645 atque
3150 3574 3409 3632 sinistram
3453 3570 3685 3637 ettende.
3721 3579 3823 3635 se.

2229 3677 2340 3715 men
2367 3663 2499 3715 enim
2524 3672 2668 3717 tuum
2694 3664 3008 3720 hteredimbit
3045 3678 3239 3737 gentes,
3269 3677 3317 3723 et
3338 3669 3564 3725 civitates
3597 3687 3713 3742 qua
3735 3673 3823 3728 de-

2228 3763 2376 3806 serta:
2416 3764 2579 3820 erant,
2623 3755 2927 3813 inhabitabis
2950 3772 2970 3813 :
2998 3758 3228 3814 desertae
3274 3774 3303 3813 a
3350 3759 3482 3829 Deo,
3534 3761 3765 3819 deserta:
3791 3780 3821 3820 s

2232 3842 2531 3912 Prophetis,
2565 3845 2792 3901 deserve
2828 3847 2900 3902 ab
2944 3848 3235 3918 Apostolis,
3268 3850 3495 3907 desertse
3540 3853 3610 3908 ab
3643 3853 3823 3913 Evan-

2229 3935 2393 4004 gelio,
2422 3936 2594 4005 plena:
2636 3937 2939 3995 daemoniis.
2989 3939 3223 3997 Civitates
3263 3958 3378 4013 quae
3423 3943 3638 4000 deserta
3679 3957 3824 4002 eram

2230 4025 2557 4083 inltabitnbis.
2606 4027 2727 4084 Non
2752 4041 2824 4086 est
2866 4032 3007 4103 quod
3049 4042 3282 4100 metuas;
3323 4037 3619 4106 praevalebis
3654 4041 3825 4096 enim:

2230 4134 2321 4172 nec
2345 4119 2611 4175 erubescas
2646 4122 2784 4189 quod
2809 4123 3119 4179 detestabilis
3164 4128 3342 4199 fueris.
3371 4128 3532 4199 Ergo,
3574 4133 3696 4203 quia
3746 4135 3823 4188 in-

2228 4222 2555 4266 surrexerunt
2587 4230 2743 4283 super
2786 4231 2866 4269 me
2894 4217 2915 4247 ³
2944 4217 3123 4288 fortes,
3166 4234 3229 4272 ne
3270 4220 3569 4287 erubescas;
3610 4224 3821 4292 quando

2228 4312 2414 4356 contra
2443 4318 2636 4360 nomen
2673 4304 3025 4361 christianum
3056 4308 3198 4380 leges
3240 4310 3569 4378 ferebantur,
3604 4315 3819 4383 quando

2227 4395 2517 4464 ignominia
2566 4407 2633 4477 et
2655 4397 2870 4453 infamia
2896 4410 3012 4454 erat
3049 4414 3168 4457 esse
3193 4400 3573 4477 christianum,
3604 4404 3687 4461 Ne
3708 4424 3822 4460 cru-

2229 4486 2399 4541 bescas
2445 4489 2582 4557 quod
2608 4474 2916 4546 detestabilis
2962 4492 3118 4563 fueris
3153 4508 3172 4547 .'
3201 4474 3569 4563 confusionem:
3592 4500 3728 4553 enim
3769 4500 3820 4554 in

2228 4590 2525 4648 perpetuum
2564 4581 2907 4648 Oblivisceris;
2950 4584 3241 4654 ignominia:
3278 4585 3539 4641 viduitatis
3576 4600 3681 4643 tute
3721 4606 3820 4645 non

2226 4670 2326 4724 eris
2355 4687 2564 4727 memor.
2606 4672 2860 4739 Quoniam
2880 4682 2883 4685 '
2900 4690 2990 4746 ego
3016 4692 3127 4729 sum
3173 4674 3423 4732 Dominus
3449 4680 3536 4748 qui
3574 4682 3715 4751 facio
3739 4692 3819 4736 te:

2221 4762 2477 4819 Dominus
2525 4776 2707 4829 nomen
2749 4776 2821 4821 est
2846 4767 2894 4820 ei
2910 4782 2929 4831 ;
2973 4777 3022 4821 et
3060 4768 3145 4838 qui
3189 4770 3315 4822 eruit
3343 4778 3408 4833 te,
3436 4771 3547 4839 ipse
3574 4770 3820 4830 Dominus

2230 4852 2367 4909 Deus
2402 4853 2569 4910 Israel
2600 4857 2848 4912 universa:
2874 4867 3025 4912 terra
3048 4858 3304 4914 vocabitur
3336 4859 3491 4927 (lsai.
3523 4877 3632 4930 ιιν,
3682 4864 3816 4935 ιοδ).

2225 4941 2297 4998 Et
2322 4951 2396 5014 tu,
2410 4944 2623 5000 Domine
2670 4945 2807 5001 Deus
2836 4948 3098 5011 virtutum,
3133 4948 3268 5004 Deus
3296 4949 3483 5017 Israel,
3519 4953 3733 5009 intende
3754 4955 3819 5009 ad

2226 5020 2531 5088 uisitandum
2575 5051 2747 5090 omnes
2784 5046 2991 5107 gentes:
3021 5038 3260 5107 intende,
3296 5041 3537 5111 inquam,
3586 5046 3659 5105 ad
3697 5048 3819 5102 visi-

2210 5124 2447 5179 .tandum
2470 5120 2658 5181 omnes
2686 5136 2894 5198 gentes.

2297 5216 2385 5272 12.
2430 5215 2549 5270 Non
2578 5218 2864 5272 miserearis
2889 5220 3115 5274 omnium
3139 5229 3229 5292 qui
3259 5236 3538 5292 operantur
3565 5227 3816 5297 iniquita-

2225 5312 2342 5356 tem.
2390 5303 2486 5359 Hic
2517 5306 2671 5375 plane
2697 5307 2903 5361 terruit.
2935 5308 3103 5377 Quem
3140 5325 3258 5365 non
3297 5314 3535 5367 terreat?
3574 5316 3708 5383 Quis
3753 5318 3819 5374 ad

2224 5408 2376 5449 suam
2418 5397 2801 5451 conscientiam
2848 5399 3062 5454 rediens
3091 5416 3196 5454 non
3234 5403 3612 5459 contremiscat
3635 5407 3661 5459 ?
3689 5408 3820 5475 Qua:

2225 5484 2433 5541 etiamsi
2473 5485 2574 5541 sibi
2618 5489 2829 5543 conscia
2858 5488 2940 5543 est
2969 5490 3203 5559 pietatis,
3233 5492 3441 5549 mirum
3480 5495 3583 5549 nisi
3615 5499 3818 5569 aliquid

2290 5683 2309 5714 ί

2221 5680 2913 5873 ,πῄιὲηὲἶέἒῖέὲῗῇ
2944 5747 3083 5821 ωδε,
3100 5758 3371 5878 armaret:
3402 5756 3651 5824 [soloque
3689 5772 3819 5827 post.
