  <div class='ocr_page' id='page_1' title='image "/cluster/home/n/w/nwhite01/storage/ocr_20150623/36/umn.319510024773307/360.png"; bbox 0 0 3968 6338; ppageno 0'>
   <div class='ocr_carea' id='block_1_1' title="bbox 161 429 258 484">
    <p class='ocr_par' dir='ltr' id='par_1_1' title="bbox 161 429 258 484">
     <span class='ocr_line' id='line_1_1' title="bbox 161 429 258 484; baseline -0.021 0"><span class='ocrx_word' id='word_1_1' title='bbox 161 429 258 484; x_wconf 79' lang='grc'><strong>701</strong></span> 
     </span>
    </p>
   </div>
   <div class='ocr_carea' id='block_1_2' title="bbox 157 543 1754 618">
    <p class='ocr_par' dir='ltr' id='par_1_2' title="bbox 157 543 1754 618">
     <span class='ocr_line' id='line_1_2' title="bbox 157 543 1754 618; baseline 0.004 -22"><span class='ocrx_word' id='word_1_2' title='bbox 157 543 375 596; x_wconf 77' lang='lat' dir='ltr'><strong>etmscia</strong></span> <span class='ocrx_word' id='word_1_3' title='bbox 417 544 486 599; x_wconf 89' lang='lat' dir='ltr'><strong>sit</strong></span> <span class='ocrx_word' id='word_1_4' title='bbox 514 544 674 599; x_wconf 81' lang='lat' dir='ltr'><strong>etiam</strong></span> <span class='ocrx_word' id='word_1_5' title='bbox 707 545 1026 616; x_wconf 74' lang='lat' dir='ltr'><strong>iniquitatis.</strong></span> <span class='ocrx_word' id='word_1_6' title='bbox 1068 546 1403 618; x_wconf 80' lang='lat' dir='ltr'><strong>Quicumque</strong></span> <span class='ocrx_word' id='word_1_7' title='bbox 1444 552 1584 602; x_wconf 84' lang='lat' dir='ltr'><strong>enim</strong></span> <span class='ocrx_word' id='word_1_8' title='bbox 1629 564 1754 618; x_wconf 85' lang='lat' dir='ltr'><strong>pce—</strong></span> 
     </span>
    </p>
   </div>
   <div class='ocr_carea' id='block_1_3' title="bbox 154 635 1756 710">
    <p class='ocr_par' dir='ltr' id='par_1_3' title="bbox 154 635 1756 710">
     <span class='ocr_line' id='line_1_3' title="bbox 154 635 1756 710; baseline 0.005 -22"><span class='ocrx_word' id='word_1_9' title='bbox 154 644 336 688; x_wconf 67' lang='lat' dir='ltr'><strong>mtum</strong></span> <span class='ocrx_word' id='word_1_10' title='bbox 372 635 514 703; x_wconf 78' lang='lat' dir='ltr'><strong>facit,</strong></span> <span class='ocrx_word' id='word_1_11' title='bbox 548 647 604 692; x_wconf 87' lang='lat' dir='ltr'><strong>et</strong></span> <span class='ocrx_word' id='word_1_12' title='bbox 641 638 978 708; x_wconf 85' lang='lat' dir='ltr'><strong>iniquitatem</strong></span> <span class='ocrx_word' id='word_1_13' title='bbox 1015 640 1143 694; x_wconf 73' lang='lat' dir='ltr'><strong>facit</strong></span> <span class='ocrx_word' id='word_1_14' title='bbox 1178 640 1230 709; x_wconf 93' lang='grc' dir='ltr'><strong>(Ι</strong></span> <span class='ocrx_word' id='word_1_15' title='bbox 1260 639 1420 694; x_wconf 79' lang='lat' dir='ltr'><strong>Joan.</strong></span> <span class='ocrx_word' id='word_1_16' title='bbox 1463 658 1541 706; x_wconf 88' lang='lat' dir='ltr'><strong>Ill,</strong></span> <span class='ocrx_word' id='word_1_17' title='bbox 1589 645 1666 710; x_wconf 68' lang='grc'><strong>4).</strong></span> <span class='ocrx_word' id='word_1_18' title='bbox 1700 641 1756 696; x_wconf 90' lang='lat' dir='ltr'><strong>Si</strong></span> 
     </span>
    </p>
   </div>
   <div class='ocr_carea' id='block_1_4' title="bbox 154 727 1756 802">
    <p class='ocr_par' dir='ltr' id='par_1_4' title="bbox 154 727 1756 802">
     <span class='ocr_line' id='line_1_4' title="bbox 154 727 1756 802; baseline 0.005 -24"><span class='ocrx_word' id='word_1_19' title='bbox 154 728 303 780; x_wconf 88' lang='lat' dir='ltr'><strong>enim</strong></span> <span class='ocrx_word' id='word_1_20' title='bbox 335 727 645 797; x_wconf 90' lang='lat' dir='ltr'><strong>iniquitates</strong></span> <span class='ocrx_word' id='word_1_21' title='bbox 665 729 1058 795; x_wconf 80' lang='lat' dir='ltr'><strong>observaveris,</strong></span> <span class='ocrx_word' id='word_1_22' title='bbox 1095 730 1336 796; x_wconf 81' lang='lat' dir='ltr'><strong>Domine,</strong></span> <span class='ocrx_word' id='word_1_23' title='bbox 1371 731 1615 796; x_wconf 81' lang='lat' dir='ltr'><strong>Domine,</strong></span> <span class='ocrx_word' id='word_1_24' title='bbox 1636 732 1756 802; x_wconf 85' lang='lat' dir='ltr'><strong>quis</strong></span> 
     </span>
    </p>
   </div>
   <div class='ocr_carea' id='block_1_5' title="bbox 153 819 1751 892">
    <p class='ocr_par' dir='ltr' id='par_1_5' title="bbox 153 819 1751 892">
     <span class='ocr_line' id='line_1_5' title="bbox 153 819 1751 892; baseline 0.004 -23"><span class='ocrx_word' id='word_1_25' title='bbox 153 819 441 874; x_wconf 81' lang='lat' dir='ltr'><strong>sustinebit</strong></span> <span class='ocrx_word' id='word_1_26' title='bbox 487 819 661 888; x_wconf 84' lang='lat' dir='ltr'><strong>(Psal.</strong></span> <span class='ocrx_word' id='word_1_27' title='bbox 707 836 888 886; x_wconf 75' lang='lat' dir='ltr'><strong>cxxnx,</strong></span> <span class='ocrx_word' id='word_1_28' title='bbox 934 822 1014 892; x_wconf 77' lang='lat'><strong>3).</strong></span> <span class='ocrx_word' id='word_1_29' title='bbox 1071 821 1139 876; x_wconf 79' lang='lat' dir='ltr'><strong>Et</strong></span> <span class='ocrx_word' id='word_1_30' title='bbox 1185 831 1361 877; x_wconf 84' lang='lat' dir='ltr'><strong>tamen</strong></span> <span class='ocrx_word' id='word_1_31' title='bbox 1415 840 1600 879; x_wconf 90' lang='lat' dir='ltr'><strong>verum</strong></span> <span class='ocrx_word' id='word_1_32' title='bbox 1647 835 1751 891; x_wconf 79' lang='lat' dir='ltr'><strong>est,</strong></span> 
     </span>
    </p>
   </div>
   <div class='ocr_carea' id='block_1_6' title="bbox 150 908 1754 983">
    <p class='ocr_par' dir='ltr' id='par_1_6' title="bbox 150 908 1754 983">
     <span class='ocr_line' id='line_1_6' title="bbox 150 908 1754 983; baseline 0.007 -24"><span class='ocrx_word' id='word_1_33' title='bbox 150 924 256 964; x_wconf 87' lang='lat' dir='ltr'><strong>nec</strong></span> <span class='ocrx_word' id='word_1_34' title='bbox 295 908 491 966; x_wconf 77' lang='lat' dir='ltr'><strong>frustra</strong></span> <span class='ocrx_word' id='word_1_35' title='bbox 539 911 764 976; x_wconf 90' lang='lat' dir='ltr'><strong>dictum,</strong></span> <span class='ocrx_word' id='word_1_36' title='bbox 799 927 899 966; x_wconf 91' lang='lat' dir='ltr'><strong>nec</strong></span> <span class='ocrx_word' id='word_1_37' title='bbox 947 927 1139 967; x_wconf 81' lang='lat' dir='ltr'><strong>vacare</strong></span> <span class='ocrx_word' id='word_1_38' title='bbox 1189 916 1407 968; x_wconf 83' lang='lat' dir='ltr'><strong>omnino</strong></span> <span class='ocrx_word' id='word_1_39' title='bbox 1451 924 1623 983; x_wconf 87' lang='lat' dir='ltr'><strong>potest</strong></span> <span class='ocrx_word' id='word_1_40' title='bbox 1661 927 1754 971; x_wconf 87' lang='lat' dir='ltr'><strong>aut</strong></span> 
     </span>
    </p>
   </div>
   <div class='ocr_carea' id='block_1_7' title="bbox 149 1000 1754 1080">
    <p class='ocr_par' dir='ltr' id='par_1_7' title="bbox 149 1000 1754 1080">
     <span class='ocr_line' id='line_1_7' title="bbox 149 1000 1754 1080; baseline 0.006 -27"><span class='ocrx_word' id='word_1_41' title='bbox 149 1002 374 1069; x_wconf 79' lang='lat' dir='ltr'><strong>peterit,</strong></span> <span class='ocrx_word' id='word_1_42' title='bbox 411 1000 534 1056; x_wconf 79' lang='lat' dir='ltr'><strong>Non</strong></span> <span class='ocrx_word' id='word_1_43' title='bbox 560 1003 844 1058; x_wconf 71' lang='lat' dir='ltr'><strong>miserearis</strong></span> <span class='ocrx_word' id='word_1_44' title='bbox 872 1004 1098 1058; x_wconf 88' lang='lat' dir='ltr'><strong>onmium</strong></span> <span class='ocrx_word' id='word_1_45' title='bbox 1131 1007 1220 1074; x_wconf 87' lang='lat' dir='ltr'><strong>qui</strong></span> <span class='ocrx_word' id='word_1_46' title='bbox 1255 1020 1532 1075; x_wconf 78' lang='lat' dir='ltr'><strong>operantur</strong></span> <span class='ocrx_word' id='word_1_47' title='bbox 1565 1011 1754 1080; x_wconf 82' lang='lat' dir='ltr'><strong>iniqui-</strong></span> 
     </span>
    </p>
   </div>
   <div class='ocr_carea' id='block_1_8' title="bbox 145 1091 1749 1166">
    <p class='ocr_par' dir='ltr' id='par_1_8' title="bbox 145 1091 1749 1166">
     <span class='ocr_line' id='line_1_8' title="bbox 145 1091 1749 1166; baseline 0.007 -24"><span class='ocrx_word' id='word_1_48' title='bbox 145 1101 324 1144; x_wconf 88' lang='lat' dir='ltr'><strong>tatem.</strong></span> <span class='ocrx_word' id='word_1_49' title='bbox 355 1091 458 1146; x_wconf 98' lang='lat' dir='ltr'><strong>Sed</strong></span> <span class='ocrx_word' id='word_1_50' title='bbox 488 1109 613 1148; x_wconf 83' lang='lat' dir='ltr'><strong>cere</strong></span> <span class='ocrx_word' id='word_1_51' title='bbox 654 1094 902 1148; x_wconf 88' lang='lat' dir='ltr'><strong>misertus</strong></span> <span class='ocrx_word' id='word_1_52' title='bbox 924 1104 1006 1148; x_wconf 90' lang='lat' dir='ltr'><strong>est</strong></span> <span class='ocrx_word' id='word_1_53' title='bbox 1036 1095 1182 1148; x_wconf 84' lang='lat' dir='ltr'><strong>Pauli</strong></span> <span class='ocrx_word' id='word_1_54' title='bbox 1215 1096 1303 1166; x_wconf 88' lang='lat' dir='ltr'><strong>qui</strong></span> <span class='ocrx_word' id='word_1_55' title='bbox 1347 1098 1519 1166; x_wconf 82' lang='lat' dir='ltr'><strong>prium</strong></span> <span class='ocrx_word' id='word_1_56' title='bbox 1555 1100 1749 1154; x_wconf 79' lang='lat' dir='ltr'><strong>Saulus</strong></span> 
     </span>
    </p>
   </div>
   <div class='ocr_carea' id='block_1_9' title="bbox 143 1185 1746 1255">
    <p class='ocr_par' dir='ltr' id='par_1_9' title="bbox 143 1185 1746 1255">
     <span class='ocr_line' id='line_1_9' title="bbox 143 1185 1746 1255; baseline 0.008 -23"><span class='ocrx_word' id='word_1_57' title='bbox 143 1185 476 1249; x_wconf 56' lang='lat' dir='ltr'><strong>«ipteiabatur</strong></span> <span class='ocrx_word' id='word_1_58' title='bbox 521 1185 850 1254; x_wconf 86' lang='lat' dir='ltr'><strong>iniquitatem</strong></span> <span class='ocrx_word' id='word_1_59' title='bbox 883 1204 895 1237; x_wconf 92' lang='lat'><strong>:</strong></span> <span class='ocrx_word' id='word_1_60' title='bbox 926 1185 1052 1255; x_wconf 88' lang='lat' dir='ltr'><strong>quid</strong></span> <span class='ocrx_word' id='word_1_61' title='bbox 1084 1188 1229 1242; x_wconf 89' lang='lat' dir='ltr'><strong>enim</strong></span> <span class='ocrx_word' id='word_1_62' title='bbox 1262 1187 1381 1242; x_wconf 79' lang='lat' dir='ltr'><strong>fecit</strong></span> <span class='ocrx_word' id='word_1_63' title='bbox 1423 1189 1570 1252; x_wconf 87' lang='lat' dir='ltr'><strong>boni,</strong></span> <span class='ocrx_word' id='word_1_64' title='bbox 1606 1192 1746 1246; x_wconf 86' lang='lat' dir='ltr'><strong>unde</strong></span> 
     </span>
    </p>
   </div>
   <div class='ocr_carea' id='block_1_10' title="bbox 147 1276 1747 1346">
    <p class='ocr_par' dir='ltr' id='par_1_10' title="bbox 147 1276 1747 1346">
     <span class='ocr_line' id='line_1_10' title="bbox 147 1276 1747 1346; baseline 0.008 -24"><span class='ocrx_word' id='word_1_65' title='bbox 147 1286 550 1340; x_wconf 80' lang='lat' dir='ltr'><strong>promerereutr</strong></span> <span class='ocrx_word' id='word_1_66' title='bbox 594 1277 802 1331; x_wconf 81' lang='lat' dir='ltr'><strong>Deum?</strong></span> <span class='ocrx_word' id='word_1_67' title='bbox 851 1276 1041 1332; x_wconf 80' lang='lat' dir='ltr'><strong>Nonne</strong></span> <span class='ocrx_word' id='word_1_68' title='bbox 1085 1290 1300 1333; x_wconf 86' lang='lat' dir='ltr'><strong>sanctos</strong></span> <span class='ocrx_word' id='word_1_69' title='bbox 1338 1281 1455 1346; x_wconf 87' lang='lat' dir='ltr'><strong>ejus</strong></span> <span class='ocrx_word' id='word_1_70' title='bbox 1502 1281 1568 1334; x_wconf 88' lang='lat' dir='ltr'><strong>ad</strong></span> <span class='ocrx_word' id='word_1_71' title='bbox 1602 1299 1747 1335; x_wconf 87' lang='lat' dir='ltr'><strong>mor-</strong></span> 
     </span>
    </p>
   </div>
   <div class='ocr_carea' id='block_1_11' title="bbox 144 1365 1742 1441">
    <p class='ocr_par' dir='ltr' id='par_1_11' title="bbox 144 1365 1742 1441">
     <span class='ocr_line' id='line_1_11' title="bbox 144 1365 1742 1441; baseline 0.006 -25"><span class='ocrx_word' id='word_1_72' title='bbox 144 1373 253 1417; x_wconf 89' lang='lat' dir='ltr'><strong>tem</strong></span> <span class='ocrx_word' id='word_1_73' title='bbox 288 1365 634 1420; x_wconf 77' lang='lat' dir='ltr'><strong>attrabebat?</strong></span> <span class='ocrx_word' id='word_1_74' title='bbox 677 1383 854 1423; x_wconf 86' lang='lat' dir='ltr'><strong>nonne</strong></span> <span class='ocrx_word' id='word_1_75' title='bbox 902 1370 1158 1438; x_wconf 83' lang='lat' dir='ltr'><strong>epistolas</strong></span> <span class='ocrx_word' id='word_1_76' title='bbox 1201 1386 1230 1422; x_wconf 91' lang='lat' dir='ltr'><strong>a</strong></span> <span class='ocrx_word' id='word_1_77' title='bbox 1283 1373 1610 1441; x_wconf 84' lang='lat' dir='ltr'><strong>principibus</strong></span> <span class='ocrx_word' id='word_1_78' title='bbox 1653 1390 1742 1427; x_wconf 80' lang='lat' dir='ltr'><strong>Sa-</strong></span> 
     </span>
    </p>
   </div>
   <div class='ocr_carea' id='block_1_12' title="bbox 139 1456 1743 1532">
    <p class='ocr_par' dir='ltr' id='par_1_12' title="bbox 139 1456 1743 1532">
     <span class='ocr_line' id='line_1_12' title="bbox 139 1456 1743 1532; baseline 0.01 -26"><span class='ocrx_word' id='word_1_79' title='bbox 139 1456 426 1510; x_wconf 74' lang='lat' dir='ltr'><strong>eet-dolum</strong></span> <span class='ocrx_word' id='word_1_80' title='bbox 458 1457 681 1521; x_wconf 84' lang='lat' dir='ltr'><strong>ferebat,</strong></span> <span class='ocrx_word' id='word_1_81' title='bbox 715 1470 775 1515; x_wconf 90' lang='lat' dir='ltr'><strong>ut</strong></span> <span class='ocrx_word' id='word_1_82' title='bbox 810 1461 1132 1532; x_wconf 86' lang='lat' dir='ltr'><strong>ubicumque</strong></span> <span class='ocrx_word' id='word_1_83' title='bbox 1158 1462 1491 1519; x_wconf 73' lang='lat' dir='ltr'><strong>Christianos</strong></span> <span class='ocrx_word' id='word_1_84' title='bbox 1517 1466 1743 1521; x_wconf 79' lang='lat' dir='ltr'><strong>invenis-</strong></span> 
     </span>
    </p>
   </div>
   <div class='ocr_carea' id='block_1_13' title="bbox 137 1549 1735 1627">
    <p class='ocr_par' dir='ltr' id='par_1_13' title="bbox 137 1549 1735 1627">
     <span class='ocr_line' id='line_1_13' title="bbox 137 1549 1735 1627; baseline 0.006 -24"><span class='ocrx_word' id='word_1_85' title='bbox 137 1559 242 1613; x_wconf 85' lang='lat' dir='ltr'><strong>set,</strong></span> <span class='ocrx_word' id='word_1_86' title='bbox 263 1549 332 1602; x_wconf 89' lang='lat' dir='ltr'><strong>ad</strong></span> <span class='ocrx_word' id='word_1_87' title='bbox 364 1567 577 1619; x_wconf 78' lang='lat' dir='ltr'><strong>puniant</strong></span> <span class='ocrx_word' id='word_1_88' title='bbox 606 1555 854 1622; x_wconf 76' lang='lat' dir='ltr'><strong>raperet?</strong></span> <span class='ocrx_word' id='word_1_89' title='bbox 890 1570 1070 1610; x_wconf 90' lang='lat' dir='ltr'><strong>nonne</strong></span> <span class='ocrx_word' id='word_1_90' title='bbox 1104 1557 1153 1610; x_wconf 92' lang='lat' dir='ltr'><strong>id</strong></span> <span class='ocrx_word' id='word_1_91' title='bbox 1177 1572 1362 1627; x_wconf 81' lang='lat' dir='ltr'><strong>agens,</strong></span> <span class='ocrx_word' id='word_1_92' title='bbox 1393 1573 1459 1612; x_wconf 87' lang='lat' dir='ltr'><strong>eo</strong></span> <span class='ocrx_word' id='word_1_93' title='bbox 1491 1560 1735 1625; x_wconf 76' lang='lat' dir='ltr'><strong>tendens,</strong></span> 
     </span>
    </p>
   </div>
   <div class='ocr_carea' id='block_1_14' title="bbox 135 1641 1737 1718">
    <p class='ocr_par' dir='ltr' id='par_1_14' title="bbox 135 1641 1737 1718">
     <span class='ocr_line' id='line_1_14' title="bbox 135 1641 1737 1718; baseline 0.009 -29"><span class='ocrx_word' id='word_1_94' title='bbox 135 1641 344 1694; x_wconf 64' lang='lat' dir='ltr'><strong>aedem</strong></span> <span class='ocrx_word' id='word_1_95' title='bbox 390 1641 600 1710; x_wconf 85' lang='lat' dir='ltr'><strong>spirans</strong></span> <span class='ocrx_word' id='word_1_96' title='bbox 636 1654 692 1697; x_wconf 91' lang='lat' dir='ltr'><strong>et</strong></span> <span class='ocrx_word' id='word_1_97' title='bbox 730 1644 1015 1710; x_wconf 87' lang='lat' dir='ltr'><strong>anhelans,</strong></span> <span class='ocrx_word' id='word_1_98' title='bbox 1052 1647 1191 1702; x_wconf 89' lang='lat' dir='ltr'><strong>sicut</strong></span> <span class='ocrx_word' id='word_1_99' title='bbox 1227 1648 1295 1702; x_wconf 90' lang='lat' dir='ltr'><strong>de</strong></span> <span class='ocrx_word' id='word_1_100' title='bbox 1336 1649 1425 1701; x_wconf 91' lang='lat' dir='ltr'><strong>illo</strong></span> <span class='ocrx_word' id='word_1_101' title='bbox 1464 1649 1737 1718; x_wconf 81' lang='lat' dir='ltr'><strong>Scriptura</strong></span> 
     </span>
    </p>
   </div>
   <div class='ocr_carea' id='block_1_15' title="bbox 134 1733 1738 1809">
    <p class='ocr_par' dir='ltr' id='par_1_15' title="bbox 134 1733 1738 1809">
     <span class='ocr_line' id='line_1_15' title="bbox 134 1733 1738 1809; baseline 0.009 -26"><span class='ocrx_word' id='word_1_102' title='bbox 134 1741 456 1800; x_wconf 82' lang='lat' dir='ltr'><strong>attestatur,</strong></span> <span class='ocrx_word' id='word_1_103' title='bbox 501 1733 569 1789; x_wconf 87' lang='lat' dir='ltr'><strong>de</strong></span> <span class='ocrx_word' id='word_1_104' title='bbox 606 1736 744 1790; x_wconf 66' lang='lat' dir='ltr'><strong>caelo</strong></span> <span class='ocrx_word' id='word_1_105' title='bbox 773 1748 994 1792; x_wconf 88' lang='lat' dir='ltr'><strong>vocatus</strong></span> <span class='ocrx_word' id='word_1_106' title='bbox 1033 1749 1117 1792; x_wconf 87' lang='lat' dir='ltr'><strong>est</strong></span> <span class='ocrx_word' id='word_1_107' title='bbox 1144 1755 1276 1795; x_wconf 85' lang='lat' dir='ltr'><strong>voce</strong></span> <span class='ocrx_word' id='word_1_108' title='bbox 1310 1741 1523 1796; x_wconf 90' lang='lat' dir='ltr'><strong>sublimi</strong></span> <span class='ocrx_word' id='word_1_109' title='bbox 1547 1785 1561 1806; x_wconf 87' lang='lat'><strong>,</strong></span> <span class='ocrx_word' id='word_1_110' title='bbox 1591 1742 1738 1809; x_wconf 86' lang='lat' dir='ltr'><strong>deje-</strong></span> 
     </span>
    </p>
   </div>
   <div class='ocr_carea' id='block_1_16' title="bbox 131 1829 1734 1894">
    <p class='ocr_par' dir='ltr' id='par_1_16' title="bbox 131 1829 1734 1894">
     <span class='ocr_line' id='line_1_16' title="bbox 131 1829 1734 1894; baseline 0.007 -20"><span class='ocrx_word' id='word_1_111' title='bbox 131 1829 288 1883; x_wconf 81' lang='lat' dir='ltr'><strong>ctus.</strong></span> <span class='ocrx_word' id='word_1_112' title='bbox 331 1833 544 1879; x_wconf 83' lang='lat' dir='ltr'><strong>erectus</strong></span> <span class='ocrx_word' id='word_1_113' title='bbox 563 1866 580 1889; x_wconf 91' lang='lat'><strong>,</strong></span> <span class='ocrx_word' id='word_1_114' title='bbox 613 1835 950 1893; x_wconf 64' lang='lat' dir='ltr'><strong>excatcatus,</strong></span> <span class='ocrx_word' id='word_1_115' title='bbox 979 1829 1345 1894; x_wconf 84' lang='lat' dir='ltr'><strong>illuminatus,</strong></span> <span class='ocrx_word' id='word_1_116' title='bbox 1374 1832 1585 1885; x_wconf 85' lang='lat' dir='ltr'><strong>occisus</strong></span> <span class='ocrx_word' id='word_1_117' title='bbox 1605 1874 1618 1894; x_wconf 88' lang='lat'><strong>,</strong></span> <span class='ocrx_word' id='word_1_118' title='bbox 1651 1832 1734 1886; x_wconf 83' lang='lat' dir='ltr'><strong>vi-</strong></span> 
     </span>
    </p>
   </div>
   <div class='ocr_carea' id='block_1_17' title="bbox 131 1916 1734 1996">
    <p class='ocr_par' dir='ltr' id='par_1_17' title="bbox 131 1916 1734 1996">
     <span class='ocr_line' id='line_1_17' title="bbox 131 1916 1734 1996; baseline 0.007 -30"><span class='ocrx_word' id='word_1_119' title='bbox 131 1918 381 1970; x_wconf 81' lang='lat' dir='ltr'><strong>vilicatus</strong></span> <span class='ocrx_word' id='word_1_120' title='bbox 400 1956 416 1981; x_wconf 92' lang='lat'><strong>,</strong></span> <span class='ocrx_word' id='word_1_121' title='bbox 439 1916 680 1996; x_wconf 86' lang='lat' dir='ltr'><strong>perditus</strong></span> <span class='ocrx_word' id='word_1_122' title='bbox 699 1960 714 1984; x_wconf 91' lang='lat'><strong>,</strong></span> <span class='ocrx_word' id='word_1_123' title='bbox 741 1918 985 1974; x_wconf 87' lang='lat' dir='ltr'><strong>redditus</strong></span> <span class='ocrx_word' id='word_1_124' title='bbox 1023 1922 1162 1994; x_wconf 80' lang='lat' dir='ltr'><strong>(Act.</strong></span> <span class='ocrx_word' id='word_1_125' title='bbox 1196 1923 1316 1992; x_wconf 80' lang='lat' dir='ltr'><strong>ix)?</strong></span> <span class='ocrx_word' id='word_1_126' title='bbox 1347 1923 1463 1991; x_wconf 90' lang='lat' dir='ltr'><strong>Quo</strong></span> <span class='ocrx_word' id='word_1_127' title='bbox 1509 1923 1734 1978; x_wconf 83' lang='lat' dir='ltr'><strong>merito?</strong></span> 
     </span>
    </p>
   </div>
   <div class='ocr_carea' id='block_1_18' title="bbox 126 2005 1732 2085">
    <p class='ocr_par' dir='ltr' id='par_1_18' title="bbox 126 2005 1732 2085">
     <span class='ocr_line' id='line_1_18' title="bbox 126 2005 1732 2085; baseline 0.006 -23"><span class='ocrx_word' id='word_1_128' title='bbox 126 2005 271 2065; x_wconf 77' lang='lat' dir='ltr'><strong>Nihil</strong></span> <span class='ocrx_word' id='word_1_129' title='bbox 317 2023 417 2064; x_wconf 90' lang='lat' dir='ltr'><strong>nos</strong></span> <span class='ocrx_word' id='word_1_130' title='bbox 459 2010 747 2078; x_wconf 83' lang='lat' dir='ltr'><strong>dicamus;</strong></span> <span class='ocrx_word' id='word_1_131' title='bbox 796 2012 968 2082; x_wconf 88' lang='lat' dir='ltr'><strong>ipsum</strong></span> <span class='ocrx_word' id='word_1_132' title='bbox 1019 2017 1194 2085; x_wconf 88' lang='lat' dir='ltr'><strong>potius</strong></span> <span class='ocrx_word' id='word_1_133' title='bbox 1239 2016 1520 2071; x_wconf 87' lang='lat' dir='ltr'><strong>audiamus</strong></span> <span class='ocrx_word' id='word_1_134' title='bbox 1564 2036 1576 2071; x_wconf 87' lang='lat'><strong>:</strong></span> <span class='ocrx_word' id='word_1_135' title='bbox 1630 2016 1732 2082; x_wconf 84' lang='lat' dir='ltr'><strong>Qui</strong></span> 
     </span>
    </p>
   </div>
   <div class='ocr_carea' id='block_1_19' title="bbox 125 2100 1729 2179">
    <p class='ocr_par' dir='ltr' id='par_1_19' title="bbox 125 2100 1729 2179">
     <span class='ocr_line' id='line_1_19' title="bbox 125 2100 1729 2179; baseline 0.006 -27"><span class='ocrx_word' id='word_1_136' title='bbox 125 2101 274 2168; x_wconf 80' lang='lat' dir='ltr'><strong>prius</strong></span> <span class='ocrx_word' id='word_1_137' title='bbox 311 2101 389 2167; x_wconf 78' lang='lat' dir='ltr'><strong>fui</strong></span> <span class='ocrx_word' id='word_1_138' title='bbox 409 2141 422 2164; x_wconf 91' lang='lat'><strong>,</strong></span> <span class='ocrx_word' id='word_1_139' title='bbox 457 2100 660 2170; x_wconf 88' lang='lat' dir='ltr'><strong>inquit,</strong></span> <span class='ocrx_word' id='word_1_140' title='bbox 694 2103 1046 2174; x_wconf 79' lang='lat' dir='ltr'><strong>blasphemus,</strong></span> <span class='ocrx_word' id='word_1_141' title='bbox 1081 2115 1130 2160; x_wconf 85' lang='lat' dir='ltr'><strong>et</strong></span> <span class='ocrx_word' id='word_1_142' title='bbox 1163 2117 1476 2178; x_wconf 81' lang='lat' dir='ltr'><strong>persecutor,</strong></span> <span class='ocrx_word' id='word_1_143' title='bbox 1511 2119 1557 2162; x_wconf 83' lang='lat' dir='ltr'><strong>ct</strong></span> <span class='ocrx_word' id='word_1_144' title='bbox 1590 2110 1729 2179; x_wconf 88' lang='lat' dir='ltr'><strong>inju-</strong></span> 
     </span>
    </p>
   </div>
   <div class='ocr_carea' id='block_1_20' title="bbox 122 2191 1722 2271">
    <p class='ocr_par' dir='ltr' id='par_1_20' title="bbox 122 2191 1722 2271">
     <span class='ocr_line' id='line_1_20' title="bbox 122 2191 1722 2271; baseline 0.008 -29"><span class='ocrx_word' id='word_1_145' title='bbox 122 2191 290 2244; x_wconf 78' lang='lat' dir='ltr'><strong>riosns</strong></span> <span class='ocrx_word' id='word_1_146' title='bbox 309 2209 327 2255; x_wconf 88' lang='lat'><strong><em>;</em></strong></span> <span class='ocrx_word' id='word_1_147' title='bbox 344 2191 435 2244; x_wconf 77' lang='lat' dir='ltr'><strong>sed</strong></span> <span class='ocrx_word' id='word_1_148' title='bbox 453 2194 848 2248; x_wconf 79' lang='lat' dir='ltr'><strong>misericordiam</strong></span> <span class='ocrx_word' id='word_1_149' title='bbox 868 2206 1303 2252; x_wconf 80' lang='lat' dir='ltr'><strong>consecutussum</strong></span> <span class='ocrx_word' id='word_1_150' title='bbox 1324 2197 1429 2267; x_wconf 72' lang='lat' dir='ltr'><strong>(1T</strong></span> <span class='ocrx_word' id='word_1_151' title='bbox 1433 2200 1520 2251; x_wconf 89' lang='lat' dir='ltr'><strong>im.</strong></span> <span class='ocrx_word' id='word_1_152' title='bbox 1543 2217 1579 2264; x_wconf 92' lang='lat' dir='ltr'><strong>l,</strong></span> <span class='ocrx_word' id='word_1_153' title='bbox 1610 2201 1722 2271; x_wconf 77' lang='grc'><strong>15).</strong></span> 
     </span>
    </p>
   </div>
   <div class='ocr_carea' id='block_1_21' title="bbox 119 2282 1722 2362">
    <p class='ocr_par' dir='ltr' id='par_1_21' title="bbox 119 2282 1722 2362">
     <span class='ocr_line' id='line_1_21' title="bbox 119 2282 1722 2362; baseline 0.007 -29"><span class='ocrx_word' id='word_1_154' title='bbox 119 2282 286 2338; x_wconf 79' lang='lat' dir='ltr'><strong>Certe</strong></span> <span class='ocrx_word' id='word_1_155' title='bbox 304 2324 321 2348; x_wconf 92' lang='lat'><strong>,</strong></span> <span class='ocrx_word' id='word_1_156' title='bbox 355 2283 474 2337; x_wconf 82' lang='grc' dir='ltr'><strong>Νυη</strong></span> <span class='ocrx_word' id='word_1_157' title='bbox 506 2286 792 2339; x_wconf 74' lang='lat' dir='ltr'><strong>miserearis</strong></span> <span class='ocrx_word' id='word_1_158' title='bbox 821 2288 1047 2340; x_wconf 78' lang='lat' dir='ltr'><strong>muniunt</strong></span> <span class='ocrx_word' id='word_1_159' title='bbox 1073 2289 1160 2356; x_wconf 86' lang='lat' dir='ltr'><strong>qui</strong></span> <span class='ocrx_word' id='word_1_160' title='bbox 1185 2301 1460 2359; x_wconf 83' lang='lat' dir='ltr'><strong>operantur</strong></span> <span class='ocrx_word' id='word_1_161' title='bbox 1479 2292 1722 2362; x_wconf 77' lang='lat' dir='ltr'><strong>iniquita—</strong></span> 
     </span>
    </p>
   </div>
   <div class='ocr_carea' id='block_1_22' title="bbox 117 2375 1721 2452">
    <p class='ocr_par' dir='ltr' id='par_1_22' title="bbox 117 2375 1721 2452">
     <span class='ocr_line' id='line_1_22' title="bbox 117 2375 1721 2452; baseline 0.007 -25"><span class='ocrx_word' id='word_1_162' title='bbox 117 2385 251 2436; x_wconf 81' lang='lat' dir='ltr'><strong>tem,</strong></span> <span class='ocrx_word' id='word_1_163' title='bbox 297 2375 399 2431; x_wconf 82' lang='lat' dir='ltr'><strong>hoc</strong></span> <span class='ocrx_word' id='word_1_164' title='bbox 440 2375 649 2430; x_wconf 89' lang='lat' dir='ltr'><strong>duobus</strong></span> <span class='ocrx_word' id='word_1_165' title='bbox 694 2379 866 2432; x_wconf 88' lang='lat' dir='ltr'><strong>tnodis</strong></span> <span class='ocrx_word' id='word_1_166' title='bbox 916 2379 1135 2449; x_wconf 77' lang='lat' dir='ltr'><strong>intelligi</strong></span> <span class='ocrx_word' id='word_1_167' title='bbox 1187 2389 1362 2447; x_wconf 79' lang='lat' dir='ltr'><strong>potest</strong></span> <span class='ocrx_word' id='word_1_168' title='bbox 1406 2398 1421 2430; x_wconf 86' lang='lat'><strong>:</strong></span> <span class='ocrx_word' id='word_1_169' title='bbox 1458 2384 1570 2437; x_wconf 81' lang='lat' dir='ltr'><strong>sive</strong></span> <span class='ocrx_word' id='word_1_170' title='bbox 1598 2385 1721 2452; x_wconf 84' lang='lat' dir='ltr'><strong>quia</strong></span> 
     </span>
    </p>
   </div>
   <div class='ocr_carea' id='block_1_23' title="bbox 114 2466 1720 2543">
    <p class='ocr_par' dir='ltr' id='par_1_23' title="bbox 114 2466 1720 2543">
     <span class='ocr_line' id='line_1_23' title="bbox 114 2466 1720 2543; baseline 0.009 -25"><span class='ocrx_word' id='word_1_171' title='bbox 114 2466 343 2520; x_wconf 86' lang='lat' dir='ltr'><strong>ontnino</strong></span> <span class='ocrx_word' id='word_1_172' title='bbox 385 2468 526 2522; x_wconf 91' lang='lat' dir='ltr'><strong>nulla</strong></span> <span class='ocrx_word' id='word_1_173' title='bbox 571 2477 784 2537; x_wconf 88' lang='lat' dir='ltr'><strong>peccata</strong></span> <span class='ocrx_word' id='word_1_174' title='bbox 828 2471 1084 2539; x_wconf 85' lang='lat' dir='ltr'><strong>impunita</strong></span> <span class='ocrx_word' id='word_1_175' title='bbox 1124 2473 1373 2543; x_wconf 87' lang='lat' dir='ltr'><strong>relinquit</strong></span> <span class='ocrx_word' id='word_1_176' title='bbox 1403 2474 1577 2540; x_wconf 90' lang='lat' dir='ltr'><strong>Deus;</strong></span> <span class='ocrx_word' id='word_1_177' title='bbox 1608 2478 1720 2532; x_wconf 85' lang='lat' dir='ltr'><strong>sire</strong></span> 
     </span>
    </p>
   </div>
   <div class='ocr_carea' id='block_1_24' title="bbox 116 2557 1714 2634">
    <p class='ocr_par' dir='ltr' id='par_1_24' title="bbox 116 2557 1714 2634">
     <span class='ocr_line' id='line_1_24' title="bbox 116 2557 1714 2634; baseline 0.009 -28"><span class='ocrx_word' id='word_1_178' title='bbox 116 2557 260 2627; x_wconf 88' lang='lat' dir='ltr'><strong>quod</strong></span> <span class='ocrx_word' id='word_1_179' title='bbox 307 2569 391 2611; x_wconf 87' lang='lat' dir='ltr'><strong>est</strong></span> <span class='ocrx_word' id='word_1_180' title='bbox 427 2559 670 2628; x_wconf 74' lang='lat' dir='ltr'><strong>quaedam</strong></span> <span class='ocrx_word' id='word_1_181' title='bbox 719 2560 1002 2628; x_wconf 84' lang='lat' dir='ltr'><strong>iniquitas,</strong></span> <span class='ocrx_word' id='word_1_182' title='bbox 1051 2579 1209 2632; x_wconf 89' lang='lat' dir='ltr'><strong>quam</strong></span> <span class='ocrx_word' id='word_1_183' title='bbox 1254 2564 1345 2633; x_wconf 89' lang='lat' dir='ltr'><strong>qui</strong></span> <span class='ocrx_word' id='word_1_184' title='bbox 1393 2576 1714 2634; x_wconf 82' lang='lat' dir='ltr'><strong>Operantur,</strong></span> 
     </span>
    </p>
   </div>
   <div class='ocr_carea' id='block_1_25' title="bbox 114 2648 1715 2712">
    <p class='ocr_par' dir='ltr' id='par_1_25' title="bbox 114 2648 1715 2712">
     <span class='ocr_line' id='line_1_25' title="bbox 114 2648 1715 2712; baseline 0.007 -12"><span class='ocrx_word' id='word_1_185' title='bbox 114 2648 342 2702; x_wconf 76' lang='lat' dir='ltr'><strong>multino</strong></span> <span class='ocrx_word' id='word_1_186' title='bbox 385 2665 570 2703; x_wconf 87' lang='lat' dir='ltr'><strong>eorum</strong></span> <span class='ocrx_word' id='word_1_187' title='bbox 607 2649 744 2706; x_wconf 81' lang='lat' dir='ltr'><strong>Deus</strong></span> <span class='ocrx_word' id='word_1_188' title='bbox 775 2669 879 2705; x_wconf 90' lang='lat' dir='ltr'><strong>nou</strong></span> <span class='ocrx_word' id='word_1_189' title='bbox 912 2654 1216 2707; x_wconf 84' lang='lat' dir='ltr'><strong>miseretur.</strong></span> <span class='ocrx_word' id='word_1_190' title='bbox 1252 2655 1554 2709; x_wconf 85' lang='lat' dir='ltr'><strong>Secundum</strong></span> <span class='ocrx_word' id='word_1_191' title='bbox 1587 2657 1715 2712; x_wconf 88' lang='lat' dir='ltr'><strong>istos</strong></span> 
     </span>
    </p>
   </div>
   <div class='ocr_carea' id='block_1_26' title="bbox 109 2740 1713 2815">
    <p class='ocr_par' dir='ltr' id='par_1_26' title="bbox 109 2740 1713 2815">
     <span class='ocr_line' id='line_1_26' title="bbox 109 2740 1713 2815; baseline 0.006 -21"><span class='ocrx_word' id='word_1_192' title='bbox 109 2740 250 2794; x_wconf 85' lang='lat' dir='ltr'><strong>duos</strong></span> <span class='ocrx_word' id='word_1_193' title='bbox 296 2741 518 2806; x_wconf 85' lang='lat' dir='ltr'><strong>modos,</strong></span> <span class='ocrx_word' id='word_1_194' title='bbox 561 2743 796 2798; x_wconf 85' lang='lat' dir='ltr'><strong>breviter</strong></span> <span class='ocrx_word' id='word_1_195' title='bbox 834 2755 1091 2814; x_wconf 81' lang='lat' dir='ltr'><strong>quantum</strong></span> <span class='ocrx_word' id='word_1_196' title='bbox 1115 2749 1368 2815; x_wconf 86' lang='lat' dir='ltr'><strong>temporis</strong></span> <span class='ocrx_word' id='word_1_197' title='bbox 1397 2748 1591 2803; x_wconf 76' lang='lat' dir='ltr'><strong>sttflicit</strong></span> <span class='ocrx_word' id='word_1_198' title='bbox 1615 2749 1713 2804; x_wconf 83' lang='lat' dir='ltr'><strong>ali-</strong></span> 
     </span>
    </p>
   </div>
   <div class='ocr_carea' id='block_1_27' title="bbox 107 2830 1076 2901">
    <p class='ocr_par' dir='ltr' id='par_1_27' title="bbox 107 2830 1076 2901">
     <span class='ocr_line' id='line_1_27' title="bbox 107 2830 1076 2901; baseline 0.01 -19"><span class='ocrx_word' id='word_1_199' title='bbox 107 2830 240 2900; x_wconf 83' lang='lat' dir='ltr'><strong>quid</strong></span> <span class='ocrx_word' id='word_1_200' title='bbox 269 2831 552 2901; x_wconf 85' lang='lat' dir='ltr'><strong>loquamur</strong></span> <span class='ocrx_word' id='word_1_201' title='bbox 568 2832 825 2889; x_wconf 77' lang='lat' dir='ltr'><strong>Cliaritati</strong></span> <span class='ocrx_word' id='word_1_202' title='bbox 857 2836 1076 2893; x_wconf 65' lang='lat' dir='ltr'><strong>Vestrae.</strong></span> 
     </span>
    </p>
   </div>
   <div class='ocr_carea' id='block_1_28' title="bbox 180 2921 1711 3002">
    <p class='ocr_par' dir='ltr' id='par_1_28' title="bbox 180 2921 1711 3002">
     <span class='ocr_line' id='line_1_28' title="bbox 180 2921 1711 3002; baseline 0.007 -26"><span class='ocrx_word' id='word_1_203' title='bbox 180 2923 271 2976; x_wconf 73' lang='grc'><strong>13.</strong></span> <span class='ocrx_word' id='word_1_204' title='bbox 305 2921 556 2993; x_wconf 84' lang='lat' dir='ltr'><strong>lniquitas</strong></span> <span class='ocrx_word' id='word_1_205' title='bbox 596 2929 808 2994; x_wconf 90' lang='lat' dir='ltr'><strong>omnis,</strong></span> <span class='ocrx_word' id='word_1_206' title='bbox 837 2942 995 2996; x_wconf 76' lang='lat' dir='ltr'><strong>parva</strong></span> <span class='ocrx_word' id='word_1_207' title='bbox 1040 2944 1297 2998; x_wconf 75' lang='lat' dir='ltr'><strong>magnove</strong></span> <span class='ocrx_word' id='word_1_208' title='bbox 1321 2929 1427 2992; x_wconf 87' lang='lat' dir='ltr'><strong>sit,</strong></span> <span class='ocrx_word' id='word_1_209' title='bbox 1462 2932 1711 3002; x_wconf 82' lang='lat' dir='ltr'><strong>puniatur</strong></span> 
     </span>
    </p>
   </div>
   <div class='ocr_carea' id='block_1_29' title="bbox 103 3018 1707 3090">
    <p class='ocr_par' dir='ltr' id='par_1_29' title="bbox 103 3018 1707 3090">
     <span class='ocr_line' id='line_1_29' title="bbox 103 3018 1707 3090; baseline 0.007 -22"><span class='ocrx_word' id='word_1_210' title='bbox 103 3029 333 3070; x_wconf 84' lang='lat' dir='ltr'><strong>necesse</strong></span> <span class='ocrx_word' id='word_1_211' title='bbox 355 3028 460 3081; x_wconf 87' lang='lat' dir='ltr'><strong>est,</strong></span> <span class='ocrx_word' id='word_1_212' title='bbox 489 3027 580 3071; x_wconf 86' lang='lat' dir='ltr'><strong>aut</strong></span> <span class='ocrx_word' id='word_1_213' title='bbox 609 3019 680 3074; x_wconf 85' lang='lat' dir='ltr'><strong>ab</strong></span> <span class='ocrx_word' id='word_1_214' title='bbox 710 3018 1064 3088; x_wconf 82' lang='lat' dir='ltr'><strong>ipsoliomine</strong></span> <span class='ocrx_word' id='word_1_215' title='bbox 1087 3025 1398 3090; x_wconf 80' lang='lat' dir='ltr'><strong>pmnitcnte,</strong></span> <span class='ocrx_word' id='word_1_216' title='bbox 1426 3036 1518 3078; x_wconf 80' lang='lat' dir='ltr'><strong>aut</strong></span> <span class='ocrx_word' id='word_1_217' title='bbox 1544 3041 1572 3078; x_wconf 87' lang='lat' dir='ltr'><strong>a</strong></span> <span class='ocrx_word' id='word_1_218' title='bbox 1600 3027 1707 3082; x_wconf 89' lang='lat' dir='ltr'><strong>Deo</strong></span> 
     </span>
    </p>
   </div>
   <div class='ocr_carea' id='block_1_30' title="bbox 103 3108 1703 3187">
    <p class='ocr_par' dir='ltr' id='par_1_30' title="bbox 103 3108 1703 3187">
     <span class='ocr_line' id='line_1_30' title="bbox 103 3108 1703 3187; baseline 0.009 -29"><span class='ocrx_word' id='word_1_219' title='bbox 103 3108 434 3163; x_wconf 77' lang='lat' dir='ltr'><strong>vindieaute.</strong></span> <span class='ocrx_word' id='word_1_220' title='bbox 475 3109 606 3164; x_wconf 87' lang='lat' dir='ltr'><strong>Nam</strong></span> <span class='ocrx_word' id='word_1_221' title='bbox 651 3122 706 3165; x_wconf 90' lang='lat' dir='ltr'><strong>et</strong></span> <span class='ocrx_word' id='word_1_222' title='bbox 761 3128 935 3180; x_wconf 83' lang='lat' dir='ltr'><strong>quem.</strong></span> <span class='ocrx_word' id='word_1_223' title='bbox 968 3116 1225 3181; x_wconf 72' lang='lat' dir='ltr'><strong>pmuitet,</strong></span> <span class='ocrx_word' id='word_1_224' title='bbox 1268 3118 1416 3184; x_wconf 88' lang='lat' dir='ltr'><strong>punit</strong></span> <span class='ocrx_word' id='word_1_225' title='bbox 1445 3119 1703 3187; x_wconf 78' lang='lat' dir='ltr'><strong>seipsmn.</strong></span> 
     </span>
    </p>
   </div>
   <div class='ocr_carea' id='block_1_31' title="bbox 100 3197 1704 3278">
    <p class='ocr_par' dir='ltr' id='par_1_31' title="bbox 100 3197 1704 3278">
     <span class='ocr_line' id='line_1_31' title="bbox 100 3197 1704 3278; baseline 0.006 -23"><span class='ocrx_word' id='word_1_226' title='bbox 100 3198 268 3267; x_wconf 76' lang='lat' dir='ltr'><strong>Ergo,</strong></span> <span class='ocrx_word' id='word_1_227' title='bbox 300 3197 512 3264; x_wconf 78' lang='lat' dir='ltr'><strong>fratres,</strong></span> <span class='ocrx_word' id='word_1_228' title='bbox 541 3203 820 3278; x_wconf 82' lang='lat' dir='ltr'><strong>puniamus</strong></span> <span class='ocrx_word' id='word_1_229' title='bbox 852 3213 1030 3257; x_wconf 88' lang='lat' dir='ltr'><strong>nostra</strong></span> <span class='ocrx_word' id='word_1_230' title='bbox 1062 3216 1276 3274; x_wconf 85' lang='lat' dir='ltr'><strong>peccata</strong></span> <span class='ocrx_word' id='word_1_231' title='bbox 1298 3249 1315 3274; x_wconf 91' lang='lat'><strong>,</strong></span> <span class='ocrx_word' id='word_1_232' title='bbox 1338 3209 1381 3260; x_wconf 89' lang='lat' dir='ltr'><strong>si</strong></span> <span class='ocrx_word' id='word_1_233' title='bbox 1412 3211 1704 3278; x_wconf 68' lang='lat' dir='ltr'><strong>qumrimus</strong></span> 
     </span>
    </p>
   </div>
   <div class='ocr_carea' id='block_1_32' title="bbox 96 3275 1700 3362">
    <p class='ocr_par' dir='ltr' id='par_1_32' title="bbox 96 3275 1700 3362">
     <span class='ocr_line' id='line_1_32' title="bbox 96 3275 1700 3362; baseline 0.007 -20"><span class='ocrx_word' id='word_1_234' title='bbox 96 3289 526 3344; x_wconf 78' lang='lat' dir='ltr'><strong>misericordiam</strong></span> <span class='ocrx_word' id='word_1_235' title='bbox 549 3275 662 3346; x_wconf 83' lang='lat' dir='ltr'><strong>Dei.</strong></span> <span class='ocrx_word' id='word_1_236' title='bbox 690 3291 807 3347; x_wconf 82' lang='lat' dir='ltr'><strong>Non</strong></span> <span class='ocrx_word' id='word_1_237' title='bbox 835 3305 1012 3362; x_wconf 87' lang='lat' dir='ltr'><strong>potest</strong></span> <span class='ocrx_word' id='word_1_238' title='bbox 1035 3296 1174 3351; x_wconf 89' lang='lat' dir='ltr'><strong>Deus</strong></span> <span class='ocrx_word' id='word_1_239' title='bbox 1195 3298 1435 3352; x_wconf 85' lang='lat' dir='ltr'><strong>misereri</strong></span> <span class='ocrx_word' id='word_1_240' title='bbox 1462 3300 1700 3354; x_wconf 74' lang='lat' dir='ltr'><strong>oninium</strong></span> 
     </span>
    </p>
   </div>
   <div class='ocr_carea' id='block_1_33' title="bbox 94 3381 1698 3455">
    <p class='ocr_par' dir='ltr' id='par_1_33' title="bbox 94 3381 1698 3455">
     <span class='ocr_line' id='line_1_33' title="bbox 94 3381 1698 3455; baseline 0.009 -24"><span class='ocrx_word' id='word_1_241' title='bbox 94 3381 438 3447; x_wconf 83' lang='lat' dir='ltr'><strong>operantium</strong></span> <span class='ocrx_word' id='word_1_242' title='bbox 468 3381 797 3451; x_wconf 80' lang='lat' dir='ltr'><strong>iniquitatem</strong></span> <span class='ocrx_word' id='word_1_243' title='bbox 824 3384 973 3452; x_wconf 86' lang='lat' dir='ltr'><strong>quasi</strong></span> <span class='ocrx_word' id='word_1_244' title='bbox 1009 3386 1285 3444; x_wconf 86' lang='lat' dir='ltr'><strong>blandiens</strong></span> <span class='ocrx_word' id='word_1_245' title='bbox 1315 3390 1568 3455; x_wconf 83' lang='lat' dir='ltr'><strong>peccatis,</strong></span> <span class='ocrx_word' id='word_1_246' title='bbox 1602 3400 1698 3445; x_wconf 86' lang='lat' dir='ltr'><strong>aut</strong></span> 
     </span>
    </p>
   </div>
   <div class='ocr_carea' id='block_1_34' title="bbox 93 3463 1694 3550">
    <p class='ocr_par' dir='ltr' id='par_1_34' title="bbox 93 3463 1694 3550">
     <span class='ocr_line' id='line_1_34' title="bbox 93 3463 1694 3550; baseline 0.006 -26"><span class='ocrx_word' id='word_1_247' title='bbox 93 3486 202 3524; x_wconf 81' lang='lat' dir='ltr'><strong>non</strong></span> <span class='ocrx_word' id='word_1_248' title='bbox 233 3471 516 3526; x_wconf 78' lang='lat' dir='ltr'><strong>eradicans</strong></span> <span class='ocrx_word' id='word_1_249' title='bbox 537 3481 775 3542; x_wconf 82' lang='lat' dir='ltr'><strong>peccata.</strong></span> <span class='ocrx_word' id='word_1_250' title='bbox 812 3475 1036 3530; x_wconf 85' lang='lat' dir='ltr'><strong>Prorsus</strong></span> <span class='ocrx_word' id='word_1_251' title='bbox 1059 3463 1167 3530; x_wconf 81' lang='lat' dir='ltr'><strong>aut</strong></span> <span class='ocrx_word' id='word_1_252' title='bbox 1189 3479 1347 3548; x_wconf 87' lang='lat' dir='ltr'><strong>punis</strong></span> <span class='ocrx_word' id='word_1_253' title='bbox 1367 3521 1381 3542; x_wconf 88' lang='lat'><strong>,</strong></span> <span class='ocrx_word' id='word_1_254' title='bbox 1410 3494 1498 3534; x_wconf 88' lang='lat' dir='ltr'><strong>aut</strong></span> <span class='ocrx_word' id='word_1_255' title='bbox 1525 3484 1694 3550; x_wconf 88' lang='lat' dir='ltr'><strong>punit.</strong></span> 
     </span>
    </p>
   </div>
   <div class='ocr_carea' id='block_1_35' title="bbox 90 3563 1695 3642">
    <p class='ocr_par' dir='ltr' id='par_1_35' title="bbox 90 3563 1695 3642">
     <span class='ocr_line' id='line_1_35' title="bbox 90 3563 1695 3642; baseline 0.007 -26"><span class='ocrx_word' id='word_1_256' title='bbox 90 3563 188 3618; x_wconf 72' lang='lat' dir='ltr'><strong>Vis</strong></span> <span class='ocrx_word' id='word_1_257' title='bbox 215 3581 326 3618; x_wconf 83' lang='lat' dir='ltr'><strong>non</strong></span> <span class='ocrx_word' id='word_1_258' title='bbox 376 3567 599 3633; x_wconf 84' lang='lat' dir='ltr'><strong>puniat?</strong></span> <span class='ocrx_word' id='word_1_259' title='bbox 629 3567 780 3628; x_wconf 87' lang='lat' dir='ltr'><strong>Puni.</strong></span> <span class='ocrx_word' id='word_1_260' title='bbox 808 3575 883 3623; x_wconf 89' lang='lat' dir='ltr'><strong>tu.</strong></span> <span class='ocrx_word' id='word_1_261' title='bbox 914 3568 1044 3622; x_wconf 84' lang='lat' dir='ltr'><strong>Nam</strong></span> <span class='ocrx_word' id='word_1_262' title='bbox 1076 3580 1132 3623; x_wconf 91' lang='lat' dir='ltr'><strong>et</strong></span> <span class='ocrx_word' id='word_1_263' title='bbox 1169 3571 1298 3626; x_wconf 88' lang='lat' dir='ltr'><strong>illud</strong></span> <span class='ocrx_word' id='word_1_264' title='bbox 1342 3573 1511 3626; x_wconf 73' lang='lat' dir='ltr'><strong>fecisti</strong></span> <span class='ocrx_word' id='word_1_265' title='bbox 1554 3574 1695 3642; x_wconf 89' lang='lat' dir='ltr'><strong>quod</strong></span> 
     </span>
    </p>
   </div>
   <div class='ocr_carea' id='block_1_36' title="bbox 91 3655 1692 3734">
    <p class='ocr_par' dir='ltr' id='par_1_36' title="bbox 91 3655 1692 3734">
     <span class='ocr_line' id='line_1_36' title="bbox 91 3655 1692 3734; baseline 0.006 -23"><span class='ocrx_word' id='word_1_266' title='bbox 91 3655 416 3726; x_wconf 85' lang='lat' dir='ltr'><strong>impunitum</strong></span> <span class='ocrx_word' id='word_1_267' title='bbox 446 3672 566 3712; x_wconf 88' lang='lat' dir='ltr'><strong>esse</strong></span> <span class='ocrx_word' id='word_1_268' title='bbox 597 3675 700 3712; x_wconf 87' lang='lat' dir='ltr'><strong>non</strong></span> <span class='ocrx_word' id='word_1_269' title='bbox 732 3663 900 3729; x_wconf 87' lang='lat' dir='ltr'><strong>possit</strong></span> <span class='ocrx_word' id='word_1_270' title='bbox 930 3679 941 3713; x_wconf 94' lang='lat'><strong>:</strong></span> <span class='ocrx_word' id='word_1_271' title='bbox 976 3661 1068 3715; x_wconf 84' lang='lat' dir='ltr'><strong>sed</strong></span> <span class='ocrx_word' id='word_1_272' title='bbox 1100 3678 1128 3715; x_wconf 87' lang='lat' dir='ltr'><strong>a</strong></span> <span class='ocrx_word' id='word_1_273' title='bbox 1155 3671 1205 3716; x_wconf 91' lang='lat' dir='ltr'><strong>te</strong></span> <span class='ocrx_word' id='word_1_274' title='bbox 1227 3665 1477 3732; x_wconf 76' lang='lat' dir='ltr'><strong>puniatur</strong></span> <span class='ocrx_word' id='word_1_275' title='bbox 1496 3665 1692 3734; x_wconf 86' lang='lat' dir='ltr'><strong>potius,</strong></span> 
     </span>
    </p>
   </div>
   <div class='ocr_carea' id='block_1_37' title="bbox 90 3752 1694 3824">
    <p class='ocr_par' dir='ltr' id='par_1_37' title="bbox 90 3752 1694 3824">
     <span class='ocr_line' id='line_1_37' title="bbox 90 3752 1694 3824; baseline 0.004 -18"><span class='ocrx_word' id='word_1_276' title='bbox 90 3763 152 3806; x_wconf 87' lang='lat' dir='ltr'><strong>ut</strong></span> <span class='ocrx_word' id='word_1_277' title='bbox 180 3752 347 3807; x_wconf 73' lang='lat' dir='ltr'><strong>iacias</strong></span> <span class='ocrx_word' id='word_1_278' title='bbox 372 3753 512 3822; x_wconf 80' lang='lat' dir='ltr'><strong>quod</strong></span> <span class='ocrx_word' id='word_1_279' title='bbox 539 3755 588 3806; x_wconf 91' lang='lat' dir='ltr'><strong>in</strong></span> <span class='ocrx_word' id='word_1_280' title='bbox 623 3755 710 3807; x_wconf 90' lang='lat' dir='ltr'><strong>illo</strong></span> <span class='ocrx_word' id='word_1_281' title='bbox 744 3755 949 3823; x_wconf 75' lang='lat' dir='ltr'><strong>psalmo</strong></span> <span class='ocrx_word' id='word_1_282' title='bbox 980 3757 1236 3824; x_wconf 84' lang='lat' dir='ltr'><strong>scriptum</strong></span> <span class='ocrx_word' id='word_1_283' title='bbox 1259 3770 1365 3819; x_wconf 79' lang='lat' dir='ltr'><strong>cst,</strong></span> <span class='ocrx_word' id='word_1_284' title='bbox 1402 3758 1694 3812; x_wconf 70' lang='lat' dir='ltr'><strong>Pra&#39;venia-</strong></span> 
     </span>
    </p>
   </div>
   <div class='ocr_carea' id='block_1_38' title="bbox 87 3846 1691 3924">
    <p class='ocr_par' dir='ltr' id='par_1_38' title="bbox 87 3846 1691 3924">
     <span class='ocr_line' id='line_1_38' title="bbox 87 3846 1691 3924; baseline 0.007 -29"><span class='ocrx_word' id='word_1_285' title='bbox 87 3862 205 3899; x_wconf 82' lang='lat' dir='ltr'><strong>mus</strong></span> <span class='ocrx_word' id='word_1_286' title='bbox 256 3846 438 3914; x_wconf 83' lang='lat' dir='ltr'><strong>faciem</strong></span> <span class='ocrx_word' id='word_1_287' title='bbox 481 3848 594 3916; x_wconf 81' lang='lat' dir='ltr'><strong>ejus</strong></span> <span class='ocrx_word' id='word_1_288' title='bbox 619 3847 672 3900; x_wconf 83' lang='lat' dir='ltr'><strong>iu</strong></span> <span class='ocrx_word' id='word_1_289' title='bbox 712 3849 1030 3918; x_wconf 79' lang='lat' dir='ltr'><strong>confessione</strong></span> <span class='ocrx_word' id='word_1_290' title='bbox 1074 3848 1247 3918; x_wconf 78' lang='lat' dir='ltr'><strong>(Psal.</strong></span> <span class='ocrx_word' id='word_1_291' title='bbox 1285 3867 1423 3914; x_wconf 75' lang='grc' dir='ltr'><strong>χειν,</strong></span> <span class='ocrx_word' id='word_1_292' title='bbox 1451 3852 1528 3924; x_wconf 74' lang='lat'><strong>2).</strong></span> <span class='ocrx_word' id='word_1_293' title='bbox 1555 3853 1691 3922; x_wconf 83' lang='lat' dir='ltr'><strong>Quid</strong></span> 
     </span>
    </p>
   </div>
   <div class='ocr_carea' id='block_1_39' title="bbox 83 3934 1690 4010">
    <p class='ocr_par' dir='ltr' id='par_1_39' title="bbox 83 3934 1690 4010">
     <span class='ocr_line' id='line_1_39' title="bbox 83 3934 1690 4010; baseline 0.004 -20"><span class='ocrx_word' id='word_1_294' title='bbox 83 3947 170 3990; x_wconf 87' lang='lat' dir='ltr'><strong>est</strong></span> <span class='ocrx_word' id='word_1_295' title='bbox 194 3978 210 4001; x_wconf 90' lang='lat'><strong>,</strong></span> <span class='ocrx_word' id='word_1_296' title='bbox 243 3934 623 3990; x_wconf 71' lang='lat' dir='ltr'><strong>Praveniantus</strong></span> <span class='ocrx_word' id='word_1_297' title='bbox 659 3939 845 4005; x_wconf 75' lang='lat' dir='ltr'><strong>facient</strong></span> <span class='ocrx_word' id='word_1_298' title='bbox 864 3939 972 4008; x_wconf 82' lang='lat' dir='ltr'><strong>ejus</strong></span> <span class='ocrx_word' id='word_1_299' title='bbox 995 3939 1022 3993; x_wconf 87' lang='lat'><strong><em>?</em></strong></span> <span class='ocrx_word' id='word_1_300' title='bbox 1044 3941 1345 4010; x_wconf 84' lang='lat' dir='ltr'><strong>Antequam</strong></span> <span class='ocrx_word' id='word_1_301' title='bbox 1375 3943 1489 4010; x_wconf 88' lang='lat' dir='ltr'><strong>ipse</strong></span> <span class='ocrx_word' id='word_1_302' title='bbox 1514 3953 1690 3997; x_wconf 89' lang='lat' dir='ltr'><strong>atten-</strong></span> 
     </span>
    </p>
   </div>
   <div class='ocr_carea' id='block_1_40' title="bbox 81 4027 1689 4100">
    <p class='ocr_par' dir='ltr' id='par_1_40' title="bbox 81 4027 1689 4100">
     <span class='ocr_line' id='line_1_40' title="bbox 81 4027 1689 4100; baseline 0.004 -19"><span class='ocrx_word' id='word_1_303' title='bbox 81 4027 181 4081; x_wconf 73' lang='lat' dir='ltr'><strong>dat</strong></span> <span class='ocrx_word' id='word_1_304' title='bbox 207 4037 266 4081; x_wconf 91' lang='lat' dir='ltr'><strong>ut</strong></span> <span class='ocrx_word' id='word_1_305' title='bbox 308 4027 528 4098; x_wconf 76' lang='lat' dir='ltr'><strong>puniat,</strong></span> <span class='ocrx_word' id='word_1_306' title='bbox 571 4037 624 4081; x_wconf 87' lang='lat' dir='ltr'><strong>tu</strong></span> <span class='ocrx_word' id='word_1_307' title='bbox 671 4030 907 4096; x_wconf 68' lang='lat' dir='ltr'><strong>praeveni</strong></span> <span class='ocrx_word' id='word_1_308' title='bbox 947 4030 1251 4084; x_wconf 69' lang='lat' dir='ltr'><strong>cintiitendo</strong></span> <span class='ocrx_word' id='word_1_309' title='bbox 1285 4043 1337 4085; x_wconf 89' lang='lat' dir='ltr'><strong>et</strong></span> <span class='ocrx_word' id='word_1_310' title='bbox 1382 4034 1528 4100; x_wconf 88' lang='lat' dir='ltr'><strong>puni.</strong></span> <span class='ocrx_word' id='word_1_311' title='bbox 1573 4032 1689 4088; x_wconf 85' lang='lat' dir='ltr'><strong>Non</strong></span> 
     </span>
    </p>
   </div>
   <div class='ocr_carea' id='block_1_41' title="bbox 78 4118 1690 4195">
    <p class='ocr_par' dir='ltr' id='par_1_41' title="bbox 78 4118 1690 4195">
     <span class='ocr_line' id='line_1_41' title="bbox 78 4118 1690 4195; baseline 0.005 -23"><span class='ocrx_word' id='word_1_312' title='bbox 78 4118 179 4172; x_wconf 87' lang='lat' dir='ltr'><strong>ille</strong></span> <span class='ocrx_word' id='word_1_313' title='bbox 202 4118 438 4173; x_wconf 82' lang='lat' dir='ltr'><strong>inveniat</strong></span> <span class='ocrx_word' id='word_1_314' title='bbox 465 4118 607 4190; x_wconf 88' lang='lat' dir='ltr'><strong>quod</strong></span> <span class='ocrx_word' id='word_1_315' title='bbox 648 4120 852 4188; x_wconf 78' lang='lat' dir='ltr'><strong>puniat.</strong></span> <span class='ocrx_word' id='word_1_316' title='bbox 901 4122 1034 4186; x_wconf 83' lang='lat' dir='ltr'><strong>Quia</strong></span> <span class='ocrx_word' id='word_1_317' title='bbox 1062 4137 1185 4176; x_wconf 91' lang='lat' dir='ltr'><strong>eum</strong></span> <span class='ocrx_word' id='word_1_318' title='bbox 1219 4134 1272 4176; x_wconf 92' lang='lat' dir='ltr'><strong>tu</strong></span> <span class='ocrx_word' id='word_1_319' title='bbox 1317 4126 1472 4191; x_wconf 87' lang='lat' dir='ltr'><strong>punis</strong></span> <span class='ocrx_word' id='word_1_320' title='bbox 1499 4125 1690 4195; x_wconf 85' lang='lat' dir='ltr'><strong>iniqui-</strong></span> 
     </span>
    </p>
   </div>
   <div class='ocr_carea' id='block_1_42' title="bbox 77 4208 1687 4282">
    <p class='ocr_par' dir='ltr' id='par_1_42' title="bbox 77 4208 1687 4282">
     <span class='ocr_line' id='line_1_42' title="bbox 77 4208 1687 4282; baseline 0.006 -18"><span class='ocrx_word' id='word_1_321' title='bbox 77 4208 430 4275; x_wconf 83' lang='lat' dir='ltr'><strong>tatem,l&#39;acis</strong></span> <span class='ocrx_word' id='word_1_322' title='bbox 449 4211 775 4280; x_wconf 75' lang='lat' dir='ltr'><strong>zequitatem.</strong></span> <span class='ocrx_word' id='word_1_323' title='bbox 809 4214 875 4267; x_wconf 83' lang='lat' dir='ltr'><strong>Et</strong></span> <span class='ocrx_word' id='word_1_324' title='bbox 900 4214 1020 4267; x_wconf 90' lang='lat' dir='ltr'><strong>ideo</strong></span> <span class='ocrx_word' id='word_1_325' title='bbox 1051 4215 1123 4267; x_wconf 91' lang='lat' dir='ltr'><strong>tui</strong></span> <span class='ocrx_word' id='word_1_326' title='bbox 1158 4215 1500 4271; x_wconf 83' lang='lat' dir='ltr'><strong>miSerebitur</strong></span> <span class='ocrx_word' id='word_1_327' title='bbox 1526 4219 1687 4282; x_wconf 86' lang='lat' dir='ltr'><strong>Deus,</strong></span> 
     </span>
    </p>
   </div>
   <div class='ocr_carea' id='block_1_43' title="bbox 77 4303 1688 4377">
    <p class='ocr_par' dir='ltr' id='par_1_43' title="bbox 77 4303 1688 4377">
     <span class='ocr_line' id='line_1_43' title="bbox 77 4303 1688 4377; baseline 0.006 -21"><span class='ocrx_word' id='word_1_328' title='bbox 77 4304 210 4374; x_wconf 88' lang='lat' dir='ltr'><strong>quia</strong></span> <span class='ocrx_word' id='word_1_329' title='bbox 227 4303 340 4371; x_wconf 84' lang='lat' dir='ltr'><strong>jam</strong></span> <span class='ocrx_word' id='word_1_330' title='bbox 370 4313 421 4359; x_wconf 89' lang='lat' dir='ltr'><strong>te</strong></span> <span class='ocrx_word' id='word_1_331' title='bbox 449 4316 762 4374; x_wconf 86' lang='lat' dir='ltr'><strong>operantem</strong></span> <span class='ocrx_word' id='word_1_332' title='bbox 792 4307 1099 4373; x_wconf 64' lang='lat' dir='ltr'><strong>aequitatem</strong></span> <span class='ocrx_word' id='word_1_333' title='bbox 1130 4308 1332 4362; x_wconf 68' lang='lat' dir='ltr'><strong>invenit</strong></span> <span class='ocrx_word' id='word_1_334' title='bbox 1362 4310 1521 4365; x_wconf 82' lang='lat' dir='ltr'><strong>Deus.</strong></span> <span class='ocrx_word' id='word_1_335' title='bbox 1552 4311 1688 4377; x_wconf 87' lang='lat' dir='ltr'><strong>Quid</strong></span> 
     </span>
    </p>
   </div>
   <div class='ocr_carea' id='block_1_44' title="bbox 72 4390 1685 4468">
    <p class='ocr_par' dir='ltr' id='par_1_44' title="bbox 72 4390 1685 4468">
     <span class='ocr_line' id='line_1_44' title="bbox 72 4390 1685 4468; baseline 0.003 -17"><span class='ocrx_word' id='word_1_336' title='bbox 72 4405 204 4462; x_wconf 82' lang='lat' dir='ltr'><strong>est,</strong></span> <span class='ocrx_word' id='word_1_337' title='bbox 238 4390 552 4464; x_wconf 77' lang='lat' dir='ltr'><strong>operantem</strong></span> <span class='ocrx_word' id='word_1_338' title='bbox 588 4399 937 4468; x_wconf 70' lang='lat' dir='ltr'><strong>aequitatem?</strong></span> <span class='ocrx_word' id='word_1_339' title='bbox 979 4398 1111 4464; x_wconf 88' lang='lat' dir='ltr'><strong>Quia</strong></span> <span class='ocrx_word' id='word_1_340' title='bbox 1159 4398 1264 4456; x_wconf 89' lang='lat' dir='ltr'><strong>hoc</strong></span> <span class='ocrx_word' id='word_1_341' title='bbox 1310 4401 1360 4453; x_wconf 90' lang='lat' dir='ltr'><strong>in</strong></span> <span class='ocrx_word' id='word_1_342' title='bbox 1407 4411 1458 4455; x_wconf 90' lang='lat' dir='ltr'><strong>te</strong></span> <span class='ocrx_word' id='word_1_343' title='bbox 1505 4402 1685 4468; x_wconf 89' lang='lat' dir='ltr'><strong>odisti,</strong></span> 
     </span>
    </p>
   </div>
   <div class='ocr_carea' id='block_1_45' title="bbox 76 4487 1690 4558">
    <p class='ocr_par' dir='ltr' id='par_1_45' title="bbox 76 4487 1690 4558">
     <span class='ocr_line' id='line_1_45' title="bbox 76 4487 1690 4558; baseline 0.005 -18"><span class='ocrx_word' id='word_1_344' title='bbox 76 4487 227 4557; x_wconf 84' lang='lat' dir='ltr'><strong>quod</strong></span> <span class='ocrx_word' id='word_1_345' title='bbox 260 4496 314 4542; x_wconf 88' lang='lat' dir='ltr'><strong>et</strong></span> <span class='ocrx_word' id='word_1_346' title='bbox 342 4488 430 4542; x_wconf 88' lang='lat' dir='ltr'><strong>ille</strong></span> <span class='ocrx_word' id='word_1_347' title='bbox 455 4487 602 4553; x_wconf 88' lang='lat' dir='ltr'><strong>odit;</strong></span> <span class='ocrx_word' id='word_1_348' title='bbox 627 4497 684 4542; x_wconf 94' lang='lat' dir='ltr'><strong>ut</strong></span> <span class='ocrx_word' id='word_1_349' title='bbox 727 4489 950 4558; x_wconf 78' lang='lat' dir='ltr'><strong>incipias</strong></span> <span class='ocrx_word' id='word_1_350' title='bbox 995 4490 1210 4558; x_wconf 85' lang='lat' dir='ltr'><strong>placere</strong></span> <span class='ocrx_word' id='word_1_351' title='bbox 1246 4491 1357 4545; x_wconf 88' lang='lat' dir='ltr'><strong>Deo</strong></span> <span class='ocrx_word' id='word_1_352' title='bbox 1380 4533 1394 4556; x_wconf 94' lang='lat'><strong>,</strong></span> <span class='ocrx_word' id='word_1_353' title='bbox 1430 4491 1556 4546; x_wconf 88' lang='lat' dir='ltr'><strong>dmn</strong></span> <span class='ocrx_word' id='word_1_354' title='bbox 1586 4493 1690 4548; x_wconf 86' lang='lat' dir='ltr'><strong>hoc</strong></span> 
     </span>
    </p>
   </div>
   <div class='ocr_carea' id='block_1_46' title="bbox 77 4577 1690 4652">
    <p class='ocr_par' dir='ltr' id='par_1_46' title="bbox 77 4577 1690 4652">
     <span class='ocr_line' id='line_1_46' title="bbox 77 4577 1690 4652; baseline 0.006 -22"><span class='ocrx_word' id='word_1_355' title='bbox 77 4577 137 4631; x_wconf 89' lang='lat' dir='ltr'><strong>iu</strong></span> <span class='ocrx_word' id='word_1_356' title='bbox 193 4586 258 4651; x_wconf 5' lang='lat' dir='ltr'><strong>te,</strong></span> <span class='ocrx_word' id='word_1_357' title='bbox 295 4577 453 4646; x_wconf 89' lang='lat' dir='ltr'><strong>punis</strong></span> <span class='ocrx_word' id='word_1_358' title='bbox 491 4577 636 4647; x_wconf 79' lang='lat' dir='ltr'><strong>quod</strong></span> <span class='ocrx_word' id='word_1_359' title='bbox 685 4579 930 4649; x_wconf 88' lang='lat' dir='ltr'><strong>displicet</strong></span> <span class='ocrx_word' id='word_1_360' title='bbox 991 4581 1118 4635; x_wconf 85' lang='lat' dir='ltr'><strong>Deo.</strong></span> <span class='ocrx_word' id='word_1_361' title='bbox 1171 4579 1302 4634; x_wconf 85' lang='lat' dir='ltr'><strong>Nam</strong></span> <span class='ocrx_word' id='word_1_362' title='bbox 1357 4598 1463 4635; x_wconf 92' lang='lat' dir='ltr'><strong>non</strong></span> <span class='ocrx_word' id='word_1_363' title='bbox 1514 4593 1690 4652; x_wconf 88' lang='lat' dir='ltr'><strong>potest</strong></span> 
     </span>
    </p>
   </div>
   <div class='ocr_carea' id='block_1_47' title="bbox 78 4669 1685 4743">
    <p class='ocr_par' dir='ltr' id='par_1_47' title="bbox 78 4669 1685 4743">
     <span class='ocr_line' id='line_1_47' title="bbox 78 4669 1685 4743; baseline 0.004 -19"><span class='ocrx_word' id='word_1_364' title='bbox 78 4669 411 4738; x_wconf 89' lang='lat' dir='ltr'><strong>impunitum</strong></span> <span class='ocrx_word' id='word_1_365' title='bbox 475 4671 703 4740; x_wconf 86' lang='lat' dir='ltr'><strong>relinqui</strong></span> <span class='ocrx_word' id='word_1_366' title='bbox 763 4683 1042 4743; x_wconf 84' lang='lat' dir='ltr'><strong>peccatum</strong></span> <span class='ocrx_word' id='word_1_367' title='bbox 1104 4689 1119 4724; x_wconf 88' lang='lat'><strong>:</strong></span> <span class='ocrx_word' id='word_1_368' title='bbox 1180 4673 1431 4738; x_wconf 83' lang='lat' dir='ltr'><strong>quoniam</strong></span> <span class='ocrx_word' id='word_1_369' title='bbox 1500 4688 1685 4731; x_wconf 73' lang='lat' dir='ltr'><strong>verum</strong></span> 
     </span>
    </p>
   </div>
   <div class='ocr_carea' id='block_1_48' title="bbox 75 4760 1684 4837">
    <p class='ocr_par' dir='ltr' id='par_1_48' title="bbox 75 4760 1684 4837">
     <span class='ocr_line' id='line_1_48' title="bbox 75 4760 1684 4837; baseline 0.002 -21"><span class='ocrx_word' id='word_1_370' title='bbox 75 4772 168 4816; x_wconf 65' lang='lat' dir='ltr'><strong>est</strong></span> <span class='ocrx_word' id='word_1_371' title='bbox 189 4804 204 4824; x_wconf 88' lang='lat'><strong>.</strong></span> <span class='ocrx_word' id='word_1_372' title='bbox 267 4760 386 4815; x_wconf 79' lang='lat' dir='ltr'><strong>Non</strong></span> <span class='ocrx_word' id='word_1_373' title='bbox 435 4764 717 4818; x_wconf 68' lang='lat' dir='ltr'><strong>miserearis</strong></span> <span class='ocrx_word' id='word_1_374' title='bbox 756 4763 981 4817; x_wconf 86' lang='lat' dir='ltr'><strong>omnium</strong></span> <span class='ocrx_word' id='word_1_375' title='bbox 1010 4765 1095 4832; x_wconf 85' lang='lat' dir='ltr'><strong>qui</strong></span> <span class='ocrx_word' id='word_1_376' title='bbox 1121 4775 1402 4834; x_wconf 79' lang='lat' dir='ltr'><strong>aperantur</strong></span> <span class='ocrx_word' id='word_1_377' title='bbox 1444 4766 1684 4837; x_wconf 76' lang='lat' dir='ltr'><strong>iniqitita-</strong></span> 
     </span>
    </p>
   </div>
   <div class='ocr_carea' id='block_1_49' title="bbox 78 4867 206 4909">
    <p class='ocr_par' dir='ltr' id='par_1_49' title="bbox 78 4867 206 4909">
     <span class='ocr_line' id='line_1_49' title="bbox 78 4867 206 4909; baseline -0.023 -1"><span class='ocrx_word' id='word_1_378' title='bbox 78 4867 206 4909; x_wconf 85' lang='lat' dir='ltr'><strong>tem.</strong></span> 
     </span>
    </p>
   </div>
   <div class='ocr_carea' id='block_1_50' title="bbox 155 4943 1686 5018">
    <p class='ocr_par' dir='ltr' id='par_1_50' title="bbox 155 4943 1686 5018">
     <span class='ocr_line' id='line_1_50' title="bbox 155 4943 1686 5018; baseline 0.001 -17"><span class='ocrx_word' id='word_1_379' title='bbox 155 4948 246 5001; x_wconf 72' lang='lat' dir='ltr'><strong>M.</strong></span> <span class='ocrx_word' id='word_1_380' title='bbox 270 4943 378 5000; x_wconf 85' lang='lat' dir='ltr'><strong>Sed</strong></span> <span class='ocrx_word' id='word_1_381' title='bbox 411 4945 682 5000; x_wconf 83' lang='lat' dir='ltr'><strong>\ideamus</strong></span> <span class='ocrx_word' id='word_1_382' title='bbox 703 4946 814 5014; x_wconf 85' lang='lat' dir='ltr'><strong>jam</strong></span> <span class='ocrx_word' id='word_1_383' title='bbox 841 4947 1002 5001; x_wconf 86' lang='lat' dir='ltr'><strong>alium</strong></span> <span class='ocrx_word' id='word_1_384' title='bbox 1035 4947 1273 5010; x_wconf 88' lang='lat' dir='ltr'><strong>modum,</strong></span> <span class='ocrx_word' id='word_1_385' title='bbox 1295 4963 1404 5018; x_wconf 90' lang='lat' dir='ltr'><strong>quo</strong></span> <span class='ocrx_word' id='word_1_386' title='bbox 1425 4947 1539 5002; x_wconf 69' lang='lat' dir='ltr'><strong>lucc</strong></span> <span class='ocrx_word' id='word_1_387' title='bbox 1563 4963 1686 5003; x_wconf 87' lang='lat' dir='ltr'><strong>sen-</strong></span> 
     </span>
    </p>
   </div>
   <div class='ocr_carea' id='block_1_51' title="bbox 76 5037 1683 5108">
    <p class='ocr_par' dir='ltr' id='par_1_51' title="bbox 76 5037 1683 5108">
     <span class='ocr_line' id='line_1_51' title="bbox 76 5037 1683 5108; baseline 0.002 -18"><span class='ocrx_word' id='word_1_388' title='bbox 76 5040 251 5095; x_wconf 84' lang='lat' dir='ltr'><strong>tentia</strong></span> <span class='ocrx_word' id='word_1_389' title='bbox 284 5038 452 5106; x_wconf 86' lang='lat' dir='ltr'><strong>possit</strong></span> <span class='ocrx_word' id='word_1_390' title='bbox 499 5037 736 5105; x_wconf 72' lang='lat' dir='ltr'><strong>intelligi.</strong></span> <span class='ocrx_word' id='word_1_391' title='bbox 770 5037 862 5092; x_wconf 86' lang='lat' dir='ltr'><strong>Est</strong></span> <span class='ocrx_word' id='word_1_392' title='bbox 903 5038 1147 5107; x_wconf 50' lang='lat' dir='ltr'><strong>quadam</strong></span> <span class='ocrx_word' id='word_1_393' title='bbox 1206 5038 1458 5107; x_wconf 75' lang='lat' dir='ltr'><strong>iniquit-is</strong></span> <span class='ocrx_word' id='word_1_394' title='bbox 1481 5082 1495 5102; x_wconf 89' lang='lat'><strong>,</strong></span> <span class='ocrx_word' id='word_1_395' title='bbox 1525 5056 1683 5108; x_wconf 88' lang='lat' dir='ltr'><strong>quam</strong></span> 
     </span>
    </p>
   </div>
   <div class='ocr_carea' id='block_1_52' title="bbox 73 5130 1683 5199">
    <p class='ocr_par' dir='ltr' id='par_1_52' title="bbox 73 5130 1683 5199">
     <span class='ocr_line' id='line_1_52' title="bbox 73 5130 1683 5199; baseline 0.001 -17"><span class='ocrx_word' id='word_1_396' title='bbox 73 5130 174 5197; x_wconf 88' lang='lat' dir='ltr'><strong>qui</strong></span> <span class='ocrx_word' id='word_1_397' title='bbox 223 5138 510 5196; x_wconf 81' lang='lat' dir='ltr'><strong>Operamr,</strong></span> <span class='ocrx_word' id='word_1_398' title='bbox 566 5144 670 5182; x_wconf 92' lang='lat' dir='ltr'><strong>non</strong></span> <span class='ocrx_word' id='word_1_399' title='bbox 711 5138 881 5198; x_wconf 88' lang='lat' dir='ltr'><strong>potest</strong></span> <span class='ocrx_word' id='word_1_400' title='bbox 924 5130 1036 5183; x_wconf 86' lang='lat' dir='ltr'><strong>lieri</strong></span> <span class='ocrx_word' id='word_1_401' title='bbox 1085 5138 1142 5182; x_wconf 92' lang='lat' dir='ltr'><strong>ut</strong></span> <span class='ocrx_word' id='word_1_402' title='bbox 1195 5130 1518 5184; x_wconf 81' lang='lat' dir='ltr'><strong>misereatur</strong></span> <span class='ocrx_word' id='word_1_403' title='bbox 1565 5130 1683 5199; x_wconf 79' lang='lat' dir='ltr'><strong>ejus</strong></span> 
     </span>
    </p>
   </div>
   <div class='ocr_carea' id='block_1_53' title="bbox 74 5219 1684 5289">
    <p class='ocr_par' dir='ltr' id='par_1_53' title="bbox 74 5219 1684 5289">
     <span class='ocr_line' id='line_1_53' title="bbox 74 5219 1684 5289; baseline -0.001 -12"><span class='ocrx_word' id='word_1_404' title='bbox 74 5224 246 5277; x_wconf 83' lang='lat' dir='ltr'><strong>Deus.</strong></span> <span class='ocrx_word' id='word_1_405' title='bbox 280 5219 530 5287; x_wconf 80' lang='lat' dir='ltr'><strong>Quanitis</strong></span> <span class='ocrx_word' id='word_1_406' title='bbox 582 5220 718 5273; x_wconf 83' lang='lat' dir='ltr'><strong>forte</strong></span> <span class='ocrx_word' id='word_1_407' title='bbox 757 5236 1002 5289; x_wconf 72' lang='lat' dir='ltr'><strong>quantum</strong></span> <span class='ocrx_word' id='word_1_408' title='bbox 1043 5221 1129 5272; x_wconf 84' lang='lat' dir='ltr'><strong>illa</strong></span> <span class='ocrx_word' id='word_1_409' title='bbox 1158 5221 1269 5273; x_wconf 80' lang='lat' dir='ltr'><strong>sit?</strong></span> <span class='ocrx_word' id='word_1_410' title='bbox 1300 5219 1414 5288; x_wconf 62' lang='lat' dir='ltr'><strong>ipsa</strong></span> <span class='ocrx_word' id='word_1_411' title='bbox 1442 5221 1684 5275; x_wconf 70' lang='lat' dir='ltr'><strong>defensio</strong></span> 
     </span>
    </p>
   </div>
   <div class='ocr_carea' id='block_1_54' title="bbox 73 5311 1677 5385">
    <p class='ocr_par' dir='ltr' id='par_1_54' title="bbox 73 5311 1677 5385">
     <span class='ocr_line' id='line_1_54' title="bbox 73 5311 1677 5385; baseline -0.002 -17"><span class='ocrx_word' id='word_1_412' title='bbox 73 5323 448 5385; x_wconf 67' lang='lat' dir='ltr'><strong>pecuttorum.</strong></span> <span class='ocrx_word' id='word_1_413' title='bbox 499 5311 724 5376; x_wconf 87' lang='lat' dir='ltr'><strong>Quando</strong></span> <span class='ocrx_word' id='word_1_414' title='bbox 753 5312 978 5381; x_wconf 89' lang='lat' dir='ltr'><strong>quisque</strong></span> <span class='ocrx_word' id='word_1_415' title='bbox 1022 5311 1261 5365; x_wconf 80' lang='lat' dir='ltr'><strong>defendit</strong></span> <span class='ocrx_word' id='word_1_416' title='bbox 1305 5320 1517 5378; x_wconf 78' lang='lat' dir='ltr'><strong>peccata</strong></span> <span class='ocrx_word' id='word_1_417' title='bbox 1550 5328 1677 5375; x_wconf 90' lang='lat' dir='ltr'><strong>sua,</strong></span> 
     </span>
    </p>
   </div>
   <div class='ocr_carea' id='block_1_55' title="bbox 71 5402 1679 5472">
    <p class='ocr_par' dir='ltr' id='par_1_55' title="bbox 71 5402 1679 5472">
     <span class='ocr_line' id='line_1_55' title="bbox 71 5402 1679 5472; baseline -0.001 -14"><span class='ocrx_word' id='word_1_418' title='bbox 71 5419 332 5472; x_wconf 75' lang='lat' dir='ltr'><strong>magnam</strong></span> <span class='ocrx_word' id='word_1_419' title='bbox 385 5402 718 5469; x_wconf 78' lang='lat' dir='ltr'><strong>iniquitatem</strong></span> <span class='ocrx_word' id='word_1_420' title='bbox 768 5415 1068 5470; x_wconf 84' lang='lat' dir='ltr'><strong>operatur:</strong></span> <span class='ocrx_word' id='word_1_421' title='bbox 1118 5404 1218 5455; x_wconf 80' lang='lat' dir='ltr'><strong>hoc</strong></span> <span class='ocrx_word' id='word_1_422' title='bbox 1265 5402 1500 5455; x_wconf 74' lang='lat' dir='ltr'><strong>defendit</strong></span> <span class='ocrx_word' id='word_1_423' title='bbox 1537 5403 1679 5471; x_wconf 84' lang='lat' dir='ltr'><strong>quod</strong></span> 
     </span>
    </p>
   </div>
   <div class='ocr_carea' id='block_1_56' title="bbox 71 5493 1680 5562">
    <p class='ocr_par' dir='ltr' id='par_1_56' title="bbox 71 5493 1680 5562">
     <span class='ocr_line' id='line_1_56' title="bbox 71 5493 1680 5562; baseline -0.002 -12"><span class='ocrx_word' id='word_1_424' title='bbox 71 5495 376 5550; x_wconf 72' lang='lat' dir='ltr'><strong>lieusodil.</strong></span> <span class='ocrx_word' id='word_1_425' title='bbox 411 5493 480 5547; x_wconf 80' lang='lat' dir='ltr'><strong>Et</strong></span> <span class='ocrx_word' id='word_1_426' title='bbox 521 5493 639 5546; x_wconf 82' lang='lat' dir='ltr'><strong>vide</strong></span> <span class='ocrx_word' id='word_1_427' title='bbox 675 5509 833 5562; x_wconf 89' lang='lat' dir='ltr'><strong>quam</strong></span> <span class='ocrx_word' id='word_1_428' title='bbox 882 5508 1166 5560; x_wconf 68' lang='lat' dir='ltr'><strong>perverse,</strong></span> <span class='ocrx_word' id='word_1_429' title='bbox 1197 5508 1356 5562; x_wconf 85' lang='lat' dir='ltr'><strong>quam</strong></span> <span class='ocrx_word' id='word_1_430' title='bbox 1398 5493 1591 5561; x_wconf 88' lang='lat' dir='ltr'><strong>inique.</strong></span> <span class='ocrx_word' id='word_1_431' title='bbox 1625 5494 1680 5547; x_wconf 88' lang='lat' dir='ltr'><strong>Si</strong></span> 
     </span>
    </p>
   </div>
   <div class='ocr_carea' id='block_1_57' title="bbox 70 5584 1675 5654">
    <p class='ocr_par' dir='ltr' id='par_1_57' title="bbox 70 5584 1675 5654">
     <span class='ocr_line' id='line_1_57' title="bbox 70 5584 1675 5654; baseline -0.001 -15"><span class='ocrx_word' id='word_1_432' title='bbox 70 5586 204 5654; x_wconf 83' lang='lat' dir='ltr'><strong>quid</strong></span> <span class='ocrx_word' id='word_1_433' title='bbox 249 5585 376 5639; x_wconf 87' lang='lat' dir='ltr'><strong>boni</strong></span> <span class='ocrx_word' id='word_1_434' title='bbox 410 5584 639 5649; x_wconf 80' lang='lat' dir='ltr'><strong>fecerit,</strong></span> <span class='ocrx_word' id='word_1_435' title='bbox 669 5585 774 5636; x_wconf 82' lang='lat' dir='ltr'><strong>sibi</strong></span> <span class='ocrx_word' id='word_1_436' title='bbox 798 5585 910 5637; x_wconf 91' lang='lat' dir='ltr'><strong>vult</strong></span> <span class='ocrx_word' id='word_1_437' title='bbox 952 5584 1235 5652; x_wconf 72' lang='lat' dir='ltr'><strong>imputari,</strong></span> <span class='ocrx_word' id='word_1_438' title='bbox 1269 5584 1313 5636; x_wconf 88' lang='lat' dir='ltr'><strong>si</strong></span> <span class='ocrx_word' id='word_1_439' title='bbox 1357 5584 1484 5652; x_wconf 89' lang='lat' dir='ltr'><strong>quid</strong></span> <span class='ocrx_word' id='word_1_440' title='bbox 1516 5584 1675 5649; x_wconf 88' lang='lat' dir='ltr'><strong>mali,</strong></span> 
     </span>
    </p>
   </div>
   <div class='ocr_carea' id='block_1_58' title="bbox 71 5675 1679 5744">
    <p class='ocr_par' dir='ltr' id='par_1_58' title="bbox 71 5675 1679 5744">
     <span class='ocr_line' id='line_1_58' title="bbox 71 5675 1679 5744; baseline -0.002 -11"><span class='ocrx_word' id='word_1_441' title='bbox 71 5681 209 5733; x_wconf 80' lang='lat' dir='ltr'><strong>Deo.</strong></span> <span class='ocrx_word' id='word_1_442' title='bbox 240 5677 374 5732; x_wconf 72' lang='lat' dir='ltr'><strong>Nam</strong></span> <span class='ocrx_word' id='word_1_443' title='bbox 412 5676 516 5732; x_wconf 79' lang='lat' dir='ltr'><strong>hoc</strong></span> <span class='ocrx_word' id='word_1_444' title='bbox 561 5676 722 5730; x_wconf 88' lang='lat' dir='ltr'><strong>modo</strong></span> <span class='ocrx_word' id='word_1_445' title='bbox 759 5675 1051 5730; x_wconf 77' lang='lat' dir='ltr'><strong>defendunt</strong></span> <span class='ocrx_word' id='word_1_446' title='bbox 1099 5676 1344 5728; x_wconf 89' lang='lat' dir='ltr'><strong>homines</strong></span> <span class='ocrx_word' id='word_1_447' title='bbox 1371 5686 1583 5744; x_wconf 78' lang='lat' dir='ltr'><strong>peccata</strong></span> <span class='ocrx_word' id='word_1_448' title='bbox 1611 5690 1679 5729; x_wconf 78' lang='lat' dir='ltr'><strong>ex</strong></span> 
     </span>
    </p>
   </div>
   <div class='ocr_carea' id='block_1_59' title="bbox 73 5767 1681 5840">
    <p class='ocr_par' dir='ltr' id='par_1_59' title="bbox 73 5767 1681 5840">
     <span class='ocr_line' id='line_1_59' title="bbox 73 5767 1681 5840; baseline -0.002 -16"><span class='ocrx_word' id='word_1_449' title='bbox 73 5770 172 5827; x_wconf 81' lang='lat' dir='ltr'><strong>Dei</strong></span> <span class='ocrx_word' id='word_1_450' title='bbox 203 5783 454 5840; x_wconf 87' lang='lat' dir='ltr'><strong>persona,</strong></span> <span class='ocrx_word' id='word_1_451' title='bbox 488 5783 539 5838; x_wconf 72' lang='lat' dir='ltr'><strong>qi</strong></span> <span class='ocrx_word' id='word_1_452' title='bbox 563 5769 632 5822; x_wconf 86' lang='lat' dir='ltr'><strong>od</strong></span> <span class='ocrx_word' id='word_1_453' title='bbox 661 5767 808 5836; x_wconf 81' lang='lat' dir='ltr'><strong>pejus</strong></span> <span class='ocrx_word' id='word_1_454' title='bbox 835 5778 936 5822; x_wconf 67' lang='lat' dir='ltr'><strong>est.</strong></span> <span class='ocrx_word' id='word_1_455' title='bbox 969 5767 1106 5831; x_wconf 79' lang='lat' dir='ltr'><strong>Quid</strong></span> <span class='ocrx_word' id='word_1_456' title='bbox 1131 5776 1210 5821; x_wconf 72' lang='lat' dir='ltr'><strong>est</strong></span> <span class='ocrx_word' id='word_1_457' title='bbox 1242 5768 1341 5820; x_wconf 76' lang='lat' dir='ltr'><strong>hoc</strong></span> <span class='ocrx_word' id='word_1_458' title='bbox 1363 5768 1387 5819; x_wconf 87' lang='lat'><strong>?</strong></span> <span class='ocrx_word' id='word_1_459' title='bbox 1407 5767 1573 5820; x_wconf 83' lang='lat' dir='ltr'><strong>Nemo</strong></span> <span class='ocrx_word' id='word_1_460' title='bbox 1598 5776 1681 5820; x_wconf 85' lang='lat' dir='ltr'><strong>est</strong></span> 
     </span>
    </p>
   </div>
   <div class='ocr_carea' id='block_1_60' title="bbox 69 5857 1674 5932">
    <p class='ocr_par' dir='ltr' id='par_1_60' title="bbox 69 5857 1674 5932">
     <span class='ocr_line' id='line_1_60' title="bbox 69 5857 1674 5932; baseline -0.001 -17"><span class='ocrx_word' id='word_1_461' title='bbox 69 5860 164 5932; x_wconf 83' lang='lat' dir='ltr'><strong>qui</strong></span> <span class='ocrx_word' id='word_1_462' title='bbox 193 5861 388 5918; x_wconf 82' lang='lat' dir='ltr'><strong>audeat</strong></span> <span class='ocrx_word' id='word_1_463' title='bbox 413 5857 616 5922; x_wconf 84' lang='lat' dir='ltr'><strong>dicere,</strong></span> <span class='ocrx_word' id='word_1_464' title='bbox 640 5859 842 5913; x_wconf 76' lang='lat' dir='ltr'><strong>Bonum</strong></span> <span class='ocrx_word' id='word_1_465' title='bbox 885 5871 966 5914; x_wconf 79' lang='lat' dir='ltr'><strong>est</strong></span> <span class='ocrx_word' id='word_1_466' title='bbox 994 5859 1334 5924; x_wconf 83' lang='lat' dir='ltr'><strong>adulterium,</strong></span> <span class='ocrx_word' id='word_1_467' title='bbox 1365 5859 1561 5914; x_wconf 89' lang='lat' dir='ltr'><strong>bonum</strong></span> <span class='ocrx_word' id='word_1_468' title='bbox 1593 5867 1674 5914; x_wconf 80' lang='lat' dir='ltr'><strong>est</strong></span> 
     </span>
    </p>
   </div>
   <div class='ocr_carea' id='block_1_61' title="bbox 1275 405 2354 500">
    <p class='ocr_par' dir='ltr' id='par_1_61' title="bbox 1275 405 2354 500">
     <span class='ocr_line' id='line_1_61' title="bbox 1275 405 2354 500; baseline 0.009 -12"><span class='ocrx_word' id='word_1_469' title='bbox 1275 432 1675 490; x_wconf 74' lang='lat' dir='ltr'><strong>ENARRATIO</strong></span> <span class='ocrx_word' id='word_1_470' title='bbox 1712 405 1786 489; x_wconf 74' lang='lat' dir='ltr'><strong>ut</strong></span> <span class='ocrx_word' id='word_1_471' title='bbox 1818 438 2138 496; x_wconf 61' lang='lat' dir='ltr'><strong>essenon</strong></span> <span class='ocrx_word' id='word_1_472' title='bbox 2178 443 2354 500; x_wconf 76' lang='lat' dir='ltr'><strong>Lvut.</strong></span> 
     </span>
    </p>
   </div>
   <div class='ocr_carea' id='block_1_62' title="bbox 3355 457 3467 513">
    <p class='ocr_par' dir='ltr' id='par_1_62' title="bbox 3355 457 3467 513">
     <span class='ocr_line' id='line_1_62' title="bbox 3355 457 3467 513; baseline 0 0"><span class='ocrx_word' id='word_1_473' title='bbox 3355 457 3467 513; x_wconf 64' lang='grc'><strong>’709</strong></span> 
     </span>
    </p>
   </div>
   <div class='ocr_carea' id='block_1_63' title="bbox 1865 550 3464 637">
    <p class='ocr_par' dir='ltr' id='par_1_63' title="bbox 1865 550 3464 637">
     <span class='ocr_line' id='line_1_63' title="bbox 1865 550 3464 637; baseline 0.018 -36"><span class='ocrx_word' id='word_1_474' title='bbox 1865 550 2210 608; x_wconf 86' lang='lat' dir='ltr'><strong>homicidium</strong></span> <span class='ocrx_word' id='word_1_475' title='bbox 2233 598 2246 622; x_wconf 92' lang='lat'><strong>,</strong></span> <span class='ocrx_word' id='word_1_476' title='bbox 2277 558 2414 612; x_wconf 85' lang='lat' dir='ltr'><strong>bona</strong></span> <span class='ocrx_word' id='word_1_477' title='bbox 2461 560 2602 616; x_wconf 86' lang='lat' dir='ltr'><strong>l&#39;raus</strong></span> <span class='ocrx_word' id='word_1_478' title='bbox 2635 606 2650 629; x_wconf 90' lang='lat'><strong>,</strong></span> <span class='ocrx_word' id='word_1_479' title='bbox 2680 564 2876 626; x_wconf 81' lang='lat' dir='ltr'><strong>bonum</strong></span> <span class='ocrx_word' id='word_1_480' title='bbox 2924 568 3216 637; x_wconf 86' lang='lat' dir='ltr'><strong>perjurium</strong></span> <span class='ocrx_word' id='word_1_481' title='bbox 3241 589 3253 624; x_wconf 92' lang='lat'>:</span> <span class='ocrx_word' id='word_1_482' title='bbox 3282 573 3464 630; x_wconf 85' lang='lat' dir='ltr'><strong>nullus</strong></span> 
     </span>
    </p>
   </div>
   <div class='ocr_carea' id='block_1_64' title="bbox 1865 645 3462 727">
    <p class='ocr_par' dir='ltr' id='par_1_64' title="bbox 1865 645 3462 727">
     <span class='ocr_line' id='line_1_64' title="bbox 1865 645 3462 727; baseline 0.012 -32"><span class='ocrx_word' id='word_1_483' title='bbox 1865 657 2083 710; x_wconf 81' lang='lat' dir='ltr'><strong>prorsus</strong></span> <span class='ocrx_word' id='word_1_484' title='bbox 2129 645 2445 714; x_wconf 86' lang='lat' dir='ltr'><strong>hominum;</strong></span> <span class='ocrx_word' id='word_1_485' title='bbox 2475 668 2596 712; x_wconf 87' lang='lat' dir='ltr'><strong>nam</strong></span> <span class='ocrx_word' id='word_1_486' title='bbox 2640 646 2920 725; x_wconf 59' lang='lat' dir='ltr'><strong>quivetiam</strong></span> <span class='ocrx_word' id='word_1_487' title='bbox 2967 660 3054 714; x_wconf 91' lang='lat' dir='ltr'><strong>illa</strong></span> <span class='ocrx_word' id='word_1_488' title='bbox 3087 661 3315 727; x_wconf 80' lang='lat' dir='ltr'><strong>faciunt,</strong></span> <span class='ocrx_word' id='word_1_489' title='bbox 3346 667 3462 718; x_wconf 84' lang='lat' dir='ltr'><strong>cla-</strong></span> 
     </span>
    </p>
   </div>
   <div class='ocr_carea' id='block_1_65' title="bbox 1862 737 3454 820">
    <p class='ocr_par' dir='ltr' id='par_1_65' title="bbox 1862 737 3454 820">
     <span class='ocr_line' id='line_1_65' title="bbox 1862 737 3454 820; baseline 0.016 -35"><span class='ocrx_word' id='word_1_490' title='bbox 1862 745 2010 788; x_wconf 84' lang='lat' dir='ltr'><strong>munt</strong></span> <span class='ocrx_word' id='word_1_491' title='bbox 2050 737 2262 805; x_wconf 85' lang='lat' dir='ltr'><strong>quando</strong></span> <span class='ocrx_word' id='word_1_492' title='bbox 2311 743 2606 810; x_wconf 88' lang='lat' dir='ltr'><strong>patiuntur.</strong></span> <span class='ocrx_word' id='word_1_493' title='bbox 2647 744 2878 803; x_wconf 89' lang='lat' dir='ltr'><strong>Omnino</strong></span> <span class='ocrx_word' id='word_1_494' title='bbox 2919 767 3046 820; x_wconf 79' lang='lat' dir='ltr'><strong>ergo</strong></span> <span class='ocrx_word' id='word_1_495' title='bbox 3097 771 3201 808; x_wconf 82' lang='lat' dir='ltr'><strong>non</strong></span> <span class='ocrx_word' id='word_1_496' title='bbox 3248 754 3454 810; x_wconf 78' lang='lat' dir='ltr'><strong>invenis</strong></span> 
     </span>
    </p>
   </div>
   <div class='ocr_carea' id='block_1_66' title="bbox 1860 827 3452 903">
    <p class='ocr_par' dir='ltr' id='par_1_66' title="bbox 1860 827 3452 903">
     <span class='ocr_line' id='line_1_66' title="bbox 1860 827 3452 903; baseline 0.016 -27"><span class='ocrx_word' id='word_1_497' title='bbox 1860 827 2091 882; x_wconf 90' lang='lat' dir='ltr'><strong>animam</strong></span> <span class='ocrx_word' id='word_1_498' title='bbox 2139 838 2245 884; x_wconf 88' lang='lat' dir='ltr'><strong>tam</strong></span> <span class='ocrx_word' id='word_1_499' title='bbox 2285 847 2628 902; x_wconf 86' lang='lat' dir='ltr'><strong>perversam,</strong></span> <span class='ocrx_word' id='word_1_500' title='bbox 2660 848 2765 892; x_wconf 86' lang='lat' dir='ltr'><strong>tam</strong></span> <span class='ocrx_word' id='word_1_501' title='bbox 2806 851 3070 896; x_wconf 82' lang='lat' dir='ltr'><strong>extorrem</strong></span> <span class='ocrx_word' id='word_1_502' title='bbox 3120 861 3149 897; x_wconf 93' lang='lat' dir='ltr'><strong>a</strong></span> <span class='ocrx_word' id='word_1_503' title='bbox 3198 848 3452 903; x_wconf 83' lang='lat' dir='ltr'><strong>societate</strong></span> 
     </span>
    </p>
   </div>
   <div class='ocr_carea' id='block_1_67' title="bbox 1857 918 3451 1004">
    <p class='ocr_par' dir='ltr' id='par_1_67' title="bbox 1857 918 3451 1004">
     <span class='ocr_line' id='line_1_67' title="bbox 1857 918 3451 1004; baseline 0.014 -35"><span class='ocrx_word' id='word_1_504' title='bbox 1857 918 2068 984; x_wconf 76' lang='lat' dir='ltr'><strong>generis</strong></span> <span class='ocrx_word' id='word_1_505' title='bbox 2096 919 2312 976; x_wconf 84' lang='lat' dir='ltr'><strong>humani</strong></span> <span class='ocrx_word' id='word_1_506' title='bbox 2336 934 2392 979; x_wconf 90' lang='lat' dir='ltr'><strong>et</strong></span> <span class='ocrx_word' id='word_1_507' title='bbox 2421 941 2448 978; x_wconf 90' lang='lat' dir='ltr'><strong>a</strong></span> <span class='ocrx_word' id='word_1_508' title='bbox 2481 927 2885 995; x_wconf 83' lang='lat' dir='ltr'><strong>participatione</strong></span> <span class='ocrx_word' id='word_1_509' title='bbox 2923 934 3219 986; x_wconf 78' lang='lat' dir='ltr'><strong>communis</strong></span> <span class='ocrx_word' id='word_1_510' title='bbox 3241 937 3451 1004; x_wconf 73' lang='lat' dir='ltr'><strong>sangui-</strong></span> 
     </span>
    </p>
   </div>
   <div class='ocr_carea' id='block_1_68' title="bbox 1859 1009 3446 1090">
    <p class='ocr_par' dir='ltr' id='par_1_68' title="bbox 1859 1009 3446 1090">
     <span class='ocr_line' id='line_1_68' title="bbox 1859 1009 3446 1090; baseline 0.015 -32"><span class='ocrx_word' id='word_1_511' title='bbox 1859 1009 1940 1059; x_wconf 89' lang='lat' dir='ltr'><strong>nis</strong></span> <span class='ocrx_word' id='word_1_512' title='bbox 1971 1024 2037 1063; x_wconf 81' lang='lat' dir='ltr'><strong>ex</strong></span> <span class='ocrx_word' id='word_1_513' title='bbox 2074 1011 2264 1077; x_wconf 80' lang='lat' dir='ltr'><strong>Adam,</strong></span> <span class='ocrx_word' id='word_1_514' title='bbox 2312 1016 2397 1069; x_wconf 90' lang='lat' dir='ltr'><strong>cui</strong></span> <span class='ocrx_word' id='word_1_515' title='bbox 2429 1016 2676 1072; x_wconf 84' lang='lat' dir='ltr'><strong>videatur</strong></span> <span class='ocrx_word' id='word_1_516' title='bbox 2703 1019 2899 1075; x_wconf 91' lang='lat' dir='ltr'><strong>bonum</strong></span> <span class='ocrx_word' id='word_1_517' title='bbox 2945 1037 3064 1076; x_wconf 88' lang='lat' dir='ltr'><strong>esse</strong></span> <span class='ocrx_word' id='word_1_518' title='bbox 3106 1025 3446 1090; x_wconf 81' lang='lat' dir='ltr'><strong>adulterium.</strong></span> 
     </span>
    </p>
   </div>
   <div class='ocr_carea' id='block_1_69' title="bbox 1857 1101 3449 1186">
    <p class='ocr_par' dir='ltr' id='par_1_69' title="bbox 1857 1101 3449 1186">
     <span class='ocr_line' id='line_1_69' title="bbox 1857 1101 3449 1186; baseline 0.013 -34"><span class='ocrx_word' id='word_1_519' title='bbox 1857 1101 1996 1154; x_wconf 85' lang='lat' dir='ltr'><strong>sicut</strong></span> <span class='ocrx_word' id='word_1_520' title='bbox 2021 1102 2150 1166; x_wconf 80' lang='lat' dir='ltr'><strong>dixi,</strong></span> <span class='ocrx_word' id='word_1_521' title='bbox 2185 1104 2352 1171; x_wconf 81' lang='lat' dir='ltr'><strong>fraus,</strong></span> <span class='ocrx_word' id='word_1_522' title='bbox 2379 1109 2585 1176; x_wconf 88' lang='lat' dir='ltr'><strong>rapina,</strong></span> <span class='ocrx_word' id='word_1_523' title='bbox 2615 1111 2926 1180; x_wconf 85' lang='lat' dir='ltr'><strong>perjurium.</strong></span> <span class='ocrx_word' id='word_1_524' title='bbox 2955 1113 3058 1168; x_wconf 85' lang='lat' dir='ltr'><strong>Sed</strong></span> <span class='ocrx_word' id='word_1_525' title='bbox 3091 1118 3358 1186; x_wconf 86' lang='lat' dir='ltr'><strong>quomodo</strong></span> <span class='ocrx_word' id='word_1_526' title='bbox 3386 1133 3449 1172; x_wconf 88' lang='lat' dir='ltr'><strong>ea</strong></span> 
     </span>
    </p>
   </div>
   <div class='ocr_carea' id='block_1_70' title="bbox 1844 1181 3447 1275">
    <p class='ocr_par' dir='ltr' id='par_1_70' title="bbox 1844 1181 3447 1275">
     <span class='ocr_line' id='line_1_70' title="bbox 1844 1181 3447 1275; baseline 0.013 -31"><span class='ocrx_word' id='word_1_527' title='bbox 1844 1181 2146 1248; x_wconf 73' lang='lat' dir='ltr'><strong>defendunt</strong></span> <span class='ocrx_word' id='word_1_528' title='bbox 2167 1197 2189 1248; x_wconf 88' lang='lat'><strong>?</strong></span> <span class='ocrx_word' id='word_1_529' title='bbox 2210 1197 2266 1252; x_wconf 92' lang='lat' dir='ltr'><strong>Si</strong></span> <span class='ocrx_word' id='word_1_530' title='bbox 2309 1199 2450 1254; x_wconf 88' lang='lat' dir='ltr'><strong>Deus</strong></span> <span class='ocrx_word' id='word_1_531' title='bbox 2473 1201 2766 1269; x_wconf 89' lang='lat' dir='ltr'><strong>noluisset,</strong></span> <span class='ocrx_word' id='word_1_532' title='bbox 2798 1222 2902 1258; x_wconf 91' lang='lat' dir='ltr'><strong>non</strong></span> <span class='ocrx_word' id='word_1_533' title='bbox 2931 1206 2981 1259; x_wconf 87' lang='lat' dir='ltr'><strong>id</strong></span> <span class='ocrx_word' id='word_1_534' title='bbox 3012 1181 3280 1262; x_wconf 67' lang='lat' dir='ltr'><strong>fecissem.</strong></span> <span class='ocrx_word' id='word_1_535' title='bbox 3310 1210 3447 1275; x_wconf 84' lang='lat' dir='ltr'><strong>Quid</strong></span> 
     </span>
    </p>
   </div>
   <div class='ocr_carea' id='block_1_71' title="bbox 1850 1281 3441 1368">
    <p class='ocr_par' dir='ltr' id='par_1_71' title="bbox 1850 1281 3441 1368">
     <span class='ocr_line' id='line_1_71' title="bbox 1850 1281 3441 1368; baseline 0.013 -34"><span class='ocrx_word' id='word_1_536' title='bbox 1850 1285 1930 1337; x_wconf 85' lang='lat' dir='ltr'><strong>vis</strong></span> <span class='ocrx_word' id='word_1_537' title='bbox 1961 1283 2146 1340; x_wconf 82' lang='lat' dir='ltr'><strong>faciam</strong></span> <span class='ocrx_word' id='word_1_538' title='bbox 2192 1286 2303 1343; x_wconf 80' lang='lat' dir='ltr'><strong>fato</strong></span> <span class='ocrx_word' id='word_1_539' title='bbox 2342 1292 2507 1345; x_wconf 84' lang='lat' dir='ltr'><strong>meo?</strong></span> <span class='ocrx_word' id='word_1_540' title='bbox 2551 1292 2667 1348; x_wconf 84' lang='lat' dir='ltr'><strong>Jam</strong></span> <span class='ocrx_word' id='word_1_541' title='bbox 2714 1281 2909 1364; x_wconf 57' lang='lat' dir='ltr'><strong>quieris</strong></span> <span class='ocrx_word' id='word_1_542' title='bbox 2956 1299 3082 1368; x_wconf 87' lang='lat' dir='ltr'><strong>quid</strong></span> <span class='ocrx_word' id='word_1_543' title='bbox 3136 1301 3204 1353; x_wconf 90' lang='lat' dir='ltr'><strong>sit</strong></span> <span class='ocrx_word' id='word_1_544' title='bbox 3228 1291 3390 1355; x_wconf 78' lang='lat' dir='ltr'><strong>fatum</strong></span> <span class='ocrx_word' id='word_1_545' title='bbox 3427 1321 3441 1354; x_wconf 90' lang='lat'><strong>:</strong></span> 
     </span>
    </p>
   </div>
   <div class='ocr_carea' id='block_1_72' title="bbox 1847 1377 3442 1453">
    <p class='ocr_par' dir='ltr' id='par_1_72' title="bbox 1847 1377 3442 1453">
     <span class='ocr_line' id='line_1_72' title="bbox 1847 1377 3442 1453; baseline 0.011 -25"><span class='ocrx_word' id='word_1_546' title='bbox 1847 1377 2020 1429; x_wconf 89' lang='lat' dir='ltr'><strong>curris</strong></span> <span class='ocrx_word' id='word_1_547' title='bbox 2063 1377 2128 1431; x_wconf 90' lang='lat' dir='ltr'><strong>ad</strong></span> <span class='ocrx_word' id='word_1_548' title='bbox 2178 1381 2381 1434; x_wconf 80' lang='lat' dir='ltr'><strong>stellas.</strong></span> <span class='ocrx_word' id='word_1_549' title='bbox 2405 1381 2614 1450; x_wconf 55' lang='lat' dir='ltr'><strong>Quaeris</strong></span> <span class='ocrx_word' id='word_1_550' title='bbox 2639 1385 2758 1453; x_wconf 92' lang='lat' dir='ltr'><strong>quis</strong></span> <span class='ocrx_word' id='word_1_551' title='bbox 2803 1387 2987 1442; x_wconf 82' lang='lat' dir='ltr'><strong>fecerit</strong></span> <span class='ocrx_word' id='word_1_552' title='bbox 3026 1399 3080 1444; x_wconf 89' lang='lat' dir='ltr'><strong>et</strong></span> <span class='ocrx_word' id='word_1_553' title='bbox 3107 1390 3442 1445; x_wconf 80' lang='lat' dir='ltr'><strong>ordinaverit</strong></span> 
     </span>
    </p>
   </div>
   <div class='ocr_carea' id='block_1_73' title="bbox 1846 1467 3439 1552">
    <p class='ocr_par' dir='ltr' id='par_1_73' title="bbox 1846 1467 3439 1552">
     <span class='ocr_line' id='line_1_73' title="bbox 1846 1467 3439 1552; baseline 0.011 -32"><span class='ocrx_word' id='word_1_554' title='bbox 1846 1467 2030 1524; x_wconf 79' lang='lat' dir='ltr'><strong>Stellas</strong></span> <span class='ocrx_word' id='word_1_555' title='bbox 2060 1486 2074 1521; x_wconf 83' lang='lat'><strong>:</strong></span> <span class='ocrx_word' id='word_1_556' title='bbox 2107 1472 2244 1528; x_wconf 91' lang='lat' dir='ltr'><strong>Deus</strong></span> <span class='ocrx_word' id='word_1_557' title='bbox 2268 1483 2368 1528; x_wconf 85' lang='lat' dir='ltr'><strong>est.</strong></span> <span class='ocrx_word' id='word_1_558' title='bbox 2399 1476 2540 1546; x_wconf 80' lang='lat' dir='ltr'><strong>Ergo</strong></span> <span class='ocrx_word' id='word_1_559' title='bbox 2561 1478 2625 1531; x_wconf 89' lang='lat' dir='ltr'><strong>ad</strong></span> <span class='ocrx_word' id='word_1_560' title='bbox 2652 1479 2753 1532; x_wconf 80' lang='lat' dir='ltr'><strong>hoc</strong></span> <span class='ocrx_word' id='word_1_561' title='bbox 2779 1490 3053 1552; x_wconf 82' lang='lat' dir='ltr'><strong>peccatum</strong></span> <span class='ocrx_word' id='word_1_562' title='bbox 3085 1494 3228 1536; x_wconf 89' lang='lat' dir='ltr'><strong>tuum</strong></span> <span class='ocrx_word' id='word_1_563' title='bbox 3254 1484 3439 1538; x_wconf 77' lang='lat' dir='ltr'><strong>defeti-</strong></span> 
     </span>
    </p>
   </div>
   <div class='ocr_carea' id='block_1_74' title="bbox 1844 1557 3435 1641">
    <p class='ocr_par' dir='ltr' id='par_1_74' title="bbox 1844 1557 3435 1641">
     <span class='ocr_line' id='line_1_74' title="bbox 1844 1557 3435 1641; baseline 0.008 -32"><span class='ocrx_word' id='word_1_564' title='bbox 1844 1557 1946 1619; x_wconf 87' lang='lat' dir='ltr'><strong>dis,</strong></span> <span class='ocrx_word' id='word_1_565' title='bbox 1972 1569 2029 1611; x_wconf 91' lang='lat' dir='ltr'><strong>ut</strong></span> <span class='ocrx_word' id='word_1_566' title='bbox 2060 1560 2222 1614; x_wconf 89' lang='lat' dir='ltr'><strong>Deum</strong></span> <span class='ocrx_word' id='word_1_567' title='bbox 2246 1578 2486 1621; x_wconf 85' lang='lat' dir='ltr'><strong>accuses.</strong></span> <span class='ocrx_word' id='word_1_568' title='bbox 2514 1566 2639 1621; x_wconf 84' lang='lat' dir='ltr'><strong>ideo</strong></span> <span class='ocrx_word' id='word_1_569' title='bbox 2666 1580 2953 1623; x_wconf 80' lang='lat' dir='ltr'><strong>excusatur</strong></span> <span class='ocrx_word' id='word_1_570' title='bbox 2981 1587 3101 1625; x_wconf 91' lang='lat' dir='ltr'><strong>reus</strong></span> <span class='ocrx_word' id='word_1_571' title='bbox 3121 1615 3135 1638; x_wconf 96' lang='lat'><strong>,</strong></span> <span class='ocrx_word' id='word_1_572' title='bbox 3169 1583 3224 1626; x_wconf 90' lang='lat' dir='ltr'><strong>ut</strong></span> <span class='ocrx_word' id='word_1_573' title='bbox 3249 1573 3435 1641; x_wconf 80' lang='lat' dir='ltr'><strong>culpo—</strong></span> 
     </span>
    </p>
   </div>
   <div class='ocr_carea' id='block_1_75' title="bbox 1844 1650 3427 1730">
    <p class='ocr_par' dir='ltr' id='par_1_75' title="bbox 1844 1650 3427 1730">
     <span class='ocr_line' id='line_1_75' title="bbox 1844 1650 3427 1730; baseline 0.009 -29"><span class='ocrx_word' id='word_1_574' title='bbox 1844 1657 1929 1702; x_wconf 91' lang='lat' dir='ltr'><strong>tur</strong></span> <span class='ocrx_word' id='word_1_575' title='bbox 1947 1650 2130 1718; x_wconf 76' lang='lat' dir='ltr'><strong>judex.</strong></span> <span class='ocrx_word' id='word_1_576' title='bbox 2158 1653 2381 1709; x_wconf 85' lang='lat' dir='ltr'><strong>Prorsus</strong></span> <span class='ocrx_word' id='word_1_577' title='bbox 2412 1658 2569 1712; x_wconf 84' lang='lat' dir='ltr'><strong>talem</strong></span> <span class='ocrx_word' id='word_1_578' title='bbox 2599 1658 2928 1728; x_wconf 78' lang='lat' dir='ltr'><strong>iniquitatem</strong></span> <span class='ocrx_word' id='word_1_579' title='bbox 2956 1665 3291 1730; x_wconf 85' lang='lat' dir='ltr'><strong>operantium</strong></span> <span class='ocrx_word' id='word_1_580' title='bbox 3322 1680 3427 1716; x_wconf 90' lang='lat' dir='ltr'><strong>non</strong></span> 
     </span>
    </p>
   </div>
   <div class='ocr_carea' id='block_1_76' title="bbox 1841 1743 3432 1821">
    <p class='ocr_par' dir='ltr' id='par_1_76' title="bbox 1841 1743 3432 1821">
     <span class='ocr_line' id='line_1_76' title="bbox 1841 1743 3432 1821; baseline 0.009 -30"><span class='ocrx_word' id='word_1_581' title='bbox 1841 1744 2124 1796; x_wconf 85' lang='lat' dir='ltr'><strong>miseretur</strong></span> <span class='ocrx_word' id='word_1_582' title='bbox 2151 1743 2308 1799; x_wconf 90' lang='lat' dir='ltr'><strong>Deus.</strong></span> <span class='ocrx_word' id='word_1_583' title='bbox 2335 1745 2456 1801; x_wconf 78' lang='lat' dir='ltr'><strong>Non</strong></span> <span class='ocrx_word' id='word_1_584' title='bbox 2486 1747 2771 1804; x_wconf 71' lang='lat' dir='ltr'><strong>miserearis</strong></span> <span class='ocrx_word' id='word_1_585' title='bbox 2800 1753 3023 1804; x_wconf 83' lang='lat' dir='ltr'><strong>omnium</strong></span> <span class='ocrx_word' id='word_1_586' title='bbox 3041 1755 3127 1821; x_wconf 83' lang='lat' dir='ltr'><strong>qui</strong></span> <span class='ocrx_word' id='word_1_587' title='bbox 3157 1765 3432 1821; x_wconf 79' lang='lat' dir='ltr'><strong>operantur</strong></span> 
     </span>
    </p>
   </div>
   <div class='ocr_carea' id='block_1_77' title="bbox 1838 1830 3427 1914">
    <p class='ocr_par' dir='ltr' id='par_1_77' title="bbox 1838 1830 3427 1914">
     <span class='ocr_line' id='line_1_77' title="bbox 1838 1830 3427 1914; baseline 0.009 -32"><span class='ocrx_word' id='word_1_588' title='bbox 1838 1830 2171 1900; x_wconf 85' lang='lat' dir='ltr'><strong>iniquitatem.</strong></span> <span class='ocrx_word' id='word_1_589' title='bbox 2204 1835 2553 1908; x_wconf 67' lang='lat' dir='ltr'><strong>Penequere,</strong></span> <span class='ocrx_word' id='word_1_590' title='bbox 2587 1839 2778 1910; x_wconf 88' lang='lat' dir='ltr'><strong>inquit,</strong></span> <span class='ocrx_word' id='word_1_591' title='bbox 2807 1851 3020 1910; x_wconf 86' lang='lat' dir='ltr'><strong>peccata</strong></span> <span class='ocrx_word' id='word_1_592' title='bbox 3049 1835 3256 1908; x_wconf 80' lang='lat' dir='ltr'><strong>eorum,</strong></span> <span class='ocrx_word' id='word_1_593' title='bbox 3277 1847 3427 1914; x_wconf 90' lang='lat' dir='ltr'><strong>puni,</strong></span> 
     </span>
    </p>
   </div>
   <div class='ocr_carea' id='block_1_78' title="bbox 1836 1929 3441 2005">
    <p class='ocr_par' dir='ltr' id='par_1_78' title="bbox 1836 1929 3441 2005">
     <span class='ocr_line' id='line_1_78' title="bbox 1836 1929 3441 2005; baseline 0.011 -31"><span class='ocrx_word' id='word_1_594' title='bbox 1836 1935 2158 1993; x_wconf 82' lang='lat' dir='ltr'><strong>eompungc,</strong></span> <span class='ocrx_word' id='word_1_595' title='bbox 2192 1939 2444 1983; x_wconf 89' lang='lat' dir='ltr'><strong>converte</strong></span> <span class='ocrx_word' id='word_1_596' title='bbox 2470 1929 2589 1984; x_wconf 89' lang='lat' dir='ltr'><strong>illos</strong></span> <span class='ocrx_word' id='word_1_597' title='bbox 2611 1942 2736 1986; x_wconf 89' lang='lat' dir='ltr'><strong>ante</strong></span> <span class='ocrx_word' id='word_1_598' title='bbox 2763 1947 2822 1986; x_wconf 87' lang='lat' dir='ltr'><strong>se</strong></span> <span class='ocrx_word' id='word_1_599' title='bbox 2841 1973 2856 1990; x_wconf 96' lang='lat'><strong>.</strong></span> <span class='ocrx_word' id='word_1_600' title='bbox 2879 1935 2967 2002; x_wconf 89' lang='lat' dir='ltr'><strong>qui</strong></span> <span class='ocrx_word' id='word_1_601' title='bbox 3001 1950 3058 1989; x_wconf 83' lang='lat' dir='ltr'><strong>se</strong></span> <span class='ocrx_word' id='word_1_602' title='bbox 3085 1947 3285 2004; x_wconf 84' lang='lat' dir='ltr'><strong>ponunt</strong></span> <span class='ocrx_word' id='word_1_603' title='bbox 3311 1946 3441 2005; x_wconf 64' lang='lat' dir='ltr'><strong>post</strong></span> 
     </span>
    </p>
   </div>
   <div class='ocr_carea' id='block_1_79' title="bbox 1834 2016 3427 2090">
    <p class='ocr_par' dir='ltr' id='par_1_79' title="bbox 1834 2016 3427 2090">
     <span class='ocr_line' id='line_1_79' title="bbox 1834 2016 3427 2090; baseline 0.009 -25"><span class='ocrx_word' id='word_1_604' title='bbox 1834 2026 1893 2066; x_wconf 87' lang='lat' dir='ltr'><strong>se</strong></span> <span class='ocrx_word' id='word_1_605' title='bbox 1920 2029 1935 2078; x_wconf 92' lang='lat'><strong>;</strong></span> <span class='ocrx_word' id='word_1_606' title='bbox 1968 2022 2021 2067; x_wconf 87' lang='lat' dir='ltr'><strong>et</strong></span> <span class='ocrx_word' id='word_1_607' title='bbox 2049 2016 2365 2072; x_wconf 85' lang='lat' dir='ltr'><strong>erubescant</strong></span> <span class='ocrx_word' id='word_1_608' title='bbox 2389 2019 2456 2073; x_wconf 91' lang='lat' dir='ltr'><strong>de</strong></span> <span class='ocrx_word' id='word_1_609' title='bbox 2495 2035 2573 2084; x_wconf 86' lang='lat' dir='ltr'><strong>se,</strong></span> <span class='ocrx_word' id='word_1_610' title='bbox 2609 2030 2663 2074; x_wconf 93' lang='lat' dir='ltr'><strong>ut</strong></span> <span class='ocrx_word' id='word_1_611' title='bbox 2689 2022 2956 2090; x_wconf 81' lang='lat' dir='ltr'><strong>gaudeant</strong></span> <span class='ocrx_word' id='word_1_612' title='bbox 2985 2023 3053 2078; x_wconf 86' lang='lat' dir='ltr'><strong>de</strong></span> <span class='ocrx_word' id='word_1_613' title='bbox 3082 2037 3150 2078; x_wconf 91' lang='lat' dir='ltr'><strong>te.</strong></span> <span class='ocrx_word' id='word_1_614' title='bbox 3182 2024 3304 2079; x_wconf 88' lang='lat' dir='ltr'><strong>Non</strong></span> <span class='ocrx_word' id='word_1_615' title='bbox 3326 2027 3427 2079; x_wconf 81' lang='lat' dir='ltr'><strong>mi-</strong></span> 
     </span>
    </p>
   </div>
   <div class='ocr_carea' id='block_1_80' title="bbox 1832 2107 3080 2183">
    <p class='ocr_par' dir='ltr' id='par_1_80' title="bbox 1832 2107 3080 2183">
     <span class='ocr_line' id='line_1_80' title="bbox 1832 2107 3080 2183; baseline 0.011 -27"><span class='ocrx_word' id='word_1_616' title='bbox 1832 2107 2045 2158; x_wconf 82' lang='lat' dir='ltr'><strong>serearis</strong></span> <span class='ocrx_word' id='word_1_617' title='bbox 2066 2109 2290 2160; x_wconf 87' lang='lat' dir='ltr'><strong>omnium</strong></span> <span class='ocrx_word' id='word_1_618' title='bbox 2317 2111 2405 2176; x_wconf 85' lang='lat' dir='ltr'><strong>qui</strong></span> <span class='ocrx_word' id='word_1_619' title='bbox 2433 2122 2716 2178; x_wconf 84' lang='lat' dir='ltr'><strong>operantur</strong></span> <span class='ocrx_word' id='word_1_620' title='bbox 2742 2113 3080 2183; x_wconf 79' lang='lat' dir='ltr'><strong>iniquitatem.</strong></span> 
     </span>
    </p>
   </div>
   <div class='ocr_carea' id='block_1_81' title="bbox 1932 2196 3425 2274">
    <p class='ocr_par' dir='ltr' id='par_1_81' title="bbox 1932 2196 3425 2274">
     <span class='ocr_line' id='line_1_81' title="bbox 1932 2196 3425 2274; baseline 0.006 -23"><span class='ocrx_word' id='word_1_621' title='bbox 1932 2197 2017 2251; x_wconf 80' lang='grc'><strong>15.</strong></span> <span class='ocrx_word' id='word_1_622' title='bbox 2065 2196 2218 2270; x_wconf 77' lang='lat' dir='ltr'><strong>[eers.</strong></span> <span class='ocrx_word' id='word_1_623' title='bbox 2271 2198 2350 2272; x_wconf 88' lang='lat'><strong>7.]</strong></span> <span class='ocrx_word' id='word_1_624' title='bbox 2389 2200 2759 2256; x_wconf 77' lang='lat' dir='ltr'><strong>Convertuntur</strong></span> <span class='ocrx_word' id='word_1_625' title='bbox 2794 2205 2864 2257; x_wconf 87' lang='lat' dir='ltr'><strong>ad</strong></span> <span class='ocrx_word' id='word_1_626' title='bbox 2909 2222 3185 2274; x_wconf 78' lang='lat' dir='ltr'><strong>vesperam.</strong></span> <span class='ocrx_word' id='word_1_627' title='bbox 3232 2205 3425 2261; x_wconf 81' lang='lat' dir='ltr'><strong>Nescio</strong></span> 
     </span>
    </p>
   </div>
   <div class='ocr_carea' id='block_1_82' title="bbox 1828 2287 3418 2366">
    <p class='ocr_par' dir='ltr' id='par_1_82' title="bbox 1828 2287 3418 2366">
     <span class='ocr_line' id='line_1_82' title="bbox 1828 2287 3418 2366; baseline 0.009 -31"><span class='ocrx_word' id='word_1_628' title='bbox 1828 2299 1963 2354; x_wconf 89' lang='lat' dir='ltr'><strong>quos</strong></span> <span class='ocrx_word' id='word_1_629' title='bbox 1987 2287 2113 2341; x_wconf 88' lang='lat' dir='ltr'><strong>dicit</strong></span> <span class='ocrx_word' id='word_1_630' title='bbox 2140 2289 2408 2354; x_wconf 86' lang='lat' dir='ltr'><strong>quondam</strong></span> <span class='ocrx_word' id='word_1_631' title='bbox 2458 2301 2770 2360; x_wconf 84' lang='lat' dir='ltr'><strong>operatores</strong></span> <span class='ocrx_word' id='word_1_632' title='bbox 2798 2294 3089 2364; x_wconf 78' lang='lat' dir='ltr'><strong>iniquitatis</strong></span> <span class='ocrx_word' id='word_1_633' title='bbox 3112 2337 3125 2355; x_wconf 88' lang='lat'><strong>.</strong></span> <span class='ocrx_word' id='word_1_634' title='bbox 3162 2309 3210 2350; x_wconf 92' lang='lat' dir='ltr'><strong>et</strong></span> <span class='ocrx_word' id='word_1_635' title='bbox 3244 2312 3418 2366; x_wconf 87' lang='lat' dir='ltr'><strong>quon-</strong></span> 
     </span>
    </p>
   </div>
   <div class='ocr_carea' id='block_1_83' title="bbox 1827 2370 3420 2454">
    <p class='ocr_par' dir='ltr' id='par_1_83' title="bbox 1827 2370 3420 2454">
     <span class='ocr_line' id='line_1_83' title="bbox 1827 2370 3420 2454; baseline 0.008 -26"><span class='ocrx_word' id='word_1_636' title='bbox 1827 2377 1948 2429; x_wconf 86' lang='lat' dir='ltr'><strong>dam</strong></span> <span class='ocrx_word' id='word_1_637' title='bbox 1997 2380 2246 2432; x_wconf 78' lang='lat' dir='ltr'><strong>tenebras</strong></span> <span class='ocrx_word' id='word_1_638' title='bbox 2268 2421 2282 2446; x_wconf 88' lang='lat'><strong>,</strong></span> <span class='ocrx_word' id='word_1_639' title='bbox 2316 2385 2553 2436; x_wconf 83' lang='lat' dir='ltr'><strong>converti</strong></span> <span class='ocrx_word' id='word_1_640' title='bbox 2588 2384 2654 2437; x_wconf 89' lang='lat' dir='ltr'><strong>ad</strong></span> <span class='ocrx_word' id='word_1_641' title='bbox 2681 2401 2976 2454; x_wconf 51' lang='lat' dir='ltr'><strong>vesperam.</strong></span> <span class='ocrx_word' id='word_1_642' title='bbox 3019 2370 3156 2453; x_wconf 85' lang='lat' dir='ltr'><strong>Quid</strong></span> <span class='ocrx_word' id='word_1_643' title='bbox 3202 2399 3317 2450; x_wconf 83' lang='lat' dir='ltr'><strong>est,</strong></span> <span class='ocrx_word' id='word_1_644' title='bbox 3350 2388 3420 2441; x_wconf 76' lang='lat' dir='ltr'><strong>ad</strong></span> 
     </span>
    </p>
   </div>
   <div class='ocr_carea' id='block_1_84' title="bbox 1828 2471 3413 2545">
    <p class='ocr_par' dir='ltr' id='par_1_84' title="bbox 1828 2471 3413 2545">
     <span class='ocr_line' id='line_1_84' title="bbox 1828 2471 3413 2545; baseline 0.009 -25"><span class='ocrx_word' id='word_1_645' title='bbox 1828 2483 2085 2538; x_wconf 76' lang='lat' dir='ltr'><strong>vesperam</strong></span> <span class='ocrx_word' id='word_1_646' title='bbox 2108 2471 2134 2524; x_wconf 87' lang='lat'><strong><em>?</em></strong></span> <span class='ocrx_word' id='word_1_647' title='bbox 2182 2472 2394 2526; x_wconf 81' lang='lat' dir='ltr'><strong>Postea.</strong></span> <span class='ocrx_word' id='word_1_648' title='bbox 2443 2474 2582 2540; x_wconf 90' lang='lat' dir='ltr'><strong>Quid</strong></span> <span class='ocrx_word' id='word_1_649' title='bbox 2612 2486 2689 2529; x_wconf 85' lang='lat' dir='ltr'><strong>est</strong></span> <span class='ocrx_word' id='word_1_650' title='bbox 2719 2518 2733 2541; x_wconf 89' lang='lat'><strong>,</strong></span> <span class='ocrx_word' id='word_1_651' title='bbox 2766 2477 2835 2528; x_wconf 82' lang='lat' dir='ltr'><strong>ad</strong></span> <span class='ocrx_word' id='word_1_652' title='bbox 2869 2481 3170 2545; x_wconf 81' lang='lat' dir='ltr'><strong>vesperam?</strong></span> <span class='ocrx_word' id='word_1_653' title='bbox 3207 2480 3413 2534; x_wconf 79' lang='lat' dir='ltr'><strong>Serius.</strong></span> 
     </span>
    </p>
   </div>
   <div class='ocr_carea' id='block_1_85' title="bbox 1825 2561 3418 2643">
    <p class='ocr_par' dir='ltr' id='par_1_85' title="bbox 1825 2561 3418 2643">
     <span class='ocr_line' id='line_1_85' title="bbox 1825 2561 3418 2643; baseline 0.009 -32"><span class='ocrx_word' id='word_1_654' title='bbox 1825 2561 1962 2613; x_wconf 85' lang='lat' dir='ltr'><strong>Ante</strong></span> <span class='ocrx_word' id='word_1_655' title='bbox 1989 2562 2130 2615; x_wconf 89' lang='lat' dir='ltr'><strong>enim</strong></span> <span class='ocrx_word' id='word_1_656' title='bbox 2158 2563 2455 2617; x_wconf 84' lang='lat' dir='ltr'><strong>debuerant</strong></span> <span class='ocrx_word' id='word_1_657' title='bbox 2485 2607 2501 2630; x_wconf 91' lang='lat'><strong>,</strong></span> <span class='ocrx_word' id='word_1_658' title='bbox 2524 2577 2807 2634; x_wconf 87' lang='lat' dir='ltr'><strong>antequam</strong></span> <span class='ocrx_word' id='word_1_659' title='bbox 2839 2569 3109 2623; x_wconf 76' lang='lat' dir='ltr'><strong>Christum</strong></span> <span class='ocrx_word' id='word_1_660' title='bbox 3138 2573 3418 2643; x_wconf 79' lang='lat' dir='ltr'><strong>crueilige—</strong></span> 
     </span>
    </p>
   </div>
   <div class='ocr_carea' id='block_1_86' title="bbox 1822 2652 3410 2728">
    <p class='ocr_par' dir='ltr' id='par_1_86' title="bbox 1822 2652 3410 2728">
     <span class='ocr_line' id='line_1_86' title="bbox 1822 2652 3410 2728; baseline 0.007 -25"><span class='ocrx_word' id='word_1_661' title='bbox 1822 2659 1941 2704; x_wconf 89' lang='lat' dir='ltr'><strong>rent</strong></span> <span class='ocrx_word' id='word_1_662' title='bbox 1964 2691 1980 2716; x_wconf 94' lang='lat'><strong>,</strong></span> <span class='ocrx_word' id='word_1_663' title='bbox 2011 2652 2274 2707; x_wconf 90' lang='lat' dir='ltr'><strong>medicmn</strong></span> <span class='ocrx_word' id='word_1_664' title='bbox 2319 2670 2631 2724; x_wconf 75' lang='lat' dir='ltr'><strong>agnoscere.</strong></span> <span class='ocrx_word' id='word_1_665' title='bbox 2673 2656 2849 2724; x_wconf 88' lang='lat' dir='ltr'><strong>Quare</strong></span> <span class='ocrx_word' id='word_1_666' title='bbox 2882 2658 2991 2727; x_wconf 91' lang='lat' dir='ltr'><strong>jam</strong></span> <span class='ocrx_word' id='word_1_667' title='bbox 3025 2673 3090 2713; x_wconf 86' lang='lat' dir='ltr'><strong>eo</strong></span> <span class='ocrx_word' id='word_1_668' title='bbox 3120 2661 3410 2728; x_wconf 78' lang='lat' dir='ltr'><strong>cruciliso,</strong></span> 
     </span>
    </p>
   </div>
   <div class='ocr_carea' id='block_1_87' title="bbox 1819 2744 3419 2818">
    <p class='ocr_par' dir='ltr' id='par_1_87' title="bbox 1819 2744 3419 2818">
     <span class='ocr_line' id='line_1_87' title="bbox 1819 2744 3419 2818; baseline 0.007 -24"><span class='ocrx_word' id='word_1_669' title='bbox 1819 2750 2135 2810; x_wconf 77' lang='lat' dir='ltr'><strong>resurgente</strong></span> <span class='ocrx_word' id='word_1_670' title='bbox 2158 2783 2174 2808; x_wconf 89' lang='lat'><strong>,</strong></span> <span class='ocrx_word' id='word_1_671' title='bbox 2204 2744 2253 2796; x_wconf 92' lang='lat' dir='ltr'><strong>in</strong></span> <span class='ocrx_word' id='word_1_672' title='bbox 2283 2745 2480 2799; x_wconf 74' lang='lat' dir='ltr'><strong>cwlum</strong></span> <span class='ocrx_word' id='word_1_673' title='bbox 2510 2747 2833 2801; x_wconf 85' lang='lat' dir='ltr'><strong>ascendente</strong></span> <span class='ocrx_word' id='word_1_674' title='bbox 2861 2791 2875 2813; x_wconf 89' lang='lat'><strong>,</strong></span> <span class='ocrx_word' id='word_1_675' title='bbox 2916 2759 3259 2818; x_wconf 82' lang='lat' dir='ltr'><strong>posteaquam</strong></span> <span class='ocrx_word' id='word_1_676' title='bbox 3319 2753 3419 2805; x_wconf 80' lang='lat' dir='ltr'><strong>mi-</strong></span> 
     </span>
    </p>
   </div>
   <div class='ocr_carea' id='block_1_88' title="bbox 1816 2831 3412 2912">
    <p class='ocr_par' dir='ltr' id='par_1_88' title="bbox 1816 2831 3412 2912">
     <span class='ocr_line' id='line_1_88' title="bbox 1816 2831 3412 2912; baseline 0.007 -26"><span class='ocrx_word' id='word_1_677' title='bbox 1816 2831 1886 2886; x_wconf 91' lang='lat' dir='ltr'><strong>sit</strong></span> <span class='ocrx_word' id='word_1_678' title='bbox 1913 2831 2168 2901; x_wconf 88' lang='lat' dir='ltr'><strong>Spiritum</strong></span> <span class='ocrx_word' id='word_1_679' title='bbox 2198 2848 2352 2889; x_wconf 90' lang='lat' dir='ltr'><strong>suum</strong></span> <span class='ocrx_word' id='word_1_680' title='bbox 2399 2847 2642 2890; x_wconf 88' lang='lat' dir='ltr'><strong>sanctum</strong></span> <span class='ocrx_word' id='word_1_681' title='bbox 2670 2880 2684 2903; x_wconf 91' lang='lat'><strong>,</strong></span> <span class='ocrx_word' id='word_1_682' title='bbox 2707 2854 2814 2906; x_wconf 90' lang='lat' dir='ltr'><strong>quo</strong></span> <span class='ocrx_word' id='word_1_683' title='bbox 2842 2840 3029 2908; x_wconf 83' lang='lat' dir='ltr'><strong>repleti</strong></span> <span class='ocrx_word' id='word_1_684' title='bbox 3069 2852 3194 2894; x_wconf 89' lang='lat' dir='ltr'><strong>sunt</strong></span> <span class='ocrx_word' id='word_1_685' title='bbox 3224 2842 3298 2896; x_wconf 92' lang='lat' dir='ltr'><strong>illi</strong></span> <span class='ocrx_word' id='word_1_686' title='bbox 3318 2843 3412 2912; x_wconf 90' lang='lat' dir='ltr'><strong>qui</strong></span> 
     </span>
    </p>
   </div>
   <div class='ocr_carea' id='block_1_89' title="bbox 1817 2922 3405 3000">
    <p class='ocr_par' dir='ltr' id='par_1_89' title="bbox 1817 2922 3405 3000">
     <span class='ocr_line' id='line_1_89' title="bbox 1817 2922 3405 3000; baseline 0.008 -26"><span class='ocrx_word' id='word_1_687' title='bbox 1817 2923 1868 2975; x_wconf 88' lang='lat' dir='ltr'><strong>in</strong></span> <span class='ocrx_word' id='word_1_688' title='bbox 1895 2938 1998 2976; x_wconf 86' lang='lat' dir='ltr'><strong>una</strong></span> <span class='ocrx_word' id='word_1_689' title='bbox 2025 2922 2188 2977; x_wconf 89' lang='lat' dir='ltr'><strong>domo</strong></span> <span class='ocrx_word' id='word_1_690' title='bbox 2206 2935 2380 2992; x_wconf 89' lang='lat' dir='ltr'><strong>erant,</strong></span> <span class='ocrx_word' id='word_1_691' title='bbox 2404 2933 2760 2996; x_wconf 80' lang='lat' dir='ltr'><strong>et_cmperuut</strong></span> <span class='ocrx_word' id='word_1_692' title='bbox 2785 2928 2929 2998; x_wconf 87' lang='lat' dir='ltr'><strong>loqui</strong></span> <span class='ocrx_word' id='word_1_693' title='bbox 2949 2929 3140 3000; x_wconf 82' lang='lat' dir='ltr'><strong>linguis</strong></span> <span class='ocrx_word' id='word_1_694' title='bbox 3167 2932 3405 2996; x_wconf 75' lang='lat' dir='ltr'><strong>omnium</strong></span> 
     </span>
    </p>
   </div>
   <div class='ocr_carea' id='block_1_90' title="bbox 1811 3013 3412 3092">
    <p class='ocr_par' dir='ltr' id='par_1_90' title="bbox 1811 3013 3412 3092">
     <span class='ocr_line' id='line_1_90' title="bbox 1811 3013 3412 3092; baseline 0.007 -27"><span class='ocrx_word' id='word_1_695' title='bbox 1811 3013 2076 3081; x_wconf 80' lang='lat' dir='ltr'><strong>gentium,</strong></span> <span class='ocrx_word' id='word_1_696' title='bbox 2101 3025 2430 3085; x_wconf 67' lang='lat' dir='ltr'><strong>expaverunt</strong></span> <span class='ocrx_word' id='word_1_697' title='bbox 2459 3014 2804 3072; x_wconf 81' lang='lat' dir='ltr'><strong>erucilixores</strong></span> <span class='ocrx_word' id='word_1_698' title='bbox 2829 3019 3026 3074; x_wconf 85' lang='lat' dir='ltr'><strong>Christi</strong></span> <span class='ocrx_word' id='word_1_699' title='bbox 3055 3038 3068 3075; x_wconf 88' lang='lat'><strong>:</strong></span> <span class='ocrx_word' id='word_1_700' title='bbox 3097 3023 3412 3092; x_wconf 84' lang='lat' dir='ltr'><strong>compuncti</strong></span> 
     </span>
    </p>
   </div>
   <div class='ocr_carea' id='block_1_91' title="bbox 1811 3105 3408 3182">
    <p class='ocr_par' dir='ltr' id='par_1_91' title="bbox 1811 3105 3408 3182">
     <span class='ocr_line' id='line_1_91' title="bbox 1811 3105 3408 3182; baseline 0.01 -28"><span class='ocrx_word' id='word_1_701' title='bbox 1811 3112 1936 3157; x_wconf 89' lang='lat' dir='ltr'><strong>sunt</strong></span> <span class='ocrx_word' id='word_1_702' title='bbox 1956 3107 2022 3158; x_wconf 90' lang='lat' dir='ltr'><strong>de</strong></span> <span class='ocrx_word' id='word_1_703' title='bbox 2044 3105 2372 3182; x_wconf 83' lang='lat' dir='ltr'><strong>conscientia</strong></span> <span class='ocrx_word' id='word_1_704' title='bbox 2399 3122 2512 3172; x_wconf 84' lang='lat' dir='ltr'><strong>sua,</strong></span> <span class='ocrx_word' id='word_1_705' title='bbox 2547 3110 2827 3162; x_wconf 88' lang='lat' dir='ltr'><strong>eonsilimn</strong></span> <span class='ocrx_word' id='word_1_706' title='bbox 2857 3111 3044 3165; x_wconf 88' lang='lat' dir='ltr'><strong>salutis</strong></span> <span class='ocrx_word' id='word_1_707' title='bbox 3067 3112 3135 3166; x_wconf 88' lang='lat' dir='ltr'><strong>ab</strong></span> <span class='ocrx_word' id='word_1_708' title='bbox 3169 3114 3408 3182; x_wconf 82' lang='lat' dir='ltr'><strong>Aposto-</strong></span> 
     </span>
    </p>
   </div>
   <div class='ocr_carea' id='block_1_92' title="bbox 1809 3177 3416 3271">
    <p class='ocr_par' dir='ltr' id='par_1_92' title="bbox 1809 3177 3416 3271">
     <span class='ocr_line' id='line_1_92' title="bbox 1809 3177 3416 3271; baseline 0.007 -24"><span class='ocrx_word' id='word_1_709' title='bbox 1809 3193 1876 3249; x_wconf 88' lang='lat' dir='ltr'><strong>lis</strong></span> <span class='ocrx_word' id='word_1_710' title='bbox 1907 3177 2243 3262; x_wconf 83' lang='lat' dir='ltr'><strong>petiverunt;</strong></span> <span class='ocrx_word' id='word_1_711' title='bbox 2286 3196 2613 3263; x_wconf 88' lang='lat' dir='ltr'><strong>audierunt,</strong></span> <span class='ocrx_word' id='word_1_712' title='bbox 2640 3199 2786 3269; x_wconf 80' lang='lat' dir='ltr'><strong>Agite</strong></span> <span class='ocrx_word' id='word_1_713' title='bbox 2827 3203 3168 3271; x_wconf 71' lang='lat' dir='ltr'><strong>paenitentiam</strong></span> <span class='ocrx_word' id='word_1_714' title='bbox 3189 3177 3282 3269; x_wconf 45' lang='lat' dir='ltr'><strong>,-et</strong></span> <span class='ocrx_word' id='word_1_715' title='bbox 3317 3189 3416 3258; x_wconf 40' lang='lat' dir='ltr'><strong>ba;</strong></span> 
     </span>
    </p>
   </div>
   <div class='ocr_carea' id='block_1_93' title="bbox 1809 3286 3407 3368">
    <p class='ocr_par' dir='ltr' id='par_1_93' title="bbox 1809 3286 3407 3368">
     <span class='ocr_line' id='line_1_93' title="bbox 1809 3286 3407 3368; baseline 0.009 -32"><span class='ocrx_word' id='word_1_716' title='bbox 1809 3286 2028 3354; x_wconf 74' lang='lat' dir='ltr'><strong>plisetur</strong></span> <span class='ocrx_word' id='word_1_717' title='bbox 2058 3287 2399 3358; x_wconf 83' lang='lat' dir='ltr'><strong>unusquisque</strong></span> <span class='ocrx_word' id='word_1_718' title='bbox 2440 3300 2661 3344; x_wconf 75' lang='lat' dir='ltr'><strong>vestrum</strong></span> <span class='ocrx_word' id='word_1_719' title='bbox 2691 3291 2742 3343; x_wconf 88' lang='lat' dir='ltr'><strong>in</strong></span> <span class='ocrx_word' id='word_1_720' title='bbox 2771 3288 2974 3346; x_wconf 84' lang='lat' dir='ltr'><strong>nomine</strong></span> <span class='ocrx_word' id='word_1_721' title='bbox 2998 3293 3204 3348; x_wconf 87' lang='lat' dir='ltr'><strong>Domini</strong></span> <span class='ocrx_word' id='word_1_722' title='bbox 3243 3297 3407 3368; x_wconf 79' lang='lat' dir='ltr'><strong>nostri</strong></span> 
     </span>
    </p>
   </div>
   <div class='ocr_carea' id='block_1_94' title="bbox 1805 3375 3396 3457">
    <p class='ocr_par' dir='ltr' id='par_1_94' title="bbox 1805 3375 3396 3457">
     <span class='ocr_line' id='line_1_94' title="bbox 1805 3375 3396 3457; baseline 0.008 -28"><span class='ocrx_word' id='word_1_723' title='bbox 1805 3376 1930 3431; x_wconf 81' lang='lat' dir='ltr'><strong>Jesu</strong></span> <span class='ocrx_word' id='word_1_724' title='bbox 1957 3375 2194 3446; x_wconf 80' lang='lat' dir='ltr'><strong>Christi,</strong></span> <span class='ocrx_word' id='word_1_725' title='bbox 2225 3389 2272 3431; x_wconf 83' lang='lat' dir='ltr'><strong>et</strong></span> <span class='ocrx_word' id='word_1_726' title='bbox 2304 3379 2622 3434; x_wconf 85' lang='lat' dir='ltr'><strong>dimittentur</strong></span> <span class='ocrx_word' id='word_1_727' title='bbox 2655 3383 2794 3437; x_wconf 83' lang='lat' dir='ltr'><strong>vobis</strong></span> <span class='ocrx_word' id='word_1_728' title='bbox 2827 3395 3031 3452; x_wconf 85' lang='lat' dir='ltr'><strong>peccata</strong></span> <span class='ocrx_word' id='word_1_729' title='bbox 3071 3396 3232 3439; x_wconf 81' lang='lat' dir='ltr'><strong>vestra</strong></span> <span class='ocrx_word' id='word_1_730' title='bbox 3263 3385 3396 3457; x_wconf 82' lang='lat' dir='ltr'><strong>(Act.</strong></span> 
     </span>
    </p>
   </div>
   <div class='ocr_carea' id='block_1_95' title="bbox 1804 3469 3401 3545">
    <p class='ocr_par' dir='ltr' id='par_1_95' title="bbox 1804 3469 3401 3545">
     <span class='ocr_line' id='line_1_95' title="bbox 1804 3469 3401 3545; baseline 0.006 -21"><span class='ocrx_word' id='word_1_731' title='bbox 1804 3485 1864 3532; x_wconf 87' lang='lat' dir='ltr'><strong>tt,</strong></span> <span class='ocrx_word' id='word_1_732' title='bbox 1897 3469 1989 3542; x_wconf 68' lang='lat'><strong>58)</strong></span> <span class='ocrx_word' id='word_1_733' title='bbox 2043 3471 2170 3526; x_wconf 86' lang='lat' dir='ltr'><strong>Post</strong></span> <span class='ocrx_word' id='word_1_734' title='bbox 2211 3473 2443 3528; x_wconf 89' lang='lat' dir='ltr'><strong>occisum</strong></span> <span class='ocrx_word' id='word_1_735' title='bbox 2493 3474 2805 3541; x_wconf 84' lang='lat' dir='ltr'><strong>Christum,</strong></span> <span class='ocrx_word' id='word_1_736' title='bbox 2833 3486 2953 3545; x_wconf 87' lang='lat' dir='ltr'><strong>post</strong></span> <span class='ocrx_word' id='word_1_737' title='bbox 2978 3476 3204 3533; x_wconf 79' lang='lat' dir='ltr'><strong>eﬂ‘usum</strong></span> <span class='ocrx_word' id='word_1_738' title='bbox 3239 3479 3401 3533; x_wconf 82' lang='lat' dir='ltr'><strong>Citri-</strong></span> 
     </span>
    </p>
   </div>
   <div class='ocr_carea' id='block_1_96' title="bbox 1804 3561 3400 3635">
    <p class='ocr_par' dir='ltr' id='par_1_96' title="bbox 1804 3561 3400 3635">
     <span class='ocr_line' id='line_1_96' title="bbox 1804 3561 3400 3635; baseline 0.007 -21"><span class='ocrx_word' id='word_1_739' title='bbox 1804 3561 1873 3614; x_wconf 83' lang='lat' dir='ltr'><strong>sti</strong></span> <span class='ocrx_word' id='word_1_740' title='bbox 1921 3563 2236 3630; x_wconf 83' lang='lat' dir='ltr'><strong>sanguinem</strong></span> <span class='ocrx_word' id='word_1_741' title='bbox 2300 3563 2641 3618; x_wconf 89' lang='lat' dir='ltr'><strong>dimittuntur</strong></span> <span class='ocrx_word' id='word_1_742' title='bbox 2678 3577 2892 3635; x_wconf 81' lang='lat' dir='ltr'><strong>peccata</strong></span> <span class='ocrx_word' id='word_1_743' title='bbox 2927 3578 3122 3622; x_wconf 85' lang='lat' dir='ltr'><strong>vestra.</strong></span> <span class='ocrx_word' id='word_1_744' title='bbox 3173 3569 3266 3623; x_wconf 91' lang='lat' dir='ltr'><strong>llle</strong></span> <span class='ocrx_word' id='word_1_745' title='bbox 3321 3570 3400 3625; x_wconf 87' lang='lat' dir='ltr'><strong>sic</strong></span> 
     </span>
    </p>
   </div>
   <div class='ocr_carea' id='block_1_97' title="bbox 1803 3656 3390 3733">
    <p class='ocr_par' dir='ltr' id='par_1_97' title="bbox 1803 3656 3390 3733">
     <span class='ocr_line' id='line_1_97' title="bbox 1803 3656 3390 3733; baseline 0.006 -26"><span class='ocrx_word' id='word_1_746' title='bbox 1803 3656 1967 3709; x_wconf 88' lang='lat' dir='ltr'><strong>voluit</strong></span> <span class='ocrx_word' id='word_1_747' title='bbox 1989 3657 2144 3722; x_wconf 87' lang='lat' dir='ltr'><strong>mori,</strong></span> <span class='ocrx_word' id='word_1_748' title='bbox 2172 3667 2226 3711; x_wconf 90' lang='lat' dir='ltr'><strong>ut</strong></span> <span class='ocrx_word' id='word_1_749' title='bbox 2251 3661 2508 3728; x_wconf 78' lang='lat' dir='ltr'><strong>sanguine</strong></span> <span class='ocrx_word' id='word_1_750' title='bbox 2538 3675 2637 3713; x_wconf 87' lang='lat' dir='ltr'><strong>suo</strong></span> <span class='ocrx_word' id='word_1_751' title='bbox 2671 3661 2832 3715; x_wconf 87' lang='lat' dir='ltr'><strong>etiam</strong></span> <span class='ocrx_word' id='word_1_752' title='bbox 2861 3660 3121 3716; x_wconf 84' lang='lat' dir='ltr'><strong>ell&#39;usores</strong></span> <span class='ocrx_word' id='word_1_753' title='bbox 3149 3663 3390 3733; x_wconf 84' lang='lat' dir='ltr'><strong>ejusdem</strong></span> 
     </span>
    </p>
   </div>
   <div class='ocr_carea' id='block_1_98' title="bbox 1801 3749 3400 3820">
    <p class='ocr_par' dir='ltr' id='par_1_98' title="bbox 1801 3749 3400 3820">
     <span class='ocr_line' id='line_1_98' title="bbox 1801 3749 3400 3820; baseline 0.006 -19"><span class='ocrx_word' id='word_1_754' title='bbox 1801 3749 2074 3818; x_wconf 84' lang='lat' dir='ltr'><strong>sanguinis</strong></span> <span class='ocrx_word' id='word_1_755' title='bbox 2101 3749 2408 3806; x_wconf 88' lang='lat' dir='ltr'><strong>redimeret.</strong></span> <span class='ocrx_word' id='word_1_756' title='bbox 2443 3751 2679 3807; x_wconf 87' lang='lat' dir='ltr'><strong>Fudistis</strong></span> <span class='ocrx_word' id='word_1_757' title='bbox 2719 3755 3006 3808; x_wconf 72' lang='lat' dir='ltr'><strong>smvieutes</strong></span> <span class='ocrx_word' id='word_1_758' title='bbox 3029 3798 3044 3820; x_wconf 92' lang='lat'><strong>,</strong></span> <span class='ocrx_word' id='word_1_759' title='bbox 3076 3755 3240 3810; x_wconf 85' lang='lat' dir='ltr'><strong>bibite</strong></span> <span class='ocrx_word' id='word_1_760' title='bbox 3267 3773 3400 3813; x_wconf 82' lang='lat' dir='ltr'><strong>con-</strong></span> 
     </span>
    </p>
   </div>
   <div class='ocr_carea' id='block_1_99' title="bbox 1804 3842 3389 3918">
    <p class='ocr_par' dir='ltr' id='par_1_99' title="bbox 1804 3842 3389 3918">
     <span class='ocr_line' id='line_1_99' title="bbox 1804 3842 3389 3918; baseline 0.006 -26"><span class='ocrx_word' id='word_1_761' title='bbox 1804 3843 2032 3895; x_wconf 84' lang='lat' dir='ltr'><strong>litcntes.</strong></span> <span class='ocrx_word' id='word_1_762' title='bbox 2067 3842 2251 3897; x_wconf 79' lang='lat' dir='ltr'><strong>Merito</strong></span> <span class='ocrx_word' id='word_1_763' title='bbox 2290 3856 2643 3898; x_wconf 84' lang='lat' dir='ltr'><strong>convertantur</strong></span> <span class='ocrx_word' id='word_1_764' title='bbox 2680 3847 2749 3899; x_wconf 86' lang='lat' dir='ltr'><strong>ad</strong></span> <span class='ocrx_word' id='word_1_765' title='bbox 2780 3862 3075 3918; x_wconf 78' lang='lat' dir='ltr'><strong>vesperam;</strong></span> <span class='ocrx_word' id='word_1_766' title='bbox 3120 3858 3167 3900; x_wconf 76' lang='lat' dir='ltr'><strong>et</strong></span> <span class='ocrx_word' id='word_1_767' title='bbox 3199 3851 3389 3918; x_wconf 75' lang='lat' dir='ltr'><strong>[niuem</strong></span> 
     </span>
    </p>
   </div>
   <div class='ocr_carea' id='block_1_100' title="bbox 1799 3932 3399 4003">
    <p class='ocr_par' dir='ltr' id='par_1_100' title="bbox 1799 3932 3399 4003">
     <span class='ocr_line' id='line_1_100' title="bbox 1799 3932 3399 4003; baseline 0.007 -20"><span class='ocrx_word' id='word_1_768' title='bbox 1799 3932 2060 4003; x_wconf 83' lang='lat' dir='ltr'><strong>patiantur</strong></span> <span class='ocrx_word' id='word_1_769' title='bbox 2086 3944 2140 3988; x_wconf 90' lang='lat' dir='ltr'><strong>ut</strong></span> <span class='ocrx_word' id='word_1_770' title='bbox 2161 3952 2328 3989; x_wconf 87' lang='lat' dir='ltr'><strong>canes.</strong></span> <span class='ocrx_word' id='word_1_771' title='bbox 2357 3935 2534 3991; x_wconf 89' lang='lat' dir='ltr'><strong>Canes</strong></span> <span class='ocrx_word' id='word_1_772' title='bbox 2559 3936 2757 3992; x_wconf 86' lang='lat' dir='ltr'><strong>Gentes</strong></span> <span class='ocrx_word' id='word_1_773' title='bbox 2784 3937 2951 3992; x_wconf 71' lang='lat' dir='ltr'><strong>Judaei</strong></span> <span class='ocrx_word' id='word_1_774' title='bbox 2982 3938 3247 4003; x_wconf 79' lang='lat' dir='ltr'><strong>dixerunt,</strong></span> <span class='ocrx_word' id='word_1_775' title='bbox 3279 3949 3399 3994; x_wconf 84' lang='lat' dir='ltr'><strong>tan-</strong></span> 
     </span>
    </p>
   </div>
   <div class='ocr_carea' id='block_1_101' title="bbox 1797 4025 3398 4101">
    <p class='ocr_par' dir='ltr' id='par_1_101' title="bbox 1797 4025 3398 4101">
     <span class='ocr_line' id='line_1_101' title="bbox 1797 4025 3398 4101; baseline 0.007 -26"><span class='ocrx_word' id='word_1_776' title='bbox 1797 4040 1955 4093; x_wconf 87' lang='lat' dir='ltr'><strong>quam</strong></span> <span class='ocrx_word' id='word_1_777' title='bbox 1985 4025 2306 4081; x_wconf 90' lang='lat' dir='ltr'><strong>immundos.</strong></span> <span class='ocrx_word' id='word_1_778' title='bbox 2336 4027 2466 4081; x_wconf 85' lang='lat' dir='ltr'><strong>Nam</strong></span> <span class='ocrx_word' id='word_1_779' title='bbox 2488 4029 2610 4084; x_wconf 88' lang='lat' dir='ltr'><strong>imle</strong></span> <span class='ocrx_word' id='word_1_780' title='bbox 2628 4039 2684 4101; x_wconf 9' lang='lat' dir='ltr'><strong>et,</strong></span> <span class='ocrx_word' id='word_1_781' title='bbox 2699 4032 2810 4098; x_wconf 84' lang='lat' dir='ltr'><strong>ipse</strong></span> <span class='ocrx_word' id='word_1_782' title='bbox 2842 4030 3252 4095; x_wconf 89' lang='lat' dir='ltr'><strong>Dominus,cum</strong></span> <span class='ocrx_word' id='word_1_783' title='bbox 3276 4041 3398 4100; x_wconf 86' lang='lat' dir='ltr'><strong>post</strong></span> 
     </span>
    </p>
   </div>
   <div class='ocr_carea' id='block_1_102' title="bbox 1796 4118 3390 4190">
    <p class='ocr_par' dir='ltr' id='par_1_102' title="bbox 1796 4118 3390 4190">
     <span class='ocr_line' id='line_1_102' title="bbox 1796 4118 3390 4190; baseline 0.005 -22"><span class='ocrx_word' id='word_1_784' title='bbox 1796 4130 1920 4169; x_wconf 89' lang='lat' dir='ltr'><strong>eum</strong></span> <span class='ocrx_word' id='word_1_785' title='bbox 1948 4118 2203 4173; x_wconf 86' lang='lat' dir='ltr'><strong>clamaret</strong></span> <span class='ocrx_word' id='word_1_786' title='bbox 2229 4118 2530 4174; x_wconf 76' lang='lat' dir='ltr'><strong>Cliauana-a</strong></span> <span class='ocrx_word' id='word_1_787' title='bbox 2553 4121 2795 4190; x_wconf 70' lang='lat' dir='ltr'><strong>qnmdatn</strong></span> <span class='ocrx_word' id='word_1_788' title='bbox 2820 4122 3030 4182; x_wconf 81' lang='lat' dir='ltr'><strong>mulier,</strong></span> <span class='ocrx_word' id='word_1_789' title='bbox 3058 4138 3160 4175; x_wconf 90' lang='lat' dir='ltr'><strong>non</strong></span> <span class='ocrx_word' id='word_1_790' title='bbox 3182 4122 3390 4188; x_wconf 70' lang='lat' dir='ltr'><strong>Judzna,</strong></span> 
     </span>
    </p>
   </div>
   <div class='ocr_carea' id='block_1_103' title="bbox 1795 4209 3386 4283">
    <p class='ocr_par' dir='ltr' id='par_1_103' title="bbox 1795 4209 3386 4283">
     <span class='ocr_line' id='line_1_103' title="bbox 1795 4209 3386 4283; baseline 0.005 -23"><span class='ocrx_word' id='word_1_791' title='bbox 1795 4209 1862 4261; x_wconf 84' lang='lat' dir='ltr'><strong>ad</strong></span> <span class='ocrx_word' id='word_1_792' title='bbox 1891 4224 2040 4263; x_wconf 84' lang='lat' dir='ltr'><strong>suam</strong></span> <span class='ocrx_word' id='word_1_793' title='bbox 2072 4209 2234 4265; x_wconf 77' lang='lat' dir='ltr'><strong>filiam</strong></span> <span class='ocrx_word' id='word_1_794' title='bbox 2255 4213 2546 4266; x_wconf 81' lang='lat' dir='ltr'><strong>curandam</strong></span> <span class='ocrx_word' id='word_1_795' title='bbox 2573 4211 2905 4268; x_wconf 80' lang='lat' dir='ltr'><strong>convertere</strong></span> <span class='ocrx_word' id='word_1_796' title='bbox 2928 4215 3112 4268; x_wconf 82' lang='lat' dir='ltr'><strong>volens</strong></span> <span class='ocrx_word' id='word_1_797' title='bbox 3138 4214 3254 4283; x_wconf 88' lang='lat' dir='ltr'><strong>ejus</strong></span> <span class='ocrx_word' id='word_1_798' title='bbox 3284 4215 3386 4268; x_wconf 83' lang='lat' dir='ltr'><strong>mi-</strong></span> 
     </span>
    </p>
   </div>
   <div class='ocr_carea' id='block_1_104' title="bbox 1798 4301 3390 4374">
    <p class='ocr_par' dir='ltr' id='par_1_104' title="bbox 1798 4301 3390 4374">
     <span class='ocr_line' id='line_1_104' title="bbox 1798 4301 3390 4374; baseline 0.004 -20"><span class='ocrx_word' id='word_1_799' title='bbox 1798 4301 2188 4368; x_wconf 87' lang='lat' dir='ltr'><strong>sericordiam;</strong></span> <span class='ocrx_word' id='word_1_800' title='bbox 2238 4303 2327 4358; x_wconf 91' lang='lat' dir='ltr'><strong>ille</strong></span> <span class='ocrx_word' id='word_1_801' title='bbox 2371 4307 2551 4358; x_wconf 90' lang='lat' dir='ltr'><strong>omnia</strong></span> <span class='ocrx_word' id='word_1_802' title='bbox 2597 4305 2902 4374; x_wconf 67' lang='lat' dir='ltr'><strong>Pratt&#39;ideus</strong></span> <span class='ocrx_word' id='word_1_803' title='bbox 2928 4346 2941 4366; x_wconf 90' lang='lat'><strong>,</strong></span> <span class='ocrx_word' id='word_1_804' title='bbox 2970 4306 3147 4359; x_wconf 74' lang='lat' dir='ltr'><strong>tntitiia</strong></span> <span class='ocrx_word' id='word_1_805' title='bbox 3180 4306 3390 4371; x_wconf 87' lang='lat' dir='ltr'><strong>sciens,</strong></span> 
     </span>
    </p>
   </div>
   <div class='ocr_carea' id='block_1_105' title="bbox 1795 4391 3387 4464">
    <p class='ocr_par' dir='ltr' id='par_1_105' title="bbox 1795 4391 3387 4464">
     <span class='ocr_line' id='line_1_105' title="bbox 1795 4391 3387 4464; baseline 0.003 -19"><span class='ocrx_word' id='word_1_806' title='bbox 1795 4391 1891 4446; x_wconf 86' lang='lat' dir='ltr'><strong>sed</strong></span> <span class='ocrx_word' id='word_1_807' title='bbox 1922 4393 2078 4448; x_wconf 82' lang='lat' dir='ltr'><strong>[idem</strong></span> <span class='ocrx_word' id='word_1_808' title='bbox 2104 4397 2221 4463; x_wconf 90' lang='lat' dir='ltr'><strong>ejus</strong></span> <span class='ocrx_word' id='word_1_809' title='bbox 2248 4397 2534 4451; x_wconf 85' lang='lat' dir='ltr'><strong>ostendere</strong></span> <span class='ocrx_word' id='word_1_810' title='bbox 2557 4396 2766 4459; x_wconf 77' lang='lat' dir='ltr'><strong>volens,</strong></span> <span class='ocrx_word' id='word_1_811' title='bbox 2789 4398 2996 4450; x_wconf 87' lang='lat' dir='ltr'><strong>distulit</strong></span> <span class='ocrx_word' id='word_1_812' title='bbox 3029 4397 3344 4452; x_wconf 79' lang='lat' dir='ltr'><strong>beneﬁcium</strong></span> <span class='ocrx_word' id='word_1_813' title='bbox 3374 4439 3387 4464; x_wconf 75' lang='lat'><strong>,</strong></span> 
     </span>
    </p>
   </div>
   <div class='ocr_carea' id='block_1_106' title="bbox 1796 4485 3390 4557">
    <p class='ocr_par' dir='ltr' id='par_1_106' title="bbox 1796 4485 3390 4557">
     <span class='ocr_line' id='line_1_106' title="bbox 1796 4485 3390 4557; baseline 0 -14"><span class='ocrx_word' id='word_1_814' title='bbox 1796 4499 1850 4543; x_wconf 90' lang='lat' dir='ltr'><strong>et</strong></span> <span class='ocrx_word' id='word_1_815' title='bbox 1887 4503 2006 4542; x_wconf 88' lang='lat' dir='ltr'><strong>eam</strong></span> <span class='ocrx_word' id='word_1_816' title='bbox 2046 4485 2343 4556; x_wconf 89' lang='lat' dir='ltr'><strong>suspendit.</strong></span> <span class='ocrx_word' id='word_1_817' title='bbox 2384 4485 2451 4541; x_wconf 87' lang='lat' dir='ltr'><strong>Et</strong></span> <span class='ocrx_word' id='word_1_818' title='bbox 2501 4487 2770 4557; x_wconf 83' lang='lat' dir='ltr'><strong>quomodo</strong></span> <span class='ocrx_word' id='word_1_819' title='bbox 2797 4487 3042 4542; x_wconf 85' lang='lat' dir='ltr'><strong>distulit?</strong></span> <span class='ocrx_word' id='word_1_820' title='bbox 3088 4487 3209 4542; x_wconf 88' lang='lat' dir='ltr'><strong>Non</strong></span> <span class='ocrx_word' id='word_1_821' title='bbox 3253 4506 3390 4555; x_wconf 87' lang='lat' dir='ltr'><strong>sum,</strong></span> 
     </span>
    </p>
   </div>
   <div class='ocr_carea' id='block_1_107' title="bbox 1794 4569 3388 4648">
    <p class='ocr_par' dir='ltr' id='par_1_107' title="bbox 1794 4569 3388 4648">
     <span class='ocr_line' id='line_1_107' title="bbox 1794 4569 3388 4648; baseline 0.002 -17"><span class='ocrx_word' id='word_1_822' title='bbox 1794 4570 1983 4648; x_wconf 84' lang='lat' dir='ltr'><strong>inquit,</strong></span> <span class='ocrx_word' id='word_1_823' title='bbox 2016 4577 2219 4643; x_wconf 87' lang='lat' dir='ltr'><strong>missus,</strong></span> <span class='ocrx_word' id='word_1_824' title='bbox 2253 4577 2350 4629; x_wconf 88' lang='lat' dir='ltr'><strong>nisi</strong></span> <span class='ocrx_word' id='word_1_825' title='bbox 2371 4577 2438 4629; x_wconf 90' lang='lat' dir='ltr'><strong>ad</strong></span> <span class='ocrx_word' id='word_1_826' title='bbox 2457 4595 2570 4631; x_wconf 80' lang='lat' dir='ltr'><strong>ures</strong></span> <span class='ocrx_word' id='word_1_827' title='bbox 2593 4593 2706 4646; x_wconf 69' lang='lat' dir='ltr'><strong>qua</strong></span> <span class='ocrx_word' id='word_1_828' title='bbox 2724 4569 2977 4645; x_wconf 78' lang='lat' dir='ltr'><strong>perierunt</strong></span> <span class='ocrx_word' id='word_1_829' title='bbox 3004 4578 3184 4633; x_wconf 86' lang='lat' dir='ltr'><strong>domus</strong></span> <span class='ocrx_word' id='word_1_830' title='bbox 3206 4577 3388 4634; x_wconf 78' lang='lat' dir='ltr'><strong>Israel.</strong></span> 
     </span>
    </p>
   </div>
   <div class='ocr_carea' id='block_1_108' title="bbox 1786 4666 3393 4741">
    <p class='ocr_par' dir='ltr' id='par_1_108' title="bbox 1786 4666 3393 4741">
     <span class='ocr_line' id='line_1_108' title="bbox 1786 4666 3393 4741; baseline 0 -18"><span class='ocrx_word' id='word_1_831' title='bbox 1786 4668 1982 4734; x_wconf 81' lang='lat' dir='ltr'><strong>lsrael,</strong></span> <span class='ocrx_word' id='word_1_832' title='bbox 2015 4684 2143 4722; x_wconf 79' lang='lat' dir='ltr'><strong>oves</strong></span> <span class='ocrx_word' id='word_1_833' title='bbox 2168 4684 2181 4719; x_wconf 85' lang='lat'><strong>:</strong></span> <span class='ocrx_word' id='word_1_834' title='bbox 2210 4666 2411 4722; x_wconf 88' lang='lat' dir='ltr'><strong>Gentes</strong></span> <span class='ocrx_word' id='word_1_835' title='bbox 2439 4709 2454 4732; x_wconf 90' lang='lat'><strong>,</strong></span> <span class='ocrx_word' id='word_1_836' title='bbox 2478 4668 2648 4737; x_wconf 87' lang='lat' dir='ltr'><strong>quid?</strong></span> <span class='ocrx_word' id='word_1_837' title='bbox 2688 4667 2807 4720; x_wconf 78' lang='lat' dir='ltr'><strong>Non</strong></span> <span class='ocrx_word' id='word_1_838' title='bbox 2837 4677 2908 4721; x_wconf 80' lang='lat' dir='ltr'><strong>est</strong></span> <span class='ocrx_word' id='word_1_839' title='bbox 2948 4667 3134 4723; x_wconf 85' lang='lat' dir='ltr'><strong>bonum</strong></span> <span class='ocrx_word' id='word_1_840' title='bbox 3163 4711 3178 4733; x_wconf 86' lang='lat'><strong>,</strong></span> <span class='ocrx_word' id='word_1_841' title='bbox 3210 4687 3393 4741; x_wconf 86' lang='lat' dir='ltr'><strong>panem</strong></span> 
     </span>
    </p>
   </div>
   <div class='ocr_carea' id='block_1_109' title="bbox 1794 4752 3387 4831">
    <p class='ocr_par' dir='ltr' id='par_1_109' title="bbox 1794 4752 3387 4831">
     <span class='ocr_line' id='line_1_109' title="bbox 1794 4752 3387 4831; baseline 0.002 -18"><span class='ocrx_word' id='word_1_842' title='bbox 1794 4761 2018 4829; x_wconf 79' lang='lat' dir='ltr'><strong>ﬁliorum</strong></span> <span class='ocrx_word' id='word_1_843' title='bbox 2045 4762 2240 4814; x_wconf 84' lang='lat' dir='ltr'><strong>mittere</strong></span> <span class='ocrx_word' id='word_1_844' title='bbox 2258 4752 2718 4814; x_wconf 68' lang='lat' dir='ltr'><strong>cattibu3.&#39;Getties</strong></span> <span class='ocrx_word' id='word_1_845' title='bbox 2744 4776 2872 4830; x_wconf 83' lang='lat' dir='ltr'><strong>ergo</strong></span> <span class='ocrx_word' id='word_1_846' title='bbox 2897 4776 3057 4815; x_wconf 79' lang='lat' dir='ltr'><strong>canes</strong></span> <span class='ocrx_word' id='word_1_847' title='bbox 3082 4761 3387 4831; x_wconf 84' lang='lat' dir='ltr'><strong>appellavit,</strong></span> 
     </span>
    </p>
   </div>
   <div class='ocr_carea' id='block_1_110' title="bbox 1796 4849 3387 4921">
    <p class='ocr_par' dir='ltr' id='par_1_110' title="bbox 1796 4849 3387 4921">
     <span class='ocr_line' id='line_1_110' title="bbox 1796 4849 3387 4921; baseline 0.003 -18"><span class='ocrx_word' id='word_1_848' title='bbox 1796 4861 2016 4921; x_wconf 90' lang='lat' dir='ltr'><strong>propter</strong></span> <span class='ocrx_word' id='word_1_849' title='bbox 2061 4850 2476 4905; x_wconf 86' lang='lat' dir='ltr'><strong>immunditiam.</strong></span> <span class='ocrx_word' id='word_1_850' title='bbox 2518 4849 2655 4917; x_wconf 88' lang='lat' dir='ltr'><strong>Quid</strong></span> <span class='ocrx_word' id='word_1_851' title='bbox 2702 4862 2879 4905; x_wconf 79' lang='lat' dir='ltr'><strong>autem</strong></span> <span class='ocrx_word' id='word_1_852' title='bbox 2910 4852 2998 4905; x_wconf 89' lang='lat' dir='ltr'><strong>illa</strong></span> <span class='ocrx_word' id='word_1_853' title='bbox 3044 4853 3235 4906; x_wconf 86' lang='lat' dir='ltr'><strong>mulier</strong></span> <span class='ocrx_word' id='word_1_854' title='bbox 3263 4869 3387 4907; x_wconf 91' lang='lat' dir='ltr'><strong>esu-</strong></span> 
     </span>
    </p>
   </div>
   <div class='ocr_carea' id='block_1_111' title="bbox 1792 4936 3388 5012">
    <p class='ocr_par' dir='ltr' id='par_1_111' title="bbox 1792 4936 3388 5012">
     <span class='ocr_line' id='line_1_111' title="bbox 1792 4936 3388 5012; baseline 0.001 -16"><span class='ocrx_word' id='word_1_855' title='bbox 1792 4942 1980 4996; x_wconf 78' lang='lat' dir='ltr'><strong>riens?</strong></span> <span class='ocrx_word' id='word_1_856' title='bbox 2027 4940 2140 4995; x_wconf 87' lang='lat' dir='ltr'><strong>lloc</strong></span> <span class='ocrx_word' id='word_1_857' title='bbox 2180 4943 2348 5011; x_wconf 73' lang='lat' dir='ltr'><strong>magis</strong></span> <span class='ocrx_word' id='word_1_858' title='bbox 2377 4960 2481 4995; x_wconf 90' lang='lat' dir='ltr'><strong>non</strong></span> <span class='ocrx_word' id='word_1_859' title='bbox 2519 4936 2711 5010; x_wconf 85' lang='lat' dir='ltr'><strong>repulit</strong></span> <span class='ocrx_word' id='word_1_860' title='bbox 2755 4960 2768 4995; x_wconf 89' lang='lat'><strong>:</strong></span> <span class='ocrx_word' id='word_1_861' title='bbox 2827 4944 3065 5012; x_wconf 87' lang='lat' dir='ltr'><strong>suscepit</strong></span> <span class='ocrx_word' id='word_1_862' title='bbox 3118 4944 3388 4998; x_wconf 84' lang='lat' dir='ltr'><strong>humiliter</strong></span> 
     </span>
    </p>
   </div>
   <div class='ocr_carea' id='block_1_112' title="bbox 1765 5031 3390 5101">
    <p class='ocr_par' dir='ltr' id='par_1_112' title="bbox 1765 5031 3390 5101">
     <span class='ocr_line' id='line_1_112' title="bbox 1765 5031 3390 5101; baseline 0.001 -15"><span class='ocrx_word' id='word_1_863' title='bbox 1765 5031 2128 5096; x_wconf 80' lang='lat' dir='ltr'><strong>convicium,</strong></span> <span class='ocrx_word' id='word_1_864' title='bbox 2183 5041 2238 5086; x_wconf 93' lang='lat' dir='ltr'><strong>et</strong></span> <span class='ocrx_word' id='word_1_865' title='bbox 2283 5033 2476 5085; x_wconf 88' lang='lat' dir='ltr'><strong>meruit</strong></span> <span class='ocrx_word' id='word_1_866' title='bbox 2524 5033 2864 5086; x_wconf 71' lang='lat' dir='ltr'><strong>beneﬁcium.</strong></span> <span class='ocrx_word' id='word_1_867' title='bbox 2915 5033 3097 5101; x_wconf 69' lang='lat' dir='ltr'><strong>Neque</strong></span> <span class='ocrx_word' id='word_1_868' title='bbox 3143 5035 3285 5087; x_wconf 89' lang='lat' dir='ltr'><strong>enim</strong></span> <span class='ocrx_word' id='word_1_869' title='bbox 3335 5044 3390 5088; x_wconf 92' lang='lat' dir='ltr'><strong>et</strong></span> 
     </span>
    </p>
   </div>
   <div class='ocr_carea' id='block_1_113' title="bbox 1740 5121 3384 5191">
    <p class='ocr_par' dir='ltr' id='par_1_113' title="bbox 1740 5121 3384 5191">
     <span class='ocr_line' id='line_1_113' title="bbox 1740 5121 3384 5191; baseline 0.001 -15"><span class='ocrx_word' id='word_1_870' title='bbox 1740 5129 1744 5132; x_wconf 80' lang='grc'><strong>’</strong></span> <span class='ocrx_word' id='word_1_871' title='bbox 1773 5122 2095 5176; x_wconf 75' lang='lat' dir='ltr'><strong>-t‘onvicium</strong></span> <span class='ocrx_word' id='word_1_872' title='bbox 2141 5121 2268 5175; x_wconf 88' lang='lat' dir='ltr'><strong>illud</strong></span> <span class='ocrx_word' id='word_1_873' title='bbox 2309 5121 2594 5177; x_wconf 86' lang='lat' dir='ltr'><strong>dicendum</strong></span> <span class='ocrx_word' id='word_1_874' title='bbox 2643 5133 2756 5176; x_wconf 85' lang='lat' dir='ltr'><strong>erat</strong></span> <span class='ocrx_word' id='word_1_875' title='bbox 2777 5166 2790 5188; x_wconf 89' lang='lat'><strong>,</strong></span> <span class='ocrx_word' id='word_1_876' title='bbox 2821 5125 2962 5191; x_wconf 89' lang='lat' dir='ltr'><strong>quod</strong></span> <span class='ocrx_word' id='word_1_877' title='bbox 2994 5141 3022 5176; x_wconf 87' lang='lat' dir='ltr'><strong>a</strong></span> <span class='ocrx_word' id='word_1_878' title='bbox 3051 5124 3275 5177; x_wconf 86' lang='lat' dir='ltr'><strong>Domino</strong></span> <span class='ocrx_word' id='word_1_879' title='bbox 3297 5123 3384 5177; x_wconf 84' lang='lat' dir='ltr'><strong>di-</strong></span> 
     </span>
    </p>
   </div>
   <div class='ocr_carea' id='block_1_114' title="bbox 1791 5213 3384 5284">
    <p class='ocr_par' dir='ltr' id='par_1_114' title="bbox 1791 5213 3384 5284">
     <span class='ocr_line' id='line_1_114' title="bbox 1791 5213 3384 5284; baseline 0.001 -17"><span class='ocrx_word' id='word_1_880' title='bbox 1791 5223 1933 5267; x_wconf 85' lang='lat' dir='ltr'><strong>etum</strong></span> <span class='ocrx_word' id='word_1_881' title='bbox 1961 5222 2099 5267; x_wconf 89' lang='lat' dir='ltr'><strong>erat.</strong></span> <span class='ocrx_word' id='word_1_882' title='bbox 2130 5213 2329 5268; x_wconf 81' lang='lat' dir='ltr'><strong>Servus</strong></span> <span class='ocrx_word' id='word_1_883' title='bbox 2360 5214 2405 5268; x_wconf 85' lang='lat' dir='ltr'><strong>si</strong></span> <span class='ocrx_word' id='word_1_884' title='bbox 2437 5214 2635 5284; x_wconf 87' lang='lat' dir='ltr'><strong>aliquid</strong></span> <span class='ocrx_word' id='word_1_885' title='bbox 2677 5216 2780 5267; x_wconf 84' lang='lat' dir='ltr'><strong>tale</strong></span> <span class='ocrx_word' id='word_1_886' title='bbox 2806 5215 3024 5268; x_wconf 87' lang='lat' dir='ltr'><strong>domino</strong></span> <span class='ocrx_word' id='word_1_887' title='bbox 3049 5216 3190 5268; x_wconf 79' lang='lat' dir='ltr'><strong>dit-at</strong></span> <span class='ocrx_word' id='word_1_888' title='bbox 3213 5257 3227 5281; x_wconf 92' lang='lat'><strong>,</strong></span> <span class='ocrx_word' id='word_1_889' title='bbox 3251 5229 3384 5268; x_wconf 87' lang='lat' dir='ltr'><strong>cou-</strong></span> 
     </span>
    </p>
   </div>
   <div class='ocr_carea' id='block_1_115' title="bbox 1793 5307 3390 5376">
    <p class='ocr_par' dir='ltr' id='par_1_115' title="bbox 1793 5307 3390 5376">
     <span class='ocr_line' id='line_1_115' title="bbox 1793 5307 3390 5376; baseline 0.003 -18"><span class='ocrx_word' id='word_1_890' title='bbox 1793 5309 1985 5361; x_wconf 70' lang='lat' dir='ltr'><strong>tieium</strong></span> <span class='ocrx_word' id='word_1_891' title='bbox 2015 5317 2138 5361; x_wconf 85' lang='lat' dir='ltr'><strong>est:</strong></span> <span class='ocrx_word' id='word_1_892' title='bbox 2187 5308 2437 5361; x_wconf 85' lang='lat' dir='ltr'><strong>dominus</strong></span> <span class='ocrx_word' id='word_1_893' title='bbox 2477 5321 2654 5361; x_wconf 88' lang='lat' dir='ltr'><strong>autem</strong></span> <span class='ocrx_word' id='word_1_894' title='bbox 2701 5324 2822 5360; x_wconf 84' lang='lat' dir='ltr'><strong>cum</strong></span> <span class='ocrx_word' id='word_1_895' title='bbox 2867 5309 2971 5362; x_wconf 85' lang='lat' dir='ltr'><strong>tale</strong></span> <span class='ocrx_word' id='word_1_896' title='bbox 3010 5307 3203 5376; x_wconf 75' lang='lat' dir='ltr'><strong>aliquid</strong></span> <span class='ocrx_word' id='word_1_897' title='bbox 3232 5323 3390 5362; x_wconf 88' lang='lat' dir='ltr'><strong>servo</strong></span> 
     </span>
    </p>
   </div>
   <div class='ocr_carea' id='block_1_116' title="bbox 1790 5400 3384 5469">
    <p class='ocr_par' dir='ltr' id='par_1_116' title="bbox 1790 5400 3384 5469">
     <span class='ocr_line' id='line_1_116' title="bbox 1790 5400 3384 5469; baseline 0 -16"><span class='ocrx_word' id='word_1_898' title='bbox 1790 5400 1940 5465; x_wconf 86' lang='lat' dir='ltr'><strong>dicit,</strong></span> <span class='ocrx_word' id='word_1_899' title='bbox 1969 5401 2206 5469; x_wconf 77' lang='lat' dir='ltr'><strong>dignatio</strong></span> <span class='ocrx_word' id='word_1_900' title='bbox 2235 5404 2407 5467; x_wconf 72' lang='lat' dir='ltr'><strong>potius</strong></span> <span class='ocrx_word' id='word_1_901' title='bbox 2435 5402 2536 5455; x_wconf 83' lang='lat' dir='ltr'><strong>dici</strong></span> <span class='ocrx_word' id='word_1_902' title='bbox 2567 5411 2759 5469; x_wconf 81' lang='lat' dir='ltr'><strong>potest.</strong></span> <span class='ocrx_word' id='word_1_903' title='bbox 2796 5401 2900 5465; x_wconf 75' lang='lat' dir='ltr'><strong>Ita,</strong></span> <span class='ocrx_word' id='word_1_904' title='bbox 2932 5402 3120 5469; x_wconf 85' lang='lat' dir='ltr'><strong>inquit,</strong></span> <span class='ocrx_word' id='word_1_905' title='bbox 3151 5400 3384 5453; x_wconf 86' lang='lat' dir='ltr'><strong>Domine.</strong></span> 
     </span>
    </p>
   </div>
   <div class='ocr_carea' id='block_1_117' title="bbox 1789 5492 3382 5560">
    <p class='ocr_par' dir='ltr' id='par_1_117' title="bbox 1789 5492 3382 5560">
     <span class='ocr_line' id='line_1_117' title="bbox 1789 5492 3382 5560; baseline -0.001 -16"><span class='ocrx_word' id='word_1_906' title='bbox 1789 5492 1926 5560; x_wconf 86' lang='lat' dir='ltr'><strong>Quid</strong></span> <span class='ocrx_word' id='word_1_907' title='bbox 1959 5505 2061 5555; x_wconf 77' lang='lat' dir='ltr'><strong>est,</strong></span> <span class='ocrx_word' id='word_1_908' title='bbox 2087 5492 2200 5545; x_wconf 76' lang='lat' dir='ltr'><strong>ita?</strong></span> <span class='ocrx_word' id='word_1_909' title='bbox 2236 5493 2428 5544; x_wconf 82' lang='lat' dir='ltr'><strong>Verum</strong></span> <span class='ocrx_word' id='word_1_910' title='bbox 2454 5493 2588 5545; x_wconf 86' lang='lat' dir='ltr'><strong>dicis</strong></span> <span class='ocrx_word' id='word_1_911' title='bbox 2613 5534 2627 5555; x_wconf 93' lang='lat'><strong>,</strong></span> <span class='ocrx_word' id='word_1_912' title='bbox 2659 5509 2877 5560; x_wconf 79' lang='lat' dir='ltr'><strong>prorsus</strong></span> <span class='ocrx_word' id='word_1_913' title='bbox 2907 5509 3087 5544; x_wconf 80' lang='lat' dir='ltr'><strong>verum</strong></span> <span class='ocrx_word' id='word_1_914' title='bbox 3105 5492 3241 5545; x_wconf 83' lang='lat' dir='ltr'><strong>dicis</strong></span> <span class='ocrx_word' id='word_1_915' title='bbox 3262 5507 3278 5555; x_wconf 85' lang='lat'><strong>;</strong></span> <span class='ocrx_word' id='word_1_916' title='bbox 3301 5505 3382 5545; x_wconf 58' lang='lat' dir='ltr'><strong>can</strong></span> 
     </span>
    </p>
   </div>
   <div class='ocr_carea' id='block_1_118' title="bbox 1791 5584 3390 5652">
    <p class='ocr_par' dir='ltr' id='par_1_118' title="bbox 1791 5584 3390 5652">
     <span class='ocr_line' id='line_1_118' title="bbox 1791 5584 3390 5652; baseline 0 -18"><span class='ocrx_word' id='word_1_917' title='bbox 1791 5584 1873 5636; x_wconf 89' lang='lat' dir='ltr'><strong>nis</strong></span> <span class='ocrx_word' id='word_1_918' title='bbox 1901 5599 1999 5652; x_wconf 78' lang='lat' dir='ltr'><strong>ego</strong></span> <span class='ocrx_word' id='word_1_919' title='bbox 2027 5599 2166 5638; x_wconf 90' lang='lat' dir='ltr'><strong>sum.</strong></span> <span class='ocrx_word' id='word_1_920' title='bbox 2195 5584 2301 5638; x_wconf 85' lang='lat' dir='ltr'><strong>Sed</strong></span> <span class='ocrx_word' id='word_1_921' title='bbox 2322 5594 2368 5636; x_wconf 75' lang='lat' dir='ltr'><strong>et</strong></span> <span class='ocrx_word' id='word_1_922' title='bbox 2399 5600 2570 5648; x_wconf 85' lang='lat' dir='ltr'><strong>canes,</strong></span> <span class='ocrx_word' id='word_1_923' title='bbox 2606 5584 2799 5652; x_wconf 85' lang='lat' dir='ltr'><strong>inquit,</strong></span> <span class='ocrx_word' id='word_1_924' title='bbox 2818 5585 2975 5637; x_wconf 74' lang='lat' dir='ltr'><strong>edunt</strong></span> <span class='ocrx_word' id='word_1_925' title='bbox 3004 5587 3065 5636; x_wconf 82' lang='lat' dir='ltr'><strong>de</strong></span> <span class='ocrx_word' id='word_1_926' title='bbox 3087 5585 3231 5635; x_wconf 82' lang='lat' dir='ltr'><strong>micis</strong></span> <span class='ocrx_word' id='word_1_927' title='bbox 3278 5597 3390 5651; x_wconf 72' lang='lat' dir='ltr'><strong>qua:</strong></span> 
     </span>
    </p>
   </div>
   <div class='ocr_carea' id='block_1_119' title="bbox 1789 5673 3388 5732">
    <p class='ocr_par' dir='ltr' id='par_1_119' title="bbox 1789 5673 3388 5732">
     <span class='ocr_line' id='line_1_119' title="bbox 1789 5673 3388 5732; baseline -0.002 -5"><span class='ocrx_word' id='word_1_928' title='bbox 1789 5676 1979 5728; x_wconf 83' lang='lat' dir='ltr'><strong>cadunt</strong></span> <span class='ocrx_word' id='word_1_929' title='bbox 2010 5677 2073 5729; x_wconf 86' lang='lat' dir='ltr'><strong>de</strong></span> <span class='ocrx_word' id='word_1_930' title='bbox 2102 5692 2276 5729; x_wconf 87' lang='lat' dir='ltr'><strong>mensa</strong></span> <span class='ocrx_word' id='word_1_931' title='bbox 2300 5676 2624 5732; x_wconf 84' lang='lat' dir='ltr'><strong>dominorum</strong></span> <span class='ocrx_word' id='word_1_932' title='bbox 2653 5692 2882 5728; x_wconf 87' lang='lat' dir='ltr'><strong>suorum.</strong></span> <span class='ocrx_word' id='word_1_933' title='bbox 2919 5675 2982 5727; x_wconf 75' lang='lat' dir='ltr'><strong>Et</strong></span> <span class='ocrx_word' id='word_1_934' title='bbox 3007 5674 3260 5729; x_wconf 88' lang='lat' dir='ltr'><strong>continuo</strong></span> <span class='ocrx_word' id='word_1_935' title='bbox 3289 5673 3388 5725; x_wconf 83' lang='lat' dir='ltr'><strong>D0-</strong></span> 
     </span>
    </p>
   </div>
   <div class='ocr_carea' id='block_1_120' title="bbox 1787 5760 3388 5837">
    <p class='ocr_par' dir='ltr' id='par_1_120' title="bbox 1787 5760 3388 5837">
     <span class='ocr_line' id='line_1_120' title="bbox 1787 5760 3388 5837; baseline -0.001 -17"><span class='ocrx_word' id='word_1_936' title='bbox 1787 5768 1964 5820; x_wconf 89' lang='lat' dir='ltr'><strong>minus</strong></span> <span class='ocrx_word' id='word_1_937' title='bbox 1990 5785 2002 5820; x_wconf 94' lang='lat'>:</span> <span class='ocrx_word' id='word_1_938' title='bbox 2037 5766 2082 5818; x_wconf 88' lang='lat'><em>0</em></span> <span class='ocrx_word' id='word_1_939' title='bbox 2103 5767 2306 5832; x_wconf 81' lang='lat' dir='ltr'><strong>mulier,</strong></span> <span class='ocrx_word' id='word_1_940' title='bbox 2323 5784 2513 5837; x_wconf 72' lang='lat' dir='ltr'><strong>magna</strong></span> <span class='ocrx_word' id='word_1_941' title='bbox 2542 5780 2614 5820; x_wconf 80' lang='lat' dir='ltr'><strong>est</strong></span> <span class='ocrx_word' id='word_1_942' title='bbox 2640 5767 2768 5834; x_wconf 79' lang='lat' dir='ltr'><strong>ﬁdes</strong></span> <span class='ocrx_word' id='word_1_943' title='bbox 2795 5776 2880 5818; x_wconf 83' lang='lat' dir='ltr'><strong>tua</strong></span> <span class='ocrx_word' id='word_1_944' title='bbox 2908 5763 3120 5833; x_wconf 73' lang='lat' dir='ltr'><strong>(Matth.</strong></span> <span class='ocrx_word' id='word_1_945' title='bbox 3152 5779 3219 5818; x_wconf 73' lang='lat' dir='ltr'><strong>xv</strong></span> <span class='ocrx_word' id='word_1_946' title='bbox 3243 5805 3259 5827; x_wconf 93' lang='lat'><strong>,</strong></span> <span class='ocrx_word' id='word_1_947' title='bbox 3288 5760 3388 5818; x_wconf 60' lang='lat'><strong>25-</strong></span> 
     </span>
    </p>
   </div>
   <div class='ocr_carea' id='block_1_121' title="bbox 1788 5855 3388 5925">
    <p class='ocr_par' dir='ltr' id='par_1_121' title="bbox 1788 5855 3388 5925">
     <span class='ocr_line' id='line_1_121' title="bbox 1788 5855 3388 5925; baseline -0.001 -14"><span class='ocrx_word' id='word_1_948' title='bbox 1788 5859 1881 5918; x_wconf 61' lang='lat'><strong>98)</strong></span> <span class='ocrx_word' id='word_1_949' title='bbox 1909 5860 1920 5912; x_wconf 68' lang='grc' dir='ltr'>ἶ</span> <span class='ocrx_word' id='word_1_950' title='bbox 1949 5858 2268 5914; x_wconf 81' lang='lat' dir='ltr'><strong>Jantdudum</strong></span> <span class='ocrx_word' id='word_1_951' title='bbox 2299 5859 2451 5914; x_wconf 76' lang='lat' dir='ltr'><strong>canis</strong></span> <span class='ocrx_word' id='word_1_952' title='bbox 2478 5902 2488 5924; x_wconf 94' lang='lat'><strong>,</strong></span> <span class='ocrx_word' id='word_1_953' title='bbox 2521 5859 2679 5913; x_wconf 85' lang='lat' dir='ltr'><strong>modo</strong></span> <span class='ocrx_word' id='word_1_954' title='bbox 2716 5859 2928 5913; x_wconf 79' lang='lat' dir='ltr'><strong>mulier.</strong></span> <span class='ocrx_word' id='word_1_955' title='bbox 2963 5855 3112 5913; x_wconf 79' lang='lat' dir='ltr'><strong>Unde</strong></span> <span class='ocrx_word' id='word_1_956' title='bbox 3136 5856 3246 5925; x_wconf 75' lang='lat' dir='ltr'><strong>jam</strong></span> <span class='ocrx_word' id='word_1_957' title='bbox 3269 5870 3388 5913; x_wconf 76' lang='lat' dir='ltr'><strong>mtt-</strong></span> 
     </span>
    </p>
   </div>
  </div>
