3968 6328
557 440 667 501 ⁸103

557 560 661 618 lier
706 573 827 631 quae
873 552 1034 630 paulo
1086 555 1210 607 ante
1243 545 1437 606 canis?
1471 538 1791 602 Conmendo
1841 535 2151 631 humili—ter.

556 667 665 709 non
702 628 1014 723 repellendo
1054 641 1199 718 quod
1250 657 1284 698 a
1323 638 1549 697 Domino
1589 636 1787 691 dictum
1821 640 1957 688 erat.
2010 628 2153 723 Ergo

555 718 958 804 Gentes-canes
982 782 998 806 ,
1030 748 1084 793 et
1113 734 1235 791 ideo
1281 730 1602 789 esurientes.
1638 726 1842 780 Bonum
1870 731 1954 777 est
1979 730 2034 775 et
2056 718 2150 774 .lu-

561 836 713 901 dacis,
744 843 802 890 ut
840 835 1133 903 agnoscant
1173 840 1232 883 se
1268 832 1612 895 peccatores;
1644 828 1700 876 et
1725 817 1850 872 licet
1890 816 1956 869 ad
1979 830 2149 881 cespe-

560 944 693 995 ram,
743 931 1139 985 convertantur;
1162 928 1209 972 et
1234 919 1424 988 {ainant
1446 912 1707 984 patiantur
1731 916 1785 962 ut
1811 923 1983 961 canes.
2017 904 2147 959 Nam

560 1019 705 1078 male
746 1026 1017 1073 saturatus
1053 1021 1169 1068 erat
1197 1010 1287 1066 ille
1313 1008 1406 1079 qui
1449 1004 1659 1062 dicebat
1698 1022 1713 1058 :
1753 1000 1947 1073 Jejuno
1987 999 2059 1053 bis
2094 1001 2152 1054 in

563 1112 790 1168 sabbato.
816 1109 909 1166 Ille
937 1115 1114 1161 autem
1146 1102 1461 1175 publicanus
1489 1098 1639 1154 canis
1667 1104 1801 1161 erat,
1835 1094 2028 1148 famem
2062 1106 2154 1160 pa-

568 1206 736 1266 tiens;
765 1208 820 1255 et
846 1198 969 1255 inde
1008 1193 1326 1251 beneﬁcium
1373 1185 1586 1246 Domini
1626 1184 1915 1246 esuriebat,
1945 1181 2035 1250 qui
2069 1179 2154 1235 di-

564 1292 743 1350 cebat:
764 1289 1026 1361 Propitius
1052 1296 1158 1342 esto
1175 1284 1299 1340 mihi
1322 1281 1577 1355 peccaturi
1596 1279 1745 1351 (Luc.
1766 1292 1917 1341 xvnt,
1940 1270 2149 1341 12,15),

562 1383 928 1439 Convertuntur
951 1394 1079 1449 ergo
1119 1387 1174 1434 et
1207 1375 1280 1431 illi
1318 1374 1387 1428 ad
1407 1387 1663 1442 vesperam
1697 1382 1724 1439 ἔκ
1753 1378 1799 1423 ct
1845 1366 2029 1437 [ainant
2063 1379 2155 1432 pa-

562 1476 756 1532 tiantur
779 1482 835 1529 ut
856 1490 1034 1529 canes.
1064 1468 1384 1526 Desiderent
1422 1462 1647 1538 gratiam
1687 1460 1819 1527 Dei,
1853 1457 2156 1527 intelligant

558 1583 625 1626 se
650 1577 957 1639 peceatores
998 1582 1012 1620 ε
1059 1564 1228 1619 fortes
1278 1559 1354 1616 illi
1401 1560 1530 1613 flant
1570 1553 1765 1611 inﬁrmi
1791 1593 1807 1619 ,
1840 1551 2034 1607 divites
2078 1546 2156 1604 illi

558 1660 694 1717 ilant
716 1671 998 1730 pauperes,
1022 1655 1149 1727 juSti
1177 1650 1252 1709 illi
1276 1658 1570 1721 agnoscant
1596 1663 1655 1702 se
1676 1653 2011 1716 peccatores,
2043 1641 2156 1695 leo-

564 1767 663 1809 nes
689 1750 766 1808 illi
786 1764 950 1806 canes
990 1747 1141 1803 ﬁant.
1173 1743 1542 1804 Convertuntur
1582 1740 1652 1794 ad
1682 1752 1948 1807 vesperam
1969 1751 1985 1798 ;
2010 1743 2058 1789 et
2083 1736 2162 1804 fa-

567 1862 700 1902 ntem
754 1845 1016 1917 patiantur
1070 1849 1125 1895 ut
1146 1855 1331 1900 canes,
1372 1846 1420 1890 et
1484 1832 1817 1888 circumibunt
1882 1828 2156 1892 civitatem,

569 1937 742 2008 Quam
768 1932 1081 1991 civitatem?
1107 1929 1359 1986 Mundam
1388 1929 1545 1983 istum
1581 1967 1597 1994 ,
1626 1940 1784 1996 quem
1837 1920 2157 1993 quibusdam

570 2030 706 2087 locis
739 2036 896 2083 vocat
917 2025 1190 2095 Scriptura
1229 2022 1499 2078 civitatem
1525 2017 1942 2073 circumstantiae
1979 2012 2155 2084 (Psal.

569 2138 701 2188 xxx,
727 2118 821 2184 22,
850 2134 958 2182 ιιι.
991 2117 1074 2182 ll,
1106 2124 1154 2171 et
1178 2128 1304 2180 cvn,
1328 2113 1419 2179 11,
1441 2128 1543 2165 sec.
1570 2108 1734 2180 LXX)
1770 2127 1783 2162 :
1808 2107 1861 2163 id
1888 2116 2005 2170 est,
2038 2104 2160 2175 quia

573 2214 629 2271 in
657 2212 910 2271 omnibus
951 2210 1199 2282 gentibus
1225 2205 1462 2276 undique
1487 2200 1904 2260 circumfuderat
1930 2197 2163 2252 mundus

572 2320 734 2361 unam
783 2312 997 2375 gentem
1036 2298 1380 2361 Iudaeorum,
1408 2294 1495 2350 ubi
1529 2294 1652 2349 talia
1696 2290 2012 2347 dicebantur
2036 2288 2078 2353 ι,
2109 2297 2165 2343 ει

571 2395 942 2466 appellabatur
997 2391 1186 2447 civitas
1223 2386 1659 2445 circumstantiae.
1694 2384 1854 2439 Istam
1892 2381 2164 2439 civitatem

571 2486 930 2543 circumibunt
954 2483 1028 2539 illi
1057 2484 1168 2555 jam
1189 2496 1351 2537 canes
1380 2479 1498 2535 facti
1546 2477 1862 2533 esurientes.
1886 2472 2165 2543 Quomodo

574 2574 969 2635 circumibunt?
1014 2570 1463 2645 Evangelizando.
1513 2568 1708 2626 Saulus
1750 2582 1817 2623 ex
1856 2568 1983 2635 lupo
2017 2568 2167 2619 canis

578 2670 753 2726 factus
777 2678 860 2724 est
892 2668 959 2733 ad
988 2682 1289 2737 vesperam,
1323 2664 1375 2719 id
1406 2670 1488 2718 est
1507 2704 1523 2727 ,
1574 2677 1702 2716 sero
1740 2673 2064 2721 conversus,
2095 2656 2166 2713 de

578 2761 735 2817 micis
758 2759 960 2816 domini
985 2757 1066 2815 sui
1092 2759 1143 2813 in
1172 2756 1342 2829 gratia
1371 2755 1487 2827 ejus
1528 2752 1765 2810 cucurrit
1789 2794 1805 2819 ,
1835 2759 1892 2807 et
1934 2751 2172 2806 circum-

581 2852 678 2908 ivit
703 2851 997 2907 civitatem.

650 2942 738 2998 16.
768 2940 922 3014 [vers.
949 2925 1194 3013 8.]Ἐεεε
1220 2938 1321 3010 ipsi
1350 2938 1612 3007 loquentur
1635 2938 1688 2991 in
1716 2952 1803 2990 ore
1835 2952 1949 2994 suo.
1978 2944 2026 2989 et
2048 2933 2169 3005 gla-

579 3034 697 3089 dius
731 3033 784 3088 in
822 3031 968 3086 labiis
1003 3047 1197 3085 eorum.
1220 3029 1337 3085 .lam
1369 3029 1459 3084 ille
1498 3027 1705 3098 gladius
1752 3027 1835 3082 bis
1863 3035 2075 3091 acutus,
2100 3024 2169 3079 de

578 3140 688 3196 quo
729 3122 1014 3193 Apostolus
1050 3122 1178 3178 dicit
1214 3138 1229 3175 :
1264 3119 1332 3175 Et
1368 3119 1598 3192 gladium
1639 3119 1884 3189 spiritus,
1912 3117 2051 3188 quod
2096 3125 2170 3172 est

577 3214 781 3270 uerbum
807 3211 902 3267 Dei
931 3211 1147 3286 (Ephes.
1168 3228 1242 3277 vn,
1266 3211 1381 3281 17).
1405 3210 1583 3280 Quare
1610 3209 1689 3264 bis
1719 3208 1946 3263 acutus?
1966 3207 2172 3276 Quare,

576 3306 835 3378 nisiquia
877 3322 944 3362 ex
984 3313 1212 3376 utroque
1250 3290 1604 3361 Testamento.
1628 3299 1868 3358 feriens?
1900 3301 2012 3356 Hoc
2060 3300 2174 3371 gla-

576 3401 669 3459 dio
692 3400 1080 3466 mactabantur,
1111 3398 1179 3455 de
1204 3397 1401 3465 quibus
1425 3395 1703 3452 dicebatur
1737 3394 1897 3449 Petro
1925 3411 1939 3448 :
1973 3391 2171 3460 Macta,

577 3493 908 3553 ct‘manduca
953 3492 1093 3564 (Act.
1120 3508 1176 3560 ι,
1202 3490 1315 3560 1'5).
1348 3490 1415 3544 Et
1445 3488 1652 3561 gladius
1689 3488 1743 3542 in
1768 3486 1916 3541 labiis
1954 3502 2130 3540 eorum
2151 3498 2173 3541 :

578 3582 818 3658 quoniam
838 3585 950 3655 quis
986 3583 1218 3637 audivit?
1244 3581 1556 3652 Loquentur
1582 3580 1638 3634 in
1656 3594 1751 3633 ore
1769 3594 1868 3633 suo
1892 3596 1908 3633 :
1935 3576 2060 3646 Quis
2079 3593 2175 3630 au-

579 3676 747 3733 diuit?
786 3675 839 3731 id
875 3670 988 3740 est,
1019 3672 1501 3729 stomachabuntur
1558 3669 1819 3724 adversus
1875 3668 2056 3738 pigros
2103 3666 2171 3722 ad

580 3768 765 3826 iidem.
793 3766 897 3837 Qui
917 3768 1076 3838 paulo
1102 3774 1229 3819 ante
1267 3772 1322 3819 et
1360 3762 1460 3832 ipsi
1500 3762 1724 3817 credere
1758 3760 2043 3821 nolebant,
2075 3758 2211 3838 tae-ﬁ

582 3861 731 3918 dium
758 3860 827 3915 de
849 3874 954 3914 non
981 3857 1321 3913 credentibus
1350 3856 1645 3927 patiuntur.
1672 3854 1738 3908 Et
1765 3868 1893 3907 vere
1913 3894 1929 3917 ,
1954 3850 2169 3917 fratres,

583 3952 864 4022 contingit.
898 3949 1059 4004 Vides
1080 3934 1352 4003 hominem
1384 3947 1591 4017 pigrum
1618 3953 1905 4014 antequam
1936 3944 2006 3998 sit
2033 3942 2178 3998 chri-

585 4045 821 4109 stianus;
844 4042 1043 4097 clamas
1077 4040 1144 4096 ad
1187 4041 1339 4095 illum
1371 4038 1615 4110 quotidie
1635 4077 1651 4100 ,
1679 4037 1769 4091 vix
1802 4036 2129 4092 cenvertitur
2157 4052 2175 4091 :

582 4145 930 4194 convertatur
950 4175 969 4203 ,
998 4146 1054 4190 et
1082 4134 1195 4205 jam
1220 4132 1335 4188 vult
1381 4146 1571 4187 omnes
1599 4145 1724 4187 esse
1743 4128 2060 4184 christianos
2078 4170 2093 4195 ,
2123 4138 2179 4183 et

583 4230 811 4288 miratur
833 4228 959 4301 quia
981 4227 1218 4283 nondum
1259 4232 1405 4281 sunt.
1450 4223 1672 4279 Excidit
1710 4222 1784 4278 illi
1817 4221 1959 4293 quod
1986 4219 2052 4276 ad
2081 4236 2178 4276 νε-
2205 4242 2207 4245 ί

584 4337 799 4394 sperum
843 4337 1138 4379 conversus
1164 4327 1249 4375 est
1284 4337 1298 4374 :
1342 4318 1437 4374 sed
1463 4318 1589 4388 quia
1628 4313 1802 4371 factus
1827 4323 1910 4370 est
1933 4314 2178 4370 esuriens

590 4416 732 4470 sicut
750 4414 921 4480 canis,
944 4412 1107 4467 habet
1134 4412 1293 4467 etiam
1327 4409 1380 4464 in
1399 4408 1555 4464 labiis
1585 4407 1850 4479 gladium;
1878 4402 2030 4459 dicit:
2051 4405 2178 4472 Quis

585 4505 969 4574 audiuit1’Quid
998 4514 1107 4571 est,
1142 4503 1269 4571 Quis
1334 4502 1571 4557 audiuit?
1596 4501 1729 4569 Quis
1768 4498 1999 4555 credidit
2021 4498 2177 4554 audi-

586 4600 663 4657 tni
714 4608 920 4661 nostro,
972 4605 1028 4652 et
1057 4594 1337 4652 brachium
1383 4591 1595 4648 Domini
1637 4591 1723 4645 cui
1775 4591 2066 4644 revelatum
2096 4596 2180 4644 est

590 4692 747 4766 (Isai.
786 4708 875 4748 LIII
896 4732 910 4753 .
944 4691 1042 4760 1)?
1093 4688 1349 4754 Quoniam
1383 4687 1495 4756 quis
1534 4684 1767 4739 audivit?
1801 4681 1916 4737 Non
1948 4684 2179 4739 credunt

586 4786 758 4844 1υὰτεὶ
792 4782 1077 4840 :conversi
1104 4788 1230 4835 sunt
1270 4778 1340 4835 ad
1378 4777 1578 4834 Gentes
1618 4785 1673 4832 et
1700 4776 2171 4831 annuntiaverunt.

588 4876 764 4936 Judaei
798 4891 905 4931 non
952 4873 1246 4930 credebant
1290 4889 1304 4925 :
1333 4879 1389 4925 et
1417 4880 1728 4938 tamen,per
1753 4866 2038 4922 credentes
2076 4864 2175 4921 Ju-

589 4971 738 5025 tlzeos
759 4964 1108 5036 Evangelium
1132 4961 1451 5018 circumibat
1475 4959 1744 5015 civitatem
1769 4999 1786 5025 ,
1810 4966 1866 5014 et
1883 4957 2131 5013 dicebant
2159 4998 2176 5024 ,

592 5062 846 5133 Quoniam
879 5061 992 5130 quis
1018 5058 1209 5111 audivit
1225 5056 1251 5109 γ
1272 5044 1275 5048 ’

659 5157 749 5211 17.
782 5153 935 5227 [vers.
958 5149 1039 5223 9.]
1062 5149 1125 5204 Et
1154 5159 1229 5212 tu,
1260 5147 1498 5212 Domine,
1528 5144 1776 5199 deridebis
1815 5160 1917 5198 eos.
1950 5140 2074 5208 Quis
2094 5159 2181 5195 au-

586 5248 712 5302 divit
735 5246 760 5301 ?
783 5243 984 5300 Omnes
1022 5250 1209 5311 gentes
1236 5238 1543 5294 christiana:
1589 5238 1780 5289 futura:
1819 5242 1984 5299 sunt,
2007 5244 2059 5288 et
2084 5247 2181 5287 vos

584 5341 786 5403 dicitis,
818 5337 942 5405 Quis
980 5334 1208 5389 audivit?
1233 5330 1369 5399 Quid
1392 5340 1503 5393 est,
1532 5327 1782 5382 deridebis
1823 5327 1946 5380 eos?
1973 5326 2079 5379 Pro
2110 5326 2185 5377 ni-

589 5432 696 5487 hilo
742 5428 944 5483 hubebis
988 5443 1160 5481 omnes
1201 5432 1372 5495 gentes
1401 5437 1420 5474 :
1451 5420 1583 5474 nihil
1630 5428 1755 5473 ante
1796 5427 1847 5471 te
1881 5418 2019 5479 erit;
2057 5416 2181 5486 quia

589 5521 900 5578 facillimum
925 5518 1029 5573 erit
1058 5526 1114 5569 ut
1140 5514 1361 5570 credant
1387 5527 1441 5566 ιη
1463 5520 1514 5564 ιε
1542 5524 1734 5564 omnes
1754 5514 1963 5578 gentes.

669 5612 759 5668 18.
782 5609 937 5684 [νει-ε.
972 5606 1087 5680 10.]
1116 5604 1488 5660 Fortitudinem
1516 5618 1680 5655 meum
1704 5601 1775 5653 ad
1799 5612 1848 5654 te
1876 5600 2178 5654 custodiam.

593 5706 673 5761 ltli
716 5704 858 5760 enim
904 5701 1070 5756 fortes
1120 5698 1242 5753 ideo
1290 5696 1621 5758 ceciderunt,
1665 5695 1784 5763 quia
1815 5690 2205 5747 fortitudinem

587 5814 739 5857 suam
764 5798 832 5851 ad
860 5806 910 5850 te
936 5809 1042 5849 non
1065 5792 1432 5847 custodierunt
1464 5806 1476 5842 :
1510 5788 1558 5841 id
1582 5797 1686 5848 est,
1717 5786 1789 5845 illi
1817 5787 1904 5857 qui
1948 5798 2182 5855 superne

653 5917 673 5949 ⁸
708 5914 841 5972 £dd.,
868 5907 1167 5975 gerebantur.
1200 5912 1411 5961 stolas,
1436 5900 1714 5953 dicebantur

1834 418 1892 477 S.
1938 410 2297 473 AUCUSTINI
2340 413 2644 472 EPISCOPi

3756 411 3859 469 706

2259 528 2664 584 insurrexerunt
2689 538 2741 583 et
2759 528 3049 587 irruerunt.
3065 528 3204 583 dese
3235 538 3716 600 prrsumpserunt.
3739 529 3847 600 Ego

2258 632 2434 677 autem
2458 622 2806 692 fortitudinem
2833 641 2995 680 meam
3024 626 3092 679 ad
3121 635 3168 679 te
3191 626 3472 679 custodiam
3497 641 3519 679 :
3549 627 3676 696 quia
3697 625 3743 679 si
3776 640 3855 679 τεο

2256 717 2414 782 cedo,
2441 719 2611 784 cado;
2640 718 2684 773 si
2715 718 2933 785 accedo,
2966 720 3154 776 fortior
3198 720 3285 774 llo.
3326 720 3521 775 Videte
3549 722 3696 775 enim
3726 720 3849 790 quid

2258 822 2361 875 est,
2408 812 2637 879 fratres,
2694 812 2745 867 in
2786 814 2963 868 anima
3004 813 3255 869 humana.
3308 812 3423 869 Non
3470 813 3639 870 habet
3675 828 3744 869 ex
3792 826 3845 866 se

2261 903 2464 970 lumen,
2513 921 2618 959 non
2648 906 2808 961 habet
2852 922 2916 961 ex
2969 921 3030 963 se
3054 904 3198 963 iires
3225 923 3241 954 τ
3280 915 3449 962 totum
3498 916 3683 961 autem
3712 905 3851 977 quod

2264 998 2545 1065 pulchrum
2570 998 2724 1053 estin
2754 1000 2931 1052 anima
2960 1039 2977 1066 ,
3008 999 3179 1054 virtus
3224 1006 3280 1055 et
3311 998 3572 1068 sapientia
3610 1008 3696 1054 est
3720 1014 3737 1061 ;
3763 998 3852 1051 sed

2264 1106 2364 1147 nec
2391 1091 2531 1160 sapit
2556 1090 2692 1155 sibi,
2716 1105 2818 1145 nec
2856 1091 3000 1147 valet
3040 1090 3161 1159 sibi,
3209 1106 3310 1147 nec
3349 1091 3460 1161 ipsa
3492 1091 3593 1146 sibi
3628 1090 3720 1144 lux
3751 1103 3849 1156 est,

2264 1197 2365 1237 nec
2393 1182 2506 1251 ipsa
2533 1179 2633 1236 sibi
2678 1182 2847 1236 virtus
2882 1190 2982 1237 est.
3011 1181 3108 1237 Est
3143 1182 3387 1255 quoniam
3428 1181 3582 1253 origo
3633 1180 3855 1251 fonsqne

2262 1271 2495 1338 virtutis,
2523 1281 2607 1326 est
2628 1271 2870 1342 quadam
2903 1271 3052 1326 radix
3083 1270 3375 1342 sapientiae,
3408 1281 3490 1327 est
3511 1270 3785 1342 qtuedam,
3805 1277 3857 1324 ut

2264 1364 2336 1419 ita
2363 1363 2560 1430 dicam,
2593 1365 2635 1418 si
2667 1373 2722 1419 et
2752 1363 2853 1417 hoc
2873 1363 3157 1418 dicendum
3188 1370 3291 1428 est,
3318 1362 3465 1433 regio
3508 1362 3839 1417 incommuta

2264 1454 2389 1511 bilis
2415 1456 2701 1512 veritatis:
2731 1455 2799 1509 ab
2841 1455 2939 1510 hac
2984 1455 3158 1510 anima
3215 1454 3473 1510 recedens
3522 1454 3852 1521 tenebratur,

2264 1546 2528 1601 accedens
2554 1546 2899 1601 illuminatur.
2927 1546 3181 1602 Accedite
3209 1545 3275 1601 ad
3303 1561 3457 1613 eum,
3487 1553 3544 1601 et
3583 1544 3856 1601 illumina-

2250 1638 2394 1693 ~mini
2426 1637 2594 1710 (Psal.
2626 1653 2811 1704 sunt,
2840 1638 2932 1707 6);
2955 1637 3079 1709 quia
3126 1637 3427 1693 recedendo
3478 1636 3856 1724 tenebramini.

2268 1728 2409 1798 Ergo
2432 1729 2782 1799 fortitudinem
2802 1745 2964 1782 meam
2985 1728 3053 1782 ad
3080 1738 3128 1783 te
3151 1728 3433 1782 custodiam
3460 1742 3609 1782 :non
3638 1741 3672 1780 a
3704 1735 3757 1781 te
3782 1742 3862 1781 re-

2267 1822 2477 1889 cedam,
2510 1837 2616 1876 non
2647 1822 2715 1877 de
2759 1837 2845 1876 me
2876 1837 3221 1892 praesumam.
3260 1818 3637 1875 Fortitudinem
3702 1835 3860 1872 meum

2268 1916 2337 1969 ad
2363 1926 2409 1970 te
2446 1918 2747 1979 custodiam,
2797 1918 2918 1988 quia
2955 1915 3094 1971 Deus
3141 1925 3400 1985 susceptor
3445 1932 3592 1970 meus
3638 1931 3715 1970 es.
3766 1914 3859 1970 Ubi

2268 2008 2412 2061 enim
2441 2022 2608 2071 eram,
2647 2017 2701 2061 et
2728 2008 2814 2062 ubi
2844 2008 3008 2062 sum?
3049 2006 3190 2062 unde
3243 2023 3327 2062 me
3380 2007 3667 2077 suscepisti
3688 2012 3863 2077 Yquas

2270 2099 2574 2170 iniquitates
2604 2114 2749 2154 meas
2769 2099 3157 2154 dimisistiiubi
3176 2098 3466 2169 jacebam?
3494 2113 3602 2169 quo
3650 2108 3862 2152 erectus

2270 2192 2429 2247 sum?
2481 2192 2623 2263 Ergo
2668 2194 2781 2248 haec
2834 2189 3145 2248 meininisse
3199 2193 3369 2248 debeo
3399 2191 3583 2262 :quod
3615 2192 3631 2223 ¹
3668 2191 3723 2246 in
3764 2192 3865 2245 alio

2271 2284 2476 2353 psalmo
2501 2284 2716 2338 dicitur.
2750 2283 3003 2349 Quoniam
3031 2294 3174 2355 pater
3199 2300 3338 2337 meus
3365 2297 3415 2338 ct
3438 2293 3602 2336 mater
3644 2299 3765 2337 mea
3791 2284 3864 2336 de-

2271 2374 2582 2444 reliquerunt
2620 2392 2734 2439 me;
2777 2374 3026 2429 Dominus
3063 2384 3230 2429 autem
3279 2376 3558 2442 assumpsit
3589 2392 3671 2429 me
3692 2372 3865 2443 (Psal.

2272 2481 2416 2529 XXVI,
2448 2465 2514 2521 10
2562 2466 2587 2520 ?
2618 2464 2992 2521 Fortitudinem
3019 2483 3182 2522 nteant
3235 2466 3303 2520 ad
3330 2477 3377 2521 te
3413 2466 3723 2532 custodiam,
3751 2468 3868 2537 quia

2273 2555 2412 2611 Deus
2425 2564 2682 2626 susceptor
2709 2574 2847 2612 meus
2870 2575 2942 2613 ss.

2347 2648 2434 2704 19.
2463 2648 2613 2722 [υεη.
2650 2648 2761 2722 11.]
2795 2649 2932 2704 Deus
2960 2666 3118 2715 meus,
3155 2647 3499 2705 misericordia
3529 2651 3641 2720 ejus
3672 2665 3869 2718 prtere-

2274 2742 2377 2797 niet
2399 2758 2497 2796 me.
2530 2741 2671 2798 Ecce
2698 2742 2827 2813 quid
2853 2749 2956 2809 εει,
2986 2741 3357 2797 Fortitudinem
3398 2758 3559 2796 meum
3601 2742 3672 2795 ad
3708 2752 3759 2795 te
3780 2758 3869 2795 cu-

2274 2833 2493 2889 stadium
2514 2851 2534 2889 :
2563 2834 2631 2890 de
2656 2851 2743 2890 me
2767 2835 2991 2891 omnino
3018 2834 3150 2889 nihil
3179 2850 3520 2906 praesumam.
3558 2832 3701 2900 Quid
3728 2834 3870 2888 enim

2273 2924 2428 2981 attuli
2458 2924 2605 2995 boni,
2626 2936 2686 2981 ut
2705 2927 2809 2984 mei
2840 2927 3171 2983 miserereris
3191 2936 3245 2981 et
3269 2924 3718 2992 mejustilieares?
3734 2923 3871 2993 Quid

2276 3015 2329 3071 iu
2362 3030 2449 3072 me
2476 3016 2745 3084 invenisti,
2777 3018 2879 3072 nisi
2904 3017 3019 3073 sola
3061 3016 3321 3087 peccata?
3348 3015 3521 3072 Tuum
3546 3015 3680 3070 nihil
3725 3014 3871 3069 aliud

2278 3111 2378 3165 nisi
2405 3119 2590 3166 natura
2612 3126 2770 3182 quam
2791 3112 2985 3167 creasti
3019 3128 3034 3165 :
3060 3119 3276 3178 caetera,
3322 3109 3459 3164 mala
3483 3122 3602 3163 mea
3629 3122 3752 3178 quae
3778 3107 3873 3163 de-

2278 3202 2472 3258 levisti.
2504 3203 2619 3259 Non
2647 3219 2748 3275 ego
2796 3200 2945 3274 prior
2971 3203 3038 3259 ad
3067 3212 3121 3259 te
3146 3202 3446 3265 exsurrexi,
3476 3200 3570 3256 sed
3594 3211 3649 3255 tu
3679 3199 3749 3255 ad
3784 3216 3873 3255 me

2276 3294 2617 3351 excitandum
2644 3295 2869 3362 venisti;
2920 3311 3044 3350 nam
3074 3294 3417 3350 misericordia
3455 3293 3566 3365 ejus
3595 3294 3868 3365 preueniet

2276 3400 2376 3440 me.
2407 3386 2705 3458 Antequam
2741 3386 2940 3457 aliquid
2985 3386 3109 3441 boni
3143 3399 3245 3456 ego
3267 3383 3478 3450 faciam,
3518 3382 3870 3437 misericordia

2242 3538 2245 3541 .
2278 3476 2391 3547 eius
2410 3478 2675 3547 prwvenict
2704 3494 2799 3532 me.
2830 3476 2968 3545 Quid
3009 3476 3099 3533 hic
3126 3475 3469 3548 respondebit
3507 3473 3688 3530 infelix
3713 3474 3871 3529 Pela-

2278 3570 2431 3640 gius?

2347 3664 2441 3720 20.
2468 3661 2618 3737 [υεη.
2657 3662 2864 3737 12-14.]
2898 3663 3036 3718 Deus
3077 3679 3218 3718 meus
3251 3662 3610 3718 demonstrauit
3647 3659 3777 3714 mihi
3818 3660 3872 3714 in

2279 3758 2497 3813 inimicis
2518 3757 2658 3812 meis.
2684 3756 2821 3826 Quid
2845 3756 2962 3813 ait?
2993 3755 3257 3825 Quantam
3287 3755 3428 3810 circa
3455 3768 3542 3809 me
3568 3751 3873 3809 exhibuerit

2280 3847 2726 3914 misericordiam,
2780 3847 2832 3902 in
2880 3847 3108 3902 inimicis
3145 3846 3280 3901 meis
3305 3844 3431 3900 mihi
3462 3843 3869 3898 demonstravit.

2281 3942 2503 3998 Relictis
2536 3950 2811 4012 comparet
2856 3955 2914 3995 se
2938 3939 3213 4002 collectus,
3252 3946 3307 3991 ει
3351 3936 3579 4007 repulsis
3622 3935 3869 3989 electus:

2282 4043 2557 4105 comparet
2601 4048 2661 4089 se
2701 4033 2844 4088 vasis
2889 4032 2984 4087 ira:
3033 4046 3125 4085 ras
3154 4028 3564 4093 misericordizn;
3594 4037 3652 4083 et
3695 4027 3873 4082 videat

2281 4127 2405 4200 quia
2435 4143 2499 4183 ex
2527 4142 2632 4181 una
2665 4140 2840 4181 massa
2879 4124 3004 4181 iecit
3033 4125 3173 4179 Deus
3213 4122 3358 4177 aliud
3398 4138 3485 4177 vas
3525 4121 3579 4175 in
3610 4122 3871 4185 honorent,

2282 4219 2427 4275 aliud
2455 4220 2507 4274 in
2531 4218 2908 4274 contumeliam.
2948 4214 3085 4285 Quid
3123 4224 3226 4280 est,
3274 4213 3632 4267 demonstravit
3670 4212 3798 4266 mild
3823 4213 3873 4263 in

2282 4313 2501 4367 inimicis
2540 4312 2710 4365 meis?
2753 4309 2817 4366 Si
2842 4308 2975 4364 enim
3002 4306 3144 4362 Deus
3173 4307 3339 4360 volens
3366 4304 3627 4359 ostendere
3650 4304 3805 4372 iram,
3831 4311 3875 4372 et

2283 4405 2628 4460 demonstrare
2660 4401 2931 4473 potentiam
2960 4417 3125 4464 suam,
3149 4396 3314 4451 attulit
3341 4400 3394 4450 in
3434 4396 3593 4450 multa
3634 4396 3876 4465 patientia

2282 4512 2403 4551 uasa
2424 4497 2536 4562 ἤτω,
2567 4510 2681 4561 qua:
2701 4496 2920 4565 perfecta
2948 4500 3067 4546 sunt
3099 4490 3154 4543 in
3183 4487 3534 4558 perditionem,
3574 4496 3631 4540 ει
3658 4492 3876 4557 propter

2283 4588 2413 4657 quid
2441 4586 2545 4641 hoc
2561 4585 2587 4639 τ
2615 4583 2682 4640 Ut
2712 4594 2856 4638 notas
2877 4586 3061 4653 faceret
3088 4579 3292 4633 divitias
3312 4594 3428 4632 suas
3462 4577 3515 4630 in
3535 4592 3659 4629 uasa
3680 4575 3876 4631 miseri-

2283 4680 2473 4736 cordia:
2511 4678 2685 4749 (Rom.
2718 4690 2796 4741 Ix,
2816 4672 3006 4742 2125)
3042 4690 3055 4726 :
3087 4671 3131 4726 si
3162 4685 3289 4740 ergo
3311 4682 3436 4722 vasa
3465 4667 3559 4721 ira:
3594 4666 3800 4731 attulit,
3824 4667 3875 4719 in

2285 4772 2477 4844 quibus
2499 4779 2655 4825 notas
2685 4767 2886 4823 faceret
2913 4765 3128 4820 divitias
3165 4776 3291 4818 suas
3320 4762 3373 4815 in
3406 4774 3526 4814 vasa
3561 4758 3876 4813 misericor-

2285 4864 2408 4927 dizn,
2437 4860 2732 4917 rectissime
2761 4860 2959 4913 dictutn
2978 4865 3080 4922 est,
3106 4852 3455 4908 Misericordia
3478 4852 3591 4921 ejus
3607 4850 3880 4919 prteveniet

2287 4971 2385 5011 me.
2420 4952 2558 5008 Deus
2583 4967 2721 5006 meus
2746 4949 3101 5004 demonstrauit
3134 4945 3258 4999 mihi
3287 4945 3338 4996 in
3374 4941 3591 4996 inimicis
3620 4942 3750 4994 meis
3779 4957 3797 4995 :
3832 4940 3879 4994 id

2182 5105 2187 5110 ,
2287 5056 2390 5111 εει,
2421 5055 2671 5117 quantam
2701 5044 2842 5099 circa
2873 5057 2959 5097 me
2988 5040 3171 5094 habuit
3214 5035 3664 5095 misericordiam;
3686 5036 3741 5090 in
3784 5036 3883 5090 illis

2290 5139 2419 5194 mihi
2469 5137 2858 5193 demonstravit
2887 5134 3027 5189 circa
3055 5145 3189 5201 quos
3234 5145 3337 5183 non
3365 5126 3569 5181 habuit.
3595 5124 3713 5180 Nisi
3741 5128 3879 5180 enim

2288 5230 2498 5285 debitor
2529 5226 2906 5296 suspendatur,
2940 5224 3113 5277 minus
3153 5220 3261 5290 agit
3300 5219 3499 5289 gratias
3526 5220 3612 5271 cui
3644 5216 3878 5272 debitum

2290 5321 2579 5377 relaxatur.
2626 5317 2763 5371 Deus
2809 5332 2949 5370 meus
3001 5312 3357 5369 dentonstruvit
3400 5310 3521 5364 miln
3569 5309 3624 5363 in
3666 5308 3880 5362 inimicis

2292 5414 2434 5467 meis.

2360 5507 2454 5561 21.
2487 5506 2558 5560 De
2585 5504 2715 5574 ipsis
2739 5512 2915 5557 autem
2948 5499 3177 5560 inimicis
3209 5496 3369 5568 quid?
3400 5493 3480 5548 Ne
3496 5492 3744 5546 occideris
3779 5508 3877 5554 eos,

2292 5598 2557 5666 nequando
2582 5584 2941 5651 obliviscantur
2968 5592 3092 5664 legis
3133 5602 3251 5646 tute.
3302 5590 3461 5659 Rogat
3515 5601 3613 5656 pro
3658 5585 3882 5639 inimicis

2292 5694 2426 5761 suis,
2456 5692 2643 5762 implet
2667 5698 3015 5761 praeceptum.
3045 5684 3181 5754 Quid
3227 5692 3309 5737 est
3328 5696 3342 5733 :
3360 5679 3443 5734 Nc
3468 5680 3757 5735 miserearis
3774 5693 3880 5739 ont-

2312 5825 2483 5940 mzdsic
2505 5825 2720 5885 potiores
2742 5832 2845 5874 stes.
2871 5828 2925 5871 At
2947 5821 3079 5872 ωάά
3095 5829 3216 5885 Ergo
3236 5817 3324 5869 hoc
3340 5812 3610 5867 meminisse
3633 5825 3729 5861 non
3747 5812 3860 5862 delt:

2428 5922 2441 5940 .
2468 5897 2562 5937 etc.

2298 5897 2441 5948 ctum,
2468 5897 2562 5937 etc.
