3968 6338
155 299 261 362 705

153 433 298 472 mum
325 418 414 489 qui
447 432 721 490 operantur
759 427 1104 500 iniquitatem;
1140 444 1209 498 et,
1249 436 1333 493 Ne
1373 443 1616 498 occideris
1645 462 1750 514 eos,

150 513 422 579 nequando
449 515 806 573 obliviscantur
831 523 955 593 legis
981 529 1120 581 tute?
1148 529 1427 596 Quomodo
1453 550 1559 590 non
1587 538 1752 594 mise-

149 611 304 656 retur
323 606 561 662 omnium
588 611 675 679 qui
693 625 998 680 operantur
1025 619 1377 690 iniquitatem,
1406 636 1460 681 et
1480 631 1749 697 quomodo

150 707 260 745 non
321 696 518 751 occidit
557 714 652 754 eos
691 717 759 757 ne
784 703 1168 764 obliviscantur
1208 712 1338 783 legis
1366 717 1504 800 tuae?
1531 716 1636 774 Sed
1665 720 1750 776 hic

148 782 216 837 de
243 786 477 844 inimicis
503 793 615 847 suis
655 794 807 850 dixit.
837 797 972 865 Quid
1013 803 1174 871 ergo?
1217 791 1416 863 Inimici
1442 810 1559 880 ejus
1584 815 1749 884 requi-

145 886 311 932 tatem
356 886 684 949 operantur?
724 886 778 942 Si
826 890 914 960 qui
959 893 1006 945 ei
1054 893 1396 965 inimicantur
1438 904 1743 972 aequitatem

143 980 476 1038 operantur;
501 990 628 1047 ergo
656 978 768 1047 ipse
808 981 1137 1052 iniquitatem
1167 1001 1438 1055 operatur.
1470 993 1576 1048 Sed
1619 998 1742 1068 quia

138 1059 258 1128 ipse
290 1066 595 1133 :equitatcm
637 1081 908 1139 aperatur,
952 1090 1113 1144 porro
1139 1081 1226 1149 qui
1275 1085 1577 1153 aequitatem
1607 1104 1738 1159 ope-

143 1161 311 1217 ratur,
344 1154 585 1224 profecto
611 1159 938 1230 iniquitatem
965 1166 1032 1221 ab
1052 1168 1280 1225 inimicis
1311 1173 1542 1242 patitur;
1573 1191 1739 1237 restat

139 1251 197 1296 ut
219 1247 309 1313 qui
327 1247 474 1314 justo
501 1250 860 1319 inimicontur,
891 1256 1219 1327 iniquitatem
1244 1275 1550 1332 operentur.
1582 1269 1738 1329 Unde

135 1351 268 1409 ergo
291 1341 452 1410 paulo
477 1345 746 1413 superius,
779 1345 900 1402 Non
927 1352 1208 1407 miserearis
1235 1359 1466 1412 omnium
1501 1363 1584 1430 qui
1611 1381 1734 1434 ope-

131 1442 316 1485 rantur
343 1434 688 1505 iniquitatem;
717 1448 770 1494 ct
799 1457 940 1496 nunc
969 1443 1036 1498 de
1069 1445 1296 1503 inimicis
1323 1453 1453 1518 suis,
1490 1452 1574 1508 Ne
1597 1459 1732 1512 occi-

131 1521 266 1575 deris
293 1540 396 1588 eos,
427 1529 690 1597 nequando
730 1530 1090 1588 obliviscantur
1131 1538 1253 1608 legis
1278 1543 1416 1597 tute?
1452 1542 1565 1600 Non
1605 1563 1732 1620 ergo

130 1614 437 1672 miserearis
459 1633 666 1685 eorum,
692 1631 748 1676 ut
773 1625 986 1680 occidas
1009 1639 1225 1697 peccata
1251 1648 1436 1689 eorum
1463 1655 1475 1689 :
1507 1653 1612 1694 non
1634 1655 1730 1696 oc-

127 1706 280 1761 cidas
323 1723 437 1773 eos,
485 1727 709 1780 quorum
746 1725 962 1784 peccata
1007 1720 1225 1778 occidis.
1261 1724 1399 1791 Quid
1440 1737 1522 1784 est
1549 1740 1726 1787 autem

124 1796 338 1852 occidi?
363 1799 615 1857 Oblivisci
642 1803 773 1876 legis
802 1806 1031 1863 Domini.
1065 1809 1180 1882 Ipsa
1207 1823 1288 1870 est
1310 1830 1432 1872 vera
1470 1835 1637 1887 mors,
1674 1824 1724 1878 in

121 1890 447 1957 profundum
466 1895 542 1949 ire
565 1897 766 1966 peccati
789 1913 805 1952 :
830 1909 1002 1969 potest
1019 1904 1231 1969 quidem
1250 1906 1351 1963 hoc
1372 1919 1426 1965 et
1448 1910 1727 1972 deludatis

120 1980 366 2052 intelligi.
393 1983 528 2050 Quid
558 1985 624 2043 de
652 1987 882 2056 Judacis,
916 1991 999 2046 Ne
1027 1996 1267 2052 occideris
1307 2017 1423 2067 eos,
1455 2008 1723 2074 nequando

115 2071 478 2128 obliviscantur
495 2077 619 2150 legis
631 2081 758 2134 tuae?
775 2080 911 2138 Istos
928 2083 1170 2141 inimicos
1182 2104 1350 2155 meos,
1367 2097 1512 2163 ipsos
1526 2099 1611 2168 qui
1634 2114 1721 2157 me

114 2160 452 2232 occiderunt,
481 2167 588 2222 noli
617 2176 673 2224 tu
698 2171 962 2228 occidere.
990 2174 1197 2230 Maneat
1218 2193 1349 2249 gens
1371 2182 1673 2243 Iudaeorum
1698 2204 1716 2250 :

111 2263 266 2308 certe
286 2257 420 2310 victa
447 2266 570 2312 esta
598 2259 876 2329 Romanis,
907 2274 1052 2321 certe
1077 2267 1250 2325 deleta
1277 2273 1464 2330 civitas
1488 2293 1672 2336 eorum
1699 2299 1713 2348 ;

109 2357 219 2398 non
235 2344 590 2403 admittuntur
603 2351 668 2405 ad
690 2353 959 2411 civitatem
983 2371 1131 2412 suam
1148 2360 1340 2430 Judaei,
1361 2375 1415 2420 et
1433 2377 1607 2425 tamen
1623 2373 1714 2427 Ju-

109 2432 212 2489 daei
240 2444 383 2490 sunt.
411 2437 541 2493 Nam
569 2457 758 2498 omnes
787 2444 902 2500 istae
931 2451 1220 2517 provinciae
1246 2468 1276 2507 a
1306 2454 1562 2514 Romanis
1587 2464 1716 2518 sub-

105 2523 304 2597 iugata:
326 2538 470 2586 sunt.
495 2533 622 2598 Quis
646 2535 756 2602 jam
776 2542 1052 2608 cognoscit
1073 2554 1259 2614 gentes
1287 2547 1338 2602 in
1361 2549 1585 2620 imperio
1603 2553 1712 2610 Bo-

108 2616 276 2673 mano
306 2635 426 2690 qua:
465 2623 590 2691 quid
621 2635 793 2690 erant,
829 2630 1043 2698 quando
1088 2648 1275 2691 omnes
1321 2616 1546 2697 Romani
1587 2644 1708 2702 facti

101 2719 232 2764 sunt
260 2711 300 2776 ⁸,
327 2721 383 2766 ct
413 2727 600 2770 omnes
627 2716 854 2774 Romani
884 2718 1353 2782 dicunturlludaai
1383 2738 1560 2788 tamen
1589 2751 1704 2791 ma-

96 2811 231 2856 nent
258 2817 379 2856 cum
412 2804 604 2875 signo;
652 2823 750 2863 nec
797 2809 875 2866 sic
913 2812 1034 2868 victi
1077 2825 1235 2884 sunt,
1267 2827 1383 2874 uta
1411 2822 1703 2881 victoribus

95 2892 538 2952 absorberentur.
566 2898 682 2955 Non
727 2901 843 2958 sine
867 2917 1027 2960 causa
1054 2906 1187 2962 Cain
1219 2910 1308 2966 ille
1333 2922 1431 2979 est,
1462 2918 1549 2986 qui
1579 2933 1698 2974 cum

92 2985 317 3042 fratrem
346 2990 648 3057 occidisset,
681 2995 857 3063 posuit
887 2998 938 3050 in
976 3012 1043 3053 eo
1075 3000 1214 3056 Deus
1240 3003 1471 3076 signum,
1494 3024 1561 3064 ne
1580 3011 1698 3080 quis

87 3093 215 3132 eum
242 3081 513 3137 occideret
539 3082 695 3152 (Gen.
715 3101 790 3154 iv,
815 3088 928 3158 15).
958 3089 1070 3144 Hoc
1091 3101 1174 3146 est
1200 3094 1407 3163 signum
1431 3100 1572 3168 quod
1599 3102 1693 3155 ha-

85 3170 219 3226 bent
247 3171 419 3227 Judaei
452 3191 466 3230 :
500 3184 684 3232 tenent
730 3180 951 3246 omni-no
980 3182 1228 3254 reliquias
1257 3188 1390 3257 legis
1417 3205 1564 3257 suae;
1590 3195 1695 3249 cir-

80 3263 498 3336 cumciduntur,
541 3269 757 3326 sabbata
801 3274 1109 3342 observant,
1157 3281 1350 3348 pascha
1392 3284 1689 3357 immolant,

79 3370 276 3426 azyma
322 3359 628 3417 comedunt.
659 3361 795 3418 Sunt
821 3379 949 3436 ergo
977 3367 1167 3433 Judaei,
1199 3385 1302 3426 non
1347 3383 1472 3428 sunt
1501 3378 1684 3444 occisi,

80 3449 378 3503 necessarii
423 3461 549 3507 sunt
583 3453 924 3513 credentibus
953 3458 1233 3518 Gentibus.
1259 3464 1434 3532 Quare
1461 3468 1602 3525 hoc?
1624 3471 1690 3527 Ut

78 3537 420 3594 demonstret
466 3542 620 3598 nobis
658 3542 715 3599 iu
765 3545 995 3604 inimicis
1037 3553 1235 3608 nostris
1267 3555 1685 3616 misericordiam

75 3627 443 3699 sunm.IDeus
483 3647 623 3688 meus
657 3635 1014 3694 demonstravit
1055 3643 1180 3698 mihi
1204 3645 1257 3700 in
1298 3647 1514 3706 inimicis
1539 3656 1681 3708 meis.

73 3718 134 3773 ln
191 3691 361 3775 ramis
409 3725 659 3794 superbia
714 3729 949 3798 praecisis
1000 3732 1202 3790 inserto
1261 3741 1680 3801 misericordiam

69 3824 233 3865 suam
272 3810 606 3870 demonstrat
645 3818 896 3876 oleastro.
946 3822 1083 3881 Ecce
1131 3827 1219 3882 ubi
1259 3830 1439 3898 jaceat
1466 3836 1554 3906 qui
1585 3853 1678 3893 su-

69 3901 230 3970 perbi
268 3912 441 3969 erant,
472 3921 597 3962 ecce
621 3908 710 3964 ubi
756 3911 987 3970 insertus
1031 3930 1091 3972 es
1119 3919 1206 3988 qui
1246 3920 1462 3990 jacebas
1496 3944 1509 3980 :
1543 3937 1598 3983 ct
1624 3940 1679 3986 tu

66 3991 186 4045 noli
241 3995 554 4062 superbire,
608 4013 674 4052 ne
717 4001 931 4068 prmcidi
970 4009 1246 4064 merearis.
1326 4010 1465 4070 Deus
1515 4033 1674 4090 meus,

61 4101 133 4137 ne
157 4084 404 4140 occideris
426 4103 532 4153 eos,
560 4091 825 4160 nequando
851 4093 1212 4155 obliviscantur
1232 4101 1355 4176 legis
1385 4113 1505 4162 tute.

141 4173 239 4229 22.
263 4174 509 4249 Disperge
527 4195 610 4234 eos
637 4182 689 4234 in
709 4183 893 4237 virtute
918 4196 1023 4240 tua.
1055 4187 1172 4245 Jam
1199 4173 1396 4249 factum
1423 4205 1506 4252 est
1535 4215 1550 4253 :
1579 4215 1676 4269 per

57 4283 263 4323 omnes
294 4280 477 4338 gentes
505 4271 733 4343 dispersi
763 4286 887 4331 sunt
935 4278 1126 4347 Judaei,
1175 4291 1340 4340 testes
1381 4287 1673 4361 iniquitatis

55 4376 183 4415 suae
207 4369 265 4415 et
298 4362 537 4418 veritatis
577 4375 795 4420 nostrae.
842 4369 943 4439 Ipsi
973 4371 1172 4430 habent
1197 4377 1430 4446 codices,
1459 4382 1525 4437 de
1550 4385 1671 4454 qui-

55 4452 168 4507 bus
198 4451 549 4523 pr0pbetatus
575 4467 655 4511 est
679 4458 945 4529 Christus,
996 4475 1052 4518 et
1098 4481 1196 4521 nos
1237 4477 1478 4528 tenemus
1512 4451 1668 4531 Chri-

51 4551 232 4598 stum.
267 4542 336 4598 Et
364 4545 408 4599 si
435 4547 648 4616 quando
675 4548 810 4606 forte
834 4552 1027 4623 aliquis
1059 4571 1293 4629 paganus
1319 4561 1663 4635 dubitaverit,
1699 4635 1702 4638 ἢ

49 4649 188 4691 cum
215 4634 266 4689 ei
293 4633 585 4692 dixerimus
623 4641 928 4711 prophetias
951 4645 1020 4702 de
1045 4646 1281 4718 Christo,
1308 4657 1531 4725 quarum
1555 4660 1665 4715 evi-

47 4725 304 4780 dentiam
342 4725 690 4798 obstupescit,
734 4742 788 4789 et
835 4734 1107 4797 admirans
1151 4745 1415 4812 putaverit
1442 4762 1472 4802 a
1511 4751 1664 4807 nobis

47 4831 186 4872 esse
229 4820 592 4890 conscriptas;
624 4823 692 4880 de
719 4826 994 4886 codicibus
1027 4830 1332 4892 Judieoruin
1375 4842 1662 4910 probamus

45 4911 182 4980 quia
216 4909 323 4964 hoc
364 4919 510 4968 tanto
549 4925 670 4970 ante
703 4920 1010 4986 praadictum
1041 4933 1141 4980 est.
1177 4909 1664 5004 Videteiquemad-

45 5001 281 5056 modum
309 5003 378 5056 de
424 5003 652 5060 inimicis
683 5011 880 5064 nostris
906 5012 1040 5069 alios
1065 5015 1440 5077 Confundimus
1484 5025 1662 5083 inimi-

41 5108 169 5150 Cos.
198 5091 451 5166 Disperge
478 5111 562 5151 eos
602 5099 656 5152 in
695 5101 880 5158 virtute
916 5113 1002 5159 tua
1034 5123 1053 5160 :
1082 5109 1209 5164 tolle
1252 5112 1356 5170 illis
1384 5117 1654 5189 virtutem,

41 5187 186 5242 tolle
220 5185 331 5240 illis
351 5185 713 5245 fortitudinem
737 5209 944 5250 eorum.
974 5195 1040 5251 Et
1079 5200 1240 5256 deduc
1273 5220 1373 5270 eos,
1406 5219 1658 5278 protector

38 5293 197 5332 meus
220 5275 459 5332 Domine.
496 5278 689 5337 Delicta
730 5285 832 5338 oris
861 5302 1054 5356 eorum,
1101 5308 1378 5351 sermonem
1408 5299 1654 5357 labiorum

37 5385 230 5424 eorum
255 5385 277 5422 :
305 5377 351 5422 et
373 5373 863 5442 comprehendantur
887 5379 940 5434 in
969 5383 1202 5450 superbia
1227 5404 1337 5441 sua.
1365 5388 1428 5443 Et
1451 5408 1513 5447 ea:
1540 5409 1652 5448 ma-

37 5463 238 5516 ledicto
268 5469 320 5514 et
348 5461 610 5518 mendacio
641 5468 1074 5524 annuntiabuntur
1098 5482 1574 5550 consummationes,
1599 5486 1650 5542 in

103 5595 118 5624 ι
167 5589 323 5682 add;
706 5609 1146 5682 cog-nosgttégfntes
1177 5608 1415 5672 subjectus
1449 5613 1652 5682 imperio

40 5656 264 5705 Βοηιωτο
278 5651 306 5703 -’
321 5651 457 5745 ‘01,“?
478 5654 674 5720 quidem
705 5651 844 5745 erant
874 5651 1276 5734 mimido'binii}?
1283 5651 1650 5745 νιξᾶῗιᾳὶἔ

40 5720 152 5745 "ml
200 5722 313 5745 nnc!
339 5725 516 5745 llr-man
537 5727 762 5745 υΛθΛ-Δ-ι..
822 5731 1054 5745 ιὶΑΔ-.ι--Αζ
1089 5738 1120 5745 ι.
1223 5741 1244 5745 Α

32 5720 170 5767 utut.
200 5716 763 5797 gestltuimltsyege‘rem
780 5716 1061 5797 lectionem
1087 5716 1646 5797 adfabile?

33 5787 149 5828 ωω
173 5774 238 5828 ad
262 5783 428 5829 Enarr.
451 5778 570 5831 Psal.
595 5780 678 5846 sv,
699 5795 749 5833 n.
775 5783 851 5836 is.

1862 452 1940 508 ira
1959 468 2423 537 consummationis,
2456 482 2501 527 et
2535 493 2636 532 non
2662 492 2826 540 erunt.
2870 487 3106 552 Obscura
3137 512 3280 572 sunt,
3307 519 3355 562 et
3391 513 3457 566 ti-

1861 557 1982 599 meo
2009 564 2075 602 ne
2106 567 2210 607 non
2238 555 2574 619 insinuentur
2600 567 2750 626 bene.
2800 576 2914 634 1am
2955 586 3220 645 audiendo
3251 594 3452 669 fatigati

1861 636 1984 669 οέοῖο
2017 656 2030 669 .
2073 640 2244 669 τεκμηλ
2287 649 2331 669 -2
2411 652 2422 669 ι
2477 668 2480 669 ,
2529 667 2535 669 Α
2579 659 2629 669 Α.
2715 664 2726 669 -
2811 668 2819 669 ,

2996 636 3218 645 .,_-_-._v
3378 636 3452 658 ....

1857 636 1986 691 estis
2017 656 2030 692 :
2072 640 2246 714 itaque
2287 649 2331 702 si
2375 652 2544 716 placet
2573 659 2825 720 Charitati
2857 670 3077 742 Vesme,
3101 696 3219 753 quae
3248 636 3452 748 restbant

2906 723 3077 742 νην-ην,
3143 723 3217 737 uu-
3248 723 3448 748 ιιδιιιυι

1857 723 1908 778 in
1939 731 2228 790 crastinum
2277 737 2608 804 dili‘eramus.
2639 754 2922 824 Adjuvabit
2955 723 3229 841 Domitius,
3261 787 3316 831 ut
3346 795 3448 834 voc

1857 814 1933 841 L2-
1969 817 2136 841 A-I,t.,.
2389 832 2400 841 ·

1853 814 1936 870 bis
1965 817 2198 879 debitum
2227 832 2624 907 persolvamus;
2651 846 2774 915 quia
2803 849 2870 905 de
2890 853 2979 909 illo
3000 862 3168 932 magis
3192 817 3348 936 quam
3380 870 3448 928 de

1854 909 2004 936 ηηιιξι.
2031 918 2263 936 ..__._._s.--

1852 909 2007 964 nobis
2028 918 2408 982 promittimus.

2517 1060 2690 1106 εειωο
2720 1068 2776 1106 ll.

2118 1176 2122 1181 ε
2156 1143 2234 1200 De
2253 1153 2473 1208 secunda
2501 1168 2642 1225 parte
2670 1163 2899 1234 ejusdem
2930 1169 3152 1232 Psalmi.

1913 1249 1967 1306 i.
2001 1252 2294 1316 llesternus
2339 1279 2517 1324 sermo
2549 1284 2865 1347 protractus,
2918 1285 3214 1350 debitorem
3252 1313 3338 1355 me
3383 1303 3437 1360 in

2852 1340 2862 1347 ν
2929 1340 2932 1341 ν
3001 1340 3114 1346 ,_-_-
3133 1340 3214 1350 ν--ι
3252 1340 3338 1355 ..ιν
3383 1340 3434 1360 ΙΙΙ

1842 1340 2160 1404 hodiernum
2192 1355 2406 1426 reliquit
2433 1379 2447 1414 :
2484 1364 2606 1434 quia
2637 1383 2765 1440 ergo
2793 1373 3050 1434 Dominus
3090 1388 3278 1459 voluit,
3309 1376 3434 1449 red;

1842 1433 1996 1459 3-..):
2027 1448 2124 1459 .-μ
2315 1449 2327 1459 -
2441 1453 2451 1459 ”
2559 1457 2573 1459 -

2508 1433 2511 1434 ν
2698 1433 2724 1440 ν
3031 1433 3043 1434 ,
3102 1433 3278 1459 ----..,
3309 1433 3430 1449 ,νυ-

1837 1433 1998 1492 dendi
2027 1448 2238 1513 tempus
2263 1449 2495 1508 advenit.
2541 1457 2714 1527 Quam
2751 1480 2877 1521 vero
2914 1486 3098 1529 sumus
3128 1495 3226 1535 nos
3251 1484 3430 1544 devoti

1837 1528 2213 1601 redhibitores,
2241 1549 2346 1596 tam
2373 1544 2579 1604 debetis
2625 1569 2721 1610 vos
2767 1573 2888 1616 esse
2930 1566 3069 1621 avidi
3097 1584 3376 1634 exactores
3406 1597 3423 1636 :

1840 1616 1851 1636 ,
1921 1635 1933 1636 ί
2045 1633 2053 1636 _
2342 1633 2353 1636 -

1837 1616 1937 1674 hoc
1978 1633 2079 1689 est,
2113 1636 2170 1683 ut
2213 1633 2356 1702 quod
2407 1636 2497 1695 ille
2538 1640 2720 1713 donat,
2768 1659 2823 1706 et
2859 1667 2958 1710 nos
2999 1659 3269 1721 reddimus
3296 1669 3429 1739 (ille

1837 1712 1974 1739 Ana:m
2006 1715 2204 1739 n----se,
2560 1734 2572 1739 -

3042 1712 3050 1714 ἡ
3104 1712 3268 1721 ___---.-
3297 1712 3313 1739 κ
3335 1712 3426 1729 ...υ

1833 1712 1975 1767 enim
2005 1715 2278 1790 Dominus,
2310 1741 2405 1783 nos
2433 1734 2572 1788 servi
2600 1742 2827 1814 sumus),
2852 1745 2928 1801 sic
2957 1753 3251 1823 accipiatis,
3272 1771 3326 1815 ut
3355 1763 3426 1820 sit

1835 1799 1966 1823 A‘_--_-
2085 1810 2096 1820 ⁸
2273 1815 2304 1823 ·“
2335 1819 2345 1823 “

2783 1799 2826 1814 η
2860 1799 2865 1800 ,
2919 1799 2925 1801 ν
2960 1799 3068 1806 ἡ--.
3112 1799 3326 1823 mm...
3355 1799 3426 1820 ο..

1833 1799 2036 1863 fructus
2083 1810 2135 1865 in
2184 1815 2454 1878 auditione
2494 1835 2671 1885 vestra
2727 1833 2797 1890 de
2846 1837 2950 1892 vita
2990 1799 3186 1900 ves'ira.
3237 1849 3426 1910 Cultus

1830 1896 1971 1950 enim
1999 1914 2126 1972 ager
2152 1903 2383 1966 fructum
2417 1930 2521 1973 non
2551 1920 2800 1991 reddens,
2823 1937 2878 1985 et
2911 1931 3150 2003 ingratus
3173 1943 3423 2013 agricolas

1830 2000 1923 2013 ιιι-ι.
1953 1988 2155 2013 1⁵.---31.η
2172 2011 2182 2013 μ
2287 2000 2298 2013 ο
2461 2006 2497 2013 .-

1829 2000 1924 2055 pro
1950 1988 2191 2077 frugibus
2219 2000 2398 2070 spinas
2419 2006 2670 2081 aﬂ'erens,
2697 2031 2800 2074 non
2824 2019 3097 2092 horreum,
3126 1988 3419 2104 sedoignem

2658 2074 2668 2081 ,
2851 2074 2856 2075 ,
2897 2074 3097 2092 _,e_---,
3126 2074 3218 2088 ,νυ
3242 2074 3417 2104 τινα...

1826 2083 2037 2151 quierit,
2088 2074 2342 2150 Dominus
2382 2109 2560 2158 autem
2612 2105 2752 2164 Deus
2789 2125 2994 2184 noster,
3023 2121 3159 2178 sicut
3184 2140 3306 2183 eum
3334 2130 3417 2186 vi-

1823 2170 1963 2229 detis
2006 2177 2144 2237 hanc
2175 2191 2370 2243 terram
2403 2193 2617 2253 visitare
2661 2201 2918 2262 imbribus
2951 2214 3298 2286 solemnibus,
3341 2225 3414 2282 ita

2962 2265 2971 2266 κ
3020 2265 3029 2267 ν
3044 2265 3298 2286 ----γ--υνυυ’
3341 2265 3413 2282 εκ.

1820 2277 1916 2319 cor
1944 2265 2185 2328 nostrum
2215 2279 2377 2336 verbo
2402 2299 2502 2340 suo
2525 2297 2771 2362 tanquam
2792 2311 2976 2367 agrum
3004 2319 3160 2361 suum
3196 2312 3413 2373 visitare

1824 2350 1935 2373 -12-.-
1954 2371 1966 2373 _
1984 2367 1994 2373 -
2228 2365 2238 2373 ‘
2409 2372 2416 2373 '

2631 2350 2642 2362 ,
2760 2350 2766 2351 ,
2824 2350 2872 2367 υτ
2894 2350 2974 2355 _-_-
3004 2350 3159 2361 --_...
3205 2350 3409 2373 ..οηηιη

1818 2350 2096 2426 dignatur;
2127 2372 2182 2418 et
2206 2365 2274 2423 de
2294 2372 2454 2427 corde
2482 2387 2666 2434 nostro
2696 2382 2898 2441 fructus
2931 2397 3140 2463 quaerit,
3161 2401 3281 2470 quia
3307 2421 3409 2460 no-

1817 2447 1891 2500 vit
1911 2460 1964 2503 et
1985 2454 2110 2520 quid
2138 2458 2206 2513 ibi
2232 2465 2477 2532 seminet,
2507 2479 2562 2526 et
2585 2488 2841 2544 quantum
2871 2484 3035 2550 pluat.
3074 2489 3140 2544 Et
3164 2447 3290 2563 quia
3318 2515 3407 2554 re-

1817 2552 1937 2593 vera
1971 2545 2099 2600 nihil
2122 2550 2236 2607 sine
2265 2553 2354 2611 illo
2383 2574 2587 2630 sumus,
2611 2568 2734 2635 quia
2761 2581 3118 2647 etantequam
3140 2599 3404 2659 essemus,

1817 2631 1943 2659 nil.”
2398 2648 2408 2659 .
2517 2653 2528 2659 -
2593 2655 2604 2659 -

2628 2631 2643 2635 _
2977 2631 2994 2647 ι
3039 2631 3117 2634 ~---
3143 2631 3404 2659 *νυνι-ὐυν

1815 2631 1944 2687 nihil
1973 2653 2207 2706 eramus,
2239 2659 2293 2699 et
2323 2648 2559 2718 quisquis
2584 2655 2694 2724 jam
2739 2660 2899 2718 homo
2944 2679 3028 2724 est
3071 2684 3124 2727 et
3159 2676 3275 2732 sine
3312 2681 3407 2738 illo

1811 2735 1930 2779 esse
1961 2728 2202 2800 voluerit,
2253 2737 2380 2791 nihil
2426 2743 2566 2798 aliud
2599 2764 2756 2814 quam
2803 2753 2962 2810 homo
2991 2775 3238 2828 peccator
3265 2771 3402 2839 erit;

1809 2827 2097 2888 verumque
2121 2833 2202 2876 est
2228 2829 2368 2896 quod
2397 2830 2482 2886 hic
2502 2835 2699 2893 dictum
2727 2853 2826 2908 est,
2849 2827 3221 2910 Fortitudinem
3237 2877 3401 2918 meam

1804 2907 1875 2959 ad
1899 2919 1946 2963 te
1972 2915 2272 2984 custodiam,
2319 2927 2567 2992 quoniam
2608 2934 2862 3004 quidquid
2918 2957 3242 3017 possumus,
3295 2955 3397 3011 nisi

1802 3000 1941 3066 apud
1973 3002 2117 3058 illum
2160 3020 2215 3063 et
2254 3011 2318 3066 ad
2350 3015 2497 3071 illum
2528 3000 2824 3092 servemus,
2873 3037 3173 3092 recedendo
3197 3047 3396 3100 amitti-

1801 3102 1918 3142 mus
1952 3133 1963 3141 .
1997 3094 2214 3163 vigilare
2241 3099 2400 3157 debet
2427 3122 2641 3179 semper
2669 3130 2823 3172 mens
2850 3133 3030 3178 nostra
3062 3144 3169 3184 non
3208 3133 3275 3187 ab
3303 3137 3395 3190 illo

1799 3183 2067 3249 recedere,
2103 3190 2196 3244 sed
2237 3203 2291 3247 et
2322 3197 2364 3250 si
2393 3197 2548 3270 longe
2590 3215 2727 3269 erat,
2761 3214 2928 3281 magis
2961 3221 3234 3292 magisque
3265 3243 3392 3297 pro-

2850 3276 2873 3281 -
3049 3276 3077 3289 ν
3146 3276 3180 3292 ι⁷
3211 3276 3229 3279 '
3265 3276 3358 3297 l'"

1797 3276 2055 3346 pinqnare
2093 3291 2145 3336 et
2172 3288 2463 3355 accedere;
2514 3310 2620 3349 non
2668 3314 2854 3368 gressu
2887 3309 3102 3379 pedum,
3131 3331 3236 3371 non
3263 3322 3390 3376 sub.

1797 3371 2042 3426 vectione
2068 3376 2453 3450 vehiculorum,
2486 3401 2592 3442 non
2621 3393 2893 3451 celeritate
2919 3401 3249 3475 animalium,
3278 3428 3384 3470 non

1792 3457 2090 3518 elevatione
2120 3482 2435 3540 pennarum,
2466 3478 2560 3532 sed
2593 3484 2821 3547 puritate
2847 3488 3156 3562 affectuum,
3186 3511 3240 3555 et
3267 3519 3385 3573 pro-

1793 3548 1916 3573 ιε.-.
1934 3569 1949 3573 Α
1978 3555 1990 3573 I
2028 3571 2042 3573 -
2063 3571 2072 3573 μ
2161 3568 2171 3573 -

1790 3548 1952 3607 bitate
1977 3555 1993 3586 ι
2024 3568 2332 3618 sanctorum
2365 3582 2590 3625 morum.

1858 3641 1912 3694 2.
1936 3642 2086 3718 [vers.
2115 3648 2328 3726 θη]
2361 3657 2646 3718 Videamus
2675 3682 2803 3739 ergo
2831 3674 2958 3743 quid
2983 3689 3150 3736 restat
3186 3683 3256 3739 de
3279 3687 3380 3745 hoc

1787 3736 2010 3803 psalmo.
2052 3739 2108 3796 In
2149 3743 2251 3801 hoc
2280 3749 2422 3805 enim
2453 3753 2848 3829 dimiseramus,
2877 3782 2996 3823 cum
3037 3777 3288 3844 cmpisset
3311 3783 3386 3838 de

1785 3828 2014 3887 inimicis
2037 3835 2148 3891 suis
2173 3837 2316 3910 loqui
2345 3844 2528 3901 dicens
2559 3851 2668 3906 Deo
2700 3872 2714 3907 :
2749 3855 2833 3912 Ne
2871 3863 3112 3922 occideris
3148 3886 3250 3939 eos,
3282 3866 3379 3930 ἠε-

1783 3925 1984 3992 quando
2009 3929 2367 3990 obliviscantur
2396 3938 2520 4012 legis
2546 3952 2665 4002 tuaz.
2704 3948 2957 4017 Quamvis
2993 3974 3088 4016 eos
3130 3963 3376 4026 inimicos

1781 4029 1907 4070 suos
1936 4031 2056 4076 esse
2099 4021 2314 4092 dixerit,
2355 4033 2566 4102 rogavit
2611 4047 2786 4096 tamen
2838 4045 3003 4104 Deum
3053 4068 3121 4107 ne
3161 4059 3373 4118 occide-

1781 4115 1966 4163 rentur
1989 4121 2042 4166 et
2071 4112 2513 4178 obliviscerentur
2532 4126 2702 4197 legem
2731 4132 2914 4206 ipsius.
2940 4139 3055 4196 Non
3081 4152 3257 4203 tamen
3289 4163 3372 4207 te-

1778 4213 1908 4254 nere
1929 4199 2119 4272 legem,
2152 4205 2202 4261 id
2233 4218 2314 4264 est
2356 4228 2461 4268 non
2490 4217 2729 4277 oblivisci
2757 4225 2946 4297 legem,
2970 4231 3080 4301 jam
3113 4241 3369 4306 perfectio

1775 4297 1878 4352 est,
1906 4299 1961 4346 ct
1983 4294 2134 4362 quasi
2166 4303 2424 4358 securitas
2453 4305 2521 4362 de
2550 4315 2786 4380 praemio,
2810 4294 2870 4372 et
2895 4294 3034 4378 nulla
3063 4294 3366 4389 sollicitudo

1775 4377 1843 4434 de
1868 4383 2145 4454 supplicio.
2177 4387 2312 4446 Sunt
2353 4395 2495 4449 enim
2540 4377 2627 4470 qui
2659 4377 2843 4463 tenent
2869 4410 3040 4481 legem
3081 4427 3361 4494 memoria,

1772 4480 1826 4525 et
1847 4487 1952 4528 non
1974 4475 2196 4546 implent
2223 4480 2329 4538 vita
2361 4503 2375 4540 :
2404 4489 2492 4558 qui
2524 4506 2652 4547 vero
2679 4495 2902 4567 implent
2925 4505 3052 4575 vita,
3083 4526 3190 4565 non
3232 4532 3361 4584 pos-

1770 4572 1896 4619 sunt
1930 4582 2035 4624 non
2069 4579 2250 4630 tenere
2279 4581 2556 4638 memoria.
2589 4585 2729 4656 Ergo
2764 4592 2851 4660 qui
2893 4599 3132 4655 moribus
3161 4619 3362 4671 prrece-

1770 4664 1858 4724 pta
1904 4657 1994 4714 Dei
2044 4662 2187 4730 facit,
2219 4675 2272 4721 et
2299 4669 2526 4741 quodam
2567 4678 2728 4733 modo
2771 4657 3016 4753 vivendo,
3045 4657 3357 4768 seminaria

3005 4746 3015 4753 .
3083 4746 3249 4768 η-τ--

1767 4746 1930 4803 corde
1958 4765 2056 4806 suo
2084 4769 2153 4808 ne
2181 4755 2420 4814 deleatur
2446 4764 2551 4835 agit
2579 4769 2721 4835 quod
2750 4779 2914 4844 tenet,
2944 4780 3276 4858 vivendoque
3295 4807 3357 4850 se

1767 4836 1788 4858 Ι
1819 4852 1979 4858 --_____
2001 4855 2011 4858 -
2041 4857 2063 4858 η
2181 4855 2189 4858 -
2297 4851 2307 4858 .
2333 4850 2343 4858 .
2410 4853 2420 4858 -
2467 4854 2477 4858 _

2901 4836 2912 4844 .
3041 4836 3275 4858 -_-----,_-
3295 4836 3356 4850 ,ν

1767 4836 1788 4869 ³
1812 4852 2196 4900 commemorat
2221 4850 2345 4918 quid
2374 4853 2422 4906 ei
2465 4854 2519 4909 in
2541 4859 2703 4914 corde
2733 4867 2988 4936 scriptum
3032 4876 3102 4930 sit
3129 4877 3196 4936 de
3233 4882 3356 4954 lege

1768 4926 1858 4954 n..t
1911 4930 2173 4954 2----1‘____.
2340 4951 2349 4954 -
2502 4946 2514 4954 .
2698 4953 2703 4954 ,

2842 4926 2857 4936 .
3039 4926 3099 4930 *κν
3131 4926 3195 4936 *ν
3233 4926 3354 4954 ’νυν

1766 4926 1881 4995 Dei,
1911 4930 2022 5000 ipse
2035 4931 2312 4996 'fructuose
2335 4951 2481 4999 tenet
2501 4946 2667 5018 legem
2692 4953 2818 5021 Dei;
2841 4959 2952 5030 ipse
2977 4980 3083 5024 non
3107 4969 3354 5032 inimicus

1764 5016 2122 5089 deputabitur.
2151 5026 2284 5084 Nam
2317 5047 2443 5090 ecce
2485 5036 2686 5097 inimici
2729 5045 2919 5117 Judzei,
2967 5071 3098 5124 quos
3144 5063 3190 5116 vi

1763 5109 2061 5199 signiﬁcare
2090 5119 2323 5186 psalmus
2360 5123 2482 5187 istc.
2510 5128 2676 5200 legem
2711 5136 2800 5191 Dei
2831 5149 3030 5213 tenent,
3063 5157 3118 5204 et
3140 5150 3262 5210 ideo
3283 5156 3351 5213 de

2555 5187 2587 5200 ν
2714 5187 2733 5188 κ
2761 5187 2800 5191 --
2832 5187 3030 5213 --..s...,
3063 5187 3118 5204 υ.
3140 5187 3262 5210 ιυσυ
3283 5187 3350 5213 ut:

1761 5187 1866 5258 illis
1895 5204 2092 5261 dictum
2119 5219 2219 5274 est,
2253 5211 2335 5267 Ne
2362 5219 2603 5276 occideris
2631 5241 2730 5289 eos,
2756 5236 3022 5302 nequando
3047 5241 3350 5303 obliviscan-

1760 5301 1843 5346 tur
1875 5293 1998 5370 legis
2032 5308 2169 5365 tute;
2199 5313 2255 5356 ut
2283 5321 2414 5374 gens
2441 5309 2744 5371 Judmorum
2775 5338 3033 5396 maneret,
3063 5343 3118 5388 et
3145 5350 3204 5390 ea
3233 5352 3373 5395 ma-.

1759 5395 1919 5440 neute
1944 5401 2214 5447 cresceret
2239 5397 2521 5455 multitudo
2552 5403 2994 5471 Christianorum.
3030 5420 3133 5477 Per
3158 5441 3346 5485 omnes

1757 5486 1944 5549 gentes
1987 5494 2204 5540 manent
2232 5501 2396 5558 certe,
2427 5503 2478 5550 et
2511 5496 2678 5554 Judzei
2719 5518 2862 5573 sunt,
2907 5527 3004 5567 nec
3031 5517 3347 5581 destiterunt

1756 5581 1876 5624 esse
1913 5571 2053 5640 quod
2081 5587 2236 5632 erant
2267 5595 2280 5634 :
2329 5581 2376 5634 id
2409 5594 2508 5653 est,
2557 5603 2687 5660 gens
2731 5596 2828 5652 ista
2873 5615 2974 5654 non
3009 5603 3079 5660 ita
3105 5611 3265 5665 cessit
3293 5614 3343 5670 in

1820 5751 1838 5825 ξ
1874 5752 1938 5825 tta
1963 5760 2052 5825 se:
2071 5752 2291 5825 Msslttlii
2315 5768 2426 5825 cum
2444 5759 2577 5825 ωτι,
2605 5765 2953 5825 probabilitate.

1817 5809 1838 5841 ³
1871 5815 1942 5858 ssc
1963 5817 2069 5862 Mss.
2096 5820 2149 5862 At
2166 5815 2300 5876 Edd.,
2321 5809 3194 5892 visendaque.isemper-c‘oiiiinemorat.
