3934 6386
583 356 787 413 707'

586 446 699 515 iura
730 445 1115 507 Romanorum,
1144 453 1202 500 ut
1222 444 1461 499 amiserit
1491 443 1714 498 formam
1730 443 2059 501 Judatorum:
2081 444 2177 498 sed

585 537 656 592 ita
683 537 896 594 subdita
926 537 1181 591 Romanis
1224 545 1324 597 est,
1357 544 1414 588 nt
1451 544 1611 591 etiam
1652 534 1797 604 luges
1826 550 1951 588 suas
1979 543 2174 599 teneat,

581 636 704 696 qua:
732 629 875 699 leges
903 637 1028 682 sunt
1057 628 1172 682 Dei.
1200 626 1306 682 Sed
1344 626 1468 694 quid
1499 625 1549 679 in
1579 624 1685 679 illis
1712 624 1910 679 factum
1940 622 2179 680 est?De-

579 698 1029 773 cimatisintentam
1056 727 1102 772 et
1126 718 1401 786 cyminum,
1432 726 1477 769 et
1499 716 1769 785 reliquistis
1792 732 1908 786 qua!
1943 698 2179 787 graviora

579 820 699 864 sunt
725 808 890 882 Legis,
928 808 1325 863 misericordiam
1354 818 1402 861 et
1416 808 1710 878 judicium;
1757 807 2005 878 liquantes
2048 808 2179 861 culi-

581 916 711 965 cem,
740 901 989 955 cometam
1004 910 1169 954 autem
1182 900 1447 970 giutientes
1469 897 1683 969 (Matth.
1723 913 1878 965 xxm,
1905 899 1977 954 2'5
1994 907 2042 953 et
2059 897 2177 970 2i).

584 990 698 1045 lloc
721 991 803 1047 eis
836 991 1093 1046 Dominus
1114 991 1261 1045 dicit.
1293 991 1358 1045 Et
1385 1004 1569 1045 revera
1598 990 1669 1044 ita
1689 998 1809 1044 sunt
1833 1007 1848 1054 ;
1877 998 2060 1044 tenent
2086 988 2179 1044 Le-

583 1096 723 1152 gem,
766 1091 949 1136 tenent
988 1081 1309 1150 Prophetas;
1343 1081 1525 1151 legunt
1562 1080 1763 1148 omnia,
1802 1088 2021 1134 cantant
2053 1094 2189 1134 om-.

583 1175 669 1228 nia
696 1190 712 1227 :
739 1174 913 1229 lucem
941 1173 1324 1243 Prophetarum
1351 1188 1455 1227 non
1483 1172 1553 1228 ibi
1578 1170 1780 1238 vident,
1802 1171 1891 1241 qui
1918 1180 2002 1226 est
2020 1169 2177 1226 Chri-

579 1275 696 1318 stus
711 1264 885 1321 Jesus.
905 1264 1020 1320 Non
1049 1266 1220 1320 solum
1243 1280 1365 1320 eum
1393 1278 1535 1319 nunc
1561 1279 1667 1320 non
1698 1263 1900 1330 vident,
1926 1280 2048 1319 cum
2089 1279 2176 1319 se-

580 1355 672 1409 det
701 1357 752 1409 in
780 1356 919 1413 rmlo
948 1374 961 1409 :
991 1355 1084 1411 sed
1114 1370 1213 1411 nec
1237 1364 1363 1411 tunc
1397 1355 1668 1425 viderunt,
1692 1355 1907 1427 quando
1936 1356 2077 1410 inter
2106 1356 2173 1410 il-

580 1451 662 1506 los
686 1451 899 1507 humilis
918 1450 1243 1515 ambulabat,
1272 1458 1328 1506 et
1356 1449 1476 1505 facti
1504 1458 1627 1504 sunt
1646 1448 1724 1504 rei
1752 1448 2022 1504 fundendo
2046 1463 2172 1503 san-

574 1544 788 1614 guinem
819 1543 1014 1613 ipsius;
1046 1541 1143 1598 sed
1196 1557 1302 1595 non
1340 1544 1556 1597 omnes.
1587 1540 1701 1596 Hoc
1729 1548 1785 1595 et
1833 1540 1993 1595 hodie
2020 1555 2173 1595 com-

577 1633 891 1689 mendamus
914 1631 1172 1688 Charitati
1202 1632 1422 1688 Vestrzo.
1455 1632 1573 1688 Non
1589 1647 1827 1695 omnes:
1869 1633 1990 1703 quia
2020 1632 2174 1687 multi

576 1727 764 1778 eorum
792 1722 1038 1778 conversi
1065 1721 1134 1777 ad
1156 1737 1279 1778 eum
1308 1738 1466 1794 quem
1494 1714 1828 1785 occiderunt,
1868 1732 1925 1776 et
1967 1723 2018 1774 in
2048 1738 2170 1774 eum

577 1813 871 1881 credendo,
908 1816 1119 1870 veniam
1150 1824 1203 1869 et
1243 1815 1311 1869 de
1351 1814 1523 1870 eﬂ'uso
1552 1814 1718 1886 ipsius
1758 1817 2016 1885 sanguine
2060 1830 2174 1869 me-

577 1918 800 1962 ruerunt
824 1925 839 1971 ;
880 1907 1291 1978 exemplumque
1316 1906 1661 1978 praebuerunt
1688 1905 1992 1961 hominibus
2012 1922 2171 1976 quam

580 2013 687 2054 non
714 1997 945 2053 debeant
970 1997 1217 2051 difﬁdere
1238 1996 1435 2051 dimitti
1464 1996 1562 2051 sibi
1579 1996 1963 2067 qualecumque
1978 2012 2168 2066 pecca-

581 2089 933 2160 tum,quando
946 2100 999 2142 et
1014 2087 1311 2143 interfectio
1323 2087 1521 2142 Christi
1536 2088 1754 2142 dimissa
1767 2097 1848 2143 est
1863 2088 2170 2143 conﬁtenti-

576 2180 698 2235 bus.
731 2180 858 2235 Inde
874 2195 1003 2251 ergo
1015 2180 1215 2234 dictum
1231 2188 1335 2242 est,
1359 2181 1493 2248 Quia
1504 2178 1643 2234 Deus
1657 2190 1918 2254 susceptor
1936 2197 2077 2234 meus
2092 2197 2169 2247 es;

579 2272 717 2328 Deus
729 2288 889 2337 meus,
906 2272 1247 2326 misericordia
1261 2273 1370 2342 ejus
1386 2272 1652 2342 prwveniet
1671 2287 1750 2324 me
1767 2286 1786 2325 :
1810 2271 1912 2325 hoc
1928 2264 2031 2337 esi,
2046 2279 2171 2327 ante

577 2367 757 2420 omnia
785 2366 974 2419 merita
1016 2380 1134 2418 mea
1181 2366 1321 2419 bona
1363 2366 1621 2434 praevenit
1665 2378 1753 2419 me
1802 2363 2170 2419 misericordia

578 2458 778 2527 ipsius;
806 2459 906 2512 etsi
940 2457 1069 2511 nihil
1098 2459 1149 2511 in
1181 2472 1265 2513 me
1309 2456 1434 2510 boni
1480 2456 1761 2522 invenerit,
1798 2455 1914 2527 ipse
1939 2471 2025 2511 me
2047 2455 2174 2511 facit

576 2550 797 2610 bonum.
826 2559 881 2605 et
908 2551 1020 2619 ipse
1038 2549 1294 2619 justiﬁeat
1314 2565 1634 2604 conversum
1654 2591 1671 2616 ,
1697 2558 1751 2604 et
1774 2551 1889 2621 ipse
1915 2550 2171 2605 admonet

577 2649 637 2696 ut
687 2652 1032 2698 convertatur
1073 2656 1314 2697 aversus.
1363 2640 1499 2694 Deus
1525 2657 1699 2705 meus,
1733 2640 1906 2711 inquit
1947 2641 2164 2705 iterum,

574 2736 932 2794 demonstravit
976 2736 1102 2788 mihi
1145 2735 1198 2788 in
1251 2734 1470 2787 inimicis
1512 2732 1681 2787 meis:
1728 2730 1780 2787 id
1828 2741 1933 2797 est,
1986 2748 2163 2804 quan-

576 2838 690 2884 tum
747 2844 837 2885 me
886 2827 1110 2899 diligat,
1168 2835 1535 2896 quantmuqne
1600 2824 1729 2880 mihi
1790 2825 2047 2895 largiatur
2096 2824 2168 2881 de

579 2919 821 2974 bonitate
846 2934 974 2980 sua,
1011 2934 1084 2976 ax.
1104 2917 1503 2986 continuatione
1545 2915 1882 2969 inimicorum
1923 2930 2166 2971 meorum

574 3012 708 3069 mihi
744 3012 1007 3075 ostendit;
1038 3011 1159 3083 quia
1195 3025 1317 3065 cum
1347 3010 1453 3063 sint
1493 3024 1558 3065 ex
1584 3022 1690 3062 una
1718 3022 1891 3062 massa
1919 3016 2051 3062 vasa
2073 3008 2167 3063 ira:

572 3111 631 3159 et
655 3117 783 3158 vasa
809 3101 1187 3158 misericordia:
1215 3099 1388 3173 (Rom.
1422 3114 1502 3164 ix,
1530 3099 1591 3154 2|
1609 3099 1649 3164 )‘,
1683 3114 1779 3169 per
1806 3113 1931 3155 vasa
1963 3099 2056 3159 ira:
2081 3096 2167 3154 dl-

572 3201 730 3250 scunt
754 3208 880 3248 vasa
907 3190 1289 3248 misericordia:
1314 3199 1571 3262 quantum
1604 3189 1709 3244 illis
1739 3188 1883 3245 Deus
1911 3189 2169 3260 largiatur

572 3284 720 3340 boni.
747 3284 816 3340 Et
832 3283 1047 3350 deinde,
1073 3282 1155 3338 Ne
1175 3281 1420 3337 occideris
1441 3298 1542 3347 eos,
1566 3283 1834 3351 nequando
1853 3282 2166 3341 obliviscun-

567 3390 655 3434 tur
682 3380 806 3451 legis
831 3389 931 3434 tua:
951 3395 969 3433 :
989 3378 1092 3433 hoc
1115 3378 1314 3434 dictum
1340 3377 1508 3433 estde
1531 3377 1752 3432 Judtcis.
1780 3376 1885 3433 Sed
1911 3370 2037 3453 quid
2060 3376 2166 3432 illis

571 3471 770 3527 facies?
798 3464 1155 3542 Disperge'cos
1180 3475 1235 3522 in
1263 3470 1444 3523 virtute
1469 3478 1582 3523 ιιια.
1618 3469 1855 3523 Ostende
1896 3468 2001 3522 illis
2042 3468 2162 3537 quia

571 3571 627 3617 ιιι
657 3561 810 3617 fortis
833 3576 913 3625 es,
945 3576 1051 3616 non
1076 3561 1175 3630 ipsi
1203 3564 1293 3631 qui
1322 3559 1391 3616 de
1422 3560 1614 3613 virtute
1640 3574 1734 3614 Sua
1767 3559 2160 3629 prmsumendo,

568 3655 848 3709 veritatem
882 3663 1026 3709 tuam
1068 3656 1181 3707 non
1215 3661 1580 3721 cognoverunt
1622 3669 1635 3703 :
1681 3666 1786 3705 non
1828 3651 2015 3721 quales
2062 3651 2162 3719 ipsi

569 3746 737 3802 fortes
755 3754 899 3812 sunt,
929 3745 998 3800 de
1023 3744 1215 3814 quibus
1240 3744 1440 3797 dictum
1467 3751 1571 3807 est,
1604 3741 1877 3796 lrruerunt
1904 3760 2055 3813 super
2082 3759 2164 3796 me

569 3840 760 3909 fol-tes;
795 3835 890 3891 sed
927 3835 1103 3905 qualis
1128 3843 1186 3889 ιιι
1229 3833 1385 3888 fortis
1413 3833 1481 3887 ad
1520 3832 1905 3901 dispin-gendos
1945 3848 2061 3886 eos.
2092 3828 2162 3884 Et

562 3928 733 3983 deduc
754 3943 859 3993 eos,
891 3936 1142 3993 protector
1168 3941 1308 3979 meus
1337 3923 1552 3977 Domine
1582 3940 1599 3977 :
1626 3923 1676 3976 id
1704 3932 1805 3983 est,
1833 3923 1911 3976 sic
1929 3938 2021 3977 eos
2047 3923 2157 3977 dis-

566 4032 768 4090 perge,
809 4026 868 4072 ut
911 4032 1019 4071 non
1054 4031 1148 4072 eos
1175 4015 1432 4082 deseras,
1479 4014 1745 4084 nequando
1803 3998 2161 4067 obliviscantur

568 4110 691 4182 legis
728 4118 860 4174 tute;
893 4117 949 4165 et
975 4109 1027 4163 in
1052 4124 1120 4164 eo
1156 4108 1273 4178 ipso
1299 4123 1387 4161 me
1413 4115 1662 4177 protegas
1681 4147 1697 4171 ,
1731 4116 1786 4158 ιιι
1814 4106 1882 4159 de
1920 4106 2155 4173 ipsorum

564 4203 899 4273 dispersione
941 4201 1167 4256 habeam
1207 4197 1573 4254 testimonium
1618 4198 1999 4252 misericordias.
2030 4208 2154 4251 tum.

536 4286 537 4289 “
636 4295 691 4349 5.
734 4294 800 4348 Et
827 4292 1069 4363 sequitur
1091 4290 1317 4346 :Delicta
1345 4290 1448 4344 oris
1468 4306 1661 4355 eorum,
1686 4305 1965 4342 sermonmt
1994 4289 2157 4343 labio-

560 4398 674 4440 rum
724 4401 918 4439 eorum.
970 4383 1088 4449 Quo
1132 4381 1507 4451 coniungitur,
1534 4395 1639 4450 quo
1673 4380 2011 4434 connectitur
2056 4381 2155 4434 ista

559 4477 823 4533 sententia
840 4475 865 4529 ?
884 4475 1103 4539 Delicta,
1119 4473 1311 4544 inquit,
1333 4474 1435 4527 oris
1459 4489 1655 4536 eorum,
1686 4488 1967 4527 sermonem
1994 4471 2156 4527 labio-

555 4584 671 4621 rum
695 4583 887 4621 eorum.
916 4565 1199 4637 Sequentia
1244 4579 1348 4619 non
1375 4564 1445 4617 ita
1472 4571 1880 4629 connectuntur,
1916 4572 1972 4619 ut
1997 4564 2155 4621 doce-

554 4666 649 4712 ant
667 4671 763 4711 nos
782 4672 890 4727 quo
917 4657 1272 4725 coniungatur
1296 4654 1394 4708 ista
1411 4654 1693 4709 sententia.
1721 4653 1936 4719 Delicta,
1962 4656 2151 4726 inquit,

555 4749 661 4803 oris
685 4764 858 4803 eorum
883 4789 898 4813 ,
921 4762 1199 4801 sermonem
1237 4745 1486 4799 Iabiorum
1513 4760 1686 4798 eorum
1713 4761 1731 4797 :
1753 4752 1799 4797 et
1825 4732 2152 4815 comprehen-

552 4838 742 4897 dantur
784 4838 839 4891 in
883 4837 1117 4906 superbia
1149 4853 1263 4910 sua.
1315 4832 1383 4889 Et
1410 4850 1474 4888 ea:
1499 4834 1763 4889 maledicto
1800 4845 1846 4889 et
1890 4836 2151 4891 mendacio

550 4930 989 4987 annuntiabuntur
1014 4928 1487 4991 consummationes,
1502 4928 1555 4981 in
1578 4928 1658 4981 ira
1681 4928 2146 4994 consummationis,

548 5034 600 5080 ct
625 5040 728 5078 non
752 5030 918 5077 erum.
951 5019 1064 5076 Hoc
1086 5021 1368 5075 obscurum
1390 5018 1549 5073 etiam
1582 5016 1695 5075 heri
1724 5018 2031 5075 dixeramus
2049 5061 2064 5083 ,
2093 5030 2149 5077 et

550 5115 673 5172 ideo
698 5114 765 5169 ad
795 5107 1124 5169 recentiores
1151 5119 1358 5167 mentes
1383 5120 1591 5167 vestras
1619 5109 2008 5181 expositionem
2029 5112 2145 5166 dis-

547 5206 859 5263 tuleramus.
908 5203 1058 5259 Nunc
1110 5203 1320 5272 itaque,
1368 5202 1619 5271 quoniam
1658 5201 1895 5255 nondum
1940 5200 2143 5275 fatigati

544 5298 677 5355 estis
703 5297 757 5351 in
786 5294 1069 5361 audiendo,
1100 5295 1286 5365 erigite
1314 5294 1476 5349 corda
1501 5303 1561 5348 ιιι
1584 5288 1846 5363 adiuvetis
1869 5310 1955 5349 me
1971 5296 2143 5352 inten-

543 5388 713 5455 tione;
743 5404 811 5451 ne
831 5385 969 5442 forte
1001 5386 1054 5440 in
1081 5386 1405 5440 obscuritate
1430 5392 1485 5439 et
1510 5383 1869 5455 perplexitate
1895 5386 2139 5456 aliquam-

543 5491 658 5536 tum
688 5496 869 5537 sermo
897 5489 1080 5534 noster
1110 5494 1216 5532 non
1256 5478 1484 5533 sufﬁciat
1515 5476 1796 5533 intentioni
1823 5489 2052 5534 vestrae:
2083 5489 2140 5535 et

537 5573 748 5628 debetis
765 5570 961 5641 aliquid
992 5579 1046 5625 ct
1068 5586 1098 5623 a
1129 5570 1282 5624 vobis
1305 5569 1518 5636 afferre,
1540 5577 1598 5623 ut
1615 5568 1755 5639 quod
1787 5583 1886 5623 nos
1910 5568 2138 5626 dicendo

539 5680 647 5719 non
691 5663 1113 5734 impleverimus,
1161 5662 1504 5733 intelligendo
1543 5661 1853 5732 supplcatis.
1876 5662 1964 5717 Sic
2003 5678 2134 5736 ergo

536 5756 705 5825 posita
754 5762 839 5811 est
882 5754 980 5810 ista
1026 5755 1283 5810 sententia
1326 5756 1378 5809 in
1412 5754 1705 5819 medio,ut
1748 5771 1854 5828 quo
1878 5755 2131 5828 jungatur

1829 352 1888 409 S.
1930 350 2293 410 AUGUSTlNl
2338 354 2637 412 EPISCOPI

2284 372 2293 407 ι
2339 372 2637 412 u-tawrt
3728 372 3835 431 .708

2284 459 2392 499 non
2438 445 2592 503 facile
2631 446 2905 504 videamus
2935 467 2951 505 :
2985 448 3181 507 Delicta
3224 454 3328 510 oris
3365 452 3574 526 eorum,
3598 476 3835 519 sermonem

2283 535 2534 591 (abiaram
2554 554 2749 594 eorum.
2764 539 3132 599 'Becurramus
3151 558 3280 616 ergo
3302 546 3371 602 ad
3405 550 3690 619 superiora.
3718 556 3837 621 Quo-

2248 696 2253 701 .
2284 627 2429 683 niam
2453 628 2687 695 dixerat,
2715 629 2799 687 Ne
2816 633 3060 688 occideris
3084 651 3198 701 eos,
3226 642 3493 710 nequando
3520 641 3839 700 obliviscantur

2283 719 2411 791 legis
2436 731 2559 788 tute,
2586 737 2722 793 quos
2751 732 2926 780 tamen
2957 725 3163 783 dixerat
3189 729 3454 798 inimicos;
3474 734 3700 805 adiunxit
3727 738 3840 795 duos

2284 810 2577 867 versiculos
2597 853 2613 880 ,
2646 813 2893 886 Disperge
2916 832 3002 871 eos
3026 817 3079 871 in
3116 818 3297 873 uirtute
3324 830 3413 875 tua
3435 864 3451 889 ,
3474 834 3523 878 et
3555 826 3705 880 deduc
3734 844 3808 884 eos
3826 870 3839 893 ,

2282 911 2532 971 protector
2546 919 2684 959 meus
2708 903 2926 958 Domine
2948 922 2968 960 :
2986 915 3039 961 et
3057 907 3311 963 continuo
3338 911 3533 981 intulit,
3559 915 3740 973 Delicta
3756 922 3842 976 eris

2280 1008 2474 1060 eorum,
2502 1010 2782 1050 sermonem
2799 992 3048 1051 labiorum
3066 1015 3261 1062 eorum.
3296 1002 3397 1057 hoc
3425 1015 3525 1071 est,
3559 1008 3697 1063 illum
3715 1013 3842 1065 occi-

2280 1076 2369 1143 de,
2401 1093 2508 1132 non
2546 1079 2713 1149 ipsos.
2746 1079 2866 1135 Non
2892 1098 3021 1153 ergo
3039 1084 3283 1141 occideris
3317 1104 3428 1152 eos,
3454 1093 3707 1161 nequando
3732 1097 3843 1149 obli-

2280 1170 2539 1225 viscantur
2562 1173 2686 1242 tegis
2726 1182 2828 1227 tua:
2856 1190 2875 1228 :
2902 1176 2996 1229 sed
3036 1186 3119 1231 est
3144 1179 3285 1247 quod
3324 1181 3376 1234 in
3408 1182 3512 1238 illis
3539 1186 3738 1242 occidas
3755 1230 3770 1251 ,
3798 1197 3845 1245 ut

2277 1256 2500 1328 impleas
2515 1261 2657 1331 quod
2677 1277 2834 1333 supra
2856 1263 3056 1319 dictum
3076 1276 3192 1334 est,
3211 1266 3334 1322 Non
3354 1273 3631 1329 miserearis
3647 1280 3845 1333 omnium

2277 1352 2363 1421 qui
2388 1362 2662 1423 operantur
2684 1355 3015 1425 iniquitatem.
3049 1357 3300 1432 Disperge
3322 1378 3449 1433 ergo
3470 1364 3615 1433 illos,
3640 1380 3684 1424 et
3701 1372 3846 1427 deduc

2277 1456 2361 1495 eos
2389 1456 2409 1496 :
2438 1442 2488 1497 id
2517 1451 2601 1498 est
2624 1482 2641 1507 ,
2674 1446 2782 1501 noli
2818 1445 3071 1504 deserere
3092 1489 3108 1514 ,
3131 1465 3252 1505 cum
3282 1453 3580 1525 dispergis;
3607 1461 3717 1530 quia
3755 1480 3847 1519 non

2276 1530 2574 1588 deserendi»
2603 1534 2769 1592 habes
2796 1536 2920 1608 quid
2941 1537 2995 1594 in
3024 1539 3131 1597 illis
3158 1558 3303 1612 agas,
3333 1560 3453 1601 cum
3476 1547 3618 1620 ipsos
3643 1568 3741 1608 non
3770 1572 3850 1610 oc-

2276 1624 2431 1679 cidis.
2461 1626 2597 1692 Quid
2635 1642 2763 1699 ergo
2788 1630 3047 1687 occides?
3067 1631 3269 1688 Delicta
3306 1638 3409 1691 oris
3443 1654 3617 1695 coruos
3638 1682 3653 1707 ,
3679 1662 3851 1701 seruio-

2277 1731 2391 1770 nem
2434 1716 2684 1773 labiorum
2708 1736 2903 1775 eorum.
2925 1722 3065 1789 Quid
3091 1725 3143 1779 in
3171 1725 3274 1780 illis
3300 1727 3514 1786 occides
3535 1731 3559 1785 3
3581 1730 3819 1807 Cruciﬁge
3834 1780 3848 1801 .

2275 1807 2519 1899 cruci/Ege
2550 1808 2569 1878 (
2587 1808 2852 1867 Joan.xtx
2872 1852 2888 1877 ,
2908 1812 3165 1885 6);quod
3202 1817 3602 1887 clamaverunt,
3636 1840 3735 1879 non
3771 1828 3852 1899 qui

2275 1896 2664 1955 clamaverunt.
2688 1901 2767 1957 Illi
2800 1903 2946 1959 enim
2974 1903 3246 1963 Christum
3275 1909 3458 1967 delere
3476 1954 3491 1979 ,
3520 1896 3817 1974 interimere
3838 1960 3852 1985 .

2276 1991 2502 2060 perdere
2532 1993 2814 2050 voluerunt
2844 2012 2859 2050 :
2893 2004 2948 2051 tu
2988 2008 3168 2054 autem
3199 2005 3562 2061 resuscitaudo
3598 2007 3854 2068 Christum

2275 2097 2435 2153 quem
2467 2084 2693 2179 perdere
2733 2087 3052 2157 voluerunt,
3084 2092 3285 2159 occidis
3308 2096 3492 2150 delicta
3528 2102 3631 2154 oris
3656 2120 3821 2159 eorum
3848 2149 3860 2179 τ

2272 2189 2555 2229 sermonem
2593 2177 2845 2232 labiorum
2880 2196 3074 2235 eorum.
3099 2182 3307 2255 Quippe
3334 2201 3492 2257 quem
3542 2177 3855 2261 perdendum

2274 2264 2664 2331 clamaverunt,
2690 2271 2872 2326 vivere
2909 2286 3303 2343 expavescunt;
3330 2288 3386 2333 et
3421 2286 3581 2350 quem
3622 2284 3674 2339 iu
3722 2296 3858 2343 terra

2273 2368 2730 2445 contempserunt,
2753 2363 2807 2418 in
2837 2363 2977 2420 caelo
3004 2365 3216 2423 adorari
3242 2370 3311 2425 ab
3336 2373 3587 2430 omnibus
3622 2382 3857 2446 gentium

2271 2448 2608 2505 admirantur
2638 2471 2650 2506 :
2676 2454 2757 2509 sic
2799 2454 3118 2513 occiduntur
3163 2457 3359 2517 delicta
3408 2464 3518 2519 oris
3565 2482 3784 2535 eorum,
3810 2480 3857 2526 et

2273 2557 2456 2598 sermo
2487 2545 2747 2601 Iabiorum
2779 2561 2986 2602 eorum.

2344 2636 2397 2690 4.
2439 2633 2507 2689 Et
2539 2638 3029 2707 comprehendantur
3067 2640 3121 2697 in
3161 2642 3397 2713 superbia
3433 2662 3550 2700 sua.
3580 2648 3717 2718 Quid
3743 2661 3857 2719 est,

2272 2726 2764 2795 contprehendautur
2787 2730 2842 2783 in
2864 2730 3101 2799 superbia
3124 2748 3220 2786 sua
3235 2733 3262 2787 .’
3288 2734 3422 2802 Quia
3449 2736 3644 2793 frustra
3684 2740 3860 2806 irrue-

2272 2827 2397 2871 runt
2425 2817 2590 2873 fortes
2610 2860 2628 2887 ,
2656 2828 2711 2876 et
2738 2822 2887 2891 quasi
2914 2822 3078 2877 cessit
3104 2823 3208 2881 illis
3230 2834 3289 2880 ut
3316 2826 3516 2897 aliquid
3546 2828 3644 2884 sibi
3675 2828 3861 2891 fecisse

2271 2907 2613 2974 viderentur,
2642 2918 2693 2965 et
2733 2912 3125 2979 prmvalnerunt
3160 2915 3402 2972 Domino.
3434 2918 3730 2978 Potuerunt
3766 2923 3861 2981 hoc

2272 3000 2471 3055 minem
2513 3000 2869 3073 cruciﬁgere,
2911 3005 3084 3077 potuit
3124 3005 3409 3064 infirmitas
3451 3015 3787 3083 praevalere,
3813 3026 3861 3074 et

2270 3093 2440 3148 virtus
2464 3094 2657 3161 occidi;
2674 3105 2729 3149 et
2752 3095 2849 3151 visi
2873 3097 2975 3152 sibi
2998 3108 3121 3155 sunt
3136 3100 3357 3171 aliquid.
3378 3103 3523 3160 velut
3540 3103 3733 3174 fortes,
3756 3110 3861 3166 vel-

2272 3195 2325 3238 ut
2357 3195 2600 3265 potentes
2620 3226 2637 3253 ,
2682 3188 2825 3243 velut
2848 3190 3204 3259 praevalentes
3227 3234 3242 3259 ,
3266 3180 3412 3251 velut
3442 3196 3528 3252 leo
3553 3208 3776 3268 paratus
3800 3202 3859 3257 al

2273 3274 2525 3339 pru'dattl,
2556 3275 2700 3330 velut
2727 3279 2861 3333 tauri
2888 3280 3129 3349 pingues,
3160 3285 3297 3339 sicut
3318 3299 3411 3339 eos
3438 3287 3545 3341 alio
3573 3290 3697 3347 loco
3720 3308 3863 3349 como

2272 3376 2532 3420 memorat
2558 3385 2570 3421 :
2599 3366 2755 3422 Tauri
2777 3371 2989 3440 pingues
3013 3371 3308 3429 obsederunt
3329 3375 3592 3449 me(Psal.
3611 3397 3729 3450 xxi,
3754 3387 3865 3454 l5).

2268 3457 2403 3526 Quid
2433 3470 2610 3514 autem
2638 3460 2879 3517 fecerunt
2909 3466 2959 3518 in
2985 3463 3372 3524 ChristoiNon
3396 3472 3579 3539 vitam,
3601 3476 3701 3531 sed
3724 3493 3867 3533 mor-

2271 3561 2375 3605 tem
2401 3551 2729 3607 occiderunt.
2753 3553 3027 3611 Exstincta
3068 3558 3265 3629 quippe
3291 3573 3463 3618 morte
3487 3563 3540 3618 in
3571 3568 3865 3638 moriente,

2267 3650 2321 3693 et
2358 3652 2669 3711 resurgente
2698 3643 2802 3698 vita
2844 3644 2912 3700 de
2942 3659 3117 3704 morte
3161 3650 3213 3703 in
3247 3652 3265 3683 ί
3286 3652 3498 3710 vivente
3522 3695 3540 3722 ,
3563 3659 3774 3714 etenim
3816 3669 3867 3717 et

2269 3734 2381 3804 ipse
2406 3748 2466 3789 se
2486 3737 2843 3799 resuscitavit,
2872 3740 2993 3808 quia
3023 3751 3138 3796 erat
3162 3742 3215 3796 in
3248 3743 3338 3799 illo
3356 3754 3411 3801 et
3428 3747 3570 3815 quod
3595 3752 3738 3805 mori
3763 3768 3865 3807 non

2267 3824 2469 3895 potuit,
2499 3816 2623 3895 quid
2643 3826 2935 3883 fecerunt?
2959 3831 3093 3885 Audi
3120 3833 3247 3902 quid
3272 3833 3512 3892 fecerunt
3538 3852 3554 3893 :
3580 3832 3868 3897 solverunt

2266 3916 2543 3984 templum.
2576 3917 2711 3985 Quid
2757 3912 2885 3972 vero
2926 3921 3040 3991 ipse
3082 3920 3243 3979 fecit?
3272 3924 3475 3983 Triduo
3518 3933 3869 3988 resuscitavit

2266 4005 2394 4061 illud
2421 4007 2598 4077 (Joan.
2630 4026 2684 4071 ιι,
2720 4011 2829 4077 l9).
2866 4012 2967 4066 Per
2998 4013 3100 4068 hoc
3124 4031 3252 4086 ergo
3280 4020 3457 4073 occisa
3495 4031 3625 4076 sunt
3668 4024 3867 4080 delicta

2263 4097 2374 4152 oris
2397 4112 2606 4165 eorum,
2626 4104 3155 4160 etsermolabiornm
3181 4101 3388 4163 eorum.
3413 4110 3483 4165 Et.
3500 4113 3632 4183 quid
3645 4118 3763 4184 jam
3793 4117 3869 4170 fa-

2262 4198 2405 4243 ctum
2426 4200 2510 4243 est
2536 4191 2588 4243 in
2608 4192 2696 4245 his
2724 4194 2814 4262 qui
2835 4195 3077 4250 conversi
3095 4199 3257 4252 sunt?
3276 4196 3341 4252 Et
3362 4194 3867 4270 comprehendantur

2260 4281 2315 4334 in
2354 4283 2588 4351 superbia
2613 4300 2727 4336 sua.
2772 4284 2976 4367 Dictum
3003 4296 3085 4342 est
3108 4290 3249 4343 enim
3288 4290 3392 4346 illis
3417 4296 3537 4363 quia
3569 4295 3666 4351 ille
3701 4312 3868 4368 quem

2260 4372 2590 4439 occiderunt,
2618 4376 2930 4430 resurrexit.
2949 4375 3300 4435 crediderunt
3325 4397 3448 4436 enm
3470 4372 3867 4454 resin-rexisse,

2259 4465 2381 4533 quia
2411 4465 2656 4520 viderunt
2684 4483 2806 4521 eum
2852 4467 2905 4523 in
2953 4470 3091 4525 caelo
3134 4472 3686 4541 positnm,Spiritum
3736 4495 3870 4533 sam

2258 4566 2401 4609 etum
2434 4556 2558 4612 inde
2584 4559 2882 4624 misisse,et
2910 4576 3004 4616 eos
3028 4564 3115 4633 qui
3145 4565 3196 4618 in
3224 4564 3372 4620 illum
3387 4560 3868 4627 credideruntim—

2260 4647 2486 4717 plevisse
2512 4641 2650 4719 (Act.
2680 4666 2717 4712 ι.
2750 4651 2784 4706 9
2804 4694 2819 4717 ,
2849 4663 2894 4706 ct
2919 4669 2979 4720 ιι,
3006 4657 3096 4725 4);
3128 4664 3183 4711 et
3210 4658 3526 4715 invenerunt
3549 4677 3609 4716 se
3641 4673 3705 4719 et
3731 4664 3871 4722 nihil

2256 4739 2562 4807 damnasse,
2592 4749 2647 4796 et
2674 4743 2806 4799 nihil
2835 4746 3043 4802 fecisse.
3071 4747 3289 4813 Factum
3318 4765 3503 4807 eorum
3547 4754 3599 4809 in
3647 4756 3872 4814 irritum

2255 4834 2439 4899 venit;
2472 4845 2744 4904 peccatum
2771 4838 3048 4895 remansit.
3075 4840 3210 4907 Quia
3235 4858 3362 4913 ergo
3390 4843 3585 4901 factum
3615 4864 3870 4905 evacuao

2256 4934 2365 4980 tum
2393 4935 2477 4982 est
2496 4968 2513 4994 ,
2541 4938 2815 4998 peccatum
2845 4942 3024 4986 autem
3056 4937 3312 4991 remansit
3356 4952 3517 5008 super
3549 4934 3873 5013 iacientes;

2251 5018 2625 5088 comprehensi
2666 5030 2791 5075 sunt
2814 5021 2869 5090 in
2909 5025 3158 5094 superbia
3181 5041 3277 5082 sua
3306 5069 3321 5095 ,
3348 5029 3597 5087 viderunt
3644 5049 3715 5090 se
3763 5037 3872 5090 sub

2251 5108 2529 5180 iniquitate
2555 5125 2673 5165 sua.
2699 5110 2950 5169 Restabat
2981 5129 3110 5186 ergo
3138 5126 3197 5172 ut
3234 5118 3624 5177 conﬁterentur
3671 5140 3871 5196 pecca-

2249 5210 2405 5267 tum,
2434 5208 2490 5255 et
2532 5200 2625 5255 ille
2677 5202 2978 5272 ignosceret
3023 5207 3112 5276 qui
3172 5210 3513 5277 peccantibus
3562 5227 3866 5283 cesserat,

2247 5300 2301 5345 et
2345 5300 2570 5347 mortem
2607 5308 2758 5348 suam
2801 5294 3026 5353 donaret
3064 5299 3277 5355 occisus
3321 5316 3353 5356 a
3391 5306 3663 5373 mortuis,
3697 5316 3761 5362 et
3786 5309 3869 5363 vi-

2246 5382 2469 5439 viticans
2493 5394 2756 5441 utortuos.
2787 5385 3168 5459 Comprehensi
3198 5402 3324 5449 sunt
3350 5410 3478 5467 ergo
3509 5397 3563 5453 in
3587 5401 3865 5472 superbia

2244 5488 2359 5528 sua.

2314 5566 2368 5622 5.
2397 5564 2466 5621 Et
2484 5583 2547 5623 ea:
2572 5570 2841 5625 maledicto
2874 5580 2921 5626 et
2954 5554 3695 5640 mendacioannuntiabuntur
3720 5601 3861 5641 coss-

2305 5770 2321 5800 ι
2358 5774 2478 5819 'n'es
2498 5771 2710 5821 mellcrls
2732 5782 2858 5823 notat
2878 5781 3002 5835 κω..
3024 5788 3056 5826 a
3078 5773 3273 5829 simne.
