3934 6320
165 394 266 453 709

167 514 516 570 summotiones
540 554 553 568 .
587 510 640 563 in
671 509 747 562 ira
768 505 1217 562 consummationis
1244 544 1258 566 ,
1281 515 1327 556 ct
1354 518 1453 554 non
1493 507 1662 552 erunt.
1693 494 1759 548 Et

168 608 262 660 hoc
300 604 513 659 diflicile
564 602 914 667 intelligitur,
945 614 1051 668 quo
1076 596 1329 665 jungatur
1368 602 1415 646 ct
1453 608 1552 644 non
1589 597 1756 641 erunt.

167 699 296 766 Quid
335 714 436 749 non
462 707 608 748 erant
627 694 654 747 .9
679 693 964 746 Videamus
990 705 1116 756 ergo
1142 687 1476 755 superiorem
1504 692 1706 737 textum
1741 698 1755 733 :

166 805 281 842 eum
299 784 677 856 comprehensi
701 783 896 838 fuerint
916 782 967 834 in
987 779 1233 847 superbia
1257 792 1371 837 sua,
1387 773 1760 828 annuntiabun-

166 891 246 933 tur
261 894 326 933 ea:
340 878 610 931 maledicto
639 888 684 930 et
707 873 966 927 mendacio
987 869 1462 924 consummationes.
1481 866 1611 930 Qum
1637 872 1759 917 Sunt

164 970 652 1026 consummationes
673 967 697 1019 ?
721 958 1126 1021 Perfectiones':
1164 957 1525 1014 consummari
1569 955 1712 1009 enim
1739 994 1755 1017 ,

165 1062 348 1132 perlici
393 1071 497 1116 est.
545 1059 700 1113 Aliud
741 1066 824 1112 est
863 1052 1270 1116 consummari,
1297 1049 1442 1104 aliud
1491 1045 1756 1102 consumi.

164 1156 578 1207 Consummatur
611 1151 751 1204 enim
787 1147 928 1216 quod
967 1146 1045 1198 sic
1092 1143 1272 1196 linitur
1311 1149 1368 1193 ut
1416 1137 1757 1208 perficiatur:

165 1245 497 1302 consumitur
521 1243 662 1310 quod
691 1241 768 1292 sic
798 1238 982 1291 linitur
1015 1245 1070 1288 ut
1098 1249 1204 1287 non
1231 1232 1320 1285 sit.
1351 1227 1609 1295 Superbia
1651 1240 1758 1280 non

164 1317 510 1402 permittebat
533 1332 802 1385 hominem
836 1326 1040 1401 perfici;
1073 1324 1204 1379 nihil
1233 1322 1310 1376 sic
1337 1319 1558 1388 impedit
1586 1315 1745 1386 perfe-

164 1427 416 1479 ctionem.
450 1421 696 1476 luteutlat
741 1420 937 1489 quippe
980 1415 1223 1470 Charitas
1258 1411 1441 1466 Vestra
1485 1407 1756 1477 paululum

163 1517 226 1572 ad
267 1517 317 1572 id
347 1516 491 1588 quod
529 1515 685 1579 dico;
713 1521 768 1564 et
788 1511 962 1564 videte
1004 1508 1202 1561 malum
1246 1505 1404 1558 nimis
1433 1501 1712 1554 molestum
1739 1539 1754 1564 ,

165 1609 319 1664 nimis
372 1607 694 1663 cavendum.
749 1602 915 1671 Quale
971 1600 1168 1653 malum
1221 1593 1452 1664 putatis?
1489 1589 1758 1656 Quamdiu

165 1714 478 1769 exaggerem
515 1697 640 1766 quid
674 1695 796 1748 ntali
839 1693 908 1746 sit
950 1691 1004 1744 in
1042 1685 1328 1757 superbia?
1358 1683 1608 1737 Diabolus
1634 1679 1758 1733 inde

165 1794 332 1845 solum
363 1787 664 1860 puniendus
690 1796 791 1840 est.
814 1787 968 1837 Certe
990 1782 1236 1851 princeps
1257 1784 1338 1830 est
1367 1772 1603 1828 omnium
1636 1785 1757 1840 pec-

166 1894 402 1937 tutorum
425 1924 440 1945 ,
472 1891 621 1935 certe
649 1877 899 1933 seductor
924 1884 1007 1928 est
1041 1871 1105 1924 ad
1150 1867 1476 1939 peccandum
1507 1883 1522 1919 ι
1556 1881 1661 1917 non
1705 1862 1756 1915 ei

168 1975 456 2044 imputatur
481 1970 819 2031 adulterium,
853 1981 958 2020 non
993 1961 1302 2023 vinolentia,
1323 1974 1430 2012 non
1455 1954 1752 2027 fornicatio,

167 2082 266 2120 non
296 2065 480 2133 rapina
508 2077 686 2118 rerum
713 2061 1026 2118 alienarum;
1049 2053 1162 2108 sola
1183 2050 1430 2120 superbia
1453 2047 1633 2116 lapsus
1652 2054 1753 2099 est.

169 2159 232 2214 Et
255 2155 507 2228 quoniam
537 2151 803 2222 superbiae
827 2162 1009 2204 comes
1029 2154 1114 2201 est
1142 2142 1428 2199 invidentia
1446 2181 1461 2202 ,
1493 2137 1606 2192 fieri
1648 2150 1754 2189 non

362 2257 427 2301 ut
457 2243 720 2315 superbus
749 2257 855 2295 non
881 2239 1116 2293 invideat
1147 2253 1162 2290 :
1194 2249 1257 2288 cx
1288 2234 1390 2288 hoc
1412 2230 1576 2292 vitio,
1612 2224 1755 2297 quod

166 2318 466 2408 superbiam
514 2333 817 2390 necessario
854 2331 1097 2401 sequitur
1122 2367 1137 2390 .
1160 2326 1341 2396 lapsus
1366 2323 1527 2378 etiam
1570 2318 1756 2375 invidit

167 2433 353 2495 stanti,
380 2440 437 2486 et
477 2429 624 2483 dedit
667 2440 885 2495 operam
926 2423 1184 2480 seducere
1227 2418 1497 2472 hominem
1524 2457 1541 2481 ,
1571 2429 1640 2468 ne
1665 2413 1756 2466 illo

170 2524 429 2578 levaretur
446 2519 585 2574 unde
597 2519 685 2574 ille
695 2517 936 2586 dejectus
950 2521 1050 2568 est.
1067 2511 1132 2567 Et
1151 2509 1268 2565 ideo
1280 2508 1472 2577 satagit
1489 2520 1611 2560 vera
1629 2519 1754 2574 pcr-

168 2613 386 2688 suadere
408 2622 645 2684 pccmta,
670 2611 793 2679 quia
823 2608 979 2661 talem
1001 2604 1234 2675 judicem
1264 2601 1521 2655 habemus
1547 2597 1637 2653 ubi
1660 2597 1757 2651 ob-

168 2707 322 2777 iicere
347 2706 481 2760 falsa
509 2719 614 2760 non
644 2702 827 2772 possit.
846 2699 980 2755 Nam
997 2698 1041 2752 si
1059 2695 1196 2766 apud
1215 2693 1453 2764 judicem
1480 2690 1751 2745 hominem

169 2809 410 2869 ageretur
435 2781 596 2852 causa
625 2805 800 2848 nostra
821 2834 837 2859 ,
865 2805 1024 2861 quem
1066 2797 1247 2859 posset
1295 2786 1480 2841 fallere
1505 2782 1756 2838 crimina-

169 2890 393 2945 tionibus
441 2887 629 2951 falsis;
657 2899 761 2939 non
803 2884 1025 2938 multum
1068 2887 1251 2949 ageret
1288 2887 1342 2930 ut
1379 2887 1753 2946 peecaremns;

169 2981 280 3051 quia
295 2981 533 3051 jndicem
557 2975 808 3039 fallendo,
825 2983 882 3029 et
899 2973 1210 3027 innocentes
1233 2976 1412 3038 posset
1429 2966 1751 3037 opprimere.

167 3086 219 3131 et
253 3075 647 3130 circumventos
697 3067 764 3122 ad
799 3082 860 3123 se
903 3065 1216 3126 traducere,
1246 3075 1301 3116 et
1341 3073 1524 3115 secum
1558 3060 1756 3113 condc-

169 3167 330 3221 muari
361 3164 541 3218 facere
574 3181 588 3215 :
623 3176 766 3216 nunc
793 3173 920 3213 vero
945 3156 1067 3228 quia
1093 3154 1194 3209 scit
1219 3153 1378 3206 talem
1401 3149 1638 3218 jndicem
1664 3163 1753 3216 qui

168 3256 270 3312 (alii
288 3254 626 3324 non-possit,
650 3261 706 3307 et
723 3250 844 3322 quia
868 3250 970 3303 scit
993 3263 1115 3301 eum
1141 3246 1340 3314 justum
1374 3256 1633 3312 personas
1661 3254 1753 3292 ac-

168 3350 340 3419 cipere
370 3362 477 3401 non
511 3359 697 3415 posse;
727 3343 857 3395 tales
883 3341 934 3395 ei
969 3339 1079 3393 vult
1111 3352 1231 3391 reos
1263 3334 1554 3404 perducere
1578 3373 1593 3396 ,
1621 3346 1755 3400 quos

170 3456 383 3495 necesse
410 3438 481 3492 sit
513 3448 570 3491 ut
589 3437 826 3496 damnet,
848 3433 971 3502 quia
991 3431 1166 3502 juStus
1186 3438 1287 3484 est.
1320 3429 1417 3481 Dat
1439 3427 1756 3494 itaqueam-

169 3549 276 3588 ram
308 3544 364 3586 ut
397 3530 680 3602 peccemus
709 3528 818 3580 sola
852 3523 1162 3588 invidentia,
1194 3536 1312 3590 qua:
1344 3515 1632 3572 invidentia
1657 3529 1756 3569 ne-

171 3640 314 3680 cesse
358 3633 446 3679 est
488 3632 544 3675 ut
586 3620 869 3675 comitetur
897 3614 1218 3684 superbiam.
1247 3611 1367 3666 Iloc
1398 3623 1525 3676 ergo
1555 3605 1755 3660 malum

170 3716 409 3784 superbia
438 3725 521 3768 est
545 3755 561 3778 ,
587 3711 883 3777 impediens
917 3705 1318 3776 perfectionem.
1345 3699 1519 3754 Jactct
1543 3711 1671 3765 ergo
1697 3709 1757 3749 se

169 3809 385 3877 quisque
402 3806 468 3860 de
489 3802 704 3871 divitiis,
723 3802 882 3867 iactet
904 3798 969 3853 de
991 3793 1384 3866 pulchritudine
1400 3789 1535 3843 etde
1557 3786 1756 3842 viribus

169 3876 446 3967 corporis:
489 3895 589 3948 ista
636 3879 780 3946 certe
828 3889 1009 3944 omnia
1054 3884 1296 3940 mortalia
1346 3890 1510 3944 sunt;
1546 3876 1754 3932 ridendi

170 3999 285 4044 sunt
312 3990 401 4058 qui
423 4003 485 4042 se
509 3986 578 4041 de
599 3983 910 4037 mortalibus
933 3981 1157 4049 jactaut,
1187 3993 1216 4029 a
1242 3975 1433 4045 quibus
1459 3973 1618 4027 rebus
1643 3970 1756 4041 ple-

172 4097 388 4150 rumque
422 4089 516 4133 aut
553 4077 655 4131 vivi
678 4076 1000 4131 deseruntur
1023 4114 1038 4136 ,
1065 4082 1158 4125 aut
1184 4069 1376 4123 mortui
1411 4083 1504 4121 eas
1533 4079 1756 4120 necesse

168 4183 251 4229 est
285 4184 340 4228 ut
364 4174 636 4228 deserant.
679 4167 809 4224 Illud
836 4176 919 4221 est
944 4165 1125 4219 vitium
1152 4160 1378 4232 capitale
1403 4202 1417 4224 ,
1450 4158 1592 4229 quod
1633 4172 1754 4212 cum

170 4267 390 4336 quisque
414 4263 553 4317 bene
581 4259 883 4331 profecerit,
915 4255 1161 4324 superbia
1188 4263 1452 4312 tentatur,
1479 4261 1535 4304 ut
1565 4249 1758 4320 perdat

172 4363 333 4409 touun
363 4352 509 4423 quod
536 4348 777 4421 profecit.
820 4347 1055 4415 Denique
1083 4344 1260 4396 oumia
1293 4341 1416 4395 vitia
1447 4341 1498 4394 in
1535 4339 1756 4392 malefa-

172 4449 266 4501 ctis
294 4442 526 4499 timenda
566 4452 723 4505 sunt;
750 4437 996 4508 superbia
1047 4437 1098 4490 in
1141 4431 1430 4488 benefactis
1479 4431 1597 4502 plus
1638 4448 1755 4484 nu:-

172 4537 360 4592 tuenda
407 4544 509 4590 cst.
545 4533 657 4587 Non
698 4531 872 4599 itaque
914 4528 1105 4581 mirum
1151 4527 1272 4594 quia
1315 4524 1392 4578 sic
1426 4532 1507 4578 cst
1545 4522 1760 4576 humilis

168 4626 472 4696 Apostolus,
500 4633 555 4676 ut
582 4622 727 4677 dicat
753 4637 766 4674 :
798 4617 1016 4686 Quando
1040 4617 1293 4683 infirmor,
1316 4625 1436 4668 tunc
1458 4616 1603 4687 fartis
1621 4629 1752 4667 sum.

171 4720 294 4775 Nam
324 4719 428 4774 hoc
455 4717 583 4771 vitio
614 4731 680 4769 ne
708 4715 820 4784 ipse
845 4720 1174 4770 tentaretur,
1206 4708 1361 4779 quale
1387 4707 1488 4761 sibi
1517 4707 1754 4761 medica-

169 4815 402 4869 mentum
445 4809 576 4864 dicit
614 4807 914 4877 appositum
943 4810 1124 4856 contra
1159 4810 1453 4865 tumorem,
1485 4815 1514 4851 a
1547 4801 1756 4854 medico

168 4905 252 4975 qui
277 4904 440 4958 sciret
465 4900 589 4970 quid
619 4896 864 4952 curaret?
893 4893 973 4946 Ne
1001 4891 1368 4962 magnitudine,
1403 4891 1590 4959 inquit,
1623 4907 1757 4942 rere-

172 4997 409 5052 lationum
431 4993 648 5048 extoflar
665 5030 682 5056 ,
711 4990 859 5042 datus
899 4995 972 5041 est
996 4986 1116 5039 mihi
1145 4984 1378 5038 stimulus
1404 4984 1570 5036 carnis
1591 4998 1715 5035 mete
1736 5022 1751 5042 ,

172 5093 370 5157 angelus
399 5097 611 5151 satamB,
637 5083 722 5154 qui
742 5080 1134 5145 mecolapltizet.
1164 5065 1536 5145 PrOpter’quod
1556 5086 1630 5129 ter
1654 5075 1758 5128 Do-

169 5182 352 5232 minum
374 5175 571 5248 rogavi,
599 5185 653 5227 ut
672 5172 993 5227 discedente
1009 5185 1108 5231 me;
1136 5178 1184 5221 et
1209 5168 1336 5221 dixit
1357 5167 1522 5219 mihi:
1557 5167 1756 5236 Sufﬁcit

170 5273 252 5324 tibi
303 5271 473 5342 gratia
509 5283 663 5331 mea;
705 5281 824 5318 nam
858 5264 1014 5316 virtus
1058 5261 1112 5314 in
1156 5259 1450 5326 inﬁrmitate
1496 5260 1757 5327 perﬁcitur

171 5365 228 5438 (ll
258 5362 375 5420 Cor.
407 5377 478 5417 xu
501 5404 514 5427 ,
540 5359 715 5428 7-10).
748 5355 935 5410 Videte
961 5371 1079 5427 qua:
1105 5354 1212 5407 sint
1245 5348 1753 5406 censumtnationes.

172 5457 472 5523 Apostolus,
503 5451 695 5507 doctor
721 5449 979 5519 gentium,
1013 5453 1164 5515 pater
1191 5443 1424 5498 fidelium
1457 5457 1551 5512 per
1581 5443 1756 5496 Evan-

170 5547 375 5616 gelium,
396 5541 600 5610 accepit
621 5539 894 5595 stimulum
922 5536 1099 5591 carnis
1124 5551 1152 5588 a
1175 5550 1279 5606 quo
1305 5533 1749 5601 colapbizaretur.

172 5637 291 5704 Quis
335 5644 577 5690 nostrum
607 5631 708 5686 hoc
737 5631 919 5684 dicere
962 5627 1222 5689 auderet,
1255 5626 1357 5680 nisi
1384 5625 1470 5698 ille
1507 5624 1750 5679 confiteri

174 5743 271 5784 non
295 5723 673 5784 erubesceret?
695 5723 750 5777 Si
779 5720 919 5776 enin:-
949 5719 1243 5774 dixerimus
1265 5716 1365 5771 hoc
1393 5734 1497 5770 non
1539 5731 1750 5785 passum

176 5819 329 5877 fuisse
359 5818 578 5875 Paulum
610 5833 627 5884 ;
657 5830 778 5872 cum
829 5813 880 5869 ci
925 5811 1074 5884 quasi
1116 5810 1378 5865 honorem
1425 5808 1748 5879 deferimus,

1235 379 1637 442 ENARRA'I'IO
1675 376 1742 432 IN
1780 374 2104 437 PSALMUM
2145 381 2323 438 LVIII.

3353 401 3460 456 710

1865 495 2174 550 mendacem
2215 496 2460 555 facimus.
2509 499 2614 556 Sed
2662 503 2784 571 quia
2829 520 2988 561 verax
3029 517 3111 563 est
3137 551 3152 575 ,
3184 522 3240 569 et
3269 530 3454 570 verum

1863 582 2017 650 dixit;
2040 601 2252 654 oportet
2273 601 2330 643 ut
2352 591 2636 646 credamus
2657 595 2837 649 datum
2864 597 2936 650 illi
2961 613 3083 655 esse
3104 605 3349 674 angelum
3367 623 3456 660 sa-

1866 687 2022 742 tauze,
2044 694 2109 735 ne
2134 683 2497 751 niagnitudiue
2518 687 2899 745 revelationum
2923 695 3287 754 extolleretur.
3313 700 3455 758 Ecce

1864 784 2022 861 quam
2065 772 2329 827 timendus
2367 785 2450 830 cst
2494 789 2719 844 serpens
2759 783 3053 850 superbiae!
3104 786 3241 853 Quid
3276 791 3454 861 itaque

1864 858 2060 915 factmn
2089 873 2168 915 est
2202 863 2354 918 istis?
2385 865 2439 920 In
2469 878 2693 937 peccato
2729 885 2823 924 sao
2862 874 3237 942 comprehensi
3286 858 3452 949 sunt,

1863 951 1986 1020 quia
2031 953 2299 1008 Christum
2353 957 2701 1023 occiderunt,
2728 969 2782 1014 et
2825 961 2893 1017 de
2934 965 3048 1033 ipsa
3090 971 3451 1030 nwcnitudine

1864 1044 2065 1144 peccati
2129 1044 2243 1112 plus
2287 1045 2548 1102 lntmiliati
2596 1059 2758 1118 sunt,
2817 1061 2872 1105 et
2916 1055 3120 1124 majore
3161 1052 3459 1120 humilitate

1860 1138 1991 1202 erigi
2013 1146 2318 1190 meruerunt
2346 1154 2358 1189 :
2389 1138 2489 1192 hoc
2508 1150 2612 1205 est,
2635 1139 3134 1211 Comprehendantur
3149 1150 3201 1203 in
3224 1156 3460 1217 superbia

1861 1239 1974 1277 sua.
2001 1223 2065 1278 Et
2090 1243 2154 1280 ea;
2183 1228 2451 1282 maledicto
2480 1242 2527 1283 et
2557 1233 2817 1287 mendacio
2855 1241 3291 1296 annuntiabuntur
3332 1263 3460 1299 con-

1862 1317 2219 1370 summationes
2249 1333 2270 1372 :
2298 1320 2346 1372 id
2373 1329 2474 1385 est,
2507 1321 2627 1375 ideo
2659 1326 2825 1392 magis
2855 1329 3217 1393 perlicientur.
3256 1335 3372 1405 quia
3404 1339 3457 1393 in

1863 1406 2147 1462 maledicto
2194 1419 2248 1464 et
2301 1413 2580 1466 mendacio
2624 1414 2947 1483 deprehensi
2999 1432 3146 1478 sunt.
3195 1423 3455 1494 Superbia

1861 1497 2058 1575 quippe
2085 1514 2180 1554 eos
2212 1517 2316 1554 non
2362 1505 2702 1571 permittebat
2749 1510 2927 1575 perlici
2962 1526 2976 1562 :
3005 1510 3206 1568 facinus
3237 1515 3457 1572 abstulit

1861 1574 2161 1657 superbiam
2187 1606 2285 1661 per
2305 1606 2492 1646 eorum
2514 1597 2932 1661 coofessiouem;
2955 1601 3278 1672 indulgentia
3310 1607 3458 1662 dele.

1862 1680 1938 1734 vit
1965 1680 2177 1736 facinus
2207 1699 2302 1752 per
2327 1684 2421 1739 Dei
2454 1688 2850 1742 miserationem
2870 1734 2885 1754 ,
2917 1701 2972 1745 ct
2998 1709 3061 1746 ex
3095 1697 3376 1753 maledicto
3401 1710 3457 1757 et

1863 1769 2140 1825 mendacio
2172 1775 2496 1828 annuntiatte
2536 1787 2660 1830 sunt
2700 1783 3191 1838 consummatioucs
3216 1805 3228 1837 :
3254 1787 3303 1840 id
3336 1799 3455 1857 est,

1860 1860 2059 1915 dictum
2077 1872 2158 1916 est
2188 1861 2410 1926 homini.
2440 1865 2624 1920 Vidisti
2655 1869 2779 1935 quid
2802 1871 2875 1923 sis
2905 1910 2920 1929 .
2947 1874 3161 1928 sensisti
3189 1878 3314 1945 quid
3338 1879 3413 1932 sis
3436 1921 3456 1947 ,

1860 1953 2080 2052 errasti,
2106 1965 2402 2008 excazcams
2423 1970 2483 2010 es
2505 1998 2520 2021 ,
2545 1959 2778 2026 peccain
2799 1970 2852 2013 et
2884 1962 3062 2031 lapsus
3080 1981 3160 2026 es.
3193 1971 3456 2038 agnovisti

1862 2043 2221 2099 infirmitatem
2254 2054 2395 2099 tuam
2421 2062 2436 2112 ;
2459 2048 2696 2117 supplica
2726 2052 2974 2117 medico,
3011 2058 3118 2110 noli
3164 2059 3257 2112 tibi
3291 2061 3458 2120 videri

1860 2143 2042 2186 Satius.
2069 2133 2165 2189 Ubi
2189 2145 2270 2189 est
2291 2134 2572 2204 phrenesis
2595 2140 2721 2194 tua?
2744 2142 2879 2197 Ecce
2905 2146 3168 2199 medicum
3192 2152 3455 2220 occidisti,

1859 2237 2018 2292 quem
2034 2224 2327 2280 occidendo
2351 2227 2575 2295 perdere
2596 2245 2702 2284 non
2730 2233 2944 2298 potuisti
2965 2251 2980 2286 :
3003 2245 3177 2291 tamen
3200 2253 3455 2309 quantum

1859 2313 1926 2366 ad
1967 2321 2020 2368 te
2060 2316 2315 2383 pertinuit
2343 2355 2359 2382 ,
2389 2318 2655 2374 occidisti.
2687 2319 2772 2375 Ea:
2805 2323 3070 2378 maledicto
3120 2338 3176 2380 et
3197 2331 3457 2387 mendacio

1859 2406 2297 2462 aununtiabuntur
2321 2413 2795 2466 consummatioues.
2830 2414 3053 2469 Fecistis
3073 2420 3215 2488 quod
3245 2423 3310 2474 ad
3339 2439 3456 2476 ma-

1863 2499 2111 2553 ledictum
2143 2501 2468 2569 pertinebat.
2492 2520 2526 2557 o
2550 2503 2718 2557 Judmi
2753 2523 2764 2557 :
2797 2505 3103 2563 Maledicta:
3126 2512 3267 2565 enim
3295 2517 3457 2570 omnis

1857 2590 1947 2657 qui
1971 2590 2150 2658 pendet
2171 2597 2222 2646 in
2245 2593 2381 2662 ligno
2409 2593 2589 2665 (Deut.
2615 2611 2724 2659 ut,
2747 2595 2841 2661 25,
2865 2608 2910 2650 et
2937 2597 3052 2652 Gal.
3082 2618 3158 2660 ιιι.
3196 2605 3306 2664 I5).
3335 2605 3458 2660 Cru-

1859 2680 2108 2736 citixistis
2133 2682 2426 2748 Christum;
2452 2694 2698 2754 tanquam
2727 2688 3066 2744 maledictum
3093 2665 3458 2761 putastis.Ad-

1859 2772 1928 2827 de
1984 2775 2270 2844 maledicto
2318 2776 2655 2831 mendacium
2689 2796 2702 2831 :
2735 2780 2986 2836 custodes
3037 2783 3103 2836 ad
3151 2788 3458 2854 sepulcrum

1862 2865 2145 2931 posuistis;
2179 2875 2235 2918 ut
2262 2867 2648 2932 mentirentur,
2681 2872 2958 2937 pecuniam
2988 2873 3210 2929 dedistis
3237 2877 3455 2944 (Matth.

1862 2971 2046 3020 sum,
2082 2958 2191 3025 12).
2217 2958 2356 3012 Ecce
2382 2956 2624 3014 Christus
2650 2962 2942 3017 resurrexit
2972 2982 2986 3018 :
3015 2966 3102 3020 ubi
3123 2979 3205 3021 est
3231 2971 3458 3024 mali-dio

1862 3061 2008 3102 ctum
2039 3051 2214 3106 crucis
2239 3052 2379 3120 quod
2420 3051 2658 3108 fecistis?
2680 3055 2770 3109 ubi
2795 3065 2878 3110 est
2905 3058 3239 3114 mendacium
3279 3072 3457 3119 custo-

1861 3141 1987 3197 dum
2010 3158 2147 3212 quos
2168 3146 2518 3213 corrupistis‘l

1933 3237 1987 3289 6.
2022 3231 2104 3286 Ex
2123 3235 2392 3288 maledicto
2413 3245 2460 3288 et
2480 3237 2742 3291 mendacio
2771 3241 3205 3296 annuntiabuntnr
3224 3260 3457 3300 consum-

1861 3324 2126 3424 mationes,
2151 3326 2201 3378 in
2220 3326 2295 3378 ira
2315 3329 2780 3391 consmnmntionis,
2806 3341 2849 3382 et
2871 3347 2970 3384 non
2996 3343 3140 3385 erunt
3194 3336 3326 3400 Quid
3349 3349 3454 3400 est,

1861 3419 1914 3467 in
1944 3432 2021 3469 ινα
2045 3419 2488 3472 consummationis
2507 3420 2941 3474 annuntiubuntur
2960 3429 3414 3482 consummationes
3429 3431 3458 3484 .’

1865 3510 1960 3565 Est
1994 3510 2072 3565 ira
2112 3512 2606 3577 consummationis,
2652 3524 2707 3568 et
2750 3523 2831 3568 est
2876 3515 2952 3569 ira
3007 3521 3452 3588 consumptionis.

1861 3602 1994 3655 Nam
2041 3605 2224 3656 omnis
2253 3602 2482 3657 vindicta
2531 3605 2619 3657 Dei
2647 3605 2726 3658 ira
2776 3606 2972 3661 dicitur
3001 3624 3014 3659 :
3048 3610 3140 3664 sed
3169 3611 3456 3681 aliquando

1861 3692 1929 3748 ad
1962 3693 2062 3748 hoc
2089 3695 2326 3748 vindicat
2355 3695 2518 3760 Deus,
2549 3705 2604 3749 ut
2639 3696 2908 3766 perficiat;
2940 3699 3222 3769 aliquando
3263 3704 3327 3757 ad
3353 3704 3457 3760 hoc

1862 3785 2132 3846 vindicat.
2181 3794 2238 3838 ut
2291 3787 2526 3840 damnet.
2573 3787 2856 3853 Quomodo
2907 3789 2973 3842 ad
3037 3791 3137 3845 hoc
3188 3794 3453 3863 vindieat,

1861 3889 1920 3933 ut
1960 3877 2230 3948 perficiat?
2283 3877 2537 3950 Flagellat
2597 3896 2792 3933 omnem
2850 3881 3021 3950 {ilium
3088 3900 3237 3953 quem
3279 3888 3456 3956 recipit

1863 3969 2049 4039 (Ilebr.
2083 3987 2175 4034 xu,
2199 3971 2274 4041 6).
2300 3970 2578 4035 Quomodo
2602 3970 2670 4024 ad
2697 3972 2800 4026 hoc
2825 3973 3076 4037 vindicat,
3105 3985 3162 4028 ut
3199 3976 3457 4032 damnet?

1862 4063 2084 4130 Quando
2113 4065 2348 4132 posuerit
2368 4064 2558 4131 impios
2584 4064 2650 4118 ad
2681 4065 2973 4128 sinistram,
3014 4076 3068 4120 ct
3094 4069 3287 4122 dixerit
3329 4070 3408 4123 eis
3438 4090 3454 4128 :

1863 4153 1890 4207 Ι
1898 4165 1943 4208 te
1965 4154 2017 4207 in
2047 4155 2213 4223 ignem
2236 4165 2500 4220 (uernum,
2527 4157 2613 4222 qui
2641 4166 2848 4225 paratus
2873 4165 2947 4210 est
2968 4157 3169 4212 diabolo
3185 4169 3234 4212 et
3257 4160 3457 4229 angelis

1863 4247 1972 4311 eius
2003 4244 2214 4315 (Matth.
2245 4263 2368 4309 xxv,
2400 4244 2513 4318 Η).
2543 4245 2635 4300 Illa
2665 4247 2738 4301 ira
2764 4249 3187 4316 consumptionis
3216 4260 3318 4310 est.
3349 4268 3456 4305 non

1861 4338 2357 4392 consummationis.
2397 4335 2843 4391 Annuutiabuntur
2907 4349 3083 4393 autem
3129 4355 3458 4394 consumma-

1863 4431 2022 4484 tiones
2046 4431 2099 4484 in
2129 4430 2206 4483 ira
2244 4431 2732 4494 consummationis;
2761 4431 2811 4485 id
2841 4442 2942 4496 est,
2974 4432 3350 4501 pnedicabitur
3387 4434 3458 4487 ab

1863 4522 2134 4590 Apostolis
2171 4521 2296 4590 quia
2335 4521 2420 4574 ubi
2449 4521 2718 4599 abundavit
2749 4534 3029 4591 peccatum,
3074 4525 3459 4595 superabunda-

1862 4613 1932 4665 vit
1957 4613 2122 4682 gratia
2152 4610 2327 4683 (Rom.
2350 4627 2404 4675 v,
2434 4611 2551 4682 20),
2579 4623 2634 4666 et
2663 4615 2916 4683 pertinuit
2963 4614 3028 4668 ad
3078 4615 3459 4670 humiliationis

1862 4703 2188 4757 medicinam
2224 4704 2506 4758 infirmitas
2558 4703 2806 4758 hominis.
2852 4705 2962 4759 Hoc
3013 4707 3308 4776 cogitantes
3361 4709 3456 4774 illi,

1860 4805 1916 4849 et
1958 4796 2293 4850 invenientes
2363 4805 2521 4863 atque
2572 4795 2888 4851 confitentes
2946 4799 3251 4867 iniquitates
3308 4815 3457 4867 suas,

1863 4903 1961 4937 non
2006 4896 2169 4938 (runt.
2212 4884 2348 4952 Quid
2395 4903 2496 4939 non
2526 4889 2712 4941 erant?
2745 4888 2801 4942 In
2853 4891 3102 4958 Superbia
3129 4905 3245 4944 sua.
3285 4892 3458 4963 Supra

1861 4977 2001 5030 enim
2032 4976 2261 5040 dixerat,
2304 4976 2812 5048 Contine/tendantur
2858 4979 2909 5033 in
2952 4981 3188 5048 superbia
3224 5000 3339 5036 sua.
3389 4983 3459 5036 Et
3549 5037 3552 5039 .

1861 5085 1924 5121 ea:
1953 5068 2220 5121 maledicto
2267 5078 2314 5122 et
2358 5070 2621 5124 mendacio
2658 5073 3096 5126 annuntinbuntur
3141 5084 3460 5129 consumma-

1862 5162 2020 5214 tione:
2048 5161 2100 5213 in
2129 5162 2208 5213 ira
2251 5161 2721 5220 consummationis.
2757 5173 2803 5215 et
2833 5180 2933 5216 non
2960 5176 3126 5232 erunt,
3180 5167 3360 5237 utique
3401 5170 3453 5224 in

1863 5251 2132 5321 srpct'hia,
2153 5251 2209 5304 in
2233 5266 2334 5320 qua
2359 5251 2734 5320 comprehensi
2757 5262 2900 5306 sunt.

1934 5348 1985 5399 7.
2020 5343 2087 5398 Et
2114 5345 2268 5397 scient
2293 5343 2413 5414 quia
2436 5342 2572 5397 Deus
2599 5344 2942 5398 dominabitur
2967 5344 3131 5400 Iacob
3155 5389 3169 5406 ,
3197 5357 3245 5401 et
3273 5348 3459 5416 ﬁnium

1866 5449 2029 5488 ti'rrtc.
2064 5438 2204 5489 Ante
2224 5435 2366 5488 enim
2389 5434 2518 5504 justi
2545 5435 2643 5489 sibi
2675 5434 3012 5500 videbantur,
3035 5437 3178 5507 quod
3205 5455 3334 5507 gens
3353 5439 3452 5493 Ju-

1861 5528 1974 5579 dasa
2008 5526 2202 5595 Legem
2233 5535 2532 5594 acceperat,
2564 5526 2707 5596 quod
2750 5526 2838 5582 Dei
2891 5542 3152 5597 pra-cepta
3197 5545 3455 5585 servare-

1862 5630 1943 5670 rat
1971 5618 2401 5671 :demonstratur
2421 5616 2524 5672 illis
2540 5617 2661 5688 quia
2685 5634 2789 5672 non
2819 5620 3072 5684 servavit,
3090 5637 3208 5675 cum
3243 5623 3294 5677 in
3326 5624 3458 5692 ipsis

1863 5709 1954 5766 Dei
1997 5710 2277 5780 prmceptis
2309 5708 2579 5764 Christum
2621 5725 2727 5763 non
2764 5711 3044 5775 intellexit,
3074 5715 3194 5780 quia
3242 5716 3457 5768 cmi-itas

1853 5821 1931 5862 ex
1973 5815 2123 5876 parte
2151 5805 2200 5860 iu
2232 5801 2391 5859 Israel
2431 5801 2564 5859 facta
2618 5810 2700 5858 est
2727 5801 2851 5861 Hd.
2903 5819 2976 5878 ix,
3007 5805 3133 5872 ‘25).
3173 5806 3361 5861 Vident
3401 5818 3455 5862 et
