3934 6322
449 358 549 416 ’1η

450 470 549 541 ipsi
574 463 742 525 Judaei
769 462 890 535 quia
913 475 1019 517 non
1050 458 1248 515 debent
1271 456 1471 512 Gentes
1499 459 1864 541 contemnere,
1897 464 2033 541 quos

445 537 597 632 quasi
638 561 879 611 caneset
922 559 1228 621 peceatores
1271 545 1565 617 putabant:
1592 538 1861 612 quomodo
1890 537 2032 593 enim

450 650 648 721 pariter
685 644 881 701 inventi
911 650 1037 696 sunt
1060 641 1112 694 in
1143 638 1420 707 iniquitate
1445 651 1459 701 ;
1512 635 1582 687 ita
1609 632 1809 702 pariter
1839 646 2033 700 perve-

449 741 598 796 nient
623 737 689 793 ad
712 736 958 792 salutem.
994 730 1115 787 Non
1141 731 1300 783 solum
1331 744 1393 782 ea:
1420 726 1636 789 luditis,
1663 723 1833 792 inquit
1885 723 2034 791 Apo-

448 830 652 892 stolus,
683 843 856 882 verum
906 824 1056 879 etiam
1084 840 1146 877 ea:
1175 820 1412 875 Gentibus
1441 820 1458 888 (
1483 816 1634 872 Rom.
1668 831 1741 879 ιι,
1768 812 1887 883 24).
1911 812 2036 869 Ideo

448 921 593 975 enim
621 918 840 989 lapidem
869 930 1014 982 quem
1041 912 1432 983 reprobaverunt
1466 907 1797 975 aediﬁcantes,
1844 904 1925 957 hic
1955 905 2037 972 [a-

450 1022 561 1067 ctus
598 1020 668 1065 est
701 1010 756 1064 in
783 1017 935 1079 caput
964 1005 1139 1075 anguli
1189 1002 1370 1075 (Psal.
1402 1015 1568 1064 cxvn,
1616 997 1726 1067 εἳ)
1751 1039 1766 1060 ,
1808 1006 1868 1050 ιιι
1899 994 2036 1050 duos

444 1097 692 1171 jungcret
721 1099 773 1153 iu
802 1113 861 1153 se
890 1115 903 1150 :
933 1094 1154 1167 angulus
1190 1093 1332 1148 enim
1361 1090 1505 1169 duos,
1527 1088 1756 1159 parietes
1801 1085 2035 1155 copulat.

453 1192 621 1251 ιιιάωί
668 1188 868 1249 excelsi
897 1198 949 1244 et
976 1186 1150 1258 magni
1168 1185 1270 1240 sibi
1298 1184 1652 1238 videbantur:
1699 1178 1898 1234 Gentes
1924 1188 2039 1231 tan-

452 1301 610 1358 quiam
638 1284 852 1347 inllrmi,
893 1292 1140 1353 tanquam
1183 1288 1511 1349 peccatores,
1543 1284 1791 1344 tanquam
1831 1271 2036 1327 damno-

451 1394 577 1435 num
608 1376 768 1441 servi,
826 1385 1074 1444 tanquam
1103 1370 1365 1427 idolorum
1393 1367 1740 1429 adoratores;
1783 1374 1837 1421 et
1860 1375 2038 1419 tamen

450 1471 505 1526 in
536 1469 771 1539 utrisque
801 1465 1053 1536 iniquitas
1078 1471 1212 1518 erat.
1247 1458 1606 1515 Demonsu‘ati
1634 1466 1759 1511 sunt
1788 1464 1844 1511 et
1869 1455 2039 1511 Judmi

451 1569 757 1634 peccatores
776 1575 793 1626 ;
810 1557 933 1630 quia
956 1573 1056 1611 non
1078 1565 1150 1609 est
1174 1554 1259 1626 qui
1269 1552 1424 1626 faciat
1446 1550 1769 1627 bonum,non
1795 1558 2043 1619 estusque

450 1654 520 1708 ad
537 1668 691 1708 unum
709 1649 884 1724 (Rom.
904 1665 982 1715 ιιι,
1011 1646 1129 1717 1‘2):
1153 1646 1518 1716 deposuerunt
1536 1642 1835 1714 superbiam
1850 1649 1905 1696 et
1934 1656 2040 1696 non

453 1744 757 1801 inviderunt
779 1742 933 1798 saluti
947 1740 1218 1806 Gentium,
1235 1740 1355 1810 quia
1372 1753 1554 1808 parem
1569 1752 1719 1792 suam
1746 1745 1802 1791 et
1826 1735 2040 1791 illorum

452 1835 813 1893 inﬁrmitatem
850 1840 1251 1905 cognoverunt;
1291 1841 1347 1885 et
1376 1831 1427 1883 iu
1467 1828 1707 1901 angulari
1752 1827 1926 1897 lapide
1947 1842 2042 1882 co-

455 1927 618 1998 pulati
652 1925 810 1981 simul
862 1924 1143 1979 Dominum
1187 1921 1562 1976 adoraverunt.
1617 1917 1688 1973 Et
1716 1919 1873 1974 scient
1924 1934 2044 1987 quia

457 2019 594 2074 Deus
612 2017 951 2072 dominabitur
996 2014 1177 2081 Jocob,
1205 2023 1252 2068 et
1296 2013 1474 2082 finium
1501 2021 1664 2067 term.
1699 2010 1814 2067 Non
1838 2019 2041 2066 tantum

453 2111 758 2166 .ludazorum
785 2108 1161 2170 deminabitur,
1190 2106 1285 2162 sed
1316 2116 1383 2173 et
1432 2106 1616 2160 linium
1660 2114 1819 2160 teme
1849 2121 1863 2157 :
1901 2104 2044 2175 quod

456 2221 561 2259 non
588 2204 807 2267 scirent,
844 2202 889 2257 si
911 2202 1085 2256 adhuc
1131 2200 1183 2255 in
1207 2199 1455 2269 superbia
1497 2213 1594 2254 sua
1623 2207 1840 2260 8858nl;
1873 2196 1924 2250 iu
1954 2213 2047 2253 su-

456 2297 637 2367 perbia
658 2305 834 2352 autem
867 2309 961 2349 sua
989 2301 1190 2358 essent,
1214 2293 1257 2346 si
1284 2290 1459 2347 adhuc
1482 2290 1584 2345 sibi
1618 2288 1749 2360 justi
1788 2288 2045 2359 videren-

456 2399 662 2445 turzut
689 2397 865 2442 autem
889 2386 991 2441 sibi
1015 2386 1144 2454 justi
1173 2400 1278 2440 non
1324 2384 1675 2448 viderentur,
1719 2382 2048 2439 annuntiatte

458 2492 578 2536 sunt
612 2470 718 2536 illis
748 2496 810 2534 ex
854 2478 1142 2535 maledicto
1166 2486 1222 2533 et
1248 2476 1533 2533 mendacio
1557 2477 2048 2532 consummationes

388 2586 389 2589 ‘
458 2576 511 2629 in
539 2574 611 2629 ira
634 2572 1154 2634 consummationis;
1182 2571 1304 2641 quia
1335 2567 1712 2639 comprehensi
1748 2566 1961 2623 fuerunt
1993 2567 2047 2621 in

456 2668 702 2737 superbia
753 2679 868 2730 sua,
919 2680 986 2719 ex
1023 2661 1307 2719 maledicto
1335 2660 1477 2731 quod
1521 2658 1780 2725 fecerunt,
1834 2657 2050 2729 quando

457 2759 726 2813 Christum
748 2756 1083 2811 occiderunt.
1116 2753 1255 2809 Ecce
1277 2752 1403 2825 quid
1432 2750 1558 2808 fecit
1587 2750 1848 2807 Dominus
1868 2758 2051 2805 noster

458 2851 616 2907 .iesus
640 2849 904 2904 Christus.
936 2846 1173 2901 Mortuus
1202 2853 1287 2900 est
1324 2842 1462 2898 inter
1492 2856 1681 2897 manus
1705 2839 2010 2896 Judzeorum
2030 2879 2047 2906 ,

456 2950 515 2997 et
543 2940 769 2995 redemit
790 2922 1181 2992 multitudinem
1200 2932 1450 2990 Gentium
1482 2950 1494 2987 :
1523 2932 1621 2987 hac
1647 2931 1793 2986 lusus
1819 2938 1902 2985 est
1925 2944 2052 2983 san-

459 3034 598 3105 guis,
654 3032 755 3086 hac
801 3026 1036 3099 profuit;
1067 3026 1161 3081 sed
1206 3024 1485 3080 conversis
1522 3022 1770 3078 omnibus
1815 3021 2050 3094 proluit;

457 3126 579 3199 quia
606 3133 660 3179 et
701 3122 774 3177 illi
814 3135 972 3191 quem
1021 3117 1335 3173 occiderunt
1380 3124 1734 3187 agnoverunt,
1763 3123 1818 3170 et
1862 3112 2052 3170 abillo

462 3218 630 3285 Ipsius
669 3210 1054 3267 interfectionis
1080 3218 1135 3264 et
1161 3204 1346 3262 delicti
1388 3206 1470 3261 sui
1499 3205 1676 3277 magni
1703 3204 1913 3261 veniam
1940 3217 2054 3261 me-

462 3314 680 3363 ruerunt
689 3350 704 3360 .

533 3399 586 3455 8.
618 3397 781 3470 [vcrs.
812 3392 933 3466 15.]
964 3392 1102 3462 Quid
1128 3405 1257 3462 ergo
1304 3388 1452 3446 etde
1477 3388 1639 3459 ipsis?
1669 3386 1820 3457 Quod
1846 3401 2005 3459 supra
2035 3403 2051 3443 :

460 3488 819 3544 Conuertenlur
841 3484 909 3538 ad
930 3497 1186 3553 vesperam
1205 3496 1225 3536 :
1247 3480 1300 3535 id
1326 3489 1411 3536 est
1437 3478 1539 3534 etsi
1561 3493 1705 3544 sero,
1739 3476 1793 3533 id
1827 3486 1910 3533 est
1932 3482 2057 3549 post

464 3577 895 3635 interfectionem
916 3572 1123 3628 Domini
1150 3571 1319 3627 nostri
1346 3571 1474 3628 Jesu
1502 3568 1722 3626 Christi.
1756 3567 2057 3636 Converten-

464 3684 547 3728 tur
571 3671 639 3725 ad
676 3681 969 3739 uesperam;
994 3674 1041 3721 et
1068 3665 1257 3736 {amem
1294 3664 1550 3735 patientur
1577 3671 1632 3715 ut
1666 3678 1837 3717 canes.
1863 3661 1968 3719 Sed
1998 3670 2057 3717 ut

466 3779 651 3829 canes,
685 3775 789 3815 non
820 3768 876 3813 ut
900 3764 1181 3832 oves,.aut
1209 3754 1361 3809 vituli
1393 3748 1491 3806 :ut
1530 3768 1700 3817 canes,
1750 3761 1809 3807 ut
1833 3750 2053 3819 Gentes,

465 3866 528 3911 ut
574 3859 919 3925 peccatores;
954 3848 1077 3920 quia
1118 3855 1176 3903 et
1223 3845 1321 3916 ipsi
1367 3852 1734 3915 cognoverunt
1779 3853 2057 3913 peccatum

468 3961 621 4004 suum
649 3942 741 4017 qui
762 3941 862 3998 sibi
892 3939 1024 4011 justi
1049 3937 1388 3994 videbantur.
1420 3934 1497 3991 De
1523 3935 1717 4005 quibus
1745 3934 1947 3988 dictum
1974 3944 2059 3989 est

470 4040 524 4095 in
554 4036 659 4092 alio
680 4034 905 4105 psalmo,
937 4029 1123 4085 Postea
1146 4026 1549 4083 acceleraverunt
1576 4042 1593 4081 :
1620 4025 1723 4079 hoc
1752 4024 1951 4079 dictum
1977 4032 2060 4080 est

469 4128 578 4195 hic,
605 4127 686 4182 Ad
722 4138 999 4196 vesperam.
1026 4120 1158 4176 Nam
1185 4119 1258 4174 ibi
1300 4119 1377 4173 sic
1400 4124 1521 4174 est:
1555 4116 1910 4187 Multiplit‘alw
1942 4125 2059 4171 sunt

469 4218 786 4291 inﬁrmitates
805 4219 1211 4284 eorum;postea
1225 4208 1627 4264 aceelcrauemnt
1646 4205 1815 4279 (I’sal.
1849 4222 1944 4271 xv,
1977 4205 2058 4277 i).

472 4310 624 4367 Unde
651 4305 1053 4362 acceleraverunt
1075 4310 1247 4372 postea
1265 4299 1290 4355 ἵ
1308 4298 1441 4366 Quia
1464 4296 1816 4367 multiplicata:
1841 4307 1957 4353 sunt
1981 4298 2059 4351 in-

470 4402 733 4471 ﬁrmitates
760 4412 935 4452 eorum
959 4410 979 4448 :
1024 4408 1145 4448 nam
1172 4391 1216 4447 si
1242 4390 1341 4446 sibi
1367 4390 1543 4445 adhuc
1579 4390 1691 4444 sani
1735 4388 2055 4453 riderentur,

470 4504 745 4561 nunquam
802 4486 1182 4542 aeeelerarent.
1227 4480 1379 4549 Quod
1420 4495 1548 4550 ergo
1592 4479 1662 4535 ibi
1705 4479 1904 4535 dictum
1955 4490 2057 4547 est,

473 4581 831 4653 Multiplicata:
860 4586 975 4632 sunt
1004 4574 1322 4646 inﬁrmitates
1365 4586 1579 4637 eorum;
1617 4571 1721 4627 hoc
1744 4572 1943 4626 dictum
1981 4581 2062 4627 est

473 4673 581 4741 hic,
614 4667 1112 4741 Contpreltendantur
1136 4665 1189 4721 in
1208 4664 1443 4735 superbia
1470 4679 1584 4729 sua,
1609 4673 1654 4717 et
1684 4679 1747 4719 ea:
1795 4663 2061 4718 maledicto

475 4773 522 4820 et
550 4761 812 4818 mendacio
831 4756 1263 4813 annuntiabuntur
1287 4755 1736 4810 consummatioues
1760 4755 1811 4808 in
1835 4755 1913 4810 ira
1938 4771 2061 4809 con-

474 4844 846 4903 summationis.
902 4843 967 4899 Et
1010 4839 1150 4912 quod
1192 4839 1262 4894 ibi
1303 4839 1500 4895 dictum
1557 4847 1681 4903 est,
1740 4836 1928 4893 Postea
1979 4855 2066 4892 ac-

475 4941 856 5001 celeraverunt;
912 4933 1023 4991 hoc
1060 4933 1257 4990 diotum
1294 4938 1380 4986 est
1411 4931 1516 4995 hic,
1553 4929 1614 4985 Et
1647 4947 1747 4985 non
1800 4940 1978 4995 erum,
2010 4930 2061 4985 in

477 5029 725 5099 superbia
751 5041 867 5081 sua.
901 5024 968 5079 Et
1006 5027 1163 5078 scient
1192 5024 1310 5093 quia
1340 5021 1476 5077 Deus
1504 5020 1843 5076 dominabitur
1879 5021 2061 5088 Jacob,

477 5132 524 5177 ct
551 5121 729 5191 [inium
769 5128 916 5172 terra:
948 5126 1042 5170 :et
1071 5123 1418 5169 convertentur
1443 5113 1509 5166 ad
1544 5128 1819 5182 uesperam.
1859 5112 2063 5168 Bonum

477 5224 561 5268 est
580 5225 707 5281 ergo
730 5207 996 5263 humiliari
1027 5215 1393 5277 peccatorem;
1425 5215 1479 5259 et
1506 5220 1665 5259 nemo
1686 5214 1767 5259 est
1797 5205 2067 5260 insanabi-

480 5308 582 5362 linr
608 5316 675 5361 eo
703 5303 791 5373 qui
814 5302 916 5357 sibi
938 5315 1102 5355 sanus
1132 5299 1355 5353 videtur.
1400 5297 1467 5352 Et
1517 5296 1853 5351 circumibunt
1894 5298 2068 5352 civita-

480 5410 598 5455 tem.
625 5398 741 5453 Jam
769 5406 823 5451 et
846 5397 1095 5451 hesterno
1124 5392 1210 5446 die
1230 5391 1575 5462 exposuimus
1591 5390 1880 5457 civitatem,
1908 5388 1959 5445 id
1988 5399 2071 5445 est

483 5486 896 5547 circumstantiae
925 5484 1213 5547 civitatem,
1240 5496 1426 5537 omnes
1449 5490 1654 5552 gentes.

554 5580 608 5636 9.
643 5576 794 5653 [vera
828 5573 956 5646 16.]
988 5572 1354 5645 Dispergentur
1380 5582 1434 5626 ut
1473 5573 1664 5626 edant:
1693 5570 1742 5626 id
1774 5581 1876 5635 est,
1903 5579 1961 5627 ut
1987 5570 2070 5627 lu-

482 5681 699 5725 crentur
738 5669 891 5735 alios,
938 5677 995 5724 ut
1043 5667 1094 5721 in
1120 5680 1315 5735 corpus
1342 5680 1495 5721 suum
1527 5663 1907 5720 transl'orrnent
1949 5679 2071 5720 ere-

486 5768 690 5817 dentes.
730 5760 788 5815 Si
816 5770 982 5812 autem
1022 5774 1122 5811 non
1162 5755 1516 5823 satiabuntur,
1565 5763 1610 5810 et
1664 5756 2068 5809 murmurabunt.

1692 339 1748 394 S.
1790 334 2159 393 AUGUSTI-Nl
2204 334 2507 393 EPISCOPI

3624 340 3729 398 7l‘3

2146 449 2277 514 Quia
2298 462 2351 507 et
2379 452 2627 523 superius
2655 467 2893 507 nun-mur
2923 466 3105 506 eorum
3137 453 3363 517 dixerat,
3389 450 3680 508 dicentium
3716 472 3731 508 :

2146 542 2397 608 Quoniam
2426 544 2535 613 quis
2561 544 2791 596 arulivit?
2819 543 2881 596 Et
2905 554 2976 603 tu.
3013 544 3226 598 Domine
3249 587 3263 605 ,
3312 545 3503 612 inquit,
3530 544 3730 599 deride-

2143 635 2215 687 bis
2240 652 2345 699 eos,
2403 637 2638 691 dicentes
2693 654 2706 689 :
2757 638 2881 701 Quis
2923 636 3162 691 audivit?
3209 637 3416 703 Quare?
3461 637 3593 706 Quia
3637 654 3731 707 pro

2142 725 2301 778 nihilo
2332 724 2531 779 habebis
2552 743 2722 779 omnes
2750 738 2938 796 gentes.
2969 727 3057 781 Sic
3101 738 3154 782 et
3184 728 3269 781 hic
3296 747 3307 781 :
3336 727 3397 782 Si
3426 740 3593 781 autem
3627 744 3729 781 non

2140 816 2481 882 satiabuntur,
2511 826 2554 869 et
2583 817 2985 871 murmurabunl.

2218 906 2301 962 10.
2350 904 2501 977 [vers.
2536 909 2622 972 l7,
2679 906 2808 980 18.]
2839 909 3195 964 Concludatur
3245 909 3505 967 Psalmus.
3544 909 3730 965 Videte

2142 1001 2392 1069 angulum
2422 1001 2797 1068 essultantem,
2842 1001 2951 1074 jam
2998 1002 3066 1058 de
3113 1012 3336 1073 utroque
3380 1006 3578 1071 pariete
3606 1019 3734 1075 gau-

2143 1091 2358 1147 dentem
2408 1091 2642 1163 (Epltes.
2705 1095 2802 1163 ιι).
2862 1094 3251 1160 Superbiebant
3288 1094 3499 1161 Jud.ei;
3549 1094 3735 1149 lutati-

2145 1184 2253 1238 liati
2279 1194 2401 1237 sunt
2434 1202 2446 1237 :
2476 1184 2830 1252 desperabant
2856 1184 3090 1251 Gentes;
3116 1195 3309 1240 erectae
3336 1195 3480 1242 sunt.
3505 1184 3736 1241 Veniant

2143 1275 2208 1327 ad
2235 1274 2520 1343 angulum;
2550 1275 2617 1329 ibi
2645 1276 2999 1337 conveniant,
3020 1274 3089 1330 ibi
3121 1285 3462 1338 concurrant,
3489 1275 3559 1331 ibi
3584 1276 3734 1344 pacis

2143 1366 2381 1418 osculum
2412 1366 2683 1419 inveniant
2715 1383 2728 1418 :
2755 1365 2824 1420 de
2849 1364 3061 1420 diverso
3080 1365 3313 1426 veniant.
3345 1366 3441 1422 sed
3459 1367 3509 1420 iu
3536 1366 3736 1423 adver-

2144 1469 2260 1508 sum
2293 1470 2396 1509 non
2428 1456 2681 1521 veniant;
2712 1456 2783 1511 illi
2813 1457 2880 1511 de
2909 1457 3318 1513 circumcisione
3342 1500 3357 1521 ,
3390 1458 3477 1513 isti
3499 1457 3566 1513 de
3597 1474 3735 1529 prte-

2147 1547 2311 1613 putin.
2346 1547 2524 1618 Longe
2554 1555 2708 1603 erant
2753 1550 3001 1618 parietes,
3042 1549 3138 1604 sed
3164 1560 3446 1620 antequam
3472 1551 3538 1606 ad
3563 1567 3737 1621 angue

2147 1639 2252 1693 lum
2284 1640 2527 1695 vmireut
2556 1658 2569 1692 :
2620 1642 2673 1695 in
2715 1640 2914 1711 aiigulo
2968 1653 3143 1697 autem
3175 1653 3389 1702 teneant
3416 1659 3475 1700 se
3498 1686 3511 1707 .
3544 1655 3599 1701 et
3626 1655 3738 1702 tota

2142 1728 2252 1798 jam
2276 1730 2512 1786 Ecclesia
2543 1746 2605 1785 ex
2636 1741 2860 1800 utroque
2885 1733 3108 1803 pariete,
3139 1734 3266 1803 quid
3295 1734 3472 1791 dicat?
3504 1734 3614 1805 Ego
3641 1753 3739 1789 au-

2147 1832 2271 1876 tem“
2306 1825 2519 1877 cantabo
2566 1827 2841 1895 potentiam
2893 1835 3032 1879 tuam
3056 1868 3071 1891 ,
3101 1837 3146 1879 et
3177 1843 3282 1881 ηδ’
3303 1828 3436 1882 [tabo
3465 1846 3613 1883 mane
3640 1830 3741 1882 mi-

2146 1915 2421 1970 sericordia
2449 1925 2555 1968 tua.
2607 1915 2759 1970 Mane
2807 1917 3088 1971 transactis
3135 1916 3534 1984 vacationibus,
3580 1934 3741 1975 mane

2148 2023 2271 2063 cum
2301 2024 2404 2063 nox
2432 2008 2590 2078 imjus
2614 2009 2790 2063 saecuEi
2827 2008 3135 2069 transierit.
3169 2023 3326 2064 tuane
3375 2009 3590 2079 quando
3625 2010 3739 2080 jam

2150 2099 2417 2154 latronum
2466 2100 2687 2154 insidias
2715 2109 2770 2156 et
2809 2094 3005 2155 diaboli
3055 2110 3110 2155 et
3156 2100 3465 2171 angeiorum
3490 2101 3606 2171 ejus
3632 2118 3740 2159 non

2151 2193 2573 2263 expavescimus,
2614 2210 2773 2250 mane
2821 2194 3034 2265 quando
3055 2194 3167 2266 jam
3198 2210 3305 2250 non
3349 2194 3418 2249 ad
3464 2194 3741 2251 lucernam

2153 2284 2445 2355 pr0phetiai
2473 2285 2844 2349 ambulamus,
2887 2286 2981 2342 sed
3013 2286 3184 2356 ipsum
3225 2286 3318 2342 Dei
3353 2286 3595 2344 Verbum‘
3624 2296 3740 2342 tan-

2151 2392 2313 2447 quam
2343 2378 2510 2433 solern
2538 2377 2980 2448 eoutemplamur.
3009 2377 3072 2433 Et
3098 2379 3357 2433 exsultatio
3373 2393 3522 2431 mana
3545 2377 3742 2433 miseri-

2150 2471 2325 2525 cordia
2342 2481 2451 2525 tua.
2482 2468 2669 2525 Merito
2694 2471 2745 2524 in
2769 2470 2876 2523 alio
2906 2469 3112 2539 psalmo
3138 2467 3531 2525 diciturztllane
3558 2471 3737 2524 astabo

2152 2563 2273 2628 tibi,
2304 2571 2353 2616 et
2381 2561 2757 2634 contmplabor
2807 2559 2995 2630 (Psal.
3028 2577 3085 2628 v,
3111 2561 3205 2633 5).
3257 2561 3443 2617 Merito
3496 2571 3551 2617 et
3579 2562 3744 2632 ipsius

2158 2652 2366 2708 Domini
2411 2654 2735 2708 resurrectio
2758 2651 2993 2708 diluculo
3023 2652 3139 2716 luit,
3181 2662 3237 2707 ut
3265 2652 3576 2722 impleretur
3601 2653 3746 2725 quod

2155 2744 2352 2799 dictum
2400 2752 2483 2798 est
2511 2744 2564 2798 in
2600 2743 2706 2798 alio
2736 2743 2978 2814 psalmo:
3020 2740 3236 2815 Vespere
3263 2743 3603 2808 demorabitur
3651 2745 3747 2815 ﬂe-

2154 2844 2254 2900 tus,
2276 2844 2324 2891 et
2344 2835 2397 2891 in
2428 2836 2676 2890 matutino
2716 2834 2987 2891 exsultatio
3017 2834 3189 2909 (Psal.
3222 2852 3369 2902 ms,
3392 2835 3464 2909 6)
3528 2836 3611 2891 Ad
3645 2852 3742 2891 ve-

2154 2942 2368 2999 speram
2392 2927 2588 3000 quippe
2615 2926 2859 2996 discipuli
2886 2937 3153 2982 mortuum
3196 2927 3515 2997 planxerunt
3558 2928 3747 2983 Domi-

2157 3034 2283 3074 num
2313 3026 2551 3074 nostrum
2576 3018 2757 3075 Jesum
2786 3017 3092 3086 Christum;
3121 3018 3350 3074 diluculo
3369 3019 3434 3072 ad
3465 3033 3749 3090 resurgen-

2160 3124 2265 3170 tem
2316 3110 3050 3168 exsullaverunt..Exsultabo
3076 3128 3221 3166 mane
3268 3112 3747 3167 misericordiatua.

2252 3208 2337 3263 il.
2371 3206 2502 3272 Quia
2524 3209 2687 3279 factus
2713 3222 2764 3259 es
2788 3216 3050 3276 susceptor
3064 3221 3227 3272 meus,
3256 3214 3304 3259 ct
3320 3207 3570 3277 refugium
3584 3223 3749 3262 meum

2105 3319 2109 3323 ν
2158 3294 2213 3349 in
2241 3294 2325 3347 die
2370 3290 2708 3346 tribulationis
2761 3304 2903 3344 mete.
2946 3290 3169 3361 Adjutor
3202 3305 3344 3343 meus
3388 3288 3475 3343 tibi
3504 3290 3747 3362 psallam,

2159 3386 2279 3458 quia
2302 3396 2352 3440 tu
2378 3384 2514 3439 Deus
2531 3394 2792 3453 susceptor
2806 3399 3032 3439 nienses.
3064 3382 3200 3450 Quid
3225 3398 3395 3449 eram,
3426 3383 3527 3437 nisi
3550 3382 3751 3440 subve-

2161 3479 2343 3535 nires?
2366 3476 2535 3546 Quam
2556 3476 2871 3546 desperatus
2890 3490 3060 3541 eram,
3091 3475 3191 3529 nisi
3216 3476 3478 3530 curares?
3524 3474 3624 3532 Ubi
3663 3475 3751 3546 ja-

2162 3570 2372 3631 ceham,
2405 3568 2506 3624 nisi
2533 3566 2861 3623 advenires?
2889 3564 3047 3622 Certe
3091 3565 3292 3636 ingenti
3333 3568 3553 3623 vulnere
3602 3568 3753 3638 peri-

2162 3664 2405 3730 clitabar,
2436 3662 2530 3719 sed
2559 3661 2686 3717 illud
2735 3661 2928 3715 vutlnus
2972 3674 3151 3715 meum
3192 3657 3460 3716 medicum
3500 3662 3753 3730 omnipo-

2165 3767 2364 3813 tentem
2391 3755 2714 3827 requirebat.
2755 3753 3118 3822 Omnipotenti
3148 3752 3355 3808 medico
3380 3753 3513 3808 nihil
3559 3763 3642 3810 est
3673 3754 3756 3809 in-

2162 3848 2437 3911 sanabile;
2465 3862 2572 3902 non
2597 3844 2866 3901 renuntiat
2890 3844 2957 3899 ad
2986 3844 3217 3914 aliquem
3251 3846 3268 3876 ⁸
3294 3861 3308 3897 :
3337 3859 3472 3916 Opus
3496 3854 3579 3899 est
3607 3852 3665 3900 ut
3693 3854 3754 3900 tu

2163 3940 2340 3997 curari
2380 3939 2534 4003 velis,
2565 3952 2703 4008 opus
2743 3945 2913 4011 estut
2963 3952 3153 3991 manus
3194 3936 3309 4007 ejus
3338 3952 3446 3992 non
3497 3936 3753 4008 relugias.

2164 4032 2272 4088 Sed
2293 4031 2396 4087 etsi
2429 4030 2568 4085 nolis
2601 4029 2796 4096 curari,
2822 4027 3015 4083 vulnus
3046 4038 3192 4082 tuum
3219 4029 3469 4083 admonet
3498 4038 3559 4084 ut
3599 4045 3757 4085 cure-
3852 4082 3853 4089 η

2164 4124 2240 4179 ris
2265 4141 2280 4179 :
2302 4131 2358 4179 et
2380 4135 2627 4178 aversum
2653 4127 2892 4183 revocat,
2914 4128 2969 4175 et
2990 4119 3335 4189 refugientem
3360 4119 3759 4190 quodammodo

2164 4215 2231 4269 ad
2261 4229 2320 4270 se
2344 4213 2524 4269 redire
2547 4211 2842 4281 compellit,
2872 4218 2927 4266 et
2946 4211 3184 4265 attrahit.
3218 4212 3276 4266 In
3295 4212 3546 4266 omnibus
3566 4211 3760 4283 implet

2166 4304 2308 4376 quod
2338 4303 2538 4360 dictum
2564 4283 2646 4358 est
2673 4318 2687 4357 :
2717 4300 3072 4356 Misericordia
3101 4301 3211 4372 ejus
3234 4302 3502 4371 prmeniet
3529 4320 3627 4356 me.
3653 4303 3761 4358 Co-

2164 4398 2329 4469 gitate
2354 4394 2497 4468 quod
2524 4394 2724 4448 dictum
2746 4401 2849 4458 est,
2878 4393 3143 4463 prameniet
3172 4409 3269 4447 me.
3294 4393 3349 4448 Si
3377 4392 3577 4463 aliquid
3607 4404 3757 4449 tuum

2167 4490 2400 4560 primum
2423 4485 2667 4553 attulisti,
2698 4494 2754 4540 et
2780 4499 2848 4541 ex
2890 4493 2981 4539 tuo
3017 4484 3197 4556 aliquo
3245 4484 3388 4540 bono
3438 4485 3611 4555 primo
3661 4485 3763 4543 Dei

2167 4578 2593 4637 misericordiam
2614 4576 2878 4643 meruisti,
2902 4592 3006 4633 non
3035 4585 3087 4632 te
3112 4576 3390 4646 praevenit.
3414 4576 3641 4645 Quando
3664 4595 3764 4635 au-

2169 4680 2277 4729 tem
2308 4669 2396 4726 vel
2436 4668 2690 4741 intelligis
2731 4668 2854 4740 quia
2885 4679 3187 4740 praeventus
3215 4684 3293 4737 es,
3356 4672 3459 4726 nisi
3498 4672 3766 4742 intelligas

2168 4763 2310 4836 quod
2326 4762 2401 4817 ait
2420 4762 2749 4833 Apostolus:
2783 4762 2921 4830 Quid
2962 4762 3097 4817 enim
3126 4763 3298 4830 habes,
3334 4765 3470 4834 quod
3497 4783 3599 4821 non
3626 4783 3768 4823 acce-

2171 4856 2288 4927 pisti
2310 4854 2335 4909 .9
2358 4851 2419 4910 Si
2448 4863 2613 4907 autem
2636 4854 2892 4924 accepisti,
2921 4854 3041 4924 quid
3066 4854 3303 4924 gloriaris
3329 4857 3475 4927 quasi
3492 4874 3592 4911 non
3615 4874 3767 4913 acce-

2171 4950 2305 5019 peris
2339 4946 2394 5020 (l
2427 4946 2545 5001 Cor.
2576 4962 2626 5002 tv
2646 4988 2662 5014 ,
2692 4948 2723 4999 'l
2746 4948 2805 5020 )?
2836 4947 2948 5002 lloc
2966 4958 3085 5013 est,
3113 4947 3467 5004 Misericordia
3488 4952 3601 5022 ejus
3625 4968 3766 5022 pra:-

2171 5041 2331 5096 reniet
2367 5057 2464 5094 me.
2501 5039 2737 5109 Denique
2760 5038 3045 5095 attendens
3064 5040 3242 5095 omnia
3262 5041 3397 5097 bona
3415 5058 3768 5114 quaecumque

2175 5130 2374 5187 habere
2419 5143 2736 5202 possumus,
2765 5130 2879 5186 sive
2908 5128 2961 5184 in
3002 5135 3213 5197 natura,
3251 5131 3363 5187 sive
3394 5133 3446 5187 iu
3492 5134 3763 5201 instituto,

2175 5220 2290 5277 sive
2340 5221 2392 5275 in
2421 5220 2534 5293 ipsa
2561 5220 2967 5277 conversatione
2992 5221 3013 5254 '
3039 5263 3057 5289 ,
3089 5220 3141 5277 in
3170 5222 3296 5291 lide,
3325 5223 3377 5278 in
3403 5239 3519 5295 spe,
3552 5226 3604 5279 in
3634 5227 3768 5283 cha-

2174 5313 2365 5379 ritate,
2395 5313 2446 5367 in
2477 5312 2633 5368 bonis
2660 5314 2932 5379 moribus,
2966 5312 3021 5367 in
3041 5313 3270 5384 iustitia,
3303 5315 3359 5370 in
3415 5317 3606 5373 timore
3648 5318 3765 5385 Dei,

2178 5414 2344 5461 tottun
2374 5419 2478 5458 non
2497 5418 2616 5461 esse
2636 5405 2736 5459 nisi
2765 5420 2829 5459 ex
2859 5404 3000 5461 illius
3019 5404 3193 5473 donis,
3218 5405 3289 5461 ita
3307 5409 3603 5464 conclusit:
3632 5408 3771 5466 Deus

2178 5513 2319 5551 meus
2344 5495 2695 5551 misericordia
2716 5512 2847 5552 mea.
2896 5495 3010 5551 Non
3058 5497 3261 5554 invenit
3314 5499 3563 5569 impletus
3614 5501 3769 5557 bonis

2178 5588 2295 5655 Dei,
2334 5588 2461 5659 quid
2490 5586 2784 5658 appellaret
2817 5586 2984 5644 Deum
3012 5603 3188 5653 suum,
3216 5589 3317 5645 nisi
3345 5591 3767 5654 misericordiam

2246 5723 2263 5789 ξ
2298 5720 2433 5780 ML,
2456 5718 2696 5789 renwttiat
2715 5720 2882 5775 alicui.
2905 5728 2962 5777 Αι
2979 5730 3105 5786 Mss,
3123 5722 3190 5775 ad
3206 5722 3431 5789 aliquem.

2246 5784 2266 5814 ³
2300 5791 2424 5846 uss,
2450 5781 2768 5835 σοιιυενεὲοιιε.
