3934 6324
191 379 299 436 713

184 519 362 558 suam.
393 502 437 560 0
462 519 693 570 nomen,
726 504 826 560 sub
854 520 959 576 quo
1003 504 1202 559 nemini
1242 504 1634 573 desperandum
1661 509 1778 562 est!

186 595 329 651 Deus
357 613 524 663 meus,
552 597 744 666 inquit.
768 598 1114 652 misericordia
1143 613 1273 651 mea.
1304 597 1440 665 Quid
1467 608 1568 665 est,
1600 601 1788 654 miscri~

183 686 364 738 cordia
403 702 512 739 mea
538 686 564 739 ξ’
614 685 671 740 Si
702 687 870 753 dicas,
903 686 1059 742 Salus
1083 702 1224 752 mea,
1281 687 1517 758 intelligo
1547 690 1667 758 qttia
1696 690 1789 744 dat

160 775 451 842 salutem;
499 777 544 830 si
590 775 759 838 dicas,
793 776 1075 848 Refugium
1124 793 1324 843 meum,
1377 778 1614 848 intelligo
1662 783 1785 848 quia

181 867 428 936 confugis
455 867 521 920 ad
552 882 706 931 eum;
738 867 782 922 si
821 869 990 935 dicas,
1029 869 1309 924 Fortitudo
1349 887 1487 935 mea,
1542 872 1783 942 intelligo

177 957 308 1025 quia
331 957 422 1011 dat
438 958 530 1011 tibi
562 957 962 1014 fortitudinem:
986 958 1340 1014 Misericordia
1362 977 1492 1027 mea,
1512 962 1637 1032 quid
1661 967 1781 1018 est?

177 1044 380 1101 Totum
428 1048 684 1119 quidquid
723 1065 864 1114 sum,
892 1049 958 1105 de
985 1050 1351 1106 misericordia
1396 1061 1483 1106 tua
1528 1062 1629 1108 est.
1675 1055 1780 1110 Sed

179 1138 457 1208 promerui
485 1140 880 1204 te,invocando
937 1143 1025 1196 te!
1051 1140 1120 1198 Ut
1147 1157 1346 1207 essem,
1375 1144 1502 1214 quid
1558 1144 1698 1200 feci?
1725 1157 1783 1202 ut

177 1245 360 1286 essem
391 1231 478 1301 qui
503 1240 554 1286 te
582 1233 906 1298 invocarem,
933 1233 1058 1303 quid
1080 1234 1164 1304 egi
1182 1233 1286 1290 ‘?»Si
1308 1237 1449 1290 enim
1472 1237 1554 1306 egi
1581 1238 1781 1309 aliquid

175 1331 239 1376 ut
258 1337 456 1389 essem,
478 1324 589 1393 jam
615 1339 761 1379 eram
777 1335 1062 1394 antequam
1085 1340 1281 1381 essem.
1304 1327 1472 1382 Porro
1489 1330 1532 1382 si
1562 1330 1783 1385 omnino

176 1415 314 1469 nihil
344 1432 490 1472 eram
512 1426 796 1490 antequam
826 1434 1002 1476 essent
1030 1462 1046 1488 ,
1073 1420 1203 1475 nihil
1233 1429 1283 1476 te
1309 1424 1576 1491 promerui
1607 1433 1664 1477 ιιι
1689 1439 1778 1478 es-

175 1520 317 1560 sem.
351 1506 546 1563 Fecisti
576 1517 632 1564 ut
655 1525 852 1578 essem,
883 1521 939 1566 et
974 1526 1080 1566 non
1108 1522 1163 1567 tu
1210 1510 1379 1568 fecisti
1409 1522 1463 1568 ut
1491 1513 1665 1569 bonus
1694 1531 1780 1569 es-

175 1597 342 1650 sem?
370 1596 567 1653 Dedisti
595 1600 725 1654 mihi
757 1609 816 1654 ut
855 1601 980 1665 sim,
1012 1611 1067 1656 et
1097 1603 1269 1672 potuit
1311 1603 1442 1656 mihi
1469 1603 1606 1658 alius
1649 1606 1779 1660 dare

177 1700 237 1741 ut
262 1689 433 1744 bonus
461 1690 600 1744 sim?
623 1692 677 1746 Si
708 1700 764 1745 tu
797 1691 923 1746 mihi
946 1691 1138 1747 dedisti
1168 1703 1227 1747 ut
1254 1693 1376 1766 sim,
1411 1703 1465 1749 et
1490 1694 1626 1749 alius
1648 1695 1776 1750 mihi

175 1780 328 1834 dedit
350 1791 408 1835 ut
429 1781 599 1836 bonus
624 1784 723 1836 sim
749 1800 764 1843 ;
808 1782 998 1838 melior
1027 1791 1110 1839 est
1139 1784 1230 1838 ille
1267 1785 1355 1854 qui
1395 1785 1522 1838 mihi
1550 1785 1695 1840 dedit
1721 1794 1780 1840 ut

176 1871 355 1924 bonus
402 1870 523 1936 sim,
557 1887 716 1942 quam
765 1873 855 1928 ille
893 1874 985 1944 qui
1033 1873 1168 1928 mihi
1196 1874 1343 1929 dedit
1371 1883 1426 1929 ut
1453 1876 1576 1930 sim.
1609 1876 1778 1930 Porro

174 1962 303 2031 quia
348 1971 399 2017 te
426 1978 583 2017 nemo
625 1964 832 2029 melibr,
874 1980 1032 2021 nemo
1072 1975 1125 2020 te
1182 1969 1468 2036 potentior,
1515 1983 1674 2023 nemo
1725 1978 1778 2024 te

174 2054 230 2106 in
277 2054 642 2109 misericordia
704 2057 934 2126 largior;
992 2073 1023 2111 a
1060 2073 1166 2127 quo
1216 2059 1397 2128 accepi
1455 2071 1512 2114 ut
1559 2075 1773 2125 essem,

171 2145 244 2198 ah
272 2144 365 2201 illo
383 2147 566 2217 accepi
595 2155 652 2202 ut
671 2148 842 2205 bonus
857 2165 1056 2205 essem.
1087 2150 1224 2205 Deus
1262 2168 1400 2206 meus
1427 2153 1776 2208 misericordia

172 2255 311 2292 mea.

634 2385 718 2447 IN
760 2386 1144 2452 PSALMUM
1187 2390 1332 2451 LIX

758 2505 1182 2563 ENARRATlO.

639 2635 812 2676 saeuo
849 2638 918 2676 AD
956 2637 1196 2678 POPULUI
1253 2622 1350 2696 (a).

249 2733 307 2787 1.
338 2731 491 2802 [υεη.
525 2733 578 2799 l,
604 2729 700 2806 2.]
750 2732 961 2788 Titulus
1013 2734 1200 2804 psalmi
1250 2734 1409 2805 hujus
1439 2737 1772 2806 aliquantum

174 2823 422 2894 prolixus
441 2832 554 2890 est;
578 2822 672 2879 sed
700 2838 804 2878 non
825 2839 924 2880 nos
951 2832 1167 2890 terreat,
1187 2825 1308 2896 quia
1334 2826 1576 2881 Psalmus
1592 2827 1776 2882 brevis

173 2924 281 2970 est.
300 2915 575 2986 Tanquam
592 2912 720 2986 ergo
737 2915 1122 2986 aliquantulum
1143 2915 1484 2986 prolixiorem
1504 2916 1772 2972 Psalmum

171 3011 528 3076 audierimus,
555 3011 634 3065 sic
651 3011 988 3070 intendamus
1005 3028 1019 3067 :
1041 3011 1291 3081 quoniam
1314 3010 1367 3065 in
1383 3011 1598 3066 nomine
1613 3010 1771 3066 Chri-

173 3104 245 3157 sti
273 3103 488 3158 nutritis
501 3111 556 3159 et
578 3103 874 3160 nutriendis
901 3103 1168 3173 loquimur
1193 3102 1244 3157 in
1269 3103 1505 3157 Ecclesia
1533 3102 1652 3170 Dei,
1672 3118 1774 3160 nec

172 3196 371 3250 alienis
396 3211 426 3249 a
465 3204 659 3266 sapere
705 3196 926 3249 istarum
973 3195 1297 3249 Litterarum
1325 3209 1353 3247 a
1381 3194 1577 3265 quibus
1619 3209 1776 3250 mun-

174 3285 281 3341 dus
313 3285 517 3340 alienus
538 3292 641 3348 est.
678 3301 784 3339 non
814 3284 966 3355 quasi
1005 3284 1156 3338 rudia
1206 3285 1357 3339 vobis
1414 3285 1514 3340 ista
1557 3300 1773 3355 semper

173 3393 301 3433 esse
330 3377 546 3432 debent.
577 3376 633 3432 Si
660 3378 802 3431 enim
835 3392 897 3433 ea
936 3391 1054 3447 quae
1084 3377 1379 3446 smpissime
1399 3377 1622 3432 audistis
1647 3392 1772 3433 cum

168 3471 512 3542 jncunditate
540 3472 590 3526 in
621 3485 715 3527 ore
739 3471 1076 3542 cogitationis
1118 3472 1428 3526 ruminastis
1455 3513 1471 3538 ,
1504 3487 1606 3526 nec
1633 3471 1772 3526 obli-

169 3565 336 3619 vione
377 3573 624 3635 tanquam
669 3565 721 3619 in
753 3571 938 3618 ventre
977 3563 1282 3633 sepelistis';
1313 3563 1502 3618 eadem
1547 3564 1660 3633 ipsa
1686 3577 1774 3618 re-

171 3655 419 3711 cordatio
443 3664 642 3722 vestra,
666 3663 721 3710 et
750 3653 1004 3728 memoria
1028 3655 1254 3708 multum
1283 3667 1382 3707 nos
1408 3654 1601 3723 poterit
1621 3653 1771 3722 adju-

169 3765 325 3814 vare,
352 3763 423 3805 ne
462 3748 688 3804 multum
719 3747 998 3818 loquamur
1025 3745 1092 3800 ad
1121 3746 1399 3802 enodauda
1439 3745 1591 3816 quasi
1621 3740 1769 3799 rudi-

170 3842 273 3898 bus
303 3855 368 3896 ea
396 3856 516 3912 quae
552 3840 663 3910 jam
688 3853 785 3894 vos
812 3853 972 3894 nosse
1011 3838 1275 3893 novimus.
1316 3837 1473 3892 Certe
1501 3837 1630 3891 illud
1658 3851 1769 3891 me—

169 3933 429 3988 minimus
451 3946 596 4001 smpe
631 3945 727 3984 vos
752 3929 965 3984 audisse
1003 3927 1142 3999 quod
1182 3928 1413 3983 dicimus
1445 3944 1458 3981 :
1488 3927 1577 3981 vix
1609 3935 1770 3981 estut

169 4025 226 4079 in
246 4023 474 4080 Psalmis
495 4022 733 4077 invenias
755 4035 934 4086 voces,
961 4021 1060 4076 nisi
1079 4020 1278 4076 Christi
1301 4030 1356 4074 et
1381 4019 1654 4084 Ecclesize,
1677 4027 1769 4074 aut

165 4113 372 4171 Christi
399 4122 601 4168 tantum
619 4155 634 4178 ,
666 4122 756 4167 aut
785 4112 1039 4167 Ecclesiae
1069 4121 1295 4177 tantum,
1323 4110 1464 4181 quod
1494 4112 1677 4180 utique
1700 4127 1768 4165 ex

166 4214 326 4275 parte
345 4211 402 4259 et
429 4217 529 4259 nos
557 4203 763 4257 sumus.
796 4202 875 4256 Ac
894 4216 989 4271 per
1009 4201 1110 4256 hoc
1132 4201 1346 4271 quando
1371 4215 1530 4256 voces
1557 4210 1768 4256 nostras

164 4295 532 4368 agnoscimus,
565 4295 680 4350 sine
705 4293 899 4350 atfectu
924 4307 1212 4365 agnoscere
1239 4308 1345 4348 non
1376 4307 1689 4362 possumus:
1712 4300 1768 4348 et

165 4396 322 4442 tanto
359 4385 530 4455 magis
564 4385 924 4450 delectamur,
951 4383 1164 4454 quando
1202 4383 1436 4439 indidem
1464 4384 1481 4415 ί
1511 4398 1609 4438 nos
1646 4397 1767 4439 esse

161 4479 454 4534 sentimus.
489 4476 659 4531 David
687 4492 783 4532 rex
816 4491 952 4531 unus
981 4475 1144 4530 homo
1170 4475 1302 4540 fuit,
1344 4475 1438 4530 sed
1467 4490 1571 4530 non
1601 4491 1764 4530 unum

163 4569 444 4628 hominem
485 4568 730 4639 ﬁguravit
758 4587 774 4624 :
801 4567 1015 4639 quando
1054 4568 1255 4622 scilicet
1295 4568 1538 4638 ﬁguravit
1576 4568 1766 4623 Eccle-

161 4667 302 4720 siam
332 4679 396 4719 ex
426 4664 607 4719 multis
634 4671 988 4726 constantem,
1019 4661 1305 4716 distentam
1340 4677 1508 4730 usque
1533 4661 1599 4714 ad
1632 4661 1766 4718 lines

163 4769 363 4821 terrm;
395 4756 610 4827 quando
635 4766 811 4812 autem
835 4769 1002 4810 unum
1033 4753 1590 4823 hominemiiguravit,
1616 4753 1765 4808 illum

166 4849 419 4920 ﬁguravit
460 4848 548 4919 qui
597 4855 681 4903 est
725 4846 988 4902 mediator
1036 4846 1127 4900 Dei
1173 4855 1229 4899 et
1256 4845 1554 4909 hominum,
1603 4844 1765 4900 homo

159 4941 416 4996 Christus
444 4939 600 4994 Jesus
630 4938 673 5007 (Ι
703 4937 834 4992 Tim.
859 4953 917 4999 tt,
944 4938 1025 5006 5).
1061 4936 1115 4990 ln
1144 4934 1245 4989 hoc
1270 4951 1398 5006 ergo
1421 4936 1649 5006 psalmo,
1679 4935 1764 4990 vel

160 5033 346 5102 potius
366 5031 419 5085 in
441 5029 597 5100 hujus
627 5029 815 5099 psalmi
850 5028 1020 5091 titulo,
1053 5027 1300 5082 dicuntur
1321 5027 1563 5097 qumdam
1597 5027 1767 5080 victo-

159 5128 308 5182 riosa
336 5123 521 5190 David,
556 5123 696 5193 quod
723 5121 930 5176 fortiter
955 5120 1141 5174 fecerit
1170 5118 1486 5174 debellando
1505 5119 1760 5189 quosdam

161 5218 432 5278 inimicos,
462 5226 517 5270 et
559 5229 652 5270 eos
705 5214 1015 5269 tributarios
1064 5211 1338 5277 faciendo;
1384 5212 1597 5282 quando
1641 5220 1763 5282 post

160 5319 393 5364 mortem
425 5307 601 5362 Saulis
624 5306 977 5377 persecutoris
1004 5306 1107 5367 sui,
1137 5320 1359 5374 regnum
1384 5305 1526 5358 illius
1551 5306 1761 5374 accepit

159 5401 506 5457 manifestum
541 5400 592 5454 in
621 5397 803 5454 lsrael.
841 5397 972 5453 Nam
1012 5407 1066 5452 et
1106 5406 1390 5466 antequam
1437 5399 1764 5466 persecutio-

161 5507 286 5546 nem
317 5499 611 5560 pateretur,
644 5498 738 5544 rex
766 5499 910 5554 erat,
938 5487 1032 5542 sed
1063 5488 1174 5541 Deo
1205 5495 1408 5541 tantum
1440 5496 1597 5542 notus
1622 5498 1757 5543 erat.

159 5583 358 5638 Postea
384 5596 514 5652 ergo
535 5581 643 5650 jam
674 5579 956 5634 manifesto
985 5594 1152 5650 regno
1171 5621 1186 5643 ,
1214 5589 1269 5633 et
1296 5579 1572 5634 evidenter
1598 5590 1759 5650 atque

224 5675 241 5705 ¹
278 5673 354 5723 sic
374 5671 560 5736 aliquot
581 5677 688 5721 Mss.
726 5670 925 5730 Quidam
948 5683 1086 5729 vero,
1130 5666 1180 5718 in
1446 5675 1504 5718 At
1537 5669 1670 5730 Edd.,
1709 5663 1762 5718 in

157 5737 310 5858 “iis.
343 5771 591 5906 Aliquanto
627 5801 734 5857 post
765 5795 1125 5844 Enarrationem
1147 5793 1415 5857 superioris
1437 5791 1605 5844 νειιωὶ
1627 5792 1760 5843 babi—

157 5867 254 5906 ιω.
281 5871 344 5906 ex
371 5872 422 5906 11.
515 5891 530 5902 .

156 5867 254 5921 ιω,
281 5871 344 5908 ex
371 5872 422 5907 ιι.
453 5867 530 5906 u.

421 5944 702 6005 PATROL.
735 5943 1033 6005 XXXVI.

1339 382 1738 443 ENARRATIO
1778 389 1845 444 IN
1885 389 2210 449 PSALMUM
2251 393 2385 449 LIX.

3391 409 3495 466 7M

1902 510 2198 565 eminenter
2236 521 2456 582 accepto
2495 513 2782 572 debellavit
2822 533 2913 573 eos
2953 520 3040 589 qui
3089 521 3140 575 in
3192 521 3290 576 hoc
3341 527 3491 579 titulo

1898 615 2423 670 commemorantur;
2457 617 2508 661 et
2547 594 2792 664 notata-5‘
2817 621 2899 666 est
2938 613 3129 667 Psalmi
3158 616 3339 671 titulus
3368 618 3438 672 ita
3472 638 3485 672 :

1897 694 1964 747 In
1992 696 2163 764 ﬁnem,
2203 714 2296 767 pro
2321 699 2399 752 his
2422 702 2507 770 qui
2537 702 2934 756 immutabuntur
2963 707 3013 759 in
3047 708 3176 761 tituli
3202 709 3488 780 inscriptio-

1895 804 2006 840 ncm
2033 789 2131 858 ipsi
2152 788 2318 843 David
2352 794 2403 844 in
2433 793 2734 862 doctrinam,
2761 813 2873 849 cum
2909 802 3163 853 succendit
3193 801 3482 872 Mesopota-

1894 881 2046 933 miam
2069 880 2258 951 Syrica,
2289 893 2335 935 et
2359 883 2568 953 Syriam
2597 884 2776 952 Sobal,
2806 891 3104 942 etconvcrtit
3123 891 3276 957 Joab,
3300 905 3345 946 et
3369 913 3480 963 per.

1891 974 2046 1027 cussit
2074 973 2259 1037 Edam,
2291 976 2344 1030 in
2392 977 2521 1030 calle
2557 977 2856 1033 Salinarum
2882 982 3146 1036 duodecim
3171 987 3352 1040 millia.
3382 989 3482 1045 Le-

1889 1064 2065 1134 gimus
2089 1065 2202 1122 haec
2229 1085 2280 1121 ιιι
2313 1069 2460 1124 libris
2491 1070 2815 1141 Regnorum.
2851 1074 2979 1128 istos
3007 1091 3195 1133 omnes
3223 1095 3357 1148 quos
3387 1099 3486 1136 no-

1889 1156 2142 1223 minavit,
2185 1158 2477 1215 debellatos
2507 1177 2628 1216 esse
2658 1179 2687 1216 a
2720 1164 2883 1218 David
2906 1208 2922 1231 ,
2967 1167 3016 1221 id
3060 1177 3142 1222 est
3184 1170 3488 1242 Mesopota-

1889 1247 2048 1301 miam
2070 1248 2258 1319 Syriae,
2286 1261 2339 1304 et
2369 1252 2577 1323 Syriam
2605 1255 2767 1310 Sohal
2787 1298 2800 1320 ,
2833 1257 2967 1312 Joah
2989 1301 3002 1322 ,
3037 1260 3207 1316 Edom
3241 1265 3259 1330 (
3277 1263 3320 1318 ll
3355 1265 3483 1337 Reg.

1836 1409 1838 1413 .
1885 1351 1977 1391 vut
1996 1337 2035 1406 ).
2065 1338 2224 1392 Facta
2252 1353 2375 1395 sunt
2397 1343 2517 1406 ista,
2546 1353 2599 1397 et
2619 1347 3067 1413 quemadmodum
3097 1350 3231 1406 facta
3262 1366 3387 1408 sunt
3414 1356 3483 1410 ita

1887 1426 1956 1480 ibi
1983 1431 2283 1500 conscripta
2321 1442 2466 1499 sunt,
2498 1436 2567 1489 ita
2596 1435 2841 1506 leguntur
2875 1457 2886 1492 :
2919 1439 3055 1510 legat
3081 1444 3173 1512 qui
3203 1445 3333 1500 vult.
3376 1447 3484 1502 Vc—

1885 1527 2182 1575 rumtamen
2213 1521 2352 1577 sicut
2379 1525 2514 1580 solet
2540 1526 2884 1596 prOpheticus
2914 1533 3131 1600 spiritus
3157 1536 3208 1591 in
3240 1537 3481 1594 Psalmo-

1885 1623 2004 1663 rum
2035 1611 2198 1666 titulis
2223 1615 2476 1671 recedere
2513 1617 2898 1688 aliquantulum
2925 1624 2994 1678 ab
3021 1628 3364 1694 expressione
3393 1647 3480 1688 re.

1884 1715 2005 1754 rum
2032 1712 2322 1770 gestarum,
2352 1714 2407 1761 et
2430 1707 2628 1778 aliquid
2664 1710 2844 1766 dicere
2869 1714 3006 1782 quod
3039 1715 3090 1770 in
3120 1718 3338 1774 historia
3370 1738 3477 1777 nou

1884 1789 2152 1847 invenitur
2171 1836 2185 1859 ,
2225 1803 2280 1849 et
2309 1795 2430 1851 hinc
2457 1800 2633 1868 potius
2661 1801 2969 1868 admouere,
3003 1823 3106 1860 non
3138 1819 3358 1879 propter
3382 1828 3477 1868 co-

1881 1884 2220 1952 gnoscendas
2265 1903 2351 1943 res
2377 1899 2554 1960 gestas
2583 1908 2703 1948 esse
2735 1893 3037 1965 hujusmodi
3079 1901 3258 1957 titulos
3288 1905 3481 1961 inscri-

1883 1984 2038 2043 ptos,
2067 1976 2163 2030 sed
2203 1991 2421 2048 propter
2448 1983 2620 2043 futura
2657 1987 3039 2056 praetiguranda
3069 2011 3083 2057 ;
3113 1994 3251 2049 sicut
3277 1996 3479 2054 dictum

1883 2071 1966 2117 est
1993 2067 2135 2134 quod
2170 2083 2352 2123 coram
2386 2070 2699 2129 Abimelech
2730 2080 2952 2134 mutavit
2977 2082 3180 2138 vultum
3210 2100 3398 2154 suum,
3425 2100 3480 2145 et

1881 2153 2081 2210 dimisit
2105 2171 2225 2212 eum
2245 2199 2261 2225 ,
2293 2168 2348 2214 et
2372 2161 2503 2216 abiit
2532 2166 2548 2232 (
2574 2162 2722 2220 Psal.
2765 2183 2955 2235 χχχιιι,
2991 2171 3011 2226 1
3046 2170 3101 2243 ),
3129 2189 3250 2228 cum
3280 2178 3481 2236 indicet

1883 2249 2143 2317 scriptura
2175 2250 2478 2322 Regnorum
2511 2255 2613 2312 hoc
2641 2272 2762 2313 eum
2790 2275 2895 2315 non
2928 2260 3122 2320 fecisse
3143 2281 3324 2323 coram
3355 2271 3480 2326 Abi-

1882 2339 2111 2432 meleeh,
2139 2343 2234 2398 sed
2264 2360 2444 2400 coram
2472 2348 2634 2403 Aehis
2671 2367 2797 2422 rege
2828 2352 2873 2424 (l
2902 2355 3031 2426 Reg.
3068 2372 3195 2424 χιιι,
3229 2361 3318 2432 15)
3356 2379 3369 2416 :
3403 2363 3478 2420 ita

1882 2435 1937 2483 et
1965 2429 2016 2484 in
2057 2431 2159 2486 hoc
2200 2434 2354 2490 titulo
2400 2437 2700 2496 invenimus
2729 2444 2928 2514 aliquid
2951 2488 2966 2513 ,
2998 2464 3104 2518 quo
3130 2429 3478 2511 commonea-

1882 2537 2004 2578 mur
2038 2525 2104 2579 ad
2133 2527 2352 2597 aliquid.
2382 2530 2622 2603 Namque
2657 2535 2710 2590 in
2747 2537 2835 2592 illa
2877 2542 3182 2600 narratione
3211 2546 3476 2605 bellorum

1881 2612 2205 2686 tertiumque
2237 2619 2492 2678 factorum
2522 2625 2664 2696 regis
2702 2627 2864 2684 David
2887 2674 2902 2697 ,
2933 2631 3021 2687 ubi
3048 2634 3100 2689 hi
3129 2652 3316 2695 omnes
3343 2657 3479 2712 quos

1881 2710 2453 2780 commemoravimus,
2487 2713 2740 2772 debellati
2769 2729 2924 2786 sunt,
2954 2738 3074 2779 eum
3107 2727 3304 2797 aliquid
3349 2710 3477 2788 suc-

1880 2797 2124 2883 cendisse
2162 2816 2267 2855 non
2308 2802 2554 2874 legimus.
2590 2806 2686 2863 llic
2716 2819 2895 2866 autem
2941 2816 3172 2872 maxime
3204 2820 3306 2875 hoc
3342 2826 3478 2891 posi-

1883 2895 1994 2943 tum
2019 2898 2132 2953 est,
2176 2893 2317 2961 quod
2360 2895 2431 2950 ibi
2474 2912 2580 2951 non
2611 2908 2695 2954 est
2734 2902 3015 2972 scriptum,
3045 2908 3169 2976 quia
3199 2914 3478 2970 succendit

1879 2977 2316 3073 LiesOpotamiam
2346 2984 2534 3058 Syriae,
2570 2998 2627 3044 et
2650 2990 2858 3062 Syriam
2877 2994 3060 3051 Sobal.
3091 2997 3206 3054 Jam
3234 3017 3364 3073 ergo
3391 3006 3476 3060 in-

1879 3071 2138 3139 cipiamus
2171 3076 2464 3132 secundum
2510 3095 2690 3136 rerum
2733 3081 3030 3142 futurarum
3059 3071 3475 3160 significationes

1879 3160 1979 3216 ista
2001 3162 2285 3235 discutere,
2310 3176 2364 3224 et
2383 3171 2698 3240 opaeitatem
2723 3174 3030 3233 umbrarum
3055 3181 3105 3235 iu
3130 3182 3303 3238 lu’cem
3327 3189 3477 3244 verbi

1879 3267 2151 3311 revocare.

1947 3343 2002 3398 2.
2035 3345 2100 3400 In
2123 3349 2294 3417 ﬁnem,
2325 3352 2451 3422 quid
2481 3354 2550 3408 sit
2578 3354 2744 3410 nostis
2774 3375 2787 3411 :
2821 3357 2968 3415 Finis
2999 3363 3132 3418 enim
3156 3365 3304 3436 Legis
3324 3368 3474 3425 Citrio

1876 3444 1983 3490 stus
2011 3448 2084 3492 est
2113 3437 2288 3510 (Rom.
2331 3459 2384 3508 x,
2413 3443 2490 3514 4).
2521 3446 2627 3501 Eos
2656 3447 2745 3517 qui
2772 3448 3119 3508 immutantur
3148 3463 3336 3512 nostis.
3369 3460 3471 3526 Qui

1877 3530 2042 3596 enim,
2069 3533 2167 3585 nisi
2197 3535 2285 3604 qui
2316 3551 2347 3590 a
2379 3539 2544 3592 veteri
2577 3539 2682 3594 vita
2714 3540 2766 3595 in
2797 3557 2989 3598 novam
3019 3552 3331 3606 transeunt?
3356 3554 3467 3608 Ab-

1877 3621 1946 3674 sit
1970 3624 2112 3676 enim
2139 3634 2196 3678 ut
2232 3625 2319 3680 hic
2342 3628 2605 3698 culpanda
2640 3630 2941 3689 immutatio
2972 3636 3319 3710 intelligatur.
3350 3644 3468 3699 Non

1876 3714 2145 3780 quomodo
2169 3715 2481 3773 immutatus
2510 3729 2594 3774 est
2622 3720 2792 3776 Adam
2823 3738 2851 3776 a
2875 3722 3079 3794 justitia
3109 3730 3174 3782 ad
3214 3731 3475 3802 iniquita-

1875 3812 1984 3859 tem
2004 3847 2020 3870 ,
2051 3814 2102 3860 et
2130 3821 2160 3860 a
2189 3807 2395 3863 deliciis
2419 3810 2486 3864 ad
2523 3811 2791 3878 laborem;
2835 3816 2929 3871 sed
2959 3822 3229 3887 quomodo
3258 3833 3473 3880 mutan-

1876 3902 1964 3949 tur
1989 3896 2084 3962 illi,
2116 3897 2306 3966 quibus
2332 3899 2530 3955 dictum
2559 3912 2641 3959 est
2670 3919 2682 3955 :
2720 3903 2916 3962 Fuisti:
2944 3911 3075 3963 enim
3096 3911 3372 3984 aliquando
3395 3928 3471 3972 te-

1874 3988 2059 4051 nebrw,
2091 4005 2225 4042 nunc
2253 4001 2421 4069 autem
2459 3993 2552 4048 Iun:
2584 3996 2636 4048 in
2664 3995 2884 4051 Domino
2919 3999 3135 4070 (Ep/tes.
3166 4021 3217 4068 ν,
3251 4009 3327 4074 8).
3361 4009 3470 4063 int-

1875 4089 2149 4135 mutantttr
2169 4093 2348 4138 autem
2376 4085 2460 4138 isti
2482 4086 2536 4138 in
2554 4087 2688 4140 tituli
2704 4089 3102 4160 inscriptionem.
3131 4093 3309 4151 Nostis
3334 4101 3466 4155 tituli

1876 4162 2296 4242 inscriptionem.
2328 4176 2535 4232 Titulus
2571 4178 2766 4234 inﬁxus
2808 4192 2891 4236 est
2922 4199 3084 4254 super
3111 4201 3324 4244 crucem
3360 4192 3469 4244 Do-

1876 4265 2002 4318 mini
2043 4267 2296 4335 scriptus,
2333 4267 2431 4321 llic
2469 4279 2542 4323 cst
2568 4288 2659 4323 rea:
2691 4270 2994 4327 Judazorum
3023 4274 3246 4349 (Matth.
3283 4297 3426 4335 xxvtt
3450 4324 3464 4344 .

1873 4355 1972 4428 '57)
1997 4374 2010 4410 :
2045 4360 2386 4414 mutanturin
2407 4360 2561 4429 hujus
2589 4363 2723 4417 tituli
2752 4363 3150 4434 inscriptionem
3179 4371 3267 4441 qui
3294 4372 3346 4426 in
3376 4390 3467 4428 re-

1870 4464 2032 4518 gnum
2063 4449 2257 4505 Christi
2288 4460 2565 4507 transeunt
2584 4470 2612 4507 a
2642 4469 2808 4522 regno
2832 4455 3046 4511 diaboli.
3081 4459 3224 4515 Bene
3251 4473 3432 4518 mutati
3451 4495 3468 4506 -

1873 4548 1960 4596 tur
2004 4541 2055 4596 in
2105 4541 2263 4612 hujus
2303 4543 2438 4598 tituli
2479 4545 2904 4615 inscriptionem.
2951 4549 3221 4606 Mutantur
3247 4564 3466 4621 autem,

1873 4634 2011 4689 sicut
2037 4636 2304 4705 sequitur,
2333 4637 2386 4690 in
2413 4637 2716 4692 doctrinam.
2749 4631 2881 4694 Cum
2910 4641 3050 4696 enim
3078 4643 3328 4710 dixisset,
3361 4649 3467 4702 Pro

1872 4727 1950 4780 Itis
1988 4728 2076 4798 qui
2103 4727 2499 4783 immutabuntur
2527 4729 2579 4783 in
2609 4732 2742 4784 tituli
2777 4732 3188 4803 inscriptionem;
3225 4738 3463 4805 addidit,

1870 4820 1969 4888 ipsi
2008 4819 2173 4873 David
2199 4822 2251 4874 in
2279 4822 2563 4876 doctrinam
2605 4839 2623 4876 :
2666 4823 2715 4877 id
2748 4833 2862 4890 est,
2895 4837 3165 4883 mutantur
3195 4846 3302 4886 non
3330 4834 3466 4900 sibi,

1870 4909 1963 4963 sed
1993 4910 2088 4979 ipsi
2120 4911 2312 4975 David,
2341 4922 2396 4966 et
2421 4922 2695 4967 mutantur
2736 4916 2785 4967 in
2818 4915 3134 4973 doctrinam.
3178 4921 3294 4976 Non
3322 4925 3465 4979 enim

1871 5003 1941 5055 ita
1973 5019 2063 5056 rex
2086 5004 2352 5070 Christus,
2377 5007 2524 5074 quasi
2556 5008 2754 5062 sreculo
2784 5022 3134 5080 regnaturus;
3163 5030 3282 5067 cum
3312 5031 3474 5084 aper-

1872 5101 1922 5148 te
1945 5093 2138 5148 dixerit
2165 5112 2177 5148 :
2207 5095 2441 5167 Regnum
2464 5115 2628 5150 meum
2656 5116 2756 5152 non
2774 5111 2847 5152 est
2873 5101 2935 5152 dc
2955 5102 3049 5156 lioc
3071 5106 3260 5158 mundo
3282 5107 3464 5175 (Joan.

1870 5204 2016 5252 xvut,
2046 5186 2178 5258 36).
2227 5189 2365 5258 Ergo
2397 5189 2448 5243 in
2490 5189 2641 5259 ejus'
2679 5190 2976 5245 doctrinam
3021 5202 3387 5261 transeamus,
3419 5199 3465 5252 si

1869 5283 2112 5336 volumus
2136 5282 2188 5335 in
2214 5283 2662 5352 Conscriptionem
2697 5284 2831 5338 tituli
2861 5289 3200 5352 commutari,
3227 5305 3334 5344 non
3363 5306 3464 5343 no-

1867 5373 1948 5427 bis
1969 5413 1983 5438 ,
2023 5372 2117 5426 sed
2149 5373 2248 5442 ipsi
2283 5373 2480 5437 David;
2511 5384 2569 5428 ut
2607 5374 2696 5444 qui
2723 5374 2948 5442 vivunt,
2975 5375 3085 5446 jam
3113 5395 3216 5432 non
3248 5380 3348 5435 sibi
3382 5382 3472 5434 vi-

1869 5476 1994 5517 vant
2013 5505 2028 5528 ,
2057 5463 2150 5518 sed
2196 5465 2243 5518 ei
2279 5464 2370 5534 qui
2401 5480 2497 5533 pro
2537 5465 2666 5534 ipsis
2693 5476 2937 5520 mortuus
2962 5476 3043 5521 est
3084 5478 3139 5522 et
3169 5472 3473 5525 resurrexit

1872 5555 1951 5626 (ll
1977 5554 2098 5610 Cor.
2126 5572 2182 5622 v,
2215 5556 2338 5627 l5).
2371 5556 2595 5624 Quando
2631 5572 2760 5627 ergo
2788 5573 2884 5611 nos
2912 5567 3142 5613 mutaret
3172 5558 3420 5616 Christus
3449 5603 3466 5624 ,

1867 5649 1966 5703 nisi
1991 5649 2203 5705 fecisset
2226 5647 2367 5718 quod
2397 5648 2531 5703 dixit
2561 5667 2574 5702 :
2605 5647 2783 5720 Ignem
2806 5650 2917 5703 veni
2936 5651 3129 5704 mittere
3146 5651 3198 5704 in
3215 5653 3464 5708 mundum

1931 5788 1946 5817 ³
1982 5786 2056 5835 sic
2078 5784 2256 5846 Regius
2276 5791 2358 5834 Ms.
2382 5784 2466 5834 Alii
2491 5799 2600 5836 cum
2625 5786 2756 5842 Edd.,
2779 5794 2920 5837 natus
2938 5796 3027 5838 est.

1930 5850 1952 5881 ⁸
1975 5850 2049 5898 sic
2076 5855 2181 5896 stss.
2211 5855 2263 5896 At
2281 5848 2416 5910 Edd.,
2450 5848 2500 5902 in
2522 5848 2626 5911 ejus
2663 5849 2873 5913 gratiam
2907 5857 2954 5900 α
2984 5848 3271 5901 doctrinam.

2710 5934 3205 6017 {Vingt-trot's.)
