3934 6360
445 431 553 491 715
634 492 641 501 ,

448 544 604 611 (Luc.
620 560 731 608 Δχιι,
753 542 841 611 ἀεὶ)
858 539 885 593 ’l
906 542 963 597 Si
987 552 1115 605 ergo
1135 537 1381 593 Christus
1408 535 1552 589 venit
1568 533 1853 595 mitterein
1879 546 2039 585 mun-

448 641 578 693 dum
613 638 832 707 ignem,
888 634 1069 699 utique
1114 628 1410 682 ‘salubriter
1438 637 1599 696 atque
1644 624 1887 683 utiliter';
1934 636 2041 675 nou

451 710 724 801 quomodo
762 729 1035 798 missurus
1055 732 1135 777 est
1166 718 1421 793 mundum
1454 718 1506 772 in
1546 716 1744 787 ignem.
1772 713 1875 767 Sed
1908 727 2045 781 qun-

453 822 614 879 modo
639 821 805 893 ignem
833 818 884 870 iu
917 814 1199 867 mundum?
1226 810 1485 879 Quoniam
1517 822 1647 877 ergo
1688 804 2043 873 venitignetn

455 915 668 967 mittere
722 912 776 963 in
830 905 1111 965 tuumlum,
1158 914 1463 973 qureramus
1495 898 1606 969 jam
1646 896 1771 968 quid
1821 896 1889 948 sit
1936 892 2046 950 Me-

460 1003 757 1071 sopotamia
803 1015 921 1071 qua:
969 1010 1224 1053 succensa
1268 1002 1384 1055 est,
1416 988 1648 1061 quidsit
1687 988 1836 1059 Syria
1867 984 2049 1040 Sobal.

464 1070 935 1165 Interpretationes
977 1087 1409 1159 ergonomiuum
1432 1084 1842 1149 interrogemus
1864 1070 2055 1131 secum;

462 1192 589 1243 dum
638 1188 907 1242 hebrmum
953 1182 1263 1261 eloquium,
1308 1193 1415 1254 quo
1442 1177 1694 1258 primum
1740 1173 1854 1226 haec
1905 1171 2053 1228 Scri-

463 1294 615 1349 ptura
668 1281 841 1333 locuta
886 1283 1003 1330 est.
1056 1269 1496 1341 Mesopotamiam
1553 1265 1739 1321 dicunt
1788 1263 2053 1332 interpreo

465 1375 564 1425 lari
617 1350 1315 1425 Elm'atamevocationem-
1341 1359 1456 1414 iam
1494 1365 1642 1412 totus
1688 1353 1915 1409 mundus
1957 1367 2058 1416 vo-

461 1464 672 1517 catione
713 1463 951 1514 elevatus
994 1466 1113 1530 (γει.⁵
1143 1453 1304 1526 Syria
1345 1452 1727 1520 interpretatur
1775 1443 2055 1500 Sublitnis.

462 1556 567 1609 Sed
599 1548 685 1609 illa
722 1568 843 1623 qua:
886 1558 1002 1606 erat
1030 1547 1296 1611 sublimis,
1328 1545 1547 1599 incensa
1574 1549 1658 1596 est
1677 1550 1729 1594 et
1749 1536 2060 1625 humiliata:

460 1656 516 1704 et
545 1641 990 1716 quemadmodum
1037 1630 1313 1693 lutmiliata
1349 1643 1433 1690 est
1468 1648 1588 1704 qua:
1616 1628 1785 1712 fuerat
1808 1629 2059 1689 exaltata,

464 1733 541 1789 sic
589 1736 855 1789 trxaltetur
880 1747 999 1801 qua:
1026 1726 1521 1782 iuerat-Itumiliaut.
1551 1720 1711 1779 Sobal
1741 1722 2061 1789 interpreta-

468 1839 553 1878 tur
581 1812 724 1878 Vana
745 1831 1001 1877 vetustas.
1031 1818 1242 1875 Gratias
1266 1815 1483 1870 Christo
1512 1813 1600 1882 qui
1628 1822 1746 1866 eam
1766 1809 2059 1883 succendit.

462 1892 689 1978 Quando
727 1910 1164 1980 vetera‘virgulta
1194 1906 1591 1962 succenduntur
1611 1946 1625 1968 ,
1656 1904 1821 1965 vireta
1866 1914 2063 1957 succe-

469 2012 593 2061 dunt
618 2022 633 2071 ;
658 2016 712 2061 et
734 2004 965 2058 alacrius
995 2013 1049 2055 et
1078 1990 1294 2059 uberius
1337 2008 1392 2054 et
1418 1996 1642 2053 viridius
1670 1994 1806 2049 nova
1836 1998 2066 2047 nascun-

468 2113 576 2163 tur,
603 2116 724 2154 cum
766 2112 827 2152 ea
860 2098 996 2167 ignis
1025 2096 1086 2149 in.
1104 2102 1431 2148 vetustorum
1460 2088 1812 2152 succensione
1838 2100 2067 2156 prmres-

467 2191 618 2246 serit.
684 2176 804 2243 Non
872 2196 1011 2257 ergo
1053 2186 1305 2240 timeatur
1359 2184 1496 2254 ignis
1556 2178 1792 2243 Christi;
1851 2174 2075 2243 fenum,

466 2281 750 2335 rousumit.
782 2278 971 2338 Omnis
1013 2277 1156 2333 enim
1201 2289 1328 2332 caro
1357 2273 1557 2336 femun,
1589 2284 1645 2327 et
1663 2268 2069 2349 omnis‘claritas

468 2373 699 2426 immittis
724 2373 860 2426 sient
890 2368 1004 2425 .flos
1035 2366 1325 2439 feni.(lsai.
1375 2381 1466 2431 XL,
1496 2364 1577 2433 6).
1618 2362 1903 2419 Succendit
1941 2376 2073 2435 ergo

469 2468 565 2521 ista
598 2463 687 2517 illo
736 2463 880 2533 igne.
910 2461 975 2513 Et
1004 2460 1246 2513 convertit
1292 2455 1448 2510 Joab.
1489 2455 1625 2511 Joab
1684 2455 2069 2523 interpretatur

471 2554 742 2608 Inimicus.
771 2552 1076 2619 Conversus
1117 2559 1202 2603 est
1232 2548 1513 2602 inimicus:
1545 2545 1687 2617 quod
1708 2546 1790 2599 vis
1811 2544 2065 2614 intelligo.

466 2646 521 2699 Si
547 2658 838 2699 conversus
865 2643 915 2695 in
947 2641 1147 2708 fugam,
1168 2639 1418 2694 diabolus
1437 2648 1553 2704 est;
1594 2637 1638 2691 si
1677 2650 1969 2716 conversus
2001 2634 2073 2690 ad

468 2737 651 2803 tidem,
682 2734 1020 2790 christianos-
1040 2740 1146 2788 est.
1175 2718 1459 2798 Quomodo
1478 2729 1537 2807 in
1564 2727 1781 2799 fugam?
1810 2727 1886 2783 De
1908 2725 2073 2784 corde

447 2828 749 2887 .t‘bristiani
785 2844 801 2881 :
843 2825 1091 2897 Princeps
1122 2824 1277 2893 hujus
1297 2819 1497 2887 mundi,
1523 2814 1714 2891 inquit,
1733 2835 1869 2873 nunc
1889 2818 2072 2873 missus

468 2930 540 2977 est
567 2914 910 2990 foraonan.
944 2929 1039 2980 sn,
1061 2898 1179 2983 3|).
1204 2912 1507 2967 Conversus
1549 2918 1728 2965 autem
1778 2907 1846 2963 ad
1887 2907 2072 2965 Domi-

472 3026 601 3064 num
645 3008 992 3078 christianos,
1046 3003 1503 3091 quareinimicus
1548 2997 1885 3056 conversus?
1935 2998 2071 3066 Quia

467 3101 651 3156 tideiis
695 3099 887 3162 factus,
934 3096 1025 3167 qui
1056 3088 1228 3150 fuerat
1262 3093 1531 3149 inimicus.
1554 3090 1822 3169 «Percussit
1875 3088 2065 3143 Edam.

472 3182 855 3261 interpretatur
876 3187 1047 3244 Edom
1068 3185 1362 3257 Terrenus.
1394 3182 1586 3239 Debuit
1608 3180 1812 3259 percuti
1831 3189 2077 3245 terrenus

472 3278 593 3341 iste.
624 3281 819 3352 thuid
842 3282 991 3337 enim
1020 3280 1225 3335 viveret
1251 3285 1519 3341 terrenus,
1549 3274 1638 3345 qui
1661 3272 1897 3329 etelestis
1916 3266 2077 3326 debet

473 3375 689 3431 vivere?
711 3374 991 3429 interfecta
1011 3380 1094 3427 est
1112 3382 1243 3440 ergo
1260 3370 1365 3423 vita
1390 3357 1601 3423 terrena
1621 3382 1637 3433 ;
1657 3367 1799 3421 vivat
1818 3363 2074 3420 celestis.

472 3470 622 3525 Sicut
652 3469 796 3528 enim
824 3465 1154 3537 portavimus
1200 3460 1488 3531 imaginem
1533 3458 1754 3523 terreni,
1801 3464 2077 3528 portemus

474 3570 531 3639 et
548 3561 840 3631 imaginem
859 3558 977 3628 ejus
1004 3556 1096 3626 qui
1115 3555 1184 3610 de
1211 3554 1353 3637 caelo
1380 3560 1466 3607 est
1484 3550 1529 3623 (1
1549 3549 1670 3607 Cor.
1695 3566 1786 3618 xv,
1812 3545 2077 3620 £9).Yide

475 3653 627 3707 illum
679 3646 908 3704 interﬁci
941 3665 957 3702 :
989 3644 1301 3714 Mortiﬁcate
1327 3641 1553 3697 membra
1600 3650 1769 3708 vestra
1803 3654 1917 3710 quia
1961 3647 2077 3694 sunt

478 3758 630 3811 super
659 3751 846 3795 terram
873 3736 1093 3809 (Coloss.
1113 3752 1191 3801 ttt,
1214 3735 1300 3804 5).
1331 3734 1468 3788 Cum
1499 3741 1679 3789 autem
1724 3730 2079 3804 percussisset

479 3835 667 3898 lidom,
706 3831 970 3901 percussit
996 3826 1265 3882 duodecim
1292 3822 1460 3880 millia
1495 3823 1714 3877 in'valle
1758 3821 2077 3880 Salinarum.

482 3926 771 3985 Duodecim
799 3922 963 3978 millia
994 3921 1262 3991 perfectus
1293 3926 1380 3974 est
1406 3930 1683 3980 numerus,
1725 3916 1810 3969 cui
1845 3912 2081 3984 perfecto

482 4028 707 4074 numero
758 4006 920 4071 etiam
973 4008 1349 4079 ,duodenarius
1391 4005 1774 4076 Apostolorum
1827 4017 2082 4057 numerus

480 4091 772 4177 deputatur
798 4119 947 4174 :non
994 4102 1139 4157 enim
1181 4100 1376 4155 frustra
1408 4140 1425 4165 ,
1476 4097 1578 4151 nisi
1629 4094 1882 4168 quiaper
1911 4104 2080 4153 totum

480 4202 738 4257 mundutn
765 4195 1085 4254 mittendum
1104 4202 1225 4249 erat
1249 4192 1492 4259 verbum.
1517 4189 1750 4248 Verbum
1780 4198 1957 4243 autem
1990 4189 2083 4243 Del

482 4292 631 4364 quod
665 4301 750 4346 est
799 4277 1079 4351 Christus,
1127 4285 1203 4347 in_
1227 4281 1486 4362 nubibus,
1530 4279 1633 4335 hoc
1672 4289 1768 4334 est.
1796 4279 1847 4333 in
1886 4278 2082 4349 pra‘di—

481 4384 753 4439 ratnribus
794 4378 1059 4435 veritatis.
1087 4373 1314 4451 Mundus
1362 4381 1541 4427 autem
1582 4382 1809 4440 quatuor
1846 4368 2085 4439 partibus

478 4474 955 4540 constat.Quatuor
970 4468 1086 4537 ejus
1103 4462 1590 4537 partesnmissitme
1606 4470 1731 4515 sunt
1746 4461 2015 4523 omnibus,
2029 4471 2085 4514 et

480 4583 625 4636 Btnpc
644 4569 693 4619 iu
711 4556 1002 4636 Scripturis
1013 4564 1323 4636 memorata:
1341 4571 1355 4607 :
1373 4568 1492 4624 qua:
1514 4553 1674 4607 etiam
1696 4560 1922 4620 quatuor
1943 4551 2084 4604 venti

483 4662 642 4715 dicta:
670 4664 796 4711 sunt
818 4652 1035 4727 (Ezech.
1064 4662 1276 4713 xxxvu,
1306 4641 1388 4719 9),
1416 4643 1618 4728 oriens,
1643 4642 1911 4706 occidens,
1935 4644 2085 4711 aqui-

476 4756 537 4807 ,ιο
552 4760 604 4805 et
629 4745 899 4802 meridies.
924 4740 1003 4797 Ad
1025 4753 1214 4798 omnes
1239 4738 1373 4793 istas
1399 4742 1629 4807 quatuor
1654 4742 1838 4803 partes
1862 4734 2085 4787 missum

483 4853 569 4897 est
598 4820 841 4902 verbum,
871 4842 929 4887 ut
954 4827 1320 4887 in'Trinitate
1349 4840 1542 4881 omnes
1570 4831 1913 4879 vocarentur.
1947 4823 2087 4881 Duo-

481 4932 766 4990 denarium
797 4924 1080 4983 numerum
1108 4932 1191 4977 ter
1215 4919 1466 4991 quaterni
1498 4918 1719 4972 faciunt.
1743 4915 1934 4973 Merito
1957 4931 2087 4987 ergo

482 5024 766 5081 duodecim
787 5017 950 5075 millia
980 5027 1194 5072 terrena
1214 5025 1469 5083 percussa
1494 5017 1651 5076 sunt;-
1680 5017 1823 5065 totus
1854 5007 2089 5065 mundus

488 5109 772 5187 percussus
785 5122 868 5168 est
884 5131 897 5167 :
913 5110 980 5165 de
1007 5118 1118 5164 toto
1134 5107 1275 5162 enim
1306 5104 1509 5160 mundo
1522 5102 1691 5159 electa
1711 5112 1797 5158 est
1820 5102 2081 5167 Ecclesia,

487 5202 804 5266 mortificata
834 5218 875 5257 a.
894 5211 1105 5257 terrena
1132 5198 1256 5252 vita.
1289 5196 1486 5264 Quare,
1512 5196 1566 5249 in
1601 5195 1734 5250 ualle
1760 5192 2087 5273 Solinarunt?

492 5301 655 5356 Vallis
696 5296 971 5353 humilitas
1019 5303 1104 5346 est
1148 5309 1162 5346 :
1206 5279 1392 5345 salinze
1452 5300 1701 5357 saporem
1760 5280 2085 5355 signiﬁcant.

490 5394 633 5449 Multi
665 5390 806 5447 enim
838 5365 1220 5445 humiliantur,
1260 5378 1357 5435 sed
1388 5391 1524 5432 vano
1566 5384 1624 5446 et
1646 5374 1825 5434 fatue;
1860 5376 1912 5430 in
1952 5390 2087 5431 vana

491 5492 753 5545 vetustate
778 5477 1147 5532 humiliantur.
1171 5470 1525 5540 Patiturquis
1560 5468 1958 5523 tribulationem
1990 5483 2090 5538 pro

490 5576 740 5650 pecunia,
767 5572 966 5644 patitur
995 5565 1394 5623 tribulationem
1425 5577 1524 5648 pro
1551 5561 1757 5620 honore
1784 5561 2086 5630 temporali,

494 5675 692 5740 patitur
722 5661 1118 5719 tribulationem
1148 5672 1244 5728 pro
1269 5653 1568 5713 commodis
1593 5654 1715 5707 vita:
1745 5654 1935 5722 hujus;
1965 5670 2089 5723 pos-

495 5758 650 5816 surus
678 5765 761 5813 est
800 5752 1219 5813 tribulationem,
1260 5758 1315 5803 et
1345 5745 1741 5803 humiliandus:
1767 5761 1933 5818 quare
1984 5763 2090 5802 nou

492 5860 715 5925 propter
762 5847 926 5903 Deum
951 5843 975 5896 ?
1002 5856 1164 5913 quare
1194 5854 1299 5897 non
1331 5847 1550 5910 propter
1574 5836 1887 5896 Christum?
1924 5855 2091 5910 quare

1708 415 1765 471 s.
1810 412 2170 471 Aususrtxt
2212 396 2511 472 spurcum

3644 425 3740 479 716

2156 547 2259 584 non
2293 545 2507 603 pmpter
2521 544 2765 607 saporem
2788 538 2952 594 salis?
2976 542 3055 595 An
3075 539 3248 616 nescis
3267 539 3361 597 tibi
3379 555 3506 598 esse
3522 539 3737 604 dictum,

2165 622 2265 677 Vos
2300 628 2416 677 estis
2451 628 2529 680 sal
2577 638 2758 693 terrm;
2800 616 2873 691 et.
2920 632 2979 703 Si
3015 634 3093 687 sal
3139 632 3443 702 infamatum
3475 633 3648 705 fuerit,
3680 648 3740 685 aa

2156 715 2371 783 nihilum
2400 711 2581 771 valebit
2610 720 2772 787 aliud,
2802 721 2898 775 nisi
2939 738 2996 776 ut
3023 730 3162 791 [oras
3188 724 3488 794 projiciatur
3530 722 3741 789 (Matth.

2157 820 2212 870 v,
2248 805 2375 877 I3)?
2424 808 2626 867 Bonum
2672 820 2755 865 est
2792 826 2920 879 ergo
2967 812 3236 879 sapienter
3278 813 3566 870 humiliari.
3615 814 3748 869 Ecce

2157 913 2301 953 nunc
2329 913 2507 954 nonne
2538 899 2899 957 humiliantur
2917 904 3151 959 haeretici
3175 905 3199 957 ‘.'
3222 904 3411 960 Nonne
3444 906 3592 975 leges
3617 920 3747 960 cun-

2157 994 2242 1048 tra
2271 988 2390 1042 illos
2411 988 2549 1044 data:
2578 1001 2701 1045 sunt
2727 991 2908 1047 etiam,
2931 993 2999 1048 ab
3027 992 3351 1055 hominibus,
3376 1006 3564 1050 contra
3616 1012 3748 1066 (μεως

2160 1070 2353 1133 divina:
2374 1089 2616 1151 regnant,
2640 1082 2757 1149 (μιίέ
2776 1083 2894 1138 illos
2909 1097 3034 1140 ante
3048 1085 3207 1141 etiam
3225 1086 3754 1142 condemnaverant?

2162 1167 2304 1225 Ecce
2333 1168 2695 1238 humiliantur,
2723 1188 2848 1229 ecce
2873 1161 3138 1246 fugantur,
3167 1179 3752 1247 eccepersecutionem

2166 1258 2459 1328 patiuntur,
2488 1260 2582 1316 sed
2614 1262 2733 1318 sine
2758 1278 2948 1334 sapore
2973 1281 2996 1329 ς·
3020 1282 3117 1337 pro
3139 1266 3395 1335 latinitate,
3422 1283 3520 1339 pro
3549 1269 3749 1324 vanita-

2167 1350 2378 1427 teJam
2405 1355 2549 1409 enim
2568 1348 2667 1409 sal
2698 1354 3011 1411 infamatum
3041 1367 3125 1413 est
3155 1377 3166 1411 :
3202 1359 3319 1416 ideo
3346 1362 3648 1433 projectum
3675 1373 3755 1418 est

2167 1441 2332 1509 foras,
2362 1455 2418 1499 ut
2445 1448 2792 1503 conculcetur
2811 1448 2879 1503 ab
2926 1451 3252 1509 hominibus.
3296 1452 3617 1511 A'utliviutus
3637 1455 3757 1510 titu-

2171 1535 2279 1591 lum
2299 1537 2505 1593 'Psalmi
2532 1538 2854 1603 ;,audiatnus
2875 1529 3034 1596 etiam
3066 1544 3225 1598 verba
3254 1543 3469 1600 Psalmi.

2241 1629 2294 1682 5.
2321 1627 2471 1700 [verm
2497 1627 2578 1702 5.]
2614 1628 2750 1684 Deus
2787 1631 3024 1699 rettulisti
3063 1649 3175 1698 nos,
3222 1642 3269 1688 et
3306 1634 3601 1689 destruxiin
3648 1652 3759 1691 nos.

2168 1718 2439 1788 Numquid
2470 1720 2557 1775 ille
2584 1721 2749 1775 David
2770 1721 3023 1792 loquitur,
3055 1723 3145 1794 qui
3178 1724 3458 1794 percussit,
3498 1726 3591 1796 qui
3636 1732 3760 1780 suc-

2171 1810 2372 1873 condit,
2404 1810 2493 1880 qui
2525 1811 2842 1877 debellavit;
2871 1822 2925 1867 et
2951 1830 3056 1868 non
3080 1814 3152 1868 illi
3181 1798 3372 1884 quibus
3399 1816 3513 1871 lucc
3534 1815 3681 1883 fecit,
3711 1827 3765 1871 ttt

2173 1909 2578 1970 percu’terentur
2602 1912 2655 1956 et
2680 1903 3065 1972 repellerentur
3093 1906 3180 1974 qui
3212 1906 3331 1960 mali
3363 1917 3535 1969 erant,
3567 1917 3619 1961 et
3648 1923 3764 1961 rur-

2172 1985 2268 2058 sus
2290 1994 2685 2061 vivificarentur
2711 2004 2767 2050 et
2800 1999 3038 2050 redirent
3082 2010 3135 2052 ut
3165 1999 3288 2053 boni
3338 1999 3560 2053 essent?
3604 2000 3779 2054 istaut

2173 2085 2387 2155 quidem
2413 2098 2642 2157 stragem
2676 2086 2800 2152 fecit
2826 2088 2987 2143 David
3020 2090 3108 2143 ille
3136 2105 3293 2145 manu
3327 2089 3477 2145 fortis
3519 2090 3770 2147 Christus

2175 2173 2383 2243 noster,
2413 2178 2570 2251 cujus
2594 2181 2817 2252 figuram
2846 2182 3066 2252 gerebat
3110 2184 3198 2237 ille
3225 2176 3419 2246 homo:
3471 2183 3601 2241 fecit
3646 2187 3768 2251 ista,

2143 2270 2325 2357 dedit
2372 2271 2779 2345 hancrstragetu
2827 2275 3008 2345 gladio
3051 2292 3148 2332 suo
3190 2287 3241 2332 et
3292 2278 3411 2349 igne
3461 2294 3773 2351 suornam

2164 2371 2460 2430 antrumque
2489 2364 2666 2419 attulit
2708 2365 2776 2419 iu
2809 2365 2949 2421 hunc
2997 2366 3272 2424 mundum.
3317 2368 3400 2435 Et,
3451 2367 3636 2443 Ignem
3666 2371 3779 2435 reui

2176 2456 2373 2508 mittere
2400 2455 2453 2508 in
2476 2455 2719 2509 mundum
2750 2454 2899 2525 (Luc.
2930 2473 3026 2522 xu,
3054 2459 3169 2528 49),
3195 2458 3359 2515 habes
3384 2460 3435 2515 in
3458 2448 3777 2531 Evangelia;

2174 2555 2249 2609 et,
2269 2544 2508 2601 Gladium
2521 2546 2631 2600 veni
2645 2542 2838 2623 mittere
2852 2548 2903 2601 in
2921 2558 3103 2602 terram
3121 2547 3139 2613 (
3149 2548 3370 2603 Malum
3383 2551 3516 2617 ὧι),
3538 2550 3711 2606 habes
3728 2552 3779 2605 in

2172 2635 2481 2705 Evangelio.
2493 2635 2678 2690 Attulit
2692 2639 2867 2707 ignem
2885 2638 3026 2693 unde
3042 2638 3450 2695 succenderetu'r
3465 2639 3781 2709 Mesopota-

2175 2727 2282 2785 mia
2293 2727 2483 2799 Syria,
2499 2735 2552 2782 et
2568 2728 2720 2799 Syria
2737 2722 2917 2793 Subal;
2933 2732 3107 2783 attulit
3122 2729 3357 2800 gladium
3376 2729 3519 2785 unde
3535 2744 3782 2801 percute

2177 2829 2326 2876 tetur
2340 2819 2539 2874 Edom.
2551 2819 2667 2879 iam
2691 2836 2819 2891 ergo
2841 2821 2940 2875 ista
2962 2832 3168 2894 strages
3182 2820 3325 2881 facta
3340 2830 3422 2877 est
3443 2814 3672 2895 praptor
3682 2838 3779 2878 eos

2178 2912 2266 2980 qui
2294 2911 2649 2972 immutantur
2694 2910 2747 2965 in
2781 2912 2920 2967 tituli
2968 2911 3373 2981 inscriptionem
3412 2911 3511 2981 ipsi
3577 2908 3797 2968 David.

2179 3005 2475 3062 Audiamus
2508 3016 2640 3075 ergo
2682 3020 2868 3077 eorum
2912 3020 3098 3061 vocem
3145 3000 3489 3076 :Vsaiubriter
3533 3008 3778 3076 percussi

2179 3104 2324 3159 sunt,
2350 3095 2515 3153 erecti
2546 3095 2855 3165 loquantur.
2889 3082 3081 3151 Dicant
3105 3110 3234 3166 ergo
3263 3095 3446 3151 mutati
3484 3095 3538 3150 in
3560 3095 3779 3162 melius,

2181 3188 2369 3245 mutati
2398 3187 2453 3243 in
2479 3186 2617 3242 tituli
2648 3184 3078 3266 inscriptionem,
3107 3187 3368 3242 immutati
3394 3187 3445 3243 in
3471 3186 3780 3243 doctrinam

2181 3277 2284 3348 ipsi
2309 3277 2515 3340 David;
2546 3278 2727 3333 dicant
2749 3278 2927 3333 :-Deus
2973 3279 3202 3350 repulisti
3242 3296 3373 3345 nos,
3407 3288 3455 3340 et
3481 3279 3783 3334 destruiin

2181 3387 2275 3438 nos
2303 3386 2322 3425 :
2346 3371 2508 3424 iratus
2536 3383 2687 3437 es,.et
2728 3372 2962 3426 misertus
3005 3388 3055 3425 rs
3082 3363 3259 3425 nostri.
3287 3372 3605 3427 Destruxisti
3653 3386 3779 3436 nos,

2182 3461 3085 3528 utaadiftcares-uos;'destrnxisti
3130 3478 3230 3526 nos
3272 3464 3409 3518 male
3458 3461 3781 3528 :edit‘teatos,

2182 3552 2493 3627 destrusisti
2521 3568 2712 3608 vanam
2738 3564 3078 3612 vetustatem.
3111 3565 3166 3607 ut
3192 3555 3261 3608 sit
3284 3554 3569 3610 artlilicatio
3597 3537 3648 3608 in
3681 3570 3785 3608 no-

2182 3662 2307 3701 vum
2335 3644 2630 3710 hominem,
2661 3642 2947 3700 :e'diiicatio
2979 3661 3229 3700 mansura
3256 3646 3308 3700 in
3330 3656 3615 3700 tete-roum.
3665 3644 3783 3701 Me-

2184 3739 2289 3792 rito
2300 3739 2459 3792 iratus
2478 3754 2551 3805 es,
2570 3747 2616 3791 et
2634 3738 2867 3790 misertus
2890 3752 2943 3792 es
2965 3740 3141 3791 nostri.
3163 3736 3279 3816 lion
3298 3738 3652 3803 miserereris,
3683 3738 3783 3792 nisi

2186 3829 2515 3900 irascereris.
2550 3830 2865 3901 Destrusisti
2895 3844 2991 3886 nos
3014 3830 3064 3884 in
3092 3829 3167 3883 ira
3194 3839 3317 3896 tua;
3341 3828 3434 3884 sed
3465 3830 3539 3884 ira
3585 3839 3677 3884 tua
3731 3830 3783 3884 in

2186 3932 2507 3977 vetustatem
2548 3930 2786 3977 nostram
2840 3920 2973 3988 fuit,
3015 3933 3072 3977 ut
3111 3925 3475 3979 destrueretur
3517 3932 3785 3978 vetustas.

2184 4011 2293 4068 Sed
2323 4002 2573 4067 misertus
2597 4026 2656 4066 es
2678 4010 2846 4067 nostri
2868 4023 3087 4084 propter
3108 4013 3416 4077 novitatem,
3443 4023 3665 4084 propter
3689 4028 3788 4069 eos

2188 4105 2277 4174 qui
2303 4104 2650 4170 immutantur
2672 4104 2723 4158 in
2758 4103 2893 4159 tituli
2914 4104 3314 4175 inscriptionem
3336 4122 3354 4159 :
3384 4106 3506 4174 quia
3537 4114 3593 4159 et
3616 4107 3665 4159 si
3692 4122 3787 4160 es-

2190 4196 2359 4251 tcrior
2382 4195 2551 4250 homo
2570 4204 2754 4251 noster
2780 4196 3161 4266 corrumpitur,
3187 4196 3278 4252 sed
3307 4196 3529 4253 interior
3556 4214 3790 4254 renova-

2191 4295 2278 4341 tur
2300 4286 2369 4343 de
2393 4287 2480 4342 die
2507 4288 2559 4342 in
2588 4288 2732 4354 diem
2754 4286 2956 4360 (llCor.
2989 4303 3061 4352 tv,
3094 4284 3208 4358 ili).

2262 4380 2316 4435 4.
2349 4378 2499 4452 [vers.
2525 4377 2605 4451 4.]
2633 4378 2955 4436 Coumiovisti
2983 4390 3201 4444 terram,
3228 4388 3276 4434 et
3304 4381 3613 4436 conturbasti
3649 4399 3792 4439 eam.

2189 4472 2469 4540 Quomodo
2496 4471 2808 4525 conturbata
2838 4481 2921 4527 est
2947 4472 3128 4528 terra?
3165 4470 3498 4527 Conscientia
3541 4484 3799 4542 peccat»-

2192 4580 2332 4619 rum.
2356 4563 2475 4630 Quo
2501 4562 2678 4618 imus?
2707 4577 2813 4633 quo
2839 4560 3090 4633 fugimus,
3120 4563 3331 4633 quando
3362 4564 3447 4619 ille
3476 4554 3687 4634 gladius
3712 4568 3802 4619 ri-

2190 4656 2375 4725 bratus
2416 4664 2500 4709 est
2542 4671 2555 4708 :
2596 4654 2744 4723 Agite
2784 4654 3161 4723 pmnitentiam;
3200 4654 3620 4726 appropinquavit
3648 4660 3802 4709 enim

2192 4756 2405 4816 regnum
2425 4744 2668 4799 (telorum
2701 4742 2910 4815 (Matth.
2935 4760 3014 4811 tu,
3034 4743 3134 4816 2)?
3158 4744 3478 4803 Commoviin
3503 4758 3712 4812 terram,
3747 4762 3805 4803 et

2192 4824 2502 4907 conturbasti
2529 4851 2662 4895 eam.
2693 4832 2838 4890 Sana
2863 4835 3184 4891 contritiones
3211 4836 3320 4908 ejus
3338 4877 3353 4901 ,
3384 4837 3626 4907 quoniam
3654 4852 3810 4893 mata

2176 4936 2287 4984 est.
2330 4924 2449 4980 Non
2487 4910 2646 4995 digna
2687 4932 2773 4980 est
2803 4924 3015 4990 sanari,
3044 4924 3087 4978 si
3119 4936 3264 4981 mota
3293 4918 3508 4983 nonest
3536 4945 3550 4983 :
3579 4928 3809 4984 sedtlo-

2192 5019 2393 5087 queris,
2421 5017 2703 5086 prmdioas,
2731 5014 2954 5077 minaris
2976 5015 3044 5072 de
3064 5018 3195 5083 Deo,
3223 5024 3502 5075 venturum
3527 5020 3814 5090 judicium

2194 5123 2305 5164 non
2332 5118 2477 5163 taces
2496 5149 2509 5170 .
2540 5114 2867 5177 praeceptum
2889 5108 2981 5163 Dei
3013 5125 3236 5180 mones,
3274 5110 3343 5165 ab
3382 5110 3466 5167 bis
3493 5115 3657 5173 rebus
3682 5132 3815 5175 non

2195 5200 2460 5272 quiescis;
2488 5209 2540 5254 et
2567 5198 2663 5269 qui.
2684 5188 2866 5266 audit,
2895 5199 2941 5254 si
2969 5215 3073 5254 non
3102 5200 3286 5268 timet,
3315 5200 3361 5257 si
3390 5217 3495 5258 non
3526 5198 3817 5276 movetur,

2197 5307 2306 5348 non
2333 5302 2416 5348 est
2438 5292 2630 5364 dignus
2656 5291 2853 5346 sanari.
2873 5290 3043 5359 .Audit
3065 5292 3236 5361 alius;
3257 5304 3526 5369 movetur,
3552 5298 3825 5357 stimula-

2196 5390 2305 5449 tur,
2333 5394 2517 5453 pectus
2545 5382 2741 5447 tundit,
2773 5382 3035 5454 lacrymas
3063 5381 3269 5440 fundit:
3298 5383 3442 5440 Sana
3470 5388 3823 5448 contritiones

2195 5473 2327 5547 ejus,
2353 5471 2593 5544 quoniam
2616 5480 2753 5525 mota
2780 5481 2875 5525 est.

2269 5566 2323 5619 5.
2351 5561 2501 5635 (vers.
2525 5561 2605 5634 5.]
2637 5558 2763 5617 Post
2794 5562 2941 5630 haec,
2969 5577 3223 5633 percusso
3251 5574 3509 5633 terreno,
3536 5582 3827 5630 succensa

2198 5666 2483 5722 vetustate,
2507 5665 2710 5710 mutato
2739 5655 2955 5729 homine
2981 5658 3034 5711 in
3059 5659 3284 5725 melius,
3301 5656 3435 5715 facta
3462 5660 3581 5725 luce
3607 5662 3695 5718 eis
3724 5670 3833 5739 qui

2200 5752 2434 5807 tenebrae
2477 5748 2719 5813 fuerunt,
2744 5749 3179 5821 sequitur-quod
3221 5750 3347 5807 alibi
3387 5752 3647 5822 scriptum
3684 5774 3829 5819 est;

2203 5841 2330 5908 Fili,
2361 5844 2599 5898 accedens
2625 5842 2691 5895 ad
2717 5840 3000 5897 servitutem
3035 5840 3255 5913 Dei,.sta
3283 5843 3335 5897 in
3346 5843 3551 5915 justitia
3578 5854 3624 5907 et
3651 5851 3835 5909 ιὶυω.
