3934 6320
137 400 242 456 71⁸1

134 535 226 586 re,
267 527 314 572 ct
363 534 598 587 praepara
638 519 860 573 animam
906 527 1041 573 tuam
1083 517 1152 571 ad
1189 515 1511 572 tentationem
1541 513 1725 584 (Eccli.

135 624 172 664 υ
193 649 210 675 ,
243 609 319 679 l).
346 608 498 664 Prior
528 609 678 664 labor
706 619 762 665 ut
786 609 1068 679 displicens
1098 608 1212 675 tibi,
1241 617 1298 662 ut
1324 617 1533 674 peccata
1566 621 1736 674 expu-

134 713 270 769 gues
295 701 335 764 ⁸,
365 709 424 753 ut
448 700 673 756 mutetis
701 701 754 755 in
780 700 972 755 melius
1000 717 1013 752 :
1043 698 1308 754 secundus
1335 699 1485 753 labor
1504 738 1519 762 ,
1549 712 1644 766 pro
1669 711 1736 752 eo

138 790 282 860 quod
329 800 564 846 mutatus
607 806 699 858 es,
745 792 885 846 ferre
931 789 1295 862 tribulationes
1331 798 1386 843 et
1416 787 1736 842 tentationes

136 884 300 954 hujus
325 885 524 950 saeculi,
547 895 602 940 et
625 885 763 939 inter
787 884 902 939 illas
925 897 1268 953 perseverare
1287 896 1455 951 usque
1477 881 1527 934 in
1550 881 1732 934 ﬁnem.

134 975 215 1028 De
236 973 322 1028 his
343 989 472 1044 ergo
497 989 616 1029 cum
645 974 972 1045 loqueretur,
997 971 1094 1028 has
1119 971 1445 1042 signiﬁcans,
1467 969 1591 1040 quid
1613 970 1739 1024 sub-

129 1064 348 1136 jungit?
378 1064 651 1120 Ostendiin
677 1065 809 1135 plebi
833 1073 934 1118 tute
952 1063 1083 1116 dura
1107 1077 1128 1115 :
1142 1061 1252 1131 jam
1277 1060 1414 1131 plebi
1437 1073 1559 1126 tua},
1583 1059 1738 1114 facta:

137 1156 439 1212 tributaria:
480 1164 601 1226 post
645 1156 917 1210 victoriam
956 1152 1142 1208 David.
1179 1151 1454 1206 Ostendiin
1483 1150 1615 1221 plebi
1640 1161 1740 1204 tua:

137 1251 291 1303 dura.
326 1249 382 1303 ln
410 1247 638 1318 quibus?
665 1247 720 1302 ln
752 1247 1210 1317 persecutionibus
1236 1260 1367 1316 quas
1396 1245 1611 1315 pertulit
1637 1243 1739 1299 Ec-

136 1341 303 1396 clesia
322 1339 539 1404 Christi,
559 1339 770 1409 quando
793 1348 969 1393 tantus
991 1347 1281 1409 martyrum
1304 1336 1523 1406 sanguis
1541 1334 1740 1389 emtsus

137 1443 240 1486 est.
290 1429 735 1494 Ostendistiplebi
763 1439 866 1483 tua:
891 1428 1021 1482 dura
1047 1445 1064 1481 :
1093 1428 1278 1498 potasti
1305 1441 1396 1480 nos
1421 1426 1534 1478 vino
1558 1426 1739 1479 stimu-

135 1521 367 1575 lationis.
390 1519 527 1587 Quid
540 1528 640 1585 est,
659 1519 1056 1573 stimulationis?
1075 1516 1188 1571 Non
1205 1514 1606 1587 peremptionis.
1622 1513 1738 1568 Non

138 1614 284 1667 enim
329 1622 448 1667 erat
480 1612 775 1681 peremptio
816 1609 1081 1682 perdens,
1113 1608 1208 1664 sed
1249 1607 1514 1661 medicina
1555 1620 1737 1659 urens.

139 1701 343 1756 Potasti
368 1717 459 1756 nos
484 1702 598 1754 vino
623 1701 1000 1755 stimulationis.

210 1796 266 1849 6.
301 1792 454 1868 [rem
481 1791 561 1866 6.]
590 1793 766 1861 Quare
785 1792 927 1848 hoc?
951 1790 1149 1846 Dedisti
1168 1789 1497 1844 metuentibus
1518 1796 1564 1841 te
1583 1788 1741 1858 signi-

138 1885 460 1953 ﬁcationem,
489 1893 544 1937 ut
573 1883 772 1956 fugiant
800 1899 832 1936 a
860 1883 992 1954 facie
1019 1898 1188 1935 arcus.
1221 1881 1324 1934 Per
1351 1879 1740 1944 tribulationes,

139 1977 336 2049 inquit,
366 1977 710 2047 temporales,
738 1973 1047 2044 signiﬁcasti
1076 1973 1179 2027 tuis
1207 1971 1390 2042 fugere
1413 1970 1482 2024 ab
1503 1970 1578 2024 ira
1607 1969 1743 2039 ignis

137 2067 474 2137 sempiterni.
520 2066 654 2121 Dicit
681 2066 825 2120 enim
853 2063 1126 2133 apostolus
1153 2062 1346 2116 Petrus
1376 2079 1389 2113 :
1423 2059 1642 2131 Tempus
1671 2070 1744 2113 est

138 2171 192 2214 ut
206 2160 467 2231 judicium
488 2158 697 2228 incipiat
720 2173 751 2209 a
773 2154 923 2210 domo
945 2154 1059 2208 Dei.
1083 2152 1151 2208 Et
1171 2152 1462 2208 exhortans
1482 2159 1746 2222 martyres

139 2250 206 2304 ad
240 2248 578 2305 tolerantiam
599 2289 614 2312 ,
643 2261 766 2302 cum
795 2245 1008 2301 saeviret
1043 2241 1302 2309 niundus,
1335 2256 1458 2296 cum
1483 2250 1687 2310 strages
1713 2255 1744 2293 a

143 2339 575 2410 persecutoribus
596 2337 806 2403 ﬁerent,
829 2352 948 2390 cum
971 2335 1126 2406 longe
1147 2333 1358 2403 lateque
1379 2331 1593 2401 sanguis
1615 2330 1746 2385 ﬁde-

143 2409 273 2484 lium
303 2428 633 2489 funderetur.
661 2442 780 2482 cum
805 2427 856 2479 in
878 2425 1102 2489 catenis,
1134 2424 1185 2476 in
1204 2409 1530 2485 carceribus,
1557 2423 1608 2474 in
1634 2431 1744 2475 tor-

143 2522 342 2577 mentis
363 2563 377 2586 ,
412 2519 576 2574 multa
616 2517 749 2588 dura
778 2514 1066 2570 Christiani
1097 2505 1438 2583 paterentur;
1483 2527 1551 2565 ne
1581 2511 1631 2578 in
1664 2511 1746 2565 liis

142 2630 274 2684 ergo
301 2612 450 2666 duris
479 2609 806 2674 deﬁcerent,
834 2623 928 2662 eos
956 2605 1242 2674 alloquitur
1267 2604 1456 2658 Petrus
1484 2621 1497 2656 :
1531 2600 1747 2669 Tempus

142 2718 215 2761 est
243 2717 296 2760 ut
317 2704 576 2776 judicium
598 2701 805 2772 incipiat
827 2716 862 2752 α
886 2698 1036 2752 domo
1064 2697 1196 2761 Dei;
1226 2704 1270 2749 et
1296 2696 1340 2748 si
1366 2694 1565 2747 initiunt
1593 2710 1622 2745 a
1650 2709 1746 2745 no-

145 2800 243 2864 bis,
274 2796 440 2867 quatis
465 2795 583 2864 ﬁnis
612 2793 704 2846 erit
728 2797 801 2847 eis
828 2791 916 2862 qui
943 2805 1044 2844 non
1068 2787 1277 2842 credunt
1309 2785 1401 2840 Dei
1432 2783 1749 2855 Evangelia?

145 2899 193 2942 et
218 2888 264 2941 si
280 2887 456 2956 justus
484 2887 570 2938 vis:
596 2884 767 2939 saluus
791 2883 908 2947 erit,
940 2889 1174 2951 peccator
1200 2888 1248 2932 et
1276 2877 1463 2948 impius
1487 2876 1571 2930 ubi
1597 2891 1748 2946 pare-

143 2983 272 3036 bunt
319 2977 372 3052 (ι
403 2976 543 3032 Petr.
577 2992 662 3044 iv,
692 2975 789 3041 i7,
820 2972 947 3045 18)?
976 2972 1112 3041 Quid
1153 2985 1286 3042 ergo
1317 2970 1557 3025 futurum
1582 2979 1664 3024 est
1695 2969 1748 3023 in

139 3069 383 3144 judicio?
411 3069 580 3123 Arcus
606 3075 688 3122 est
716 3074 1000 3131 extentus;
1037 3061 1210 3117 adhuc
1245 3062 1296 3115 in
1337 3059 1751 3117 comminatione

142 3171 265 3228 est,
297 3161 533 3216 nondum
563 3159 618 3213 in
649 3155 1076 3228 praesentatione.
1123 3155 1192 3209 Et
1230 3152 1408 3207 videte
1447 3149 1573 3221 quid
1600 3151 1668 3205 sit
1694 3150 1750 3205 in

144 3271 298 3311 arcu.
325 3253 514 3309 Nonne
543 3253 732 3322 sagitta
773 3249 827 3303 in
868 3248 1043 3319 priora
1088 3245 1345 3300 mittenda
1385 3245 1504 3298 est?
1543 3241 1752 3298 Nervus

147 3357 328 3401 tamen
369 3352 514 3399 retro
546 3340 780 3396 tenditur
808 3340 860 3394 in
890 3341 1216 3393 contrarium
1245 3351 1348 3405 qua
1379 3335 1465 3389 illa
1493 3332 1750 3388 mittenda

146 3450 268 3504 est;
299 3446 353 3492 et
377 3445 575 3506 quanto
600 3435 720 3505 plus
747 3433 868 3486 ierit
887 3432 1004 3501 ejus
1027 3430 1271 3484 extensio
1293 3439 1606 3491 retrorsum,
1633 3437 1752 3482 tan-

149 3540 206 3586 to
239 3529 444 3598 majore
485 3527 684 3596 impetu
725 3524 815 3580 illa
839 3525 1006 3579 currit
1034 3523 1084 3577 in
1115 3524 1311 3592 priora.
1340 3521 1477 3587 Quid
1504 3529 1587 3575 est
1610 3520 1752 3590 quod

147 3623 308 3679 dixi?
334 3625 545 3691 Quanto
571 3620 742 3690 magis
764 3617 1009 3673 diﬁ‘ertur
1037 3616 1330 3686 judicium,
1360 3624 1508 3669 tanto
1550 3615 1754 3678 majore

148 3719 355 3787 impetu
383 3724 660 3768 venturum
689 3706 793 3765 eat.
828 3711 967 3778 Ergo
996 3719 1048 3762 et
1075 3707 1143 3762 de
1168 3705 1553 3774 temporalibus
1586 3704 1756 3758 tribu-

148 3809 442 3865 lationibus
465 3806 662 3879 gratias
687 3804 798 3858 Deo
828 3816 1045 3872 agamus
1067 3842 1081 3867 ,
1114 3797 1235 3868 quia
1277 3797 1422 3852 dedit
1463 3796 1602 3866 plebi
1643 3812 1753 3850 sua:

148 3900 595 3972 signiﬁcationem
617 3939 631 3963 ,
660 3906 710 3948 ut
741 3895 938 3966 fugiant
963 3910 995 3945 a
1021 3892 1150 3961 [acie
1178 3907 1325 3944 arcus
1354 3905 1371 3942 :
1398 3899 1454 3942 ut
1477 3887 1753 3942 exercitati

151 3995 345 4048 ﬁdeles
372 3994 485 4060 ejus
515 3993 565 4045 in
594 3987 1023 4044 tribulationibus
1049 3984 1448 4054 temporalibus,
1482 3983 1624 4052 digni
1647 3983 1754 4036 sint

147 4084 385 4141 evadere
403 4081 798 4138 damnationem
823 4079 958 4148 ignis
985 4077 1192 4142 aeterni,
1220 4091 1338 4146 qua:
1371 4076 1646 4127 inventura
1673 4081 1756 4126 est

148 4191 344 4233 omnes
370 4174 460 4245 qui
489 4175 590 4245 ista
618 4189 722 4227 non
751 4170 994 4226 credunt.
1024 4167 1222 4221 Dedisti
1250 4166 1578 4220 metuentibus
1608 4173 1654 4217 te
1679 4165 1750 4217 si-

149 4243 549 4342 gnificationem,
581 4243 636 4316 ut
662 4261 864 4333 fugiant
889 4277 920 4314 a
947 4261 1076 4332 facie
1099 4274 1266 4312 arcus.

227 4361 284 4414 7.
317 4356 467 4431 [νοτε.
499 4354 577 4427 7.]
609 4353 677 4409 Ut
707 4362 952 4408 eruantur
993 4349 1161 4404 dilecti
1197 4349 1291 4401 tui.
1326 4347 1537 4402 Salvum
1565 4362 1641 4399 me
1667 4346 1750 4415 [ac

153 4451 365 4507 dextera
391 4457 500 4512 tua,
527 4456 573 4500 ct
601 4444 782 4500 exaudi
809 4459 906 4495 me.
945 4441 1171 4495 Dextera
1200 4447 1284 4492 tua
1305 4479 1318 4502 ,
1353 4438 1577 4494 Domine
1598 4477 1613 4504 ,
1645 4437 1754 4490 sal-

150 4557 283 4598 vum
309 4555 395 4595 me
421 4538 501 4593 fac
525 4555 539 4592 :
567 4538 636 4597 ita
661 4537 866 4592 salvum
890 4550 974 4589 me
999 4533 1099 4598 lac,
1126 4539 1182 4586 ut
1205 4530 1272 4585 ad
1297 4530 1571 4586 dexteram
1594 4541 1753 4585 stem.

155 4634 379 4688 Salvum
403 4647 480 4683 mc
506 4632 588 4701 fac
618 4627 824 4682 dextera
855 4635 940 4678 tua
974 4639 992 4677 :
1020 4638 1133 4701 non
1152 4622 1374 4675 salutem
1409 4621 1756 4689 temporalem

156 4736 320 4800 peto;
351 4723 418 4778 de
448 4698 546 4776 hac
578 4720 668 4774 ﬁat
695 4703 938 4773 voluntas
966 4725 1074 4769 tua.
1105 4698 1185 4768 Ad
1211 4722 1422 4782 tempus
1450 4711 1573 4781 quid
1603 4711 1756 4765 nobis

155 4817 364 4892 prosit,
395 4814 607 4886 penitus
649 4813 990 4882 ignoramus;
1032 4806 1156 4877 quid
1201 4805 1342 4860 enim
1383 4819 1596 4859 oremus
1622 4804 1760 4858 sicut

151 4917 390 4981 oportet,
425 4905 694 4962 nescimus
722 4901 897 4974 (Rom.
926 4913 1038 4966 vm,
1067 4896 1159 4968 26)
1192 4915 1204 4949 :
1231 4895 1326 4950 sed
1356 4895 1552 4949 salvum
1578 4912 1657 4949 me
1678 4899 1758 4962 [ac

108 5010 113 5016 ’
153 5004 367 5056 dextera
398 5008 486 5052 tua
505 5039 520 5063 ,
548 5004 607 5049 ut
641 4993 740 5048 etsi
784 4994 834 5046 in
867 5001 1107 5059 tempore
1137 4988 1238 5042 isto
1265 4983 1632 5041 tribulationcs
1659 4986 1756 5040 ali-

154 5106 297 5163 quas
329 5089 528 5160 patiar,
567 5092 832 5140 transacta
879 5090 1034 5136 nocte
1076 5078 1313 5133 omnium
1359 5077 1758 5130 tribulationum

153 5185 223 5240 ad
255 5182 528 5236 dexteram
561 5176 800 5231 inveniar
843 5175 985 5228 inter
1011 5183 1175 5230 oves,
1227 5183 1331 5222 non
1375 5167 1442 5220 ad
1487 5166 1758 5220 sinistram

157 5279 305 5330 inter
330 5271 533 5326 hzedus.
563 5269 771 5323 Saluum
796 5282 874 5318 me
902 5263 984 5333 [ac
1010 5262 1216 5314 dextera
1245 5269 1350 5321 tua,
1375 5269 1421 5311 et
1449 5257 1636 5311 exaudi
1661 5273 1756 5310 me.

155 5367 297 5434 Quia
333 5365 441 5434 jam
479 5358 605 5416 illud
641 5369 762 5430 pcto
792 5355 935 5426 quod
963 5354 1093 5407 dare
1126 5352 1241 5415 vis;
1287 5367 1391 5404 non
1423 5349 1596 5404 verbis
1625 5348 1761 5402 deli-

157 5471 378 5515 ctorum
407 5471 646 5512 mcormn
674 5453 846 5506 clamo
874 5463 967 5518 per
991 5447 1155 5509 diem,
1187 5455 1243 5498 ut
1272 5460 1375 5496 non
1401 5440 1675 5505 exaudias,
1707 5452 1763 5492 et

159 5563 323 5608 nocte
342 5552 386 5617 ’,
415 5560 471 5603 ut
498 5561 604 5601 non
632 5542 904 5606 exaudias,
936 5549 989 5594 et
1020 5554 1124 5591 non
1151 5535 1216 5590 ad
1245 5533 1601 5604 insipientiam
1632 5532 1758 5585 mihi

230 5754 247 5784 ³
273 5751 346 5798 sic
369 5755 475 5797 uss.
505 5752 558 5792 At
582 5742 718 5795 add,
744 5748 1002 5802 expurges.
1025 5754 1030 5758 ·
1141 5790 1171 5802 η
1237 5801 1241 5802 ν
1411 5789 1425 5802 ,
1450 5801 1467 5802 7
1486 5799 1528 5802 _
1714 5786 1724 5802 ,

227 5815 250 5845 '
275 5789 630 5861 madide—est
658 5789 749 5866 hic,
776 5789 825 5851 ui
861 5789 954 5850 ηὕη
986 5790 1273 5848 exaudiat:
1298 5789 1426 5854 quod
1448 5789 1689 5851 repetitur
1713 5789 1763 5835 in

163 5885 274 5927 1185.

1281 400 1676 458 ΕΝΛΒΒΛΊΊΟ
1715 399 1780 454 IN
1821 399 2143 456 PSALMUM
2182 400 2316 455 LIX.

3340 411 3442 469 718

1850 510 2018 581 (Prol.
2047 513 2159 578 nt,
2187 513 2243 577 2,
2276 512 2330 584 5)
2356 530 2369 577 ;
2398 514 2490 568 sed
2518 513 2695 586 utique
2724 513 2791 569 ad
2815 517 3318 586 commonitionem,
3347 531 3444 576 ad-

1844 601 2020 657 dendo
2045 618 2293 673 saporem
2325 603 2393 659 de
2421 605 2558 660 valle
2584 606 2898 681 salinarum,
2927 618 2983 663 ut
3011 609 3063 662 in
3097 610 3440 668 tribulatione

1845 693 2084 748 noverim
2126 691 2252 761 quid
2300 705 2521 764 petam:
2554 705 2677 765 peto
2719 708 2895 753 autem
2937 700 3101 754 vitam
3144 712 3438 772 :eternam;

1846 799 1973 853 ergo
1999 784 2188 839 exaudi
2216 800 2335 850 me,
2369 787 2490 856 quia
2518 786 2790 842 dexteram
2825 799 2966 842 tuam
2997 800 3138 860 pcto.
3179 791 3442 864 intelligat

1845 893 1974 948 ergo
2017 878 2261 934 Charitas
2311 890 2489 936 vestra
2534 897 2746 937 omnem
2799 883 3009 938 ﬁdelem
3051 885 3337 942 habentem
3386 889 3440 942 in

1846 970 2009 1024 corde
2048 971 2274 1031 verbum
2304 971 2432 1039 Dei,
2474 989 2596 1028 cum
2640 975 2829 1041 timore
2875 976 3149 1031 timentem
3182 977 3442 1047 judicium

1846 1063 2083 1117 futurum
2102 1106 2118 1129 ,
2149 1065 2421 1119 viventem
2470 1066 3046 1137 probabiliter,-ne'de
3075 1068 3167 1124 illo
3194 1069 3439 1142 blasphe-

1845 1161 2023 1233 metur
2057 1169 2254 1208 nomen
2291 1163 2534 1210 sanctum
2563 1156 2775 1211 Domini
2801 1157 2946 1227 ejus,
2978 1159 3144 1215 multa
3169 1159 3449 1232 deprecari

1846 1244 2140 1300 secundum
2167 1245 2442 1311 sacculum,
2471 1255 2524 1302 et
2553 1263 2658 1303 non
2682 1249 2957 1316 exaudiri;
2988 1251 3054 1305 ad
3083 1252 3244 1306 vitam
3266 1261 3446 1307 autem

1845 1345 2102 1390 aeternam
2134 1351 2346 1405 semper
2371 1340 2630 1393 exaudiri.
2668 1341 2799 1406 Quis
2837 1343 2980 1396 enim
3019 1344 3302 1400 sanitatem
3333 1359 3444 1400 non

1848 1436 2025 1496 petat,
2055 1442 2175 1489 cum
2207 1433 2467 1498 aegrotat?
2499 1430 2564 1484 Et
2600 1421 2776 1486 tamen
2809 1430 2944 1487 forte
2980 1433 3155 1488 adhuc
3183 1445 3444 1506 :egrotare

1846 1519 1896 1571 ei
1925 1519 2050 1573 utile
2089 1529 2190 1573 est.
2225 1521 2408 1576 Potest
2442 1521 2556 1576 ﬁeri
2588 1533 2644 1576 ut
2670 1522 2794 1579 hinc
2823 1540 2929 1579 non
2960 1527 3262 1582 exaudiaris
3289 1546 3302 1581 :
3334 1543 3440 1584 non

1849 1622 2026 1664 tamen
2058 1611 2328 1667 exaudiris
2356 1612 2423 1669 ad
2447 1615 2796 1681 voluntatem,
2827 1627 2884 1670 ut
2911 1619 3212 1676 exaudiaris
3237 1620 3302 1675 ad
3333 1623 3441 1677 uti-

1849 1701 2070 1755 litatem.
2111 1702 2184 1755 At
2227 1717 2355 1758 vero
2396 1719 2518 1758 cum
2562 1705 2690 1760 illud
2735 1707 2900 1775 petis,
2949 1718 3005 1762 ut
3039 1708 3127 1764 det
3156 1711 3251 1766 tibi
3277 1712 3440 1767 vitam

1850 1802 2104 1846 :cternam
2131 1793 2290 1860 Deus,
2320 1804 2378 1849 ut
2401 1795 2490 1850 det
2520 1795 2612 1850 tibi
2640 1813 2864 1867 regnum
2888 1799 3148 1856 ccelorum
3176 1802 3348 1868 Deus,
3385 1812 3444 1857 ut

1847 1882 1940 1937 det
1969 1884 2061 1938 tibi
2089 1883 2156 1938 ad
2182 1886 2456 1942 dexteram
2484 1887 2600 1942 Filii
2627 1889 2708 1944 sui
2738 1899 2903 1960 stare,
2921 1907 3042 1947 cum
3071 1897 3278 1951 venerit
3298 1898 3446 1968 judi-
3490 1954 3491 1957 η

1848 1991 1972 2030 care
1999 1985 2231 2042 terram;
2261 1993 2483 2034 securus
2510 1991 2662 2048 esto;
2689 1984 2938 2053 accipies,
2968 1984 3015 2040 si
3041 1988 3203 2042 modo
3227 2004 3448 2044 nou-ae-

1850 2067 1984 2136 cipis
2013 2085 2026 2120 :
2059 2083 2165 2122 non
2193 2070 2336 2124 enim
2361 2070 2472 2139 jam
2499 2073 2644 2128 venit
2675 2081 2886 2144 tempus
2910 2086 2970 2131 ut
2990 2078 3240 2149 accipias.
3265 2080 3445 2134 Exau-

1851 2157 2002 2222 diris,
2035 2168 2093 2213 et
2121 2161 2299 2214 nescis
2325 2179 2342 2214 :
2371 2162 2512 2231 quod
2539 2165 2677 2231 petis
2702 2165 2899 2234 agitur,
2929 2168 3029 2222 etsi
3060 2168 3236 2224 nescis
3259 2168 3312 2224 in
3340 2185 3448 2240 quo

1850 2249 2045 2319 agitur.
2074 2250 2132 2305 ln
2164 2252 2344 2308 radice
2384 2268 2470 2309 res
2508 2264 2628 2322 est,
2653 2245 2892 2314 nondum
2923 2259 2977 2314 in
3009 2259 3199 2318 fructu.
3229 2261 3448 2318 Salvum

1851 2359 1932 2395 me
1956 2347 2039 2413 fac
2065 2344 2272 2398 dextera
2298 2354 2406 2408 tua,
2435 2354 2480 2398 et
2505 2347 2692 2400 exaudi
2716 2365 2815 2403 me.

1923 2436 1976 2491 8.
2010 2432 2160 2506 [vers.
2186 2435 2265 2508 8.]
2292 2435 2430 2490 Deus
2455 2438 2655 2492 locutus
2682 2450 2755 2492 est
2783 2441 2836 2495 in
2862 2451 3037 2496 sancto
3065 2460 3176 2498 suo.
3213 2443 3351 2512 Quid
3381 2447 3450 2500 ti-

1851 2541 1968 2580 mes
2010 2542 2078 2582 ne
2120 2542 2228 2582 non
2274 2527 2363 2582 ﬁat
2405 2529 2548 2598 quod
2577 2530 2718 2585 Deus
2753 2532 2960 2587 locutus
2987 2535 3109 2589 est?
3137 2535 3196 2591 Si
3224 2538 3451 2593 haberes

1853 2618 2083 2686 aliquem
2114 2634 2328 2687 gravem
2359 2620 2588 2675 amicum
2619 2631 2674 2676 et
2709 2626 3041 2692 sapientem,
3073 2629 3342 2698 quomodo
3370 2631 3451 2686 dio

1851 2711 2044 2763 ceres?
2073 2710 2166 2765 llle
2191 2711 2402 2766 locutus
2429 2721 2512 2767 est
2541 2712 2656 2768 haec
2675 2755 2688 2778 ,
2721 2714 2810 2769 ﬁat
2836 2733 3058 2772 necesse
3085 2729 3168 2774 est
3204 2722 3345 2790 quod
3373 2723 3452 2775 lo~

1851 2810 2009 2856 cutus
2037 2813 2120 2857 est
2148 2819 2163 2856 :
2189 2803 2272 2857 vir
2295 2805 2475 2874 gravis
2506 2813 2623 2871 est,
2653 2822 2759 2862 non
2789 2807 3002 2864 levitate
3030 2813 3214 2879 utitur,
3243 2831 3349 2870 non
3377 2815 3452 2872 fa-

1854 2893 1958 2947 cile
1981 2888 2050 2948 de
2073 2896 2339 2949 sententia
2365 2895 2685 2962 dimovetur,
2715 2899 2856 2969 quod
2883 2903 3128 2970 promisit
3159 2904 3319 2960 ﬁxum
3346 2918 3448 2963 est.

1856 2984 1960 3037 Sed
2010 2996 2184 3038 tamen
2224 2985 2387 3040 homo
2426 2998 2541 3053 est,
2574 2990 2665 3058 qui
2693 2990 2981 3060 aliquando
3025 2996 3166 3062 quod
3210 3000 3453 3066 promisit

1856 3075 2032 3130 facere
2071 3078 2210 3142 vult,
2241 3088 2295 3131 et
2333 3094 2438 3132 non
2471 3088 2665 3148 potest.
2714 3081 2790 3136 De
2831 3083 2940 3136 Deo
2970 3100 3075 3139 non
3105 3096 3188 3142 est
3215 3089 3356 3157 quod
3397 3099 3452 3146 tu

1859 3169 2082 3222 timeas:
2111 3169 2233 3237 quia
2258 3184 2415 3223 verax
2440 3181 2541 3238 est,
2565 3180 2808 3238 constat;
2835 3174 2958 3243 quia
2984 3178 3324 3247 onmipotens
3347 3191 3452 3245 est,

1855 3269 2097 3326 constat;
2130 3260 2312 3317 fallere
2339 3271 2390 3316 te
2410 3277 2515 3316 non
2537 3273 2734 3335 potest,
2764 3265 2926 3322 habet
2947 3269 3090 3325 unde
3118 3272 3291 3328 faciat.
3315 3274 3454 3341 Quid

1856 3367 1985 3422 ergo
2031 3353 2187 3409 times
2229 3369 2299 3408 ne
2339 3353 2663 3424 decipiaris?
2691 3356 2836 3427 Opus
2863 3370 2946 3414 est
2973 3372 3111 3414 ut'tu
3145 3371 3196 3420 te
3220 3379 3326 3420 non
3353 3364 3457 3421 de-

1857 3443 2044 3511 cipias,
2073 3453 2128 3498 et
2156 3459 2465 3512 perseveres
2492 3462 2660 3516 usque
2684 3450 2739 3502 in
2767 3449 2949 3517 ﬁnem,
2979 3467 3100 3507 cum
3126 3455 3349 3512 daturus
3371 3468 3456 3515 est

1856 3536 1999 3603 quod
2027 3537 2289 3604 promisit.
2318 3536 2456 3592 Deus
2484 3540 2684 3595 locutus
2717 3552 2791 3596 est
2828 3542 2882 3598 in
2905 3557 3081 3600 sancto
3109 3565 3220 3601 suo.
3263 3549 3320 3605 In
3349 3567 3457 3621 quo

1857 3636 2032 3680 sancto
2056 3645 2149 3681 suo
2170 3628 2196 3681 ?
2225 3627 2361 3682 Deus
2385 3640 2492 3682 erat
2516 3633 2570 3684 in
2597 3629 2818 3698 Christo,
2850 3637 3095 3690 mandunt
3125 3643 3457 3698 reconcilians

1856 3720 1951 3772 sibi
1980 3719 2044 3792 (ll
2073 3720 2191 3774 Cor.
2221 3712 2276 3783 v,
2305 3720 2418 3790 i9).
2449 3721 2504 3776 In
2536 3735 2725 3779 sancto
2753 3726 2877 3793 illo,
2907 3729 2975 3783 de
3015 3747 3121 3799 quo
3148 3734 3276 3788 alibi
3306 3737 3459 3792 audi-

1859 3811 1957 3865 stis
1985 3827 1998 3863 :
2032 3811 2168 3865 Deus
2191 3811 2244 3865 in
2269 3823 2444 3866 sancto
2481 3814 2563 3868 via
2606 3825 2694 3868 tua
2733 3817 2903 3887 (Psal.
2936 3836 3093 3874 ι.κὶκί
3115 3863 3129 3887 ,
3166 3825 3273 3895 Η).
3304 3822 3459 3881 Deus

1860 3902 2056 3957 locutus
2085 3913 2156 3958 est
2184 3905 2238 3957 in
2266 3915 2443 3958 sancto
2471 3923 2584 3959 suo.
2630 3906 2898 3976 Ltetabor,
2938 3921 2984 3964 et
3023 3913 3246 3967 diridam
3281 3916 3457 3971 Sic/ti-

1860 4009 2013 4044 mam.
2045 3993 2178 4060 Quia
2207 3995 2347 4049 Deus
2377 3995 2481 4049 hoc
2515 3996 2723 4053 locutus
2761 4009 2877 4063 est,
2907 4001 2997 4055 ﬁet
3030 4022 3043 4056 :
3077 4019 3176 4057 vox
3204 4007 3459 4062 Ecclesia:

1860 4080 1963 4167 est,
1988 4085 2125 4140 Deus
2149 4086 2345 4142 locutus
2367 4099 2436 4142 est
2459 4089 2512 4143 in
2532 4099 2706 4144 sancto
2725 4108 2834 4145 suo.
2862 4092 2977 4147 Non
3003 4097 3163 4150 verba
3186 4088 3316 4154 dicit
3339 4116 3459 4170 qure

1863 4175 2002 4231 Deus
2045 4177 2258 4232 locutus
2300 4187 2416 4243 est;
2463 4180 2557 4235 sed
2600 4184 2854 4250 quoniam
2900 4183 3038 4239 Deus
3079 4187 3274 4244 locutus
3305 4192 3460 4244 estin

1856 4278 2035 4320 sancto
2063 4284 2192 4333 suo,
2227 4284 2327 4324 nec
2353 4269 2468 4324 ﬁeri
2499 4271 2698 4340 aliquid
2731 4256 2940 4342 potest,
2974 4276 3075 4328 nisi
3106 4278 3460 4346 quemadmo-

1860 4357 1988 4411 dum
2021 4359 2229 4413 locutus
2268 4369 2349 4414 est
2380 4361 2551 4424 Deus,
2585 4374 2976 4431 consequenter
3020 4365 3119 4420 ista
3164 4369 3456 4426 eveniunt:

1862 4449 2117 4515 Lwtabor,
2142 4460 2186 4504 et
2213 4451 2436 4504 dividam
2455 4453 2764 4516 Sic/rimam,
2787 4465 2835 4509 et
2860 4457 3143 4510 convallem
3164 4459 3462 4516 tabernacu-

1863 4543 2028 4595 lorum
2069 4543 2319 4596 dimetiar.
2357 4542 2591 4599 Sichima
2637 4531 2856 4601 llumeri
2891 4547 3325 4619 interpretantur.
3360 4553 3462 4610 Se-

1861 4635 2096 4688 cundum
2127 4634 2400 4689 historiam
2423 4651 2572 4698 vero,
2597 4636 2759 4692 Jacob
2781 4639 2994 4694 rediens
3019 4622 3250 4697 aLaban
3271 4657 3465 4702 socero

1861 4742 1961 4781 suo
1999 4742 2118 4781 cum
2159 4727 2406 4782 omnibus
2446 4729 2590 4794 suis,
2633 4730 2912 4784 abscondit
2951 4731 3087 4786 idola
3134 4735 3186 4788 in
3226 4735 3467 4791 Siciiima

1863 4833 1982 4888 quae
2013 4818 2244 4875 habebat
2271 4818 2340 4874 de
2363 4819 2546 4890 Syria,
2582 4821 2666 4891 ubi
2698 4822 2788 4876 diu
2821 4825 3207 4894 peregrinatus,
3245 4829 3462 4883 tandem

1864 4909 2152 4980 aliquando
2177 4909 2302 4964 inde
2326 4910 2571 4964 veniebat
2602 4909 2755 4980 (Gen.
2786 4912 2956 4980 xxxiv,
2984 4915 3063 4982 4).
3096 4916 3463 4972 'l'abernacula

1864 5014 2041 5058 autem
2071 5004 2197 5057 fecit
2227 5003 2296 5056 ibi
2327 5011 2547 5072 prepter
2577 5019 2705 5056 oves
2735 5021 2857 5058 suas
2893 5015 2949 5059 et
2977 4987 3216 5062 armenta
3239 5049 3254 5072 ,
3283 5019 3337 5062 et
3365 5024 3464 5079 ap-

1864 5092 2084 5164 pellavit
2113 5094 2288 5147 locum
2321 5093 2471 5147 illum
2505 5092 2851 5148 Tabernacula
2881 5094 2990 5167 (Id.
3025 5112 3219 5171 χχιςειι,
3253 5099 3364 5169 17).
3400 5100 3466 5154 Et

1868 5188 1983 5241 huic
2009 5186 2240 5241 dividam
2263 5228 2276 5251 ,
2311 5186 2480 5255 inquit
2502 5185 2765 5240 Ecclesia.
2795 5187 2931 5254 Quid
2965 5197 3047 5241 est
3073 5187 3204 5255 hoc,
3239 5191 3465 5244 dividam

1868 5279 2195 5334 Sic/timum?
2223 5280 2277 5333 Si
2308 5279 2373 5333 ad
2400 5279 2679 5333 historiam
2711 5280 2796 5333 ubi
2823 5280 3130 5335 abscondita
3158 5293 3283 5338 sunt
3323 5285 3462 5339 idola

1869 5374 2149 5434 referatur,
2181 5373 2380 5429 Gentes
2407 5373 2686 5442 signiﬁcat.
2722 5372 2909 5426 Divido
2937 5373 3153 5428 Gentes.
3190 5376 3327 5444 Quid
3359 5387 3461 5440 cst,

1866 5463 2085 5518 divido?
2110 5462 2225 5517 Non
2252 5463 2394 5516 enim
2423 5463 2661 5516 omnium
2691 5473 2771 5517 est
2801 5462 2930 5516 ﬁdes
2957 5463 3032 5532 (ll
3060 5464 3238 5519 Thess.
3273 5483 3352 5532 tu,
3380 5467 3459 5536 2).

1867 5558 2003 5626 Quid
2035 5565 2112 5611 est
2143 5556 2360 5610 divido?
2403 5555 2507 5609 Alii
2536 5555 2785 5616 credent,
2816 5556 2903 5609 alii
2938 5572 3040 5611 non
3072 5558 3292 5613 credent
3323 5578 3335 5612 :
3367 5560 3462 5615 scd

1872 5661 2047 5703 tamen
2087 5663 2190 5701 non
2228 5648 2450 5699 timeant
2491 5645 2576 5714 qui
2617 5645 2875 5709 credunt,
2903 5647 3042 5702 inter
3079 5648 3197 5703 illos
3236 5651 3325 5718 qui
3355 5666 3460 5704 non

1869 5743 2114 5798 credunt.
2146 5741 2306 5805 Divisi
2339 5748 2465 5792 sunt
2490 5739 2629 5792 enim
2658 5753 2798 5792 nunc
2828 5737 2968 5804 ﬁde;
3002 5751 3184 5808 postea
3221 5740 3464 5796 dividen-

1875 5844 1961 5892 tur
1993 5836 2042 5890 in
2069 5832 2266 5905 judicio
2287 5871 2302 5898 ,
2334 5829 2560 5902 ovcsad
2589 5829 2894 5900 desteram,
2925 5831 3060 5887 lardi
3089 5831 3154 5888 ad
3191 5833 3459 5892 sinistram
