3934 6374
497 414 612 467 ἲιιι

501 527 720 594 (Manli.
746 539 873 589 xxv,
896 523 1011 592 53).
1041 522 1179 578 Ecce
1203 521 1505 576 invenimus
1524 517 1972 590 quemadmodum
1993 517 2099 572 Ec-

505 619 667 673 clesia
704 616 907 671 dividat
939 615 1252 672 Sichimam.
1285 613 1566 681 Quomodo
1594 611 1784 666 dividit
1822 611 2099 674 humeros,

507 708 804 765 secundum
835 710 1064 764 nominis
1093 705 1625 777 interpretationem?
1658 704 1972 758 Dividuntur
1999 703 2101 757 hu-

507 804 676 866 meri,
707 811 764 855 nt
792 801 928 855 alios
964 809 1186 870 gravent
1221 805 1441 868 peccata
1469 810 1595 862 sua,
1625 795 1715 850 alii
1754 795 1942 849 tollant
1982 807 2102 847 sar-

503 895 678 947 emam
719 890 940 947 Christi.
973 889 1238 946 llumeros
1284 887 1428 943 enim
1474 886 1590 957 pios
1634 884 1934 955 quaerebat,
1977 897 2100 937 cum

503 984 708 1037 diceret
735 981 971 1053 :Jngum
1009 980 1144 1034 enim
1179 994 1347 1033 meum
1388 978 1498 1032 lene
1531 985 1639 1039 est,
1676 986 1724 1029 et
1761 975 1963 1031 sarcina
1991 989 2102 1027 mea

506 1074 626 1126 lrvis
655 1082 727 1128 εει
760 1072 867 1141 (Μ.
899 1087 950 1126 XI
970 1115 983 1133 .
1006 1071 1124 1142 50).
1155 1071 1273 1125 Alia
1301 1071 1508 1123 sarcina
1539 1066 1731 1136 premit
1763 1074 1818 1119 et
1851 1073 2102 1135 aggravat

507 1173 596 1228 te;
631 1163 827 1219 Christi
873 1172 1050 1218 autem
1097 1162 1304 1216 sarcina
1335 1159 1576 1213 sublevat
1606 1168 1658 1213 te
1693 1175 1709 1213 :
1747 1156 1849 1211 alia
1891 1156 2097 1211 sarcina

493 1256 713 1327 pondus
739 1256 933 1321 habet;
960 1254 1158 1310 Christi
1188 1252 1398 1308 sarcina
1431 1264 1635 1320 pennas
1665 1247 1842 1303 habet.
1882 1247 2015 1302 Nam
2043 1254 2093 1302 et

488 1349 586 1402 ‘avi
635 1347 681 1403 si
727 1360 932 1417 pennas
975 1344 1263 1409 detrahas,
1313 1342 1463 1412 quasi
1509 1355 1646 1396 onus
1689 1340 1866 1403 to‘llis;
1900 1349 1955 1394 et
1994 1353 2100 1408 quo

501 1439 671 1508 magis
713 1452 852 1492 onus
892 1435 1186 1499 abstulisti,
1220 1447 1288 1488 eo
1315 1433 1483 1503 magis
1513 1432 1564 1484 in
1597 1440 1737 1485 terra
1775 1428 2096 1486 remanebit.

498 1528 671 1595 Quam
700 1541 998 1583 exonerare
1021 1524 1272 1592 voluisti,
1299 1523 1444 1594 jacet
1470 1538 1485 1576 :
1517 1537 1622 1576 non
1654 1521 1798 1576 volat
1817 1560 1833 1585 ,
1857 1519 1980 1590 quia
2010 1528 2100 1574 tu-

499 1621 604 1675 listi
646 1635 819 1684 onus;
865 1618 1049 1674 redeat
1090 1632 1265 1678 onus.
1299 1625 1354 1672 et
1381 1615 1548 1669 volat.
1587 1612 1733 1668 Talis
1774 1620 1859 1668 est
1898 1609 2098 1667 Christi

495 1713 727 1766 sarcina.
762 1711 981 1765 l‘ortent
1012 1709 1159 1764 illam
1187 1707 1469 1769 homines;
1503 1720 1608 1759 non
1638 1705 1747 1759 sint
1775 1702 1906 1773 pigri
1940 1721 1954 1756 :
1987 1715 2094 1757 non

495 1802 839 1856 attenduntur
859 1801 932 1854 illi
957 1792 1186 1870 qui'eam
1211 1796 1358 1852 ferre
1383 1795 1607 1858 nolunt;
1635 1795 1807 1850 ferant
1834 1794 1978 1848 illam
2003 1795 2095 1866 qui

495 1892 714 1956 volunt,
745 1899 800 1945 et
844 1889 1115 1943 invenient
1149 1901 1311 1958 quam
1359 1885 1430 1940 sit
1475 1885 1641 1950 levis,
1687 1899 1846 1954 quam
1891 1885 2091 1951 suavis,

493 1996 654 2053 quam
676 1979 932 2051 jucunda,
959 1993 1117 2050 quam
1141 1976 1356 2047 rapiens
1381 1976 1436 2031 in
1460 1974 1654 2030 omium
1685 1983 1740 2028 et
1764 1988 1795 2027 a
1816 1982 1963 2028 terra
1988 1975 2094 2029 eri-

494 2074 650 2141 piens
672 2074 712 2126 ¹.
742 2071 980 2126 Dividam
1012 2070 1294 2126 Sicltimam
1313 2110 1329 2135 ,
1358 2077 1404 2122 et
1427 2066 2090 2122 conoallemtabernaculo-

493 2179 608 2216 rum
635 2162 891 2216 dimetiar.
918 2160 1081 2217 Forte
1111 2168 1331 2230 propter
1358 2172 1488 2213 oves
1513 2157 1701 2217 Iacob,
1731 2157 1989 2211 convallis
2014 2165 2092 2211 ta-

491 2255 903 2310 bernaculorum
935 2251 1250 2322 intelligitur
1274 2265 1408 2320 gens
1431 2248 1759 2315 Judazornm,
1791 2257 1848 2303 et
1875 2248 1986 2318 ipsa
2011 2247 2094 2302 di-

488 2348 687 2402 viditur
725 2363 739 2400 :
779 2361 901 2400 nam
928 2343 1259 2400 transierunt
1286 2342 1410 2398 inde
1439 2340 1529 2413 qui
1556 2338 1932 2406 crediderunt;
1961 2338 2091 2394 foris

487 2436 678 2507 reliqui
707 2444 1106 2492 remanserunt.

531 2546 535 2551 ‘
559 2536 614 2585 9.
643 2528 795 2602 [vcrs.
819 2526 900 2600 9.]
928 2527 1075 2582 Meus
1095 2535 1170 2582 est
1190 2524 1411 2581 Gafaad.
1433 2523 1658 2578 Nomina
1683 2532 1809 2579 sunt
1828 2523 1924 2579 ista
1951 2523 2086 2579 lecta

464 2625 541 2677 ‘in
566 2624 781 2678 Litteris
805 2623 919 2678 Dei.
951 2620 1150 2678 Galaad
1179 2618 1341 2674 habet
1369 2616 1828 2689 interpretationis
1855 2631 1966 2672 suae
1989 2632 2086 2672 vo-

485 2732 603 2770 rem
625 2725 680 2770 et
699 2715 873 2786 magni
895 2712 1214 2768 sacramenti
1241 2730 1254 2765 :
1280 2711 1661 2781 interpretatur
1679 2711 1822 2766 enim
1845 2711 2085 2764 Acervus

485 2808 798 2862 testimonii.
822 2805 1065 2874 Quantus
1087 2816 1312 2858 acervus
1335 2802 1622 2858 testimonii
1647 2803 1702 2857 in
1724 2800 2083 2872 martyribus?

485 2901 635 2954 ﬁleus
664 2909 736 2954 εει
762 2896 962 2953 Galaad
991 2911 1010 2950 :
1039 2911 1192 2951 meus
1229 2905 1314 2950 est
1355 2909 1580 2949 acervus
1620 2893 1945 2960 testimonii,
1974 2892 2080 2949 mei

482 3003 607 3060 sunt
635 2991 894 3062 Martyres
919 2988 1054 3045 veri.
1089 2987 1383 3042 Moriuntur
1408 2986 1496 3040 alii
1518 2988 1539 3018 ³
1569 3000 1665 3056 pro
1689 2993 1900 3040 vetusta
1925 2987 2080 3042 vani-

476 3093 590 3136 tate
638 3097 732 3136 sua
782 3082 900 3134 sine
944 3079 1087 3143 sale;
1121 3076 1375 3151 numquid
1416 3076 1704 3146 pertinent”
1723 3075 1789 3129 ad
1825 3091 2076 3132 acervum

481 3172 812 3226 testimonii?
840 3170 974 3239 Quia
1013 3179 1067 3223 et
1105 3168 1148 3223 si
1191 3165 1461 3222 tradidero
1490 3180 1688 3234 corpus
1714 3182 1892 3232 meum
1920 3167 1990 3221 ita
2021 3176 2078 3222 ut

475 3263 696 3317 ardeam
717 3303 730 3324 ,
761 3259 1077 3316 charitatcm
1116 3265 1296 3311 autent
1344 3271 1448 3310 non
1491 3254 1752 3323 habeam;
1783 3254 1916 3312 nihil
1945 3257 2078 3312 mihi

477 3354 702 3424 prodest
725 3352 771 3423 (Ι
798 3352 916 3406 Cor.
943 3366 1061 3416 χιιι,
1089 3349 1169 3422 5).
1196 3348 1332 3404 Cum
1359 3357 1537 3403 autem
1562 3347 1792 3417 quodam
1818 3347 1938 3403 loco
1959 3362 2076 3402 mo-

468 3455 630 3502 ιιι-νει
660 3443 917 3498 Dominus
953 3441 1021 3497 de
1057 3456 1188 3511 pace
1225 3439 1502 3494 retinenda
1523 3482 1537 3503 ,
1570 3437 1830 3508 prmmisit
1863 3439 2030 3494 salem
2053 3457 2072 3494 :

477 3540 704 3604 llabetc,
733 3535 937 3607 inquit,
967 3536 1022 3588 in
1056 3535 1196 3588 vobis
1229 3534 1420 3598 salem,
1454 3541 1498 3587 et
1538 3549 1714 3601 pacem
1744 3531 1919 3586 habete
1943 3533 2076 3586 inter

475 3649 562 3688 ros
592 3631 782 3703 (Marc.
809 3645 892 3695 ιιι,
921 3626 1034 3698 49).
1080 3626 1250 3696 Ergo,
1288 3624 1435 3679 Meus
1465 3633 1537 3678 est
1563 3622 1762 3677 Galaad
1799 3640 1818 3678 :
1851 3623 1946 3686 sed
1969 3625 2075 3680 Ga-

476 3723 620 3789 laad,
650 3722 700 3776 id
731 3729 815 3776 est
835 3733 1060 3774 acervus
1085 3717 1399 3784 testimonii,
1425 3717 1479 3772 in
1508 3731 1696 3787 magna
1729 3717 2074 3774 tribulatione

475 3815 753 3871 evidenter
783 3811 954 3867 factus
982 3819 1086 3866 est.
1116 3809 1271 3863 Tunc
1304 3808 1658 3879 ignominiosa
1692 3809 1929 3864 Ecclesia
1959 3819 2076 3864 erat

477 3909 534 3962 in
563 3904 866 3961 hominibus
885 3943 901 3970 ,
929 3911 1055 3956 tunc
1080 3898 1427 3970 opprobrium
1457 3899 1531 3953 illi
1568 3898 1742 3953 vidua:
1771 3899 2076 3969 objectaba-

479 4011 597 4063 tur,
623 3999 745 4067 quia
774 3991 978 4050 Christi
1022 3999 1166 4055 erat,
1209 3991 1332 4060 quia
1363 3989 1572 4059 signum
1607 3991 1783 4044 crucis
1817 3990 1868 4043 in
1898 3990 2074 4046 fronte

480 4089 726 4159 portabat
761 4103 775 4140 :
820 4084 1058 4142 nondum
1102 4091 1220 4138 erat
1265 4082 1472 4146 honor;
1515 4082 1718 4138 crimen
1763 4092 1880 4138 erat
1924 4091 2072 4138 tunc.

457 4180 706 4251 'Qnando
728 4194 858 4249 ergo
883 4192 990 4233 non
1019 4176 1214 4238 honor.
1242 4173 1336 4230 sed
1363 4174 1565 4229 crimen
1587 4183 1724 4238 erat,
1755 4185 1881 4230 tunc
1907 4176 2077 4231 factus

477 4284 562 4331 cst
585 4276 811 4328 acervus
841 4267 1168 4332 testimonii;
1199 4274 1253 4321 et
1283 4281 1379 4336 per
1407 4279 1656 4320 acervum
1681 4267 1971 4321 testimonii
1997 4266 2077 4321 di-

479 4364 642 4423 latata
684 4373 768 4420 est
802 4362 1042 4419 charitas
1071 4358 1305 4422 Cill’iali;
1344 4367 1398 4412 et
1428 4373 1525 4427 per
1551 4357 1919 4414 dilatationem
1945 4358 2075 4414 cha-

475 4459 650 4515 ritatis
666 4454 862 4512 Christi
884 4459 1158 4521 occupate
1180 4457 1304 4504 sunt
1319 4458 1523 4519 gentes.
1547 4443 1819 4519 Sequitur,
1849 4450 1917 4505 Et
1936 4467 2078 4505 meus

476 4562 552 4605 est
581 4547 850 4602 Manassa
877 4560 898 4598 :
924 4543 1066 4614 quod
1103 4543 1485 4611 interpretatur
1512 4540 1740 4596 Oblitus.
1760 4541 1903 4598 Huic
1929 4545 2073 4600 enim

477 4641 683 4693 dictum
708 4644 861 4690 erat:
891 4632 1251 4710 Confusionem
1273 4631 1326 4684 in
1359 4641 1656 4707 perpetuum
1676 4633 2000 4700 Oblivisceris,
2031 4646 2077 4689 et

478 4729 770 4801 ignominia
796 4725 1054 4782 viduitatis
1077 4733 1178 4776 tua!
1202 4741 1302 4777 non
1324 4724 1431 4778 eris
1459 4739 1648 4777 memor
1678 4723 1830 4796 (lsai.
1859 4742 1964 4790 ων,
1992 4729 2074 4798 '4).

478 4825 612 4877 Erat
651 4835 781 4891 ergo
811 4816 1055 4874 c0nfusio
1079 4815 1334 4870 Ecclesia:
1373 4815 1684 4884 aliquando,
1721 4832 1879 4886 quam
1918 4820 2078 4872 modo

481 4916 645 4970 oblita
683 4923 768 4968 est
795 4929 809 4966 :
838 4909 1166 4965 confusionis
1195 4909 1356 4968 enim,
1381 4918 1436 4961 et
1477 4908 1778 4978 ignominia:
1809 4910 2078 4966 viduitatis

484 5021 596 5059 sua:
623 5004 732 5073 jam
763 5016 867 5055 non
895 5009 980 5053 est
1008 5013 1235 5053 memor.
1263 4997 1489 5066 Quando
1521 4999 1664 5054 enim
1691 5000 1934 5069 quzcdani
1963 5013 2079 5057 erat

483 5094 732 5149 confusio
774 5092 916 5145 inter
965 5088 1247 5154 homines,
1298 5077 1859 5145 acervns’testimonii
1899 5091 2079 5147 factus

484 5197 622 5240 erat.
666 5181 824 5238 Modo
851 5181 967 5251 jam
997 5195 1156 5234 nemo
1183 5179 1267 5234 vel
1295 5181 1538 5238 meminit
1562 5181 2076 5252 illius-confusionis,

485 5275 702 5348 quando
728 5271 1165 5345 ignominia-crat
1193 5286 1316 5326 esse
1351 5271 1736 5334 chriStlanum;
1767 5276 1877 5344 jam
1919 5293 2079 5333 nemo

489 5367 766 5429 meminit,
795 5367 903 5435 jam
934 5379 1124 5421 omnes
1152 5364 1302 5439 obliti
1346 5374 1500 5430 sunt,
1543 5365 1654 5436 jam
1683 5384 1822 5423 meus
1859 5381 1932 5425 est
1957 5372 2080 5426 Ma-

485 5479 678 5515 nasses.
706 5459 769 5512 Et
790 5457 1036 5529 Ephrtem
1060 5456 1304 5525 fortitudo
1330 5458 1509 5528 capitis
1530 5459 1647 5511 mei.
1677 5459 1924 5527 Ephrtem
1952 5463 2078 5518 Fru-

491 5547 742 5600 ctiticatio
771 5545 1172 5612 interpretatur.
1202 5542 1316 5596 Mea
1337 5583 1352 5606 ,
1384 5543 1586 5614 inquit,
1631 5543 1965 5600 fructifiratio
1985 5591 1999 5616 ,
2028 5561 2080 5603 ct

551 5724 568 5751 ³
595 5710 775 5767 Catian.
801 5716 945 5779 liber,
969 5727 1175 5779 erigens.

554 5783 575 5811 ³
601 5781 732 5837 md,
758 5777 1024 5827 moriantur
1042 5776 1180 5826 ntali.
1218 5782 1322 5825 IIS.
1365 5791 1504 5838 vero,
1528 5779 1616 5831 alii
1658 5795 1673 5832 :
1709 5784 1788 5833 ubi
1817 5787 2081 5835 Donatista-

485 5855 595 5905 pnn
613 5842 1035 5906 {iscudomartyres
1057 5839 1208 5890 actori
1239 5838 1484 5891 videmur.

1745 405 1800 461 S.
1843 403 2209 461 AUGUSTINI
2250 404 2553 460 EPISCOPI

3696 407 3791 461 7‘20

2208 516 2321 572 lucc
2351 517 2689 571 fructificatio
2711 516 2965 571 fortitudo
2989 525 3069 571 est
3090 517 3278 586 capitis
3303 517 3428 572 mei.
3459 518 3630 588 Caput
3653 523 3787 573 enim

2205 624 2384 664 meum
2425 608 2673 663 Christus
2714 619 2816 663 est.
2869 607 2936 662 Et
2983 609 3124 662 unde
3166 608 3501 664 fructificatio
3541 610 3790 665 fortitudo

2207 701 2361 768 ejus?
2389 701 2524 768 Quia
2553 701 2654 755 nisi
2685 716 2912 772 granum
2944 702 3160 757 caderet
3189 703 3240 756 in
3267 711 3487 768 terram,
3519 719 3627 757 non
3652 705 3786 758 mul-

2208 791 2552 861 tiplicarctur,
2583 793 2757 847 solum
2786 802 3110 848 remaneret.
3135 791 3342 848 Cecidit
3364 808 3494 863 ergo
3520 793 3572 848 in
3597 803 3787 850 terram

2205 882 2528 938 Christusjn
2557 884 2822 954 passione,
2850 892 2906 938 et
2928 893 3110 940 secuta
3139 893 3222 938 est
3255 883 3593 939 frnctificatio
3620 885 3673 940 in
3702 903 3784 941 rc-

2205 976 2556 1030 surrectione.
2604 973 2670 1029 Et
2715 975 2956 1044 Eplirwm
2997 975 3240 1045 fortitudo
3287 976 3466 1042 capitis
3502 978 3619 1030 mei.
3651 978 3786 1033 Pen-

2204 1063 2363 1132 debat
2388 1075 2441 1119 et
2467 1066 2909 1120 contemnebatur
2935 1084 2949 1120 :
2975 1081 3198 1135 granum
3227 1076 3342 1120 erat
3370 1058 3531 1130 intus.
3566 1067 3785 1122 habebat

2203 1155 2348 1211 vires
2377 1157 2622 1212 trahendi
2651 1167 2772 1226 post
2790 1173 2849 1213 se
2869 1158 3046 1212 omnia
3076 1157 3256 1227 (Joan.
3280 1175 3372 1225 ιιι,
3394 1161 3485 1226 94,
3509 1160 3624 1231 3‘2).
3646 1159 3784 1227 Quo-

2205 1247 2367 1302 modo
2393 1248 2445 1302 in
2473 1263 2640 1318 grano
2681 1249 2887 1304 numeri
2930 1250 3194 1304 seminum
3238 1251 3435 1319 latent;
3481 1253 3782 1321 abjectum’

2204 1339 2388 1394 nescio
2413 1340 2538 1410 quid
2565 1351 2785 1411 apparet
2810 1341 2978 1394 oculis
2999 1382 3014 1406 ,
3045 1342 3140 1396 sed
3170 1343 3250 1395 vis
3289 1353 3606 1397 convertens
3643 1343 3695 1397 in
3729 1359 3786 1399 se

2203 1430 2480 1486 materiam
2508 1441 2562 1486 et
2588 1431 2861 1501 proferens
2891 1431 3117 1486 fructum
3143 1432 3450 1487 abscondita
3484 1445 3567 1488 est
3591 1453 3605 1488 :
3631 1436 3708 1490 sic
3734 1438 3784 1490 in

2200 1521 2399 1585 Christi
2424 1538 2584 1579 crnce
2609 1523 2921 1592 abscondita
2957 1534 3073 1578 erat
3100 1525 3304 1590 virtus;
3331 1527 3618 1596 apparebat
3646 1527 3786 1582 infir-

2202 1617 2380 1670 mitas.
2411 1615 2456 1672 0
2481 1632 2732 1688 magnum
2762 1619 3022 1687 granum!
3053 1617 3211 1673 Certe
3245 1618 3488 1674 infirmus
3525 1631 3609 1674 est
3655 1637 3786 1690 pea-

2199 1703 2356 1772 dens,
2384 1717 2532 1762 certe
2557 1717 2682 1762 ante
2710 1707 2854 1762 illum
2883 1716 3045 1778 caput
3077 1709 3227 1778 plebs
3254 1709 3342 1765 illa
3367 1711 3617 1780 agitavit,
3644 1723 3786 1766 certe

2197 1797 2482 1853 dixerunt:
2506 1800 2566 1855 Si
2596 1799 2640 1852 F
2641 1800 2759 1854 ilius
2783 1799 2877 1854 Dei
2900 1811 2993 1864 εει,
3024 1803 3290 1856 descendat
3317 1802 3380 1856 de
3401 1819 3548 1857 cruce
3573 1803 3782 1876 (.llault.
3807 1877 3810 1880 q

2198 1904 2377 1956 xxvn,
2409 1890 2522 1961 40).
2552 1891 2691 1946 Audi
2730 1890 3095 1946 fortitudinem
3141 1892 3300 1962 ejus:
3345 1893 3493 1959 Quod
3528 1895 3786 1964 inﬁrmum

2196 1990 2268 2034 est
2292 1979 2424 2042 Dei,
2465 1982 2648 2052 fortius
2680 1992 2755 2035 est
2790 1981 3077 2036 hominibus
3120 1982 3174 2056 (Ι
3199 1982 3316 2036 Cor.
3340 1998 3387 2049 ι,
3425 1983 3557 2053 25).
3597 1985 3786 2040 Merito

2196 2077 2342 2125 tanta
2369 2071 2707 2127 fructiticatio
2734 2073 3023 2127 consecuta
3054 2082 3138 2128 est
3174 2089 3190 2128 :
3224 2071 3339 2129 lucc
3367 2088 3484 2129 mea
3513 2083 3630 2140 est,
3660 2075 3786 2131 dicit

2195 2159 2456 2216 Ecclesia.
3404 2236 3411 2242 ἢ

2264 2252 2353 2308 10.
2387 2251 2536 2325 [rem
2569 2249 2680 2327 10.]
2709 2253 2850 2309 Juda
2870 2271 2961 2310 rex
2989 2271 3127 2309 meus
3149 2272 3168 2310 :
3195 2254 3348 2311 Moab
3374 2258 3477 2312 olla
3503 2260 3612 2328 spei
3639 2277 3782 2318 mete.

2191 2344 2333 2399 Iuda
2375 2363 2467 2400 rex
2506 2363 2647 2401 meus
2686 2364 2705 2402 :
2744 2348 2864 2418 quis
2886 2348 3059 2403 Iuda?
3083 2348 3184 2416 Qui
3214 2349 3282 2404 de
3310 2350 3447 2406 tribu
3475 2350 3632 2406 Iuda.
3657 2354 3786 2419 Quis

2191 2435 2325 2492 Juda
2350 2477 2366 2502 ,
2414 2437 2514 2492 nisi
2545 2439 2629 2492 cui
2661 2439 2800 2494 dixit
2838 2441 2952 2509 ipse
2979 2439 3145 2496 Jacob
3177 2458 3191 2494 :
3221 2440 3398 2506 Iuda,
3434 2450 3480 2495 te
3507 2443 3788 2499 laudabunt

2194 2529 2375 2601 fratres
2401 2528 2474 2581 tui
2503 2528 2654 2598 (Gen.
2684 2545 2808 2583 ηιξ
2834 2569 2850 2595 ,
2881 2529 2979 2601 8)?
3004 2529 3148 2584 Iuda
3184 2547 3276 2586 rea:
3300 2548 3457 2602 meus.
3483 2533 3620 2601 Quid
3659 2550 3788 2605 ergo

2192 2620 2405 2673 linteam
2430 2663 2442 2682 ,
2475 2620 2686 2689 quando
2722 2621 2856 2676 Juda
2883 2637 2976 2676 rex
3007 2636 3158 2677 meus
3181 2622 3312 2678 dicit
3356 2638 3371 2674 :
3414 2622 3590 2678 Nolite
3614 2627 3788 2680 timere

2187 2727 2275 2766 eos
2324 2712 2409 2780 qui
2449 2711 2684 2765 occidunt
2721 2728 2906 2782 corpus
2950 2711 3160 2784 (Matth.
3209 2727 3280 2780 Χ,
3325 2713 3461 2783 28)ἳ
3499 2713 3642 2768 Iuda
3699 2733 3789 2770 re:

2187 2817 2330 2856 meus
2351 2817 2371 2855 :
2401 2801 2556 2856 Moab
2575 2803 2680 2856 olla
2699 2803 2808 2874 spei
2826 2819 2968 2858 mete.
2997 2803 3172 2870 Quare
3187 2845 3202 2869 ,
3236 2805 3340 2860 olla
3357 2805 3383 2858 ?
3402 2806 3532 2871 Quia
3566 2807 3789 2861 tribula-

2189 2891 2283 2947 tio.
2311 2893 2508 2959 Quare,
2537 2892 2644 2961 spei
2673 2893 2839 2948 ηιεωῖ
2863 2892 2995 2961 Quia
3023 2894 3299 2964 prazcessit
3324 2894 3458 2950 Juda
3484 2913 3579 2951 rex
3609 2913 3783 2954 meus.

2183 2985 2298 3054 Qua
2327 2986 2468 3040 enim
2500 2987 2794 3057 praecessit,
2821 2995 2874 3040 tu
2905 2988 3053 3055 sequi
3076 2987 3204 3057 quid
3240 2988 3475 3043 times”?
3499 2989 3612 3056 Qua
3643 3006 3787 3060 pra:-

2184 3076 2386 3132 ccssit?
2407 3077 2508 3131 Per
2536 3077 2906 3133 tribulationes
2926 3117 2941 3141 ,
2974 3093 3071 3147 per
3109 3079 3384 3149 angustias
3405 3121 3418 3144 ,
3450 3096 3548 3150 per
3589 3097 3786 3152 oppro-

2180 3167 2319 3225 bria.
2348 3167 2507 3239 Septa
2534 3176 2652 3223 erat
2677 3170 2784 3234 via,
2814 3167 2907 3223 sed
2937 3177 3218 3239 antequam
3249 3172 3498 3226 transiret
3524 3190 3537 3225 :
3565 3183 3784 3240 postea-

2180 3274 2340 3328 quam
2370 3259 2609 3322 transiit,
2635 3274 2891 3328 sequere;
2918 3260 3026 3329 jam
3060 3270 3205 3330 patet
3230 3262 3309 3314 via
3357 3262 3499 3316 illius
3529 3264 3780 3319 transitu.

2181 3351 2475 3422 Singularis
2526 3368 2618 3422 ego
2665 3368 2780 3406 sum
2804 3393 2819 3417 ,
2866 3353 3075 3422 inquit,
3104 3354 3193 3407 sed
3234 3370 3488 3424 quousque
3527 3364 3784 3411 trmiseam

2181 3441 2487 3513 (Psal..cx1.
2506 3483 2523 3510 ,
2551 3442 2644 3513 10)
2675 3460 2688 3496 :
2716 3443 2986 3512 singulare
3015 3459 3237 3514 granum
3259 3485 3274 3510 ,
3306 3447 3400 3500 sed
3429 3448 3782 3519 quoadusque

2181 3543 2448 3600 transeat;
2479 3551 2600 3590 cum
2629 3535 2938 3602 transierit,
2968 3547 3224 3607 sequetur
3251 3537 3608 3595 fructificatio.
3639 3542 3783 3598 Juda

2179 3641 2273 3680 rea:
2305 3643 2465 3680 meus.
2510 3627 2648 3697 Ergo
2677 3629 2797 3697 quia
2841 3625 2986 3680 Juda
3014 3645 3105 3683 rem
3141 3646 3279 3685 meus
3307 3648 3326 3685 :
3360 3629 3515 3686 Moab
3543 3634 3650 3687 olla
3672 3637 3783 3706 spei

2179 3732 2324 3771 metr.
2369 3716 2523 3771 Moab
2568 3717 2880 3788 intelligitur
2910 3720 2962 3773 in
3008 3718 3289 3776 Gentibus.
3334 3722 3464 3778 Nata
3510 3735 3594 3779 est
3631 3728 3779 3782 enim

2180 3808 2279 3862 ista
2301 3821 2430 3877 gens
2446 3807 2513 3861 de
2533 3816 2770 3876 peccato,
2800 3819 2922 3862 nata
2954 3817 3037 3863 est
3064 3810 3162 3864 ista
3188 3826 3320 3881 gens
3343 3812 3411 3868 de
3439 3815 3648 3869 filiabus
3681 3818 3780 3873 Lnt

2179 3914 2299 3968 qum
2325 3913 2445 3952 cum
2473 3906 2625 3968 patre
2654 3899 2918 3952 inebriato
2942 3901 3366 3969 concubuerunt,
3398 3905 3536 3959 male
3565 3917 3779 3962 utentes

2181 3999 2333 4058 patre
2361 3985 2512 4059 (Gen.
2541 4004 2651 4051 xix,
2681 3989 2887 4058 31.58).
2914 3989 3103 4045 Melius
3124 4001 3242 4045 erat
3280 4000 3336 4046 ut
3359 3995 3572 4048 steriles
3601 4012 3780 4049 rema-

2183 4090 2407 4147 nerent,
2457 4097 2617 4152 quam
2663 4082 2742 4137 sic
2787 4093 2986 4138 matres
3035 4084 3244 4140 fierent.
3298 4087 3424 4141 Erat
3453 4099 3631 4143 autem
3687 4092 3775 4144 illa

2184 4173 2350 4244 ﬁgura
2378 4173 2622 4242 quaedam
2652 4187 2840 4228 eorum
2870 4174 2960 4244 qni
2992 4176 3131 4231 male
3160 4185 3377 4232 utuntur
3418 4179 3554 4249 lege.
3601 4181 3780 4237 Nolite

2183 4262 2324 4317 enim
2356 4263 2632 4317 attendere
2669 4263 2791 4333 quia
2822 4264 2909 4318 lex
2940 4265 2990 4317 in
3023 4265 3182 4319 latina
3213 4266 3386 4336 lingua
3415 4267 3652 4325 feminini
3683 4288 3780 4342 ge-

2183 4353 2328 4408 neris
2351 4363 2466 4418 est;
2497 4353 2548 4407 in
2586 4368 2758 4423 grmea
2787 4356 3064 4410 masculini
3096 4365 3175 4410 est
3205 4375 3222 4412 :
3252 4358 3346 4412 sed
3375 4359 3491 4415 sive
3514 4362 3582 4414 sit
3620 4362 3778 4416 femi-

2183 4444 2294 4501 nini
2321 4445 2536 4514 generis
2578 4443 2632 4498 in
2663 4444 2928 4514 loquendo
2953 4487 2967 4511 ,
3000 4449 3112 4501 sive
3144 4449 3452 4516 masculini,
3495 4469 3597 4505 non
3643 4470 3782 4522 prae-

2183 4538 2369 4592 scribit
2408 4537 2616 4592 veritati
2659 4539 2874 4592 locutio.
2907 4539 3017 4595 Lex
3062 4543 3203 4594 enim
3232 4543 3398 4613 magis
3427 4547 3777 4600 masculinam

2182 4629 2291 4682 vim
2322 4629 2501 4693 habet,
2524 4630 2646 4699 quia
2673 4630 2832 4700 regit,
2858 4647 2962 4684 non
2990 4634 3207 4709 regitur.
3239 4634 3403 4688 Porro
3431 4648 3608 4690 autem
3638 4653 3780 4708 apo-

2185 4725 2355 4777 stolas
2391 4723 2589 4777 Paulus
2628 4723 2754 4792 quid
2797 4725 2908 4778 ait?
2951 4723 3097 4778 Bona
3134 4738 3205 4779 εει
3233 4728 3314 4781 lex
3337 4769 3351 4791 ,
3381 4729 3423 4782 si
3461 4731 3572 4797 quis
3599 4747 3660 4784 ea
3699 4733 3779 4786 le-

2184 4813 2357 4884 gitime
2397 4823 2568 4866 utatur
2614 4810 2672 4884 (Ι
2713 4812 2847 4866 Tim.
2889 4829 2937 4878 ι,
2981 4815 3066 4884 8).
3122 4815 3228 4871 Illae
3278 4827 3451 4872 autem
3508 4819 3630 4873 filize
3680 4821 3782 4876 Ι,οι

2187 4919 2293 4958 non
2342 4902 2578 4973 legitime
2622 4919 2732 4958 usa:
2775 4913 2900 4958 sunt
2926 4916 3098 4973 patre.
3149 4906 3427 4974 Quomodo
3470 4921 3650 4965 autem
3684 4929 3782 4965 na-

2186 5006 2406 5050 scuntur
2434 5011 2596 5066 opera
2625 4997 2761 5051 bona
2784 5038 2801 5064 ,
2845 5013 2966 5053 cum
2998 5000 3224 5068 quisque
3253 5000 3368 5071 lege
3403 5001 3539 5057 bene
3565 5005 3736 5059 utitur
3763 5025 3777 5059 :

2186 5091 2265 5145 sic
2308 5098 2596 5144 nascuntur
2621 5105 2782 5159 opera
2831 5093 2965 5146 mala
2990 5133 3006 5158 ,
3058 5109 3178 5146 cum
3211 5095 3322 5163 lege
3360 5095 3583 5165 quisque
3634 5100 3782 5153 male

2188 5183 2372 5236 utitur.
2401 5182 2634 5236 Proinde
2663 5185 2799 5238 male
2825 5185 2928 5238 illa:
2957 5193 3166 5238 utentes
3193 5200 3339 5254 pare
3359 5228 3374 5247 ,
3408 5187 3506 5239 hoc
3525 5197 3607 5242 est
3635 5193 3782 5245 male

2187 5283 2398 5330 utentes
2424 5273 2560 5342 lege,
2591 5285 2980 5343 generaverunt
3013 5275 3269 5330 Moabitas
3294 5292 3308 5341 ;
3340 5292 3429 5344 per
3457 5293 3586 5348 quos
3611 5279 3782 5350 signi-

2190 5365 2416 5419 ficantur
2445 5380 2609 5434 opera
2655 5365 2810 5419 mala.
2847 5366 2975 5420 Inde
3019 5367 3285 5420 tribulatio
3329 5368 3614 5432 Ecclesia,
3651 5371 3780 5425 inde

2188 5458 2290 5510 olla
2340 5455 2619 5511 ebulliens.
2664 5457 2738 5511 De
2782 5457 2882 5511 hac
2927 5457 3031 5511 olla
3063 5458 3288 5527 quodam
3321 5459 3438 5513 loco
3481 5461 3782 5529 prophetia:

2189 5549 2384 5602 dicitur
2415 5565 2425 5599 :
2461 5546 2580 5600 Olla
2617 5565 2853 5601 succensa
2893 5547 2954 5600 ab
3002 5549 3237 5618 aquilone
3280 5548 3493 5619 (Jermt.
3543 5568 3606 5616 ι,
3661 5554 3779 5621 15).

2257 5663 2270 5724 l
2311 5659 2418 5707 Fdd.
2441 5693 2455 5717 ,
2506 5660 2738 5709 smnimtm
2787 5661 3059 5718 latentium,
3114 5663 3164 5712 in
3212 5669 3344 5712 terra
3378 5662 3568 5724 jactum
3616 5663 3782 5716 nescio

2189 5723 2324 5785 quid.
2355 5731 2448 5785 etc.
2479 5724 2794 5770 timcndantur
2809 5726 2867 5771 ad
2890 5726 3071 5785 aliquot
3095 5734 3198 5773 mss.
3323 5743 3333 5752 ο

2257 5787 2274 5815 ιι
2298 5786 2370 5832 sic
2395 5782 2578 5850 aliquot
2601 5793 2704 5850 Mss.
2733 5786 2954 5835 At'Edd.:
2974 5782 3100 5846 mia
3123 5785 3248 5837 enim
3273 5789 3517 5850 pra'ccssit
3547 5795 3612 5842 te.
3633 5789 3779 5839 τιεισεε

2190 5859 2338 5910 sequi.
2365 5843 2486 5905 (inid
2505 5843 2639 5895 times
2659 5845 2684 5896 ξ’
