3934 6324
125 373 204 429 τξι
1205 366 1603 425 ENARRATIO
1643 364 1707 420 lN
1752 365 2071 423 PSALMUM
2113 371 2250 426 LIX.

125 490 254 548 Unde
279 488 373 544 nisi
402 502 431 540 a
467 488 708 557 partibus
730 487 926 542 diaboli
957 485 1046 556 qui
1077 483 1214 539 dixit
1246 502 1259 538 :
1297 483 1495 538 Ponant
1519 482 1686 538 sedem

124 600 262 639 nteant
287 583 350 636 ad
368 581 655 649 aquilonem
683 578 836 648 (lsai.
867 594 980 643 xxv,
1011 576 1126 646 l3)?
1147 576 1540 631 Tribnlationcs
1560 590 1689 645 ergo

125 677 341 733 maxima:
384 690 489 730 non
518 675 764 729 oriuntur
800 672 1084 727 adversum
1115 669 1408 726 Ecclesiam
1432 709 1448 734 ,
1491 667 1589 722 nisi
1621 667 1688 722 ab

125 771 190 825 eis
212 768 294 840 qui
319 768 431 839 lege
473 769 617 822 male
645 773 888 822 utuntur.”
912 764 1050 834 Quid
1076 779 1204 833 ergo
1228 764 1252 817 ἲ
1282 762 1562 819 Del‘ectnra
1606 769 1690 815 est

125 863 233 916 hinc
267 858 532 924 Ecclesia,
565 868 622 915 et
659 867 875 928 prepter
896 858 1052 911 ollam
1073 897 1090 921 ,
1129 855 1180 910 id
1206 864 1287 910 est
1312 852 1687 910 abundantiam

124 951 493 1018 seandalorum,
527 965 632 1004 non
660 942 760 1004 erit
793 956 1197 1018 perseveratum
1220 962 1391 1016 usque
1419 946 1470 999 in
1502 945 1688 999 linem?

124 1046 289 1101 Nonne
314 1042 448 1102 Jnda
466 1058 564 1098 rex
592 1043 730 1097 illius
757 1041 1000 1112 praedixit
1028 1040 1129 1094 hoc
1153 1039 1242 1094 ei?
1270 1037 1459 1093 Nonne
1479 1037 1554 1092 ait
1575 1036 1648 1091 illi
1672 1054 1685 1091 :

126 1137 350 1204 Quoniam
388 1135 662 1202 abundabit
689 1133 927 1204 iniquitas
946 1175 961 1199 ,
991 1133 1278 1203 refrigescet
1302 1131 1523 1184 charitas
1550 1128 1688 1182 ntul-

125 1245 269 1284 tarunt
301 1229 510 1302 (Matth.
539 1245 700 1294 xxxv,
737 1226 871 1302 12)?
911 1227 1028 1284 Olla
1058 1226 1312 1281 bnllientc
1337 1225 1571 1280 charitas
1597 1240 1688 1279 re-

125 1322 350 1393 lt-igeseit.
380 1321 558 1389 Quare
588 1335 695 1375 non
725 1323 899 1390 potius
918 1359 933 1385 ,
966 1333 999 1373 ο
1035 1317 1267 1373 charitas
1291 1358 1307 1384 ,
1336 1325 1391 1371 et
1418 1326 1475 1371 tu
1502 1325 1689 1372 contra

124 1415 262 1467 ollam
287 1411 572 1467 fervescis?
603 1412 684 1465 An
707 1410 922 1482 ignoras
951 1408 1045 1464 tibi
1071 1423 1192 1464 esse
1217 1407 1418 1463 dictum
1439 1449 1454 1474 ,
1477 1423 1597 1462 enm
1620 1407 1689 1463 de

125 1506 200 1559 illa
238 1504 553 1559 abundantia
600 1503 973 1560 scandalorom
1022 1517 1114 1557 rex
1174 1512 1292 1564 tuus
1321 1501 1629 1572 loqueretur
1669 1518 1686 1556 :

127 1598 213 1662 Qui
235 1596 606 1667 perseveraverit
636 1612 790 1665 usque
814 1596 867 1647 in
894 1595 1069 1663 ﬁnem,
1101 1591 1182 1646 hic
1206 1593 1375 1646 salvus
1398 1593 1535 1647 erit?
1560 1592 1691 1648 Per-

125 1703 282 1742 severa
300 1703 422 1756 ergo
445 1702 616 1756 usque
645 1686 695 1740 in
725 1687 881 1740 ﬁnem
900 1697 1084 1739 contra
1101 1684 1258 1738 ollam
1288 1683 1685 1739 scandalorum.

124 1778 265 1833 Ardet
289 1778 387 1832 olla
411 1777 727 1848 iniquitatis,
749 1776 843 1831 sed
869 1775 1038 1846 major
1056 1785 1140 1830 est
1156 1774 1366 1829 ﬂamma
1389 1775 1687 1829 cbaritatis.

123 1869 221 1923 Noli
263 1872 429 1935 vinei;
487 1885 770 1940 persevera
819 1871 988 1938 usque
1036 1868 1089 1922 in
1140 1867 1319 1922 linem.
1351 1866 1488 1935 Quid
1533 1865 1690 1922 times

124 1961 352 2016 Moabitas
373 2004 385 2026 ,
417 1977 578 2031 opera
607 1961 748 2015 mala
784 1975 969 2015 eorum
997 1960 1085 2029 qui
1118 1960 1234 2029 lege
1267 1961 1404 2013 male
1431 1957 1689 2013 utuntur?

123 2053 238 2117 Quid
267 2054 401 2107 enim
423 2096 437 2118 ,
463 2054 597 2108 Jutla
631 2070 720 2108 rex
753 2062 872 2106 tuus
899 2053 986 2122 qni
1019 2051 1321 2121 prmcessit,
1355 2066 1529 2105 nonne
1555 2051 1689 2106 tales

123 2145 352 2212 pertulit?
381 2145 566 2199 Nescis
592 2144 806 2199 Judmos
849 2144 986 2197 male
1017 2142 1210 2196 mendo
1235 2143 1348 2211 lege
1370 2184 1382 2206 ,
1415 2141 1687 2196 Christum

122 2236 394 2291 occidisse?
435 2236 579 2308 Ergo
608 2251 763 2306 spera
806 2237 822 2267 ³
848 2277 862 2298 ,
897 2243 950 2289 et
979 2250 1079 2304 qna
1121 2234 1393 2302 prtccessit
1431 2250 1522 2288 rex
1567 2243 1689 2288 tuus

123 2341 338 2396 sequere.
375 2328 467 2380 Dic
486 2369 500 2390 ,
532 2325 674 2380 Juda
702 2344 792 2380 rea:
817 2343 976 2380 meus.
1010 2325 1072 2380 Et
1100 2341 1164 2403 es
1195 2340 1261 2379 eo
1284 2326 1403 2395 quia
1432 2324 1465 2378 J
1474 2324 1573 2379 uda
1599 2341 1691 2380 rex

123 2436 272 2483 tuens,
317 2419 467 2473 Moab
498 2419 623 2490 quid
669 2419 837 2474 lactus
883 2418 1008 2474 est?
1054 2419 1172 2471 Olla
1214 2418 1324 2486 spei
1371 2433 1529 2487 meat,
1580 2433 1686 2473 non

122 2509 515 2578 eonsnutptionis
566 2525 719 2562 meas.
766 2509 899 2563 Vide
948 2509 999 2562 in
1051 2507 1482 2563 tribulationibus
1525 2508 1686 2562 ollam

122 2601 253 2665 spei;
295 2599 757 2670 audLAposlolnm
788 2617 801 2653 ε
834 2599 938 2654 Sed
964 2607 1012 2652 et
1050 2599 1329 2670 gloriamur
1353 2640 1367 2663 ,
1398 2597 1603 2670 inquit,
1634 2601 1689 2654 in

122 2690 518 2745 tribulationibus.
543 2689 657 2745 Olla
675 2700 758 2746 est
774 2691 905 2760 jam;
927 2691 1018 2745 scd
1043 2691 1165 2745 vide
1188 2691 1367 2755 istum,
1387 2693 1432 2745 si
1458 2691 1689 2761 explicat

121 2784 256 2836 ollam
281 2785 411 2854 spei.
441 2785 669 2840 Scientes
689 2788 806 2856 quia
829 2784 1088 2840 tribulatio
1110 2788 1404 2857 patientiam
1426 2796 1686 2856 aperatur,

121 2879 334 2943 patientia
361 2889 530 2933 autem
562 2878 909 2948 probationem
933 2920 950 2944 ,
991 2878 1220 2950 probatio
1244 2895 1404 2949 spem.
1433 2878 1488 2935 Si
1521 2877 1690 2934 tribu-

120 2968 230 3022 latio
279 2970 624 3039 patientiam,
684 2971 935 3041 patientia
984 2971 1352 3041 probationem
1383 3011 1397 3034 ,
1447 2970 1688 3040 probatio

118 3076 276 3128 spem,
305 3061 406 3114 olla
438 3072 522 3116 est
548 3071 724 3117 autem
759 3061 1027 3116 tribulatio
1053 3078 1172 3132 qua:
1211 3070 1464 3131 operatur
1496 3077 1684 3131 spem;

120 3151 287 3204 merito
312 3151 460 3204 Moab
490 3152 594 3206 olla
617 3153 722 3221 spei
752 3168 895 3204 metu.
923 3151 1054 3221 Spes
1083 3161 1249 3205 autem
1273 3169 1371 3206 non
1399 3153 1685 3222 confundit.

120 3237 175 3291 Et
200 3241 353 3310 quid?
375 3243 575 3297 Ferves
597 3251 780 3297 contra
804 3243 1006 3298 ollam?
1027 3242 1101 3297 Ita
1124 3244 1298 3313 plane,
1325 3244 1442 3313 quia
1466 3244 1690 3297 citaritas

121 3329 199 3383 Dei
223 3331 404 3398 diffusa
434 3344 507 3387 est
550 3333 604 3387 in
632 3333 869 3387 cordibus
899 3335 1083 3388 nostris
1106 3375 1121 3398 ,
1169 3351 1257 3403 per
1287 3334 1537 3403 Spiritum
1575 3336 1691 3389 sats-

117 3435 230 3476 ctum
257 3428 341 3495 qui
368 3427 519 3480 datus
545 3437 617 3481 est
647 3428 788 3480 nobis
819 3425 997 3496 (Rom.
1035 3442 1086 3490 v,
1117 3427 1240 3496 5-5)

176 3518 256 3572 Η.
315 3516 382 3572 1η
426 3517 715 3572 Ιάιιηιωωη
758 3520 1025 3572 extendam
1063 3520 1459 3573 calceamentum
1501 3535 1688 3573 meum.

117 3608 328 3664 Ecclesia
355 3610 592 3681 loquitur
615 3628 628 3664 :
653 3611 969 3666 Perveniam
999 3628 1155 3682 usque
1173 3605 1226 3664 in
1253 3609 1556 3665 ldumazam.
1581 3611 1692 3668 Sa:-

118 3702 242 3756 viant
265 3703 634 3758 tribulationcs
655 3745 670 3767 ,
699 3703 886 3759 bulliat
923 3702 1188 3758 scandalis
1220 3704 1482 3769 mundus,
1514 3715 1691 3758 exten-

117 3794 218 3846 dant
258 3797 648 3848 calceantentnm
695 3812 859 3849 meum
888 3812 1045 3866 usque
1081 3795 1134 3849 in
1164 3795 1485 3858 ldumwam;
1525 3811 1692 3864 usque

115 3884 170 3936 ad
199 3900 284 3939 eos
328 3885 474 3953 ipsos
519 3887 607 3955 qni
663 3893 930 3940 terrenam
976 3887 1138 3940 vitam
1185 3885 1382 3955 degunt
1417 3885 1689 3956 (quoniam

120 3973 328 4029 ldtttnwa
347 3978 731 4048 interpretatur
758 3975 1016 4048 Terrena)
1041 3994 1055 4042 ;
1085 3977 1331 4046 usquead
1356 3978 1519 4047 ipsos,
1537 3994 1694 4048 usque

115 4065 160 4116 in
189 4064 463 4121 [dammam
489 4067 751 4144 extendant
785 4067 1178 4121 calceamentum
1207 4085 1396 4123 meum.
1425 4067 1588 4137 Cujus
1614 4067 1691 4122 rei

118 4156 514 4212 calceamenttttn
539 4199 554 4221 ,
591 4157 690 4211 nisi
737 4156 1056 4227 Evangelii?
1099 4158 1263 4221 Quum
1291 4158 1502 4226 speciosi
1543 4157 1693 4226 pedes

116 4266 265 4303 eorum
287 4251 372 4319 qui
397 4252 702 4305 annuntiant
732 4266 906 4320 pacem
928 4293 943 4317 ,
979 4249 1065 4321 qui
1092 4242 1396 4303 annuntiant
1415 4249 1543 4304 bona
1568 4249 1689 4321 (Id.

115 4357 163 4407 Ι,
183 4344 260 4411 15)
281 4344 295 4396 ἰ
312 4354 383 4410 et,
405 4341 630 4397 Calceati
649 4343 797 4410 pedes
821 4342 873 4396 in
890 4342 1311 4414 prarparationem
1327 4340 1590 4414 Evangelii
1610 4357 1694 4411 pa.

117 4436 175 4488 ris
197 4433 402 4506 (Epltes'.
423 4450 500 4499 vr,
527 4433 635 4503 i5).
660 4433 908 4497 Prorsus,
933 4433 1185 4503 quoniam
1210 4432 1467 4486 tribulatio
1495 4433 1692 4503 patien-

118 4528 223 4576 tiam
260 4534 522 4595 operatur,
555 4524 798 4595 patientia
828 4533 996 4577 autem
1040 4524 1383 4593 probationem
1405 4565 1418 4582 .
1467 4525 1694 4593 probatio

115 4632 257 4683 spent,
280 4618 381 4671 olla
410 4632 517 4671 non
543 4632 626 4669 me
647 4626 926 4670 consumet
949 4632 960 4668 :
983 4613 1216 4668 Charitas
1237 4615 1367 4668 enim
1389 4614 1484 4668 Dei
1505 4614 1606 4681 di/f
1602 4633 1696 4670 usa

120 4722 180 4761 est
204 4713 253 4762 in
276 4710 515 4763 cordibus
542 4709 747 4770 nostris,
779 4725 866 4779 per
895 4708 1145 4776 Spiritum
1171 4717 1399 4762 sanctum
1425 4709 1510 4777 qui
1548 4707 1695 4762 datus

119 4812 178 4853 cst
201 4802 352 4856 nobis.
385 4801 502 4856 NOII
535 4800 843 4856 deﬁciamus
876 4800 1218 4870 Evangelium
1249 4799 1558 4868 praedicare,
1589 4816 1692 4854 non

120 4893 410 4948 tlelieiatnus
437 4894 723 4948 Dominum
752 4892 1086 4945 annontiare.
1123 4889 1293 4960 Usque
1331 4891 1380 4944 in
1413 4889 1703 4943 Iduntazam-

115 4987 364 5039 extendam
387 4985 785 5039 calceamentunt
814 5000 998 5036 meum.
1026 4982 1212 5037 Nonne
1241 4983 1480 5037 serviunt
1515 4992 1567 5036 et
1596 4983 1695 5051 ipsi

121 5077 330 5131 terreni?
367 5077 482 5132 Etsi
512 5076 892 5146 cupiditatibus
923 5076 1151 5130 terrenis
1187 5075 1508 5144 obligantur,
1535 5074 1693 5128 Chri-

121 5178 240 5223 stum
273 5180 451 5225 tamen
494 5169 739 5224 adorant.
773 5168 942 5224 llodie
973 5167 1213 5222 videmus
1237 5210 1249 5232 ,
1281 5166 1471 5221 fratres
1494 5208 1508 5232 ,
1537 5182 1694 5236 qnam

121 5260 256 5314 Innlti
284 5260 483 5316 terreni
516 5261 856 5314 committunt
884 5274 980 5328 pro
1008 5261 1154 5313 lucro
1185 5258 1416 5324 fraudes,
1445 5273 1541 5327 pro
1567 5258 1699 5331 fran-

122 5345 259 5404 dibus
304 5353 578 5423 pcrjuria',
612 5361 829 5422 propter
858 5353 1076 5406 timores
1100 5393 1114 5414 ,
1157 5351 1456 5420 sortilegos,
1491 5349 1698 5403 mathe-

124 5445 329 5502 maticos
370 5445 661 5504 consulunt
691 5461 702 5498 :
734 5459 922 5498 omnes
966 5443 1050 5498 isti
1095 5443 1308 5497 ldumtei
1332 5483 1347 5507 ,
1382 5442 1616 5506 terreni;
1650 5450 1703 5494 et

125 5545 285 5592 tamen
311 5552 503 5591 omnes
537 5537 621 5591 isti
651 5535 873 5590 adorant
900 5536 1191 5598 CIII-istum.
1224 5536 1321 5590 sub
1343 5534 1703 5588 calceamento

128 5628 273 5695 ipsius
297 5641 422 5686 sunt
447 5647 462 5692 ;
492 5629 602 5699 jam
642 5645 812 5699 usque
842 5630 893 5683 in
925 5630 1207 5683 Idumzcam
1239 5627 1477 5683 extendit
1502 5627 1706 5682 calcea-

129 5734 342 5778 Inrntum
375 5738 553 5780 suum.
577 5721 707 5776 Milti
748 5720 1011 5793 Allaphyli
1036 5723 1221 5780 subditi
1251 5729 1391 5776 sunt.
1419 5717 1703 5790 Allop/tyli.

189 5842 207 5869 ι
234 5847 300 5891 διε
317 5848 424 5892 stas.
456 5849 511 5889 At
533 5845 669 5902 eum,
695 5851 913 5903 propera.

3294 389 3402 444 7‘23

1795 483 1884 551 qui
1933 487 2094 541 sunt?
2136 486 2503 557 Alienigena),
2559 507 2664 545 non
2729 494 3054 561 pertinentes
3109 497 3176 552 ad
3226 514 3398 568 genus

1797 588 1998 628 meum.
2029 576 2234 630 Subditi
2260 590 2400 646 sunt,
2434 580 2555 649 quia
2582 583 2732 635 multi
2761 583 2988 639 adorant
3015 586 3311 650 Christum.
3339 603 3397 644 et

1798 674 2066 722 non'snnt
2093 674 2361 740 regnatori
2396 688 2518 726 cum
2545 673 2780 730 Christo.
2813 676 2945 730 Mihi
2989 679 3258 752 Allopltyli
3278 686 3397 737 sub-

1796 760 1888 812 diti
1913 771 2054 815 sunt.

1870 851 1955 905 12.
1975 851 2127 924 [ναῖε.
2163 853 2276 926 Η.]
2307 855 2431 921 Quis
2459 856 2672 911 deducet
2695 874 2775 912 me
2800 860 2853 912 in
2892 860 3142 915 ciuitatem
3167 863 3392 916 circum-

1794 943 1995 997 stantite
2009 944 2035 997 ?
2053 944 2182 1012 Qua:
2206 955 2290 1000 est
2310 946 2498 1001 civitas
2517 949 2956 1006 circumstantiis?
2975 951 3033 1007 Si
3049 953 3390 1023 meministis,
3428 945 3432 949 ’

1790 1032 1904 1101 jam
1948 1049 2066 1089 eam
2097 1037 2519 1093 commemoravi
2561 1040 2614 1093 in
2659 1041 2768 1095 alio
2807 1042 3034 1110 psalmo,
3065 1043 3156 1100 ubi
3193 1044 3392 1099 dictum

1793 1131 1878 1178 est
1902 1141 1916 1177 :
1948 1122 2018 1178 Et
2044 1126 2382 1182 circumibunt
2405 1129 2654 1184 civitatem
2676 1129 2773 1202 (a).
2802 1130 3227 1189 Circumstantia:
3251 1135 3395 1190 enim

1793 1213 1983 1269 civitas
2006 1256 2022 1282 ,
2069 1215 2328 1272 Gentium
2357 1219 2702 1276 circumlusio
2744 1231 2856 1292 est;
2897 1239 3015 1293 quae
3051 1226 3398 1281 circutnlosio

1794 1305 2044 1363 Gentium
2073 1308 2126 1363 in
2158 1310 2337 1364 medio
2363 1311 2593 1366 habebat
2635 1330 2793 1369 unam
2816 1327 3027 1386 gentem
3059 1318 3390 1382 Iudaeorum,

1793 1399 2060 1454 colentem
2090 1416 2252 1456 unum
2285 1402 2449 1458 Deum
2478 1420 2494 1456 :
2522 1415 2716 1460 cartera
2756 1407 3102 1465 circuntl’nsio
3138 1411 3407 1468 Gentium-

1794 1489 1951 1545 idolis
1987 1491 2343 1562 supplicabat,
2372 1493 2706 1551 dwmonibus
2743 1499 3031 1555 serviebat.
3066 1501 3132 1555 Et
3167 1505 3398 1574 mystico

1795 1591 1980 1638 vocata
2001 1592 2084 1638 est
2103 1585 2294 1639 civitas
2313 1585 2758 1656 circumstantiam
2779 1590 2901 1658 quia
2924 1592 3154 1663 undique
3174 1609 3234 1648 se
3255 1593 3392 1649 Gen-

1795 1683 1876 1730 tes
1901 1674 2378 1742 eircuml‘uderant,
2421 1686 2480 1732 et
2506 1678 2555 1732 ci
2592 1679 3060 1736 circumsteterant
3095 1699 3214 1752 quae
3240 1684 3387 1739 cole-

1792 1765 1884 1821 bat
1914 1782 2076 1821 unum
2105 1767 2294 1822 Deum.
2326 1768 2454 1835 Quis
2480 1770 2690 1824 deducet
2719 1788 2799 1825 me
2823 1772 2876 1825 in
2901 1773 3150 1827 civitatem
3172 1775 3390 1828 circum.

1791 1859 2017 1914 stantius?
2031 1860 2182 1927 Quis,
2201 1861 2304 1916 nisi
2335 1860 2502 1916 Deus?
2520 1862 2631 1917 [loc
2653 1864 2766 1917 volt
2793 1863 2992 1931 dicere,
3016 1866 3286 1936 quomodo
3303 1866 3396 1922 de-

1792 1951 1952 2007 docet
1978 1966 2074 2022 per
2099 1952 2216 2006 illas
2243 1951 2436 2018 nubes,
2454 1953 2524 2008 de
2541 1954 2735 2024 quibus
2759 1955 2959 2011 dictum
2989 1965 3102 2012 est:
3132 1955 3240 2012 Vox
3259 1961 3392 2012 toni-

1792 2043 1894 2096 trui
1919 2045 1992 2096 tui
2011 2044 2065 2097 in
2086 2054 2200 2097 rota
2228 2043 2401 2116 (Psal.
2433 2061 2612 2111 Lxva,
2653 2045 2765 2119 l9).
2796 2047 2931 2102 Rota
2949 2049 3078 2119 ipsa
3103 2058 3185 2102 est
3203 2050 3392 2103 civitas

1790 2134 2230 2199 circumstantiae,
2265 2150 2385 2205 qua:
2415 2135 2554 2190 dicta
2586 2146 2669 2191 est
2693 2118 2832 2203 rota,
2861 2138 2914 2192 id
2935 2118 3025 2192 ’est
3049 2139 3197 2192 orbis
3223 2150 3386 2194 terra-

1792 2241 1932 2280 rum.
1966 2226 2092 2293 Quis
2117 2227 2330 2281 deducet
2351 2244 2432 2283 me
2453 2228 2507 2281 in
2530 2229 2776 2283 ciuitatem
2804 2230 3234 2283 circumstantiae?
3262 2232 3390 2294 Quis

1793 2317 2002 2372 deducet
2022 2336 2103 2373 me
2118 2335 2277 2390 usque
2296 2321 2349 2374 in
2371 2319 2399 2373 1
2405 2321 2659 2375 dumteam
2677 2321 2702 2375 2
2723 2321 2775 2376 id
2796 2330 2897 2389 est,
2922 2330 2978 2376 ut
2995 2337 3209 2392 regnem
3226 2323 3388 2377 etiam

1794 2412 2024 2466 terrenis
2054 2413 2094 2477 ⁸,
2129 2421 2186 2467 ut
2225 2428 2314 2468 me
2358 2422 2683 2469 venerentur
2730 2415 2890 2469 ctiam
2920 2416 3011 2485 qui
3053 2415 3236 2471 deme
3278 2433 3386 2471 non

1792 2515 1936 2572 sunt,
1967 2507 2056 2577 qni
2078 2507 2146 2562 de
2169 2524 2254 2563 me
2283 2509 2472 2564 nolunt
2499 2508 2782 2578 prolicere.

1865 2599 1953 2654 I5.
1986 2597 2138 2671 [vers
2167 2598 2280 2671 12.]
2311 2600 2438 2665 Quis
2466 2601 2677 2655 deducet
2697 2617 2775 2654 me
2802 2617 2960 2671 usque
2987 2601 3040 2654 in
3065 2599 3390 2656 Idumaeam?

1793 2687 1984 2744 Nonne
2011 2701 2096 2754 tu,
2143 2690 2282 2746 Deus
2301 2731 2318 2758 ,
2353 2693 2440 2762 qui
2469 2691 2701 2760 repulisti
2729 2694 2860 2748 nos?
2881 2704 2927 2747 et
2956 2711 3056 2747 non
3084 2695 3388 2765 egredieris.

1793 2780 1949 2848 Deus,
1991 2783 2044 2836 in
2073 2781 2338 2839 virtutibus
2373 2787 2580 2840 nostris.
2612 2785 2803 2841 Nonne
2835 2796 2888 2839 to
2918 2801 3015 2840 nos
3043 2785 3275 2841 dedoces
3298 2787 3389 2855 qui

1793 2887 1892 2928 nos
1918 2875 2188 2944 repulisti?
2205 2875 2311 2930 Sed
2333 2892 2500 2946 quare
2522 2878 2766 2948 repulisti
2789 2878 2922 2932 nos?
2938 2878 3071 2946 Quia
3099 2880 3391 2934 destruatisti

1792 2982 1904 3022 nos.
1937 2966 2116 3035 Quare
2141 2967 2452 3024 destruxisti
2483 2971 2621 3024 nos?
2649 2970 2783 3036 Quia
2810 2971 2970 3025 iratus
2991 2988 3062 3035 es,
3092 2981 3138 3026 et
3157 2973 3411 3045 misertus

1790 3074 1846 3113 es
1867 3059 2048 3113 nostri.
2074 3058 2152 3112 Tn
2180 3075 2310 3130 ergo
2330 3059 2563 3116 dedoces
2584 3061 2673 3131 qui
2700 3062 2963 3130 repulisti,
2993 3061 3084 3132 qui
3113 3076 3219 3118 non
3239 3078 3392 3132 egre-

1793 3149 1958 3205 dieris
1988 3149 2128 3205 Deus
2169 3151 2221 3204 in
2267 3151 2557 3206 virtutibus
2599 3152 2819 3219 nostris,
2856 3162 2908 3206 tu
2955 3152 3209 3208 dedoces.
3251 3154 3396 3220 Quid

1793 3251 1898 3307 est,
1929 3258 2029 3295 non
2054 3242 2324 3313 egredieris
2360 3244 2411 3297 in
2435 3244 2702 3299 virtutibus
2737 3246 2921 3298 nostris
2939 3246 2964 3298 τ’
2986 3245 3280 3301 Steviturus
3307 3258 3395 3300 est-

1793 3334 2047 3400 mundus,
2076 3335 2487 3390 conculcaturns
2517 3348 2594 3391 est
2631 3352 2730 3391 nos
2758 3338 2990 3391 mundus
3011 3381 3026 3403 ,
3071 3338 3277 3392 futurus
3304 3349 3388 3393 est

1795 3440 2020 3481 acervus
2065 3427 2356 3499 testimonii
2386 3427 2556 3482 ell‘uso
2587 3437 2879 3499 martyrum
2923 3430 3196 3498 sanguine,
3230 3419 3283 3483 ct
3308 3430 3389 3483 di-

1795 3518 1932 3571 cturi
1980 3527 2107 3571 sunt
2154 3489 2350 3588 Pitgani
2401 3519 2684 3572 sazvientes
2724 3537 2738 3573 :
2772 3518 2868 3573 Ubi
2916 3528 2989 3571 cst
3034 3519 3172 3573 Deus
3213 3536 3388 3574 eorum

1799 3607 1970 3677 (Psal.
1993 3623 2212 3674 LXXVIII,
2242 3609 2376 3679 ‘10)?
2399 3610 2548 3663 Tunc
2577 3592 2988 3679 tton'egredieris,
3014 3609 3177 3673 Deus,
3208 3610 3261 3663 in
3288 3610 3389 3662 vir-

1796 3702 1984 3757 tutibus
2009 3704 2195 3758 nostris
2217 3719 2236 3758 :
2259 3718 2364 3758 non
2392 3711 2576 3757 contra
2617 3717 2712 3758 eos
2733 3703 3045 3772 apparebis;
3075 3719 3180 3757 non
3210 3711 3389 3757 osten-

1796 3792 1893 3848 des
1937 3794 2231 3864 potentiam
2266 3803 2430 3859 tuam,
2463 3793 2676 3865 qualem
2722 3793 3003 3848 ostendisti
3033 3794 3085 3846 in
3115 3792 3300 3856 David,
3335 3794 3389 3846 in

1795 3885 1998 3957 Moyse,
2029 3885 2080 3940 in
2109 3886 2234 3940 .lesn
2263 3886 2427 3950 Nave,
2458 3886 2672 3956 quando
2697 3901 2884 3942 eorum
2913 3885 3207 3940 fortitudini
3243 3885 3387 3940 Cen-

1797 3990 1879 4034 tes
1904 3989 2201 4046 cesserunt,
2230 3988 2284 4034 et
2323 3990 2502 4048 strage
2543 3979 2701 4042 laeta,
2734 3994 3031 4048 magnaque
3070 3977 3274 4033 reddita
3302 3994 3392 4031 va-

1795 4072 1999 4135 stitate,
2042 4071 2094 4125 in
2137 4080 2332 4127 terram
2359 4086 2517 4141 quam
2560 4069 2872 4139 promisisti,
2904 4069 3115 4139 plebem
3144 4078 3284 4123 tuam
3313 4069 3392 4122 in-

1795 4164 2021 4220 duxisti.
2050 4164 2165 4219 lloc
2189 4173 2314 4218 tunc
2343 4179 2447 4218 non
2475 4161 2674 4227 facies;
2702 4179 2804 4215 non
2833 4161 3121 4231 egredieris,
3159 4160 3314 4224 Deus,
3341 4161 3396 4212 in

1797 4257 2065 4313 virtutibus
2087 4257 2294 4323 nostris,
2319 4255 2414 4311 sed
2455 4256 2598 4310 intus
2638 4253 2966 4323 operabcris.
2998 4252 3134 4320 Quid
3160 4262 3262 4314 cst,
3291 4268 3395 4304 non

1798 4349 2110 4422 egredieris?
2149 4347 2266 4403 Non
2301 4347 2608 4416 apparebis.
2640 4345 2804 4399 Certe
2842 4345 2982 4398 enim
3010 4343 3221 4412 quando
3250 4351 3394 4396 mte-

1799 4441 1908 4496 nati
1957 4449 2222 4511 martyres
2264 4435 2865 4506 ducebantur,qnaudo
2894 4434 3297 4487 includebantnr
3339 4433 3393 4486 in

1798 4549 2055 4596 carcere,
2095 4531 2308 4602 quando
2354 4529 2583 4584 ludibrio
2643 4527 2869 4580 habendi
2919 4525 3350 4596 producebantur

1797 4627 2013 4697 quando
2048 4625 2230 4678 bestiis
2256 4622 2667 4691 subrigebantur
2687 4623 2706 4651 ²
2725 4619 2937 4690 quando
2963 4618 3389 4688 percutiebantur.

1800 4718 1963 4784 ferro,
1986 4716 2198 4787 quando
2221 4716 2340 4786 igne
2367 4713 2762 4778 cremabantur,
2781 4725 2959 4765 nonne
2978 4707 3392 4764 contemneban-

1800 4820 1886 4865 tnr
1909 4819 2160 4879 tanquam
2183 4808 2662 4877 deserti,tanqnam
2681 4805 2796 4859 sine
2819 4803 3097 4872 adiutore?
3117 4801 3399 4870 Quomodo

1802 4902 1948 4956 Deus
1975 4901 2300 4971 operabatur
2321 4898 2498 4953 intus?
2518 4894 2788 4966 quomodo
2817 4894 2959 4948 intus
2981 4891 3398 4947 consolabatur?

1801 4992 2069 5063 quomodo
2089 4992 2166 5045 eis
2193 4991 2399 5044 dulcem
2427 4987 2654 5043 faciebat
2675 5001 2825 5056 spem
2848 4986 2969 5038 vita:
2986 4984 3240 5040 telorum?
3261 4999 3398 5052 quo-

1801 5082 1964 5138 modo
1986 5097 2089 5135 non
2114 5080 2395 5136 deserebat
2413 5079 2575 5133 corda
2599 5091 2809 5143 eorum,
2835 5076 2924 5130 ubi
2947 5075 3107 5128 homo
3128 5073 3401 5128 habitabat

1805 5176 1854 5228 in
1869 5175 2101 5233 silentio.
2120 5174 2254 5226 bene
2270 5174 2313 5225 si
2336 5171 2528 5236 bonus,
2553 5169 2689 5222 male
2705 5169 2749 5222 si
2764 5166 2935 5220 malus
2947 5166 2970 5219 ?
2982 5164 3246 5235 Numquid
3272 5181 3400 5232 ergo

1804 5267 1924 5336 quia
1948 5282 2051 5318 non
2075 5263 2446 5332 egrediebatur
2465 5261 2516 5314 in
2537 5257 2818 5318 virtutibus
2838 5255 3172 5320 eorum,idco
3186 5255 3403 5309 desere-

1806 5358 1922 5413 bat?
1944 5356 2129 5410 Nonne
2150 5354 2319 5423 magis
2340 5368 2446 5406 non
2467 5350 2792 5422 egrediendo
2811 5350 2862 5403 in
2887 5348 3171 5403 virtutibus
3191 5361 3399 5408 eorum,

1807 5449 2336 5506 detluxitlieclesiant
2363 5460 2528 5516 usque
2549 5443 2614 5499 ad
2648 5442 2954 5507 ldumzeam,
2979 5439 3198 5495 deduxit
3221 5437 3403 5493 Eccle-

1878 5653 1893 5679 ¹
1920 5647 2252 5710 .siiquot_st_ss..
2273 5644 2325 5694 id
2350 5648 2492 5705 πήδη
2512 5655 2711 5710 regnum
2752 5639 2896 5710 etiam
2936 5647 3202 5710 terrenum.

1879 5711 1899 5741 ³
1924 5703 2020 5764 Fr;
2041 5703 2425 5768 subjiciebmttur.
2461 5703 2591 5763 Iovi,
2616 5703 2974 5767 subtgcbantur.
3004 5710 3055 5753 At
3091 5709 3220 5762 Nam,
3245 5704 3406 5756 ωιτη.

1816 5769 2066 5835 gcbmttur.

1885 5835 1959 5895 in)
1992 5841 2069 5894 ειη
2087 5845 2158 5884 ra.
2178 5831 2226 5879 in
2246 5828 2365 5878 I‘sal.
2386 5843 2512 5889 LVIII,
2538 5840 2684 5878 serm.
2711 5827 2752 5888 l,
2774 5839 2822 5875 η.
2850 5826 2908 5876 l3
