3934 6390
532 380 639 437 726

536 583 697 637 vellet
725 581 962 636 Ecclesia
992 589 1048 636 et
1088 563 1266 657 gladio
1293 579 1390 644 uti,
1418 580 1691 634 videretur
1719 594 1815 648 pro
1839 581 1943 633 vita
1989 596 2124 649 prte-

535 672 679 727 senti
723 687 962 742 pugnare
1006 689 1019 724 :
1062 670 1184 741 quia
1228 684 1358 723 vero
1396 669 1955 724 contemnebat'vitam
1986 686 2127 739 prte-

535 773 744 818 sentem
769 804 786 831 ,
818 763 939 818 ideo
986 762 1159 817 factus
1189 770 1273 814 est
1314 775 1535 816 acervus
1583 762 1872 817 testimonii
1913 763 1978 816 de
2023 763 2127 815 vita

536 857 734 909 lulura.

608 945 697 998 M.
729 943 882 1016 [vers.
914 942 1024 1015 15.]
1045 943 1124 999 Tn
1148 960 1297 1016 ergo,
1327 946 1488 1009 Deus,
1517 943 1606 1012 qui
1632 957 1736 997 non
1760 941 2048 1012 egredieris
2075 943 2128 994 in

536 1035 822 1088 virtutibus
844 1036 1059 1098 nostris,
1083 1034 1164 1087 Da
1191 1037 1329 1088 nobis
1350 1036 1600 1088 auxilium
1623 1035 1685 1086 de
1704 1033 2060 1105 tribulatione;
2080 1042 2128 1086 et

538 1142 669 1179 sana
690 1126 830 1180 salus
853 1127 1087 1179 hominis.
1119 1127 1254 1180 liant
1280 1142 1417 1180 nunc
1442 1127 1531 1194 qui
1553 1126 1716 1179 salem
1741 1126 1756 1157 ²
1781 1139 1886 1178 non
1909 1123 2123 1190 habent,

539 1227 594 1271 ct
614 1226 798 1284 eptent
821 1218 1046 1272 salutem
1081 1218 1429 1286 temporalem
1461 1218 1591 1280 suis,
1621 1231 1739 1285 qua:
1767 1225 1849 1270 est
1871 1215 2004 1270 vana
2036 1231 2140 1284 ve:

538 1319 724 1362 tustas.
763 1308 842 1360 Da
889 1307 1030 1361 nobis
1072 1296 1316 1362 auxilium
1349 1327 1360 1360 :
1392 1306 1514 1361 inde
1561 1308 1625 1359 da
1672 1306 1812 1361 [inde
1856 1307 2126 1375 putabaris

538 1402 809 1465 deserere,
841 1401 964 1455 inde
993 1401 1236 1455 subveni.
1265 1400 1343 1453 Da
1375 1396 1515 1454 nobis
1555 1400 1802 1453 auxilium
1831 1400 1896 1453 de
1916 1400 2127 1453 tribula-

539 1493 712 1556 tione;
737 1502 782 1544 et
809 1508 938 1544 rana
959 1493 1100 1544 salus
1126 1492 1362 1544 hominis.

609 1582 695 1636 15.
722 1569 875 1654 [vers.
915 1580 1025 1653 14.]
1053 1581 1116 1634 In
1151 1582 1259 1636 1)ιό
1297 1585 1540 1653 faciemus
1567 1584 1817 1644 uirtutem,
1850 1592 1896 1635 et
1925 1582 2030 1651 ipse
2057 1583 2126 1634 ad

488 1711 490 1713 ›
539 1674 755 1728 nihilum
781 1673 993 1727 deducet
1017 1674 1247 1727 inimicos
1285 1685 1482 1728 nostros
1511 1677 1551 1724 ³.
1583 1672 1696 1726 Non
1737 1671 1991 1726 faciemus
2018 1673 2124 1724 vir-

540 1774 707 1819 tutem
736 1762 786 1817 in
811 1763 1006 1834 gladio,
1041 1779 1145 1817 non
1171 1765 1223 1818 in
1252 1765 1424 1834 equis,
1464 1779 1570 1818 non
1599 1763 1651 1817 in
1690 1750 1891 1828 loricis,
1936 1777 2041 1816 non
2070 1763 2122 1816 in

459 1914 462 1916 γ
541 1854 728 1916 scutis,
778 1868 882 1906 non
927 1852 980 1906 in
1030 1861 1306 1922 potentatu
1349 1853 1651 1917 exercitus;
1683 1867 1788 1906 non
1830 1850 1981 1905 foris.
2012 1850 2120 1905 Sed

534 1943 662 1998 ubi?
688 1941 857 2009 lntns,
887 1943 978 1996 ubi
1008 1932 1253 1996 latemus.
1290 1941 1388 1998 Ubi
1415 1940 1600 1996 intus?
1629 1939 1692 1995 In
1731 1941 1840 1993 Deo
1879 1940 2122 2009 faciemus

532 2034 767 2086 virtutem
794 2050 813 2086 :
837 2043 891 2086 et
929 2035 1078 2102 quasi
1123 2033 1336 2102 ahjecti,
1367 2043 1421 2086 et
1445 2033 1594 2102 quasi
1621 2031 1938 2096 conculcati,
1969 2032 2120 2100 quasi

534 2126 732 2178 nullius
762 2125 1016 2180 momenti
1046 2125 1288 2179 homines
1312 2131 1532 2190 erimus,
1562 2122 1655 2182 sed
1682 2124 1790 2194 ipse
1815 2122 1882 2176 ad
1906 2121 2122 2178 nihilum

533 2218 743 2270 deducet
787 2217 1020 2268 inimicos
1051 2226 1269 2270 nostros.
1319 2215 1556 2285 Denique
1585 2215 1778 2269 factum
1817 2215 2025 2274 esthoc
2053 2215 2122 2268 de

534 2308 761 2362 inimicis
784 2307 999 2361 nostris.
1030 2306 1337 2366 Conculcati
1366 2316 1491 2360 sunt
1514 2315 1777 2376 martyres
1801 2323 1813 2359 :
1845 2303 2116 2374 patiendo,

532 2396 852 2466 perferendo
875 2438 891 2463 ,
925 2411 1094 2466 usque
1120 2396 1174 2450 in
1209 2398 1369 2450 linem
1397 2394 1804 2465 perseverando,
1835 2395 1886 2449 in
1915 2395 2024 2449 Deo
2046 2394 2121 2449 fe-

529 2499 720 2544 cerunt
749 2489 1023 2542 virtutem.
1065 2487 1221 2542 Fecit
1240 2498 1292 2542 et
1321 2489 1436 2557 ipse
1461 2487 1602 2556 quod
1641 2486 1918 2556 sequitur:
1945 2485 2010 2539 ad
2038 2486 2120 2539 ni-

531 2582 702 2637 hilum"
719 2581 943 2651 deduxit
968 2580 1213 2636 inimicos
1238 2579 1448 2636 eorum.
1466 2578 1566 2634 Ubi
1589 2587 1711 2633 sunt
1736 2577 1896 2632 modo
1919 2577 2116 2631 inimici

526 2654 842 2744 martyrum,
876 2671 978 2726 nisi
1007 2671 1145 2725 forte
1173 2670 1294 2739 quia
1325 2669 1487 2724 modo
1514 2683 1608 2724 eos
1631 2667 1829 2723 ebriosi
1859 2667 2116 2722 calicibus

460 2799 462 2802 μ
527 2765 923 2831 persequuntur
943 2802 959 2828 ,
1009 2776 1144 2830 quos
1172 2770 1297 2814 tunc
1323 2759 1509 2814 furioSi
1540 2745 1802 2828 lapidibus
1829 2773 2116 2828 perseque-

520 2851 716 2909 bantur
731 2852 755 2905 ?

964 3100 1046 3160 1N
1093 3097 1469 3195 PSALMUM
1511 3097 1626 3158 LX

1100 3216 1519 3274 ENARRATIO.

1012 3349 1070 3388 SE
1079 3348 1185 3387 MIO
1229 3349 1298 3387 ΑΒ
1354 3346 1580 3386 ιίειιιιι.

583 3451 632 3503 l.
668 3447 829 3520 [rem
866 3445 937 3519 l.]
981 3443 1437 3501 Considerandum
1459 3458 1591 3497 .cum
1615 3441 1805 3516 vestra
1835 3442 2106 3498 Cliaritate

509 3542 776 3610 psalmum
795 3541 953 3594 istum
982 3537 1337 3606 suscepimus.
1371 3534 1557 3590 Brevis
1581 3541 1698 3600 est;
1725 3533 1896 3589 aderit
1927 3534 2107 3589 Domi-

508 3648 610 3687 nus
631 3641 689 3686 ut
707 3631 1034 3687 sufﬁcienter
1060 3646 1124 3683 ex
1147 3623 1232 3693 eo,
1264 3639 1318 3682 et
1337 3627 1575 3684 breviter
1594 3626 1897 3697 loquamur.
1924 3627 2103 3695 Quan-

509 3736 620 3792 tum
646 3722 910 3793 adjuverit
935 3723 1049 3793 ipse
1079 3711 1298 3792 quinos
1321 3719 1476 3790 jubet
1505 3720 1669 3790 loqui,
1695 3721 1773 3775 sic
1797 3735 1892 3775 ero
1919 3723 2104 3776 volen-

509 3814 652 3867 tibus
673 3813 963 3878 ofﬁciosus,
997 3823 1052 3866 ut
1084 3829 1190 3866 non
1219 3811 1318 3866 sim
1345 3810 1511 3865 tardis
1541 3812 1821 3883 molestus,
1847 3811 1948 3867 nec
1972 3828 2100 3882 pau-

507 3906 588 3959 cis
609 3906 829 3970 multus,
863 3922 962 3960 nec
987 3904 1260 3975 occupatis
1286 3917 1569 3959 onerosus.
1611 3904 1822 3959 Titulus
1851 3905 1966 3974 ejus
1990 3919 2095 3960 non

503 4015 602 4053 nos
631 4009 796 4054 tenet.
830 3999 926 4054 Est
951 3999 1113 4062 enim,
1145 3996 1211 4051 In
1254 3981 1428 4067 ﬁnem,
1458 3997 1512 4051 in
1535 3997 1754 4067 hymnis,
1785 3997 1885 4068 ipsi
1909 3996 2092 4051 David.

500 4090 568 4143 In
607 4091 808 4162 hymnis
835 4133 848 4155 ,
890 4092 1074 4159 utique
1120 4090 1171 4143 in
1213 4088 1483 4143 laudibus.
1515 4086 1584 4144 In
1620 4089 1798 4157 ﬁnem,
1829 4089 2011 4161 utique
2040 4091 2092 4144 in

497 4184 790 4241 Christum.
820 4182 968 4238 Finis
1007 4184 1139 4237 enim
1178 4182 1328 4254 Legis
1351 4179 1585 4236 Christus
1618 4188 1720 4244 est,
1750 4182 1818 4234 ad
1834 4182 2092 4251 justitiam

495 4277 633 4331 omni
673 4275 895 4332 credenti
934 4273 1111 4347 (Rom.
1143 4289 1203 4337 Χ,
1245 4273 1327 4341 4).
1353 4271 1420 4326 Et
1440 4272 1541 4340 ipsi
1568 4270 1756 4334 David,
1795 4268 1898 4325 non
1927 4271 2102 4348 alium~

492 4384 653 4436 quam
681 4367 855 4438 ipsum
898 4366 1141 4434 accipere
1162 4363 1450 4428 debemus,
1479 4361 1572 4432 qui
1609 4362 1758 4441 venit
1786 4377 1851 4416 ex
1883 4365 2090 4418 semine

495 4461 687 4523 David,
715 4471 770 4514 nt
795 4469 938 4515 esset
963 4458 1128 4511 homo
1151 4457 1295 4511 inter
1320 4455 1591 4521 homines,
1621 4463 1675 4509 et
1713 4455 1948 4524 atquales
1974 4459 2058 4512 An

491 4554 624 4621 gelis
664 4552 861 4606 faceret
902 4543 1397 4604 homines.'Vocem
1419 4556 1604 4601 autem
1635 4547 1685 4600 in
1726 4547 1829 4602 ἱειο
1857 4548 2082 4617 psalmo,

491 4644 535 4696 si
583 4646 632 4695 in
666 4641 925 4712 membris
969 4641 1085 4709 ejus
1115 4639 1252 4693 etin
1299 4645 1528 4706 corpore
1570 4651 1791 4702 sumus,
1832 4638 1970 4692 sicut
1995 4639 2085 4694 illo

487 4738 806 4789 exhortante
848 4747 1175 4803 praesumere
1217 4729 1480 4785 audemus
1505 4770 1517 4792 ,
1549 4737 1788 4782 nostram
1826 4728 2084 4784 debemus

485 4841 798 4893 agnoscere,
827 4840 932 4878 non
958 4821 1180 4890 alicujus
1207 4821 1470 4875 extranei.
1493 4819 1739 4874 Nostram
1764 4829 1941 4874 autem
1973 4837 2080 4875 non

482 4917 561 4971 sic
591 4912 719 4981 dixi,
754 4915 903 4986 quasi
936 4929 1124 4969 eorum
1155 4921 1358 4966 tantum
1384 4911 1472 4982 qui
1502 4912 1555 4966 in
1591 4897 1872 4981 praesentia
1895 4928 2081 4966 sumus

482 5009 674 5072 modo;
716 5007 810 5061 sed
856 5016 1091 5062 nostram
1122 5004 1213 5074 qui
1241 5019 1423 5059 sumus
1463 5019 1559 5071 per
1597 5011 1766 5057 totum
1797 5004 2074 5068 mundum,

479 5101 566 5168 qui
593 5115 780 5153 sumtis
812 5098 879 5153 ab
903 5099 1112 5154 oriente
1141 5112 1306 5166 usque
1334 5095 1384 5148 in
1415 5096 1768 5151 occidentem.
1795 5096 1861 5150 Et
1891 5107 1946 5150 ut
1975 5113 2075 5151 no-

477 5184 664 5244 veritis
708 5189 785 5243 sic
813 5204 937 5242 esse
974 5202 1160 5241 vocem
1209 5196 1446 5241 nostram
1473 5181 1512 5250 ,’
1541 5185 1778 5255 loquitur
1807 5186 1892 5267 hic
1921 5187 2071 5256 quasi

475 5296 616 5336 unus
643 5279 805 5334 homo
836 5297 849 5333 :
878 5295 982 5333 non
1006 5289 1090 5332 est
1115 5288 1292 5332 autem
1323 5293 1459 5332 unus
1487 5278 1668 5342 homo,
1697 5277 1791 5332 sed
1819 5285 2068 5346 tanquam

475 5384 617 5424 unus
661 5363 835 5423 unitas
876 5368 1130 5438 loquitur.
1182 5368 1239 5421 In
1267 5365 1484 5422 Christo
1514 5378 1693 5422 autem
1737 5383 1836 5421 nos
1880 5382 2068 5423 omnes

474 5476 611 5515 unus
652 5461 847 5526 homo;
892 5459 1014 5529 quia
1044 5458 1202 5529 hujus
1246 5460 1404 5514 unius
1443 5459 1674 5514 hominis
1711 5469 1873 5528 caput
1905 5470 1986 5515 εει
2015 5462 2064 5514 in

533 5614 552 5644 ¹
579 5611 692 5660 Edd.
710 5647 728 5670 ,
751 5609 972 5673 salutem.
1014 5609 1347 5673 Aliquotgalsc.
1367 5647 1382 5665 .
1424 5613 1573 5663 salem
1602 5625 1617 5661 :
1653 5612 1822 5662 alludit
1844 5613 1904 5660 ad
1948 5612 2062 5660 illud

469 5674 608 5723 ﬂaret
631 5675 681 5729 9,
712 5673 805 5722 49:
836 5672 1012 5737 habete
1057 5671 1253 5723 intubis
1289 5674 1455 5736 salem,
1485 5677 1555 5724 uti
1575 5689 1735 5737 supra,
1758 5689 1803 5724 n.
1827 5675 2062 5724 9.Ccn'.cr

468 5746 712 5798 praui-rea
725 5749 808 5798 tit].
829 5732 865 5782 2
888 5742 940 5783 ει
961 5735 1008 5782 7.

531 5797 553 5829 ⁸
574 5794 796 5847 nonnulli
819 5801 950 5851 ιιεε..
972 5792 1250 5850 tribulosum
1268 5808 1369 5846 nos.

1777 377 1848 432 ⁸5.⁴
1883 380 1918 430 Α
1931 376 2242 431 UGUSTlNl
2283 377 2588 435 El’lSCUPl

536 494 665 547 siam
688 507 853 562 usque
875 494 924 545 in
945 491 1211 545 civitatem
1233 488 1649 544 circumstantiae
1661 491 1685 543 ?
1698 489 1752 543 Si
1771 491 1911 544 enim
1930 490 2126 544 bellare
2147 474 2149 477 ’

3707 396 3790 453 πει

2237 494 2394 558 cauo,
2423 505 2476 548 et
2502 497 2739 551 membra
2764 496 2938 553 adhuc
2967 499 3212 556 laborant
3239 505 3289 556 in
3317 513 3454 560 terra
3483 515 3568 562 :et
3593 509 3700 579 quia
3725 511 3789 565 la-

2235 587 2441 652 borant,
2467 588 2642 646 videte
2671 591 2797 664 quid
2823 592 2963 646 dicat
2981 592 3017 644 ⁵.

2306 677 2360 730 9..
2391 676 2540 748 [vers.
2570 679 2716 752 2-4.]
2755 681 2978 747 Exaudi,
3024 684 3177 748 Deus,
3217 687 3615 756 deprecationem
3638 709 3790 755 nteant.

2236 766 2438 825 intende
2459 768 2679 822 orationi
2702 787 2844 824 mete.
2873 772 3002 838 Quis
3032 773 3199 828 dieit?
3222 775 3382 843 Quasi
3423 763 3579 835 unus.
3624 781 3735 839 Vide
3757 787 3794 839 si

2237 872 2375 910 unus
2406 876 2421 911 :
2451 859 2492 910 Α
2529 858 2714 944 ﬁnibus
2757 870 2904 915 terra:
2943 865 3011 943 ad
3052 873 3100 917 te
3128 866 3362 934 clamavi,
3396 870 3520 926 dum
3563 887 3796 944 unguatur

2236 961 2322 1034 eor
2360 964 2548 1001 meum.
2575 948 2694 1004 Jam
2723 960 2852 1020 ergo
2882 968 2986 1008 non
3019 968 3187 1022 unus;
3231 959 3326 1012 sed
3357 959 3653 1027 ideo‘tmus,
3691 967 3796 1034 quia

2234 1030 2480 1092 Christus
2511 1055 2692 1106 unus,
2743 1042 2896 1110 cujus
2943 1059 3132 1099 omnes
3175 1049 3415 1105 membra
3461 1066 3657 1108 sumus.
3685 1030 3810 1111 Nam

2232 1127 2356 1196 duis
2379 1144 2516 1183 unus
2545 1130 2706 1185 homo
2746 1133 2944 1188 clamat
2968 1150 2997 1188 a
3043 1136 3238 1192 ﬁnibus
3263 1142 3460 1196 teme?
3487 1142 3602 1199 Non
3629 1147 3797 1203 clamat

2231 1229 2260 1267 a
2293 1216 2485 1271 ﬁnibus
2533 1228 2690 1274 terrm
2716 1261 2731 1278 .
2766 1223 2865 1276 nisi
2913 1225 3198 1283 ltzcreditas
3227 1229 3316 1285 illa
3342 1272 3355 1296 ,
3397 1231 3465 1287 de
3494 1250 3594 1304 qua
3622 1235 3796 1292 dictum

2201 1375 2203 1377 ι
2231 1317 2315 1360 εει
2345 1307 2443 1376 ipsi
2473 1308 2611 1363 Filio
2640 1329 2654 1364 :
2697 1310 2918 1367 Postulo
2956 1332 2988 1368 a
3018 1333 3119 1381 me,
3141 1329 3190 1372 et
3216 1320 3347 1375 dabo
3373 1324 3462 1377 tibi
3486 1337 3651 1397 gentes
3670 1332 3799 1385 hisre-

2230 1397 2440 1489 ditatem
2454 1408 2616 1489 tuam,
2637 1405 3209 1471 etpossessionemtuant
3231 1414 3466 1470 terminos
3485 1425 3630 1473 terra:
3648 1421 3799 1489 (Psal.

2231 1502 2287 1549 ιι,
2314 1487 2390 1558 8).
2423 1487 2548 1545 llaec
2577 1505 2705 1561 ergo
2736 1491 2935 1548 Christi
2964 1501 3254 1570 possessio,
3284 1502 3398 1559 haec
3425 1505 3619 1564 Christi
3647 1487 3800 1568 hrcle-

2232 1575 2393 1667 ditas,
2441 1579 2544 1636 hoc
2574 1581 2774 1644 Christi
2805 1600 3022 1654 corpus,
3055 1587 3169 1645 hinc
3196 1608 3298 1646 una
3328 1594 3530 1653 Christi
3559 1597 3800 1667 Ecclesia,

2230 1664 2346 1720 hare
2371 1669 2548 1724 unitas
2587 1686 2706 1741 qua:
2747 1688 2846 1729 nos
2885 1691 3104 1752 sumtis,
3133 1683 3325 1737 clamat
3369 1700 3397 1737 τι
3427 1686 3619 1757 ﬁnibus
3644 1664 3800 1748 terra.

2229 1757 2364 1854 Quid
2402 1770 2578 1816 autem
2601 1765 2833 1821 clamat?
2858 1767 3011 1837 Quod
3045 1787 3204 1842 supra
3233 1773 3362 1842 dixi,
3397 1775 3622 1848 Exaudi,
3653 1783 3801 1854 Deus,

2228 1848 2630 1920 deprecationem
2658 1874 2852 1925 meam,
2889 1862 3092 1917 intende
3118 1867 3335 1920 orationi
3376 1886 3502 1927 mete
3527 1888 3547 1926 :
3574 1891 3606 1926 a
3635 1848 3805 1945 ﬁnibut

2229 1949 2378 2036 terrae
2401 1943 2470 2033 ad
2493 1953 2540 1998 te
2556 1946 2798 2036 clamavi.
2829 1951 2885 2005 ld
2913 1962 3015 2019 εει,
3045 1955 3147 2009 hoc
3173 1956 3242 2010 ad
3271 1967 3322 2013 te
3344 1960 3566 2017 clamavi
3599 1943 3671 2020 τά
3695 1969 3807 2036 ﬁui-

2226 2029 2316 2084 bus
2342 2031 2486 2087 terra?
2511 2051 2532 2089 :
2553 2035 2603 2090 id
2632 2046 2733 2103 εει,
2765 2041 3018 2113 undique.

2299 2123 2353 2178 5.
2373 2123 2478 2180 Sed
2498 2143 2661 2196 quare
2678 2130 2900 2186 clamavi
2921 2134 3055 2189 hoc?
3080 2135 3213 2191 Dum
3233 2155 3505 2213 angeretur
3523 2162 3610 2200 cor
3629 2166 3806 2204 meum.

2226 2214 2473 2280 Ostendit
2513 2232 2574 2273 se
2615 2235 2735 2275 esse
2765 2237 2860 2291 per
2886 2237 3074 2281 omnes
3103 2239 3292 2298 gentes
3333 2241 3443 2288 toto
3473 2236 3605 2293 orbe
3647 2249 3809 2297 terra-

2225 2320 2344 2357 rum
2368 2308 2388 2337 ¹
2412 2307 2462 2360 in
2489 2323 2680 2378 magna
2700 2311 2888 2382 gloria,
2909 2315 3002 2371 sed
3028 2317 3079 2372 in
3109 2335 3296 2390 magna
3321 2327 3635 2384 tentatione.
3655 2329 3810 2387 Nam-

2225 2411 2329 2494 que
2349 2398 2455 2453 vita
2485 2409 2667 2455 nostra
2699 2402 2752 2456 in
2782 2403 2883 2460 hac
2909 2410 3343 2479 peregrinatione
3373 2431 3478 2471 non
3507 2430 3681 2488 potest
3700 2439 3813 2478 esse

2225 2491 2341 2540 sine
2382 2491 2674 2545 tentatione
2713 2510 2733 2546 :
2769 2495 2889 2562 quia
2922 2509 3204 2565 provectus
3231 2504 3415 2559 noster
3441 2522 3538 2577 per
3566 2515 3810 2569 tentatio-

2222 2578 2348 2632 'neru
2377 2589 2618 2637 nostram
2642 2586 2718 2668 lit,
2753 2601 2854 2642 nec
2882 2589 2984 2644 sibi
3014 2591 3240 2662 quisque
3261 2595 3547 2656 innoteseit
3574 2604 3675 2659 nisi
3704 2619 3810 2661 ιεηι

2223 2679 2366 2767 tatus
2391 2714 2407 2738 ,
2439 2689 2538 2730 nec
2577 2686 2752 2746 potest
2795 2683 3045 2737 coronari
3092 2685 3196 2740 nisi
3242 2687 3426 2745 vicerit
3450 2731 3466 2755 ,
3501 2708 3602 2749 nec
3643 2707 3811 2767 potest

2224 2769 2436 2820 vincere
2465 2769 2564 2823 nisi
2591 2772 2896 2838 certaverit,
2930 2790 3029 2831 nec
3059 2775 3238 2845 potest
3266 2792 3482 2855 certare
3505 2788 3608 2844 nisi
3634 2791 3812 2858 inimi-

2221 2871 2341 2947 cum
2369 2867 2435 2913 et
2453 2862 2773 2918 tentationes
2803 2864 3069 2923 habuerit.
3100 2870 3330 2942 Angitur
3353 2891 3483 2947 ergo
3507 2879 3608 2936 iste
3633 2897 3664 2936 a
3693 2887 3814 2940 lini-

2220 2945 2320 3001 bns
2353 2961 2508 3028 terra:
2535 2953 2794 3018 clamans,
2837 2957 2931 3012 sed
2961 2967 3136 3017 tamen
3174 2979 3280 3018 non
3307 2945 3824 3045 relinquitur.‘Quo-i

2218 3041 2360 3138 niam
2395 3058 2492 3102 nos
2520 3045 2666 3114 ipsos
2687 3086 2702 3110 ,
2735 3046 2877 3116 quod
2909 3058 2994 3130 est
3034 3066 3229 3122 corpus
3258 3071 3413 3113 suum
3433 3102 3449 3125 ,
3477 3062 3646 3120 voluit
3676 3041 3814 3138 pra:-

2219 3131 2450 3200 lignrare
2473 3145 2527 3191 et
2558 3136 2610 3190 in
2642 3137 2732 3193 illo
2753 3154 2979 3209 corpore
3003 3157 3120 3208 suo,
3149 3144 3200 3198 in
3228 3161 3335 3217 quo
3353 3151 3463 3219 jam
3491 3161 3546 3208 et
3572 3131 3814 3216 mortuus

2217 3230 2331 3282 est.
2375 3233 2427 3278 et
2473 3227 2765 3282 resurrexit
2791 3270 2810 3298 ,ν
2852 3239 2907 3285 ει
2949 3230 3002 3285 in
3047 3235 3242 3290 caelum
3289 3243 3565 3307 ascendit;
3608 3255 3667 3300 ut
3710 3261 3814 3318 quo

2216 3324 2378 3384 caput
2409 3318 2699 3385 praecessit,
2733 3319 2859 3374 illuc
2887 3336 2948 3376 se
2977 3325 3212 3380 membra
3242 3341 3490 3386 secutura
3512 3337 3812 3395 conﬁdant.

2215 3409 2354 3478 Ergo
2380 3425 2476 3489 nos
2507 3413 2906 3483 transﬁguravit
2937 3414 3004 3470 .in
3031 3432 3109 3477 se.
3140 3421 3352 3488 quando
3374 3426 3535 3480 voluit
3560 3435 3756 3486 tentari
3785 3451 3816 3488 a

2211 3510 2394 3594 satana
2445 3501 2679 3594 (Matth.
2704 3521 2776 3567 tv.
2807 3507 2892 3571 1).
2919 3507 3075 3562 Modo
3102 3509 3384 3580 legebatur
3421 3517 3472 3571 in
3520 3495 3817 3594 Evangelia

2210 3592 2330 3659 quia
2364 3592 2621 3648 Dominus
2665 3593 2822 3650 Jesus
2864 3596 3109 3655 Christus
3150 3601 3202 3654 in
3230 3618 3415 3659 eremo
3447 3592 3760 3668 tentabatiur
3783 3632 3815 3670 a

2213 3682 2448 3735 diabolo.
2497 3684 2728 3739 Prorsus
2770 3684 3017 3744 Christus
3063 3693 3369 3750 tentabatur
3409 3713 3441 3752 a
3483 3700 3726 3757 diabolo.
3758 3705 3816 3761 lu

2206 3772 2419 3828 Christo
2462 3775 2604 3829 enim
2648 3786 2704 3831 tu
2730 3779 3040 3845 tentabaris,
3080 3784 3202 3853 quia
3235 3785 3481 3845 Christus
3504 3790 3574 3848 de
3613 3801 3670 3850 te
3707 3797 3818 3853 sibi

2207 3863 2440 3921 habebat
2477 3883 2716 3937 carnem,
2746 3869 2813 3926 de
2837 3886 2897 3927 se
2926 3873 3019 3928 tibi
3048 3875 3311 3947 salutem;
3337 3880 3406 3936 de
3436 3888 3497 3939 te
3516 3886 3621 3944 sibi
3663 3905 3818 3944 mor-

2206 3966 2332 4018 tem,
2373 3958 2442 4011 de
2467 3973 2527 4012 se
2555 3959 2646 4015 tibi
2670 3961 2868 4027 vitam;
2912 3962 2988 4018 de»
3009 3973 3061 4019 te
3103 3966 3202 4021 sibi
3244 3975 3627 4040 contumelias,
3657 3973 3818 4037 dese

2204 4047 2296 4101 tibi
2337 4048 2603 4113 honores;
2645 4066 2774 4120 ergo
2804 4050 2873 4105 de
2908 4060 2958 4108 lc
2996 4053 3095 4108 sibi
3125 4059 3488 4126 tentationem,
3520 4062 3592 4118 de
3619 4081 3685 4120 se
3715 4070 3816 4124 tibi

2201 4139 2501 4193 victoriam.
2531 4141 2586 4194 Si
2632 4141 2684 4196 in
2716 4141 2808 4196 illo
2839 4158 2936 4197 nos
2983 4148 3168 4200 tentati
3212 4164 3398 4205 sumus
3421 4192 3436 4217 ,
3465 4154 3518 4207 in
3563 4156 3661 4211 illo
3710 4178 3818 4218 nos

2199 4229 2475 4288 diabolum
2493 4245 2829 4299 superamus.
2853 4235 3100 4290 Attendis
3123 4238 3245 4307 quia
3285 4240 3536 4301 Christus
3562 4258 3817 4307 tentauis

2197 4331 2298 4388 est,
2330 4333 2384 4380 et
2414 4337 2520 4377 non
2545 4322 2778 4378 attendis
2802 4326 2925 4394 quia
2948 4327 3112 4385 vicit?
3141 4331 3382 4399 Agnosce
3405 4343 3455 4389 te
3479 4336 3530 4390 in
3553 4337 3651 4394 illo
3682 4352 3814 4397 ten-

2195 4425 2386 4482 tatum,
2429 4423 2486 4470 et
2523 4425 2577 4470 te
2605 4415 2658 4470 in
2690 4415 2783 4471 illo
2808 4406 3037 4488 agnosce
3064 4419 3388 4480 vincentem.
3430 4426 3651 4485 Poterat
3680 4449 3715 4488 a
3748 4452 3816 4490 se

2192 4510 2464 4566 diabolum
2494 4513 2782 4582 prohibere
2816 4532 2828 4567 :
2858 4516 2951 4570 sed
2979 4517 3023 4570 si
3049 4533 3156 4572 non
3187 4526 3503 4587 tentaretur,
3537 4525 3635 4579 tibi
3678 4537 3813 4582 ten-

2195 4605 2355 4658 tando
2408 4606 2670 4660 vincendi
2703 4595 3070 4678 magisterium
3113 4626 3219 4665 non
3267 4614 3553 4683 praeberet.
3608 4616 3820 4689 Itaque

2189 4711 2295 4751 non
2328 4699 2543 4764 mirum,
2567 4698 2612 4752 si
2638 4697 2776 4754 inter
2807 4701 3354 4772 tentationespositns
3385 4706 3483 4762 istc
3509 4709 3731 4776 clamat
3782 4731 3813 4765 ει

2189 4789 2386 4844 ﬁnibus
2418 4799 2598 4844 terrae.
2630 4788 2735 4846 Sed
2758 4805 2924 4862 quare
2951 4809 3057 4848 non
3085 4795 3354 4854 vincitur?
3383 4795 3450 4852 In
3471 4812 3615 4869 petra
3647 4807 3818 4857 exal-

2188 4883 2306 4936 tasti
2329 4900 2425 4936 me.
2456 4881 2572 4937 Jam
2605 4897 2736 4953 ergo
2763 4882 2852 4939 hic
2876 4888 3221 4963 agnoscimus
3245 4889 3364 4956 quis
3386 4890 3582 4946 clamet
3606 4908 3640 4946 a
3677 4895 3818 4948 ﬁni-

2186 4976 2283 5029 bus
2305 4984 2480 5030 ιρι-τω.
2506 4976 2827 5048 Recolatnus
2849 4978 3193 5048 Evangelium
3216 4997 3228 5033 :
3251 4980 3418 5052 Super
3437 4983 3569 5036 hanc
3595 4997 3816 5052 ρεινιιηι

2181 5069 2444 5137 a'di/icabo
2497 5065 2776 5123 Ecclesium
2828 5087 2990 5124 meam
3019 5059 3130 5141 (Id.
3177 5088 3304 5141 xvi,
3349 5073 3460 5144 18).
3507 5075 3665 5145 Ergo
3716 5081 3813 5133 ilia

2180 5162 2428 5216 clamata
2464 5161 2656 5216 ﬁnibus
2685 5171 2863 5228 terrrc,
2907 5180 3065 5233 quam
3111 5165 3280 5220 voluit
3324 5167 3579 5224 mdilicari
3622 5188 3815 5241 super

2180 5264 2405 5322 petram.
2434 5253 2505 5308 Ut
2530 5265 2707 5309 autem
2734 5255 3092 5311 mdilicaretur
3122 5256 3363 5312 Ecclesia
3388 5276 3549 5330 super
3571 5275 3812 5332 petram

2176 5345 2295 5414 quis
2324 5344 2494 5401 factus
2523 5353 2603 5398 cst
2633 5347 2818 5412 petra?
2849 5347 3068 5403 Paulum
3098 5349 3222 5402 audi
3263 5351 3527 5406 dicentem
3563 5370 3575 5404 :
3609 5353 3801 5408 Petra

2173 5447 2341 5488 autem
2361 5447 2466 5487 erat
2486 5433 2715 5490 Christus
2742 5435 2782 5504 (l
2807 5436 2926 5490 Cor.
2957 5453 3015 5504 Χ,
3049 5438 3129 5506 4).
3161 5439 3217 5492 In
3251 5438 3340 5493 illo
3368 5455 3494 5511 ergo
3524 5442 3809 5499 a‘dilicati

2172 5544 2378 5583 sumus.
2422 5526 2708 5596 Propterea
2738 5536 2885 5597 petra
2927 5527 3010 5582 illa
3054 5529 3106 5583 in
3131 5544 3234 5598 qua
3272 5530 3517 5585 a‘diﬁcati
3561 5547 3804 5600 sumus,

2169 5621 2315 5692 prior
2335 5634 2584 5688 percussa
2607 5627 2689 5671 est
2709 5619 2901 5685 ventis,
2930 5618 3146 5676 ﬂumine
3166 5661 3183 5688 ,
3212 5618 3388 5692 pluvia
3422 5621 3649 5693 (Matth.
3693 5643 3804 5695 vu,

2235 5738 2246 5762 ¹
2277 5730 2442 5780 Plures
2460 5737 2589 5786 διες,
2614 5729 2794 5780 dicant.

2233 5798 2251 5827 ³
2277 5793 2408 5851 κάει,
2436 5791 2599 5842 nonin
2625 5805 2799 5855 magna
2820 5790 2990 5856 gloria.
3012 5794 3184 5857 abest,
3217 5809 3327 5859 non,
3352 5810 3378 5848 ι
3401 5805 3508 5852 Μ..
