3934 6332
186 344 297 402 725

193 457 280 524 ει,
311 456 425 528 25),
451 453 666 527 quando
707 449 949 508 Christus
974 464 1004 503 a
1029 444 1243 502 diabolo
1289 440 1609 498 tentabatur.
1642 435 1779 492 Ecce

195 546 246 603 in
275 564 379 619 qua
408 547 659 601 ﬁrmitate
688 554 743 599 te
769 542 935 595 voluit
964 538 1220 595 stabilire.
1268 535 1455 590 Merito
1496 545 1601 585 non
1633 535 1790 581 vacat

198 616 309 694 vox-
331 616 535 701 nostra,
559 636 653 691 sed
677 634 957 691 exauditur
982 649 995 685 :
1028 631 1082 684 in
1113 640 1306 696 magna
1336 624 1480 679 enim
1506 635 1602 690 spe
1628 616 1788 691 positi

196 742 383 787 sumus
407 745 421 792 ;
446 726 509 781 In
532 736 674 797 petra
693 722 925 780 εφαιωαὶ
946 737 1043 775 me.

270 823 325 877 4.
373 819 641 875 Deduxisti
683 833 797 883 me,
837 814 957 886 quia
997 814 1160 884 {actus
1189 827 1240 865 es
1284 823 1397 880 spes
1434 823 1565 860 mea.
1612 803 1706 858 Ille
1742 801 1787 855 si

199 921 385 969 uestra
414 925 539 981 spes
564 910 733 965 factus
761 922 867 963 non
891 916 1056 969 esset,
1083 918 1189 959 non
1220 916 1317 956 nos
1343 897 1651 954 deduceret.
1687 894 1789 947 De-

199 1006 351 1062 ducit
389 1014 637 1074 tanquam
666 1001 795 1066 dux,
821 1008 878 1056 et
900 1001 952 1053 in
974 1013 1032 1053 se
1061 994 1208 1050 ducit
1235 1003 1481 1061 tanquam
1510 989 1614 1051 via,
1643 995 1698 1040 et
1725 983 1791 1038 ad

200 1115 261 1154 se
296 1098 539 1168 perducit
562 1109 809 1164 tanquam
840 1090 1029 1163 patria.
1061 1086 1285 1157 Deducit
1310 1097 1439 1153 ergo
1467 1095 1581 1135 nos.
1607 1076 1793 1150 Unde?

201 1190 337 1258 Quia
387 1189 557 1241 factus
601 1196 682 1241 est
727 1197 852 1254 spes
896 1190 1097 1236 nostra.
1140 1178 1291 1234 Unde
1334 1174 1503 1229 factus
1547 1177 1629 1224 est
1670 1181 1794 1237 spes

201 1276 431 1333 nostra?
458 1276 595 1332 Ecce
621 1276 698 1329 sic
720 1270 988 1343 quomodo
1012 1268 1234 1323 audistis
1262 1267 1384 1335 quia
1417 1270 1649 1317 tentatus
1676 1267 1795 1322 est,

202 1370 329 1437 quia
364 1380 552 1438 passus
575 1374 686 1431 est,
724 1364 847 1434 quia
876 1359 1188 1423 resurrexit,
1223 1356 1393 1411 factus
1418 1362 1504 1410 est
1539 1365 1663 1422 spes
1700 1364 1797 1403 no-

202 1469 340 1514 stra.
367 1456 504 1525 Quid
531 1456 673 1512 enim
716 1451 871 1510 nobis
896 1450 1124 1507 dicimus
1147 1446 1362 1519 quando
1390 1445 1506 1499 haec
1526 1438 1795 1512 legimus?

202 1550 325 1606 Non
354 1550 495 1606 enim
516 1547 704 1620 perdet
726 1534 822 1602 nos
842 1544 1003 1610 Deus,
1033 1550 1248 1613 prepter
1266 1552 1400 1609 quos
1420 1534 1615 1591 Filium
1640 1546 1796 1588 suum

206 1640 357 1697 ntisit
387 1639 616 1704 tentari,
647 1635 917 1706 cruciﬁgi,
956 1632 1127 1697 mori,
1171 1640 1487 1699 resurgere:
1521 1639 1625 1679 non
1653 1620 1795 1676 enim

205 1746 338 1788 vere
368 1745 467 1786 nos
502 1727 731 1799 despicit
772 1724 949 1790 Deus,
996 1732 1215 1793 propter
1253 1733 1387 1790 quos
1410 1717 1547 1771 Filio
1580 1712 1798 1783 pmprio

206 1841 316 1880 non
350 1822 619 1895 pepercit.
666 1818 760 1876 sed
800 1832 897 1889 pro
940 1816 1097 1872 nobis
1133 1810 1380 1870 omnibus
1421 1809 1637 1865 tradidit
1674 1822 1796 1862 eum

210 1916 390 1986 (Rom.
416 1930 536 1981 vni,
566 1912 677 1986 32).
726 1912 817 1967 Sic
844 1924 971 1981 ergo
1016 1908 1185 1962 factus
1213 1914 1296 1962 est
1338 1918 1464 1974 spes
1491 1911 1693 1957 nostra.
1738 1898 1798 1953 In

208 2009 306 2062 illo
330 2007 481 2062 vides
510 2014 565 2062 et
603 2004 840 2060 laborem
870 2011 1016 2058 tuum
1035 2040 1051 2067 ,
1079 2008 1134 2057 et
1176 1997 1475 2055 mercedem
1505 2004 1683 2060 tuam;
1720 1992 1801 2047 la-

210 2101 395 2156 borem
440 2100 492 2153 in
534 2098 810 2169 passione,
846 2093 1147 2152 mercedem
1177 2090 1229 2147 in
1269 2088 1681 2147 resurrectione.
1708 2083 1799 2141 Sic

208 2207 340 2260 ergo
384 2191 553 2245 factus
582 2200 665 2245 cst
693 2204 815 2259 Spes
846 2198 1047 2243 nostra.
1093 2183 1361 2239 Habemus
1388 2178 1529 2237 enim
1559 2176 1692 2235 duas
1722 2176 1802 2232 vl-

210 2291 323 2347 tas;
372 2283 464 2337 sed
494 2298 650 2338 unam
683 2283 735 2334 in
780 2296 882 2350 qua
927 2293 1137 2341 sumus,
1170 2278 1391 2331 alteram
1421 2289 1580 2345 quam
1608 2287 1798 2341 spera-

206 2386 349 2426 mus.
386 2370 438 2425 In
469 2386 571 2441 qua
598 2385 799 2432 sumus,
834 2377 957 2423 nota
989 2368 1142 2422 nobis
1170 2377 1283 2431 est;
1312 2380 1470 2436 quam
1497 2377 1795 2434 speramus,

206 2463 388 2532 ignota
418 2461 570 2517 nobis
594 2468 695 2516 est.
726 2458 916 2517 Tolera
942 2457 994 2513 in
1022 2473 1123 2529 qua
1162 2472 1253 2522 es,
1282 2467 1337 2511 et
1382 2455 1606 2511 habebis
1634 2468 1792 2524 quam

206 2551 448 2608 nondum
490 2540 678 2607 habes.
711 2548 990 2619 Quomodo
1016 2548 1249 2605 toleras?
1281 2547 1348 2604 Ut
1376 2562 1481 2601 non
1509 2544 1738 2600 vincaris
1765 2559 1795 2598 a

207 2652 496 2698 tentatore.
519 2641 813 2698 Laboribus
842 2640 973 2707 suis,
1004 2638 1401 2698 tentationibus,
1437 2634 1789 2708 passionibus,

206 2744 382 2789 morte
410 2750 506 2789 sua
526 2732 912 2790 demonstravit
930 2731 1022 2786 tibi
1047 2730 1209 2784 vitam
1230 2727 1476 2784 Christus
1502 2726 1555 2781 in
1576 2741 1678 2797 qua
1700 2739 1797 2793 es;

207 2826 606 2881 resurrectione
632 2837 725 2878 sua
749 2822 1133 2878 demonstravit
1162 2820 1254 2875 tibi
1278 2820 1438 2873 vitam
1459 2819 1513 2873 in
1537 2833 1637 2888 qua
1666 2817 1793 2871 eris.

206 2917 316 2972 Nos
361 2918 505 2971 enim
548 2930 655 2970 non
709 2928 1029 2969 noveramus
1076 2912 1181 2965 nisi
1226 2911 1368 2965 nasci
1421 2908 1689 2962 hominem
1743 2916 1797 2961 et

207 3007 345 3061 mori
370 3022 385 3072 ;
416 3020 698 3076 resurgere
725 3004 995 3059 hominem
1021 3012 1074 3058 et
1108 3002 1286 3056 vivere
1326 3001 1381 3054 in
1404 3010 1660 3053 aeternum
1690 3012 1795 3051 non

208 3110 570 3151 noveramus:
600 3094 835 3164 suscepit
863 3090 1005 3163 quod
1033 3104 1294 3156 noveras,
1322 3098 1376 3145 et
1410 3087 1798 3144 demonstravit

204 3186 348 3256 quod
375 3202 478 3240 non
510 3200 754 3239 noveras.
786 3183 908 3239 Ideo
934 3198 1060 3252 ergo
1089 3180 1258 3237 factus
1283 3190 1364 3234 est
1384 3194 1506 3250 spes
1532 3187 1712 3234 nostra
1742 3179 1794 3231 in

207 3276 662 3345 tribulationibus,
695 3277 745 3330 in
777 3274 1177 3330 tentationibus.
1206 3271 1337 3327 Vide
1367 3270 1678 3340 Apostolum
1710 3269 1795 3322 di-

205 3380 420 3427 centem
449 3389 464 3424 :
496 3369 617 3424 Non
645 3388 807 3423 satum
836 3379 1021 3433 autem,
1051 3366 1141 3420 sed
1165 3376 1212 3420 et
1237 3364 1547 3436 gloriantur,
1590 3361 1794 3431 inquit,

204 3465 261 3517 in
305 3462 713 3517 tribulationibus
738 3480 756 3513 :
794 3462 1005 3515 scientes
1046 3461 1163 3528 quia
1204 3456 1457 3510 tribuiatio
1503 3454 1799 3524 patientiam

206 3568 478 3625 operatur,
521 3555 764 3625 patientia
794 3552 1166 3622 probationem,
1212 3550 1438 3619 probatio
1479 3564 1656 3617 spem;
1685 3563 1799 3616 spes

206 3658 503 3701 autemnon
534 3646 798 3717 confundit
825 3659 843 3698 :
871 3641 1108 3714 quoniam
1134 3640 1353 3694 Charitas
1381 3638 1474 3692 Dei
1498 3636 1690 3705 diﬂ'usa
1727 3645 1801 3691 cst

207 3742 261 3795 in
290 3740 525 3794 cordibus
552 3738 735 3792 nostris
766 3754 853 3807 per
885 3735 1136 3806 Spiritum
1163 3742 1393 3789 sanctum
1417 3732 1501 3800 qui
1539 3731 1688 3783 datus
1728 3738 1802 3801 est

208 3835 355 3887 nobis
386 3831 498 3905 (Id.
531 3848 585 3899 v,
618 3832 753 3902 5-5).
801 3830 941 3899 Ergo
972 3828 1143 3883 factus
1172 3835 1254 3881 est
1287 3826 1400 3895 ipse
1427 3839 1549 3894 spes
1581 3832 1759 3879 nostra
1782 3864 1796 3887 ,

207 3923 302 3993 qui
343 3923 493 3976 dedit
538 3922 692 3978 nobis
736 3920 993 3990 Spiritum
1041 3926 1329 3973 sanctum:
1373 3924 1428 3971 et
1469 3913 1801 3969 ambulamus

210 4012 378 4068 modo
405 4012 472 4068 ad
504 4027 687 4082 spem;
722 4028 827 4067 non
857 4012 998 4066 enim
1026 4007 1420 4063 ambularemus
1441 4048 1455 4073 ,
1490 4008 1590 4061 nisi
1618 4020 1802 4075 spera-

210 4119 415 4158 remus.
446 4102 580 4170 Quid
603 4103 673 4155 ait
702 4103 813 4171 ipse
838 4100 1160 4172 Apostolus?
1189 4098 1339 4166 Quod
1359 4100 1491 4153 enim
1514 4096 1643 4151 videt
1665 4098 1798 4167 quis,

210 4196 338 4266 quid
364 4195 572 4258 sperat?
599 4194 659 4248 Si
686 4203 852 4247 autem
872 4194 1005 4263 quod
1030 4209 1129 4246 non
1156 4194 1380 4245 videmus
1409 4207 1689 4261 speramus,
1714 4206 1804 4259 per

210 4290 509 4361 patientiam
534 4299 903 4362 exspectamus,
928 4288 999 4342 Et
1021 4288 1145 4342 item
1173 4306 1186 4341 :
1223 4286 1330 4355 Spe
1354 4286 1487 4340 enim
1514 4286 1641 4341 salvi
1679 4287 1802 4358 facti

209 4398 387 4435 sumus
419 4379 527 4450 (Id.
557 4396 673 4443 vni,
700 4380 790 4443 ‘24,
821 4378 936 4449 25).

283 4471 341 4526 5.
375 4468 644 4524 Deduxiin
665 4486 760 4531 ine,
784 4470 901 4539 quia
929 4471 1089 4538 factus
1120 4484 1169 4521 es
1197 4484 1310 4538 spes
1334 4484 1445 4521 mea
1468 4486 1486 4522 :
1515 4467 1667 4520 turris
1692 4470 1801 4535 for-

209 4560 447 4614 titudinis
475 4575 507 4612 a
551 4559 681 4631 facie
721 4558 932 4611 inimici.
984 4559 1207 4627 Angitur
1236 4573 1329 4611 cor
1368 4572 1582 4621 meum,
1634 4557 1805 4625 inquit

205 4655 314 4709 ista
344 4653 519 4707 unitas
544 4666 572 4704 a
602 4652 794 4705 ﬁnibus
817 4660 994 4716 terrae,
1027 4658 1081 4707 et
1106 4650 1289 4704 laboro
1316 4649 1453 4704 inter
1481 4648 1804 4703 tentationes

196 4754 265 4810 et
287 4743 536 4799 scandala
563 4762 576 4797 :
609 4742 845 4797 invident
876 4742 1068 4810 l’agani
1095 4783 1109 4807 ,
1155 4741 1275 4808 quia
1322 4740 1445 4793 victi
1490 4750 1641 4803 sunt;
1675 4740 1804 4792 insi-

208 4838 427 4892 diantur
449 4834 685 4888 ltmretici
715 4835 871 4905 pallio
892 4834 1057 4893 velati
1077 4832 1304 4885 nominis
1331 4830 1634 4896 christiani;
1664 4832 1803 4885 intus

211 4931 264 4983 in
297 4944 411 4998 ipsa
436 4928 674 4982 Ecclesia
694 4927 800 4980 vim
817 4926 1014 4995 patitur
1040 4923 1364 4979 frumentum
1392 4939 1419 4974 a
1450 4924 1597 4991 palea
1623 4939 1638 4975 :
1662 4922 1805 4978 inter

208 5022 328 5077 lucc
348 5022 527 5075 omnia
554 5035 676 5074 eum
706 5020 918 5089 angitur
936 5031 1249 5080 cormeum,
1284 5015 1524 5068 clamabo
1554 5029 1582 5067 a
1610 5014 1805 5080 ﬁnibus

213 5122 398 5167 terrae.
448 5110 553 5171 Sed
602 5126 708 5166 non
756 5126 842 5164 me
882 5109 1082 5164 deserit
1122 5108 1233 5177 ipse
1280 5106 1368 5176 qui
1417 5122 1503 5159 me
1545 5106 1805 5160 exaltavit

208 5220 374 5273 super
402 5214 635 5273 petram,
667 5211 724 5257 ut
747 5202 974 5257 deducat
1000 5217 1084 5255 me
1128 5216 1293 5271 usque
1320 5198 1382 5253 ad
1414 5214 1473 5253 se
1499 5216 1512 5253 :
1542 5199 1663 5267 quia
1699 5199 1800 5253 etsi

208 5294 422 5360 laboro,
449 5294 661 5348 diabolo
686 5309 783 5363 per
813 5302 892 5347 tot
918 5293 1029 5346 loca
1061 5301 1114 5345 et
1142 5300 1377 5359 tempora
1410 5300 1464 5344 et
1493 5288 1802 5343 occasiones

210 5387 497 5449 insidiante
524 5386 779 5441 adversus
807 5401 893 5440 me
914 5430 928 5450 ,
971 5384 1055 5439 hic
1082 5392 1164 5437 est
1194 5381 1322 5436 mihi
1354 5382 1513 5435 turris
1537 5379 1803 5434 fortitudi-

208 5485 322 5548 nis;
352 5496 462 5551 quo
489 5494 610 5533 cum
648 5476 963 5543 confugero,
996 5490 1104 5529 non
1143 5473 1315 5528 solmn
1351 5471 1531 5525 vitabo
1565 5470 1665 5525 tela
1696 5470 1798 5524 ini-

210 5574 352 5638 mici,
383 5570 479 5625 sed
505 5571 663 5624 etiam
693 5570 743 5620 in
770 5568 918 5621 illum
946 5582 1063 5635 qua:
1088 5566 1306 5620 voluero
1336 5579 1555 5619 securus
1584 5562 1696 5630 ipse
1717 5562 1801 5628 ja-

208 5664 444 5720 culabor.
498 5662 615 5729 lpse
657 5660 796 5713 enim
842 5657 1082 5712 Christus
1113 5666 1195 5713 est
1242 5657 1437 5720 turris;
1488 5657 1601 5724 ipse
1646 5657 1799 5709 nobis

206 5757 371 5811 factus
402 5762 487 5809 est
518 5752 678 5807 turris
706 5766 734 5805 a
762 5750 894 5805 facie
924 5750 1144 5817 inimici,
1168 5749 1255 5822 qui
1274 5757 1363 5805 cst
1386 5758 1439 5805 ct
1465 5756 1613 5818 petra
1634 5761 1797 5817 super

1300 322 1697 384 ENARRATIO
1735 317 1806 375 1N
1843 318 2167 379 PSALMUM
2207 324 2319 378 LX.

3380 321 3486 379 HG

1892 451 2050 507 quam
2081 436 2337 491 :ediﬁcata
2368 444 2452 493 cst
2479 436 2737 517 Ecclesia.
2771 437 3038 493 ceves-ne
3065 434 3275 492 feriaris
3304 452 3333 488 a
3364 444 3483 489 dm-

1894 530 2059 586 bolo?
2086 530 2232 599 Fuge
2261 530 2327 585 ad
2358 538 2555 586 turrem
2583 546 2894 603 :_nunqnam
2922 540 2981 585 te
2998 528 3063 583 ad
3086 528 3252 584 illam
3282 539 3509 583 turrem.

1896 623 2158 701 diabolica
2187 621 2360 693 jacula
2397 632 2641 677 secutura
2673 631 2824 687 sunt;
2856 621 2926 675 ibi
2956 620 3125 677 stabis
3168 603 3404 682 munitus
3430 610 3488 674 et

1895 716 2053 783 ﬁxus.
2082 715 2363 783 Quomodo
2397 724 2571 769 autem
2614 714 2786 784 fugies
2830 713 2896 769 ad
2944 713 3185 768 turrem?
3229 710 3306 768 Ne
3346 711 3487 768 forte

1896 810 2121 879 quisque
2169 809 2221 862 in
2276 809 2572 885 tentatioue‘
2624 806 2826 877 positus
2878 805 3226 875 corporaliter
3279 803 3485 874 quaerat

1898 909 2098 959 turrem
2125 901 2315 965 istam;
2345 910 2399 955 et
2435 914 2556 958 cum
2582 914 2699 954 eam
2743 914 2848 952 non
2892 897 3189 960 invenerit,
3216 896 3489 971 fatigetur,

1899 991 2231 1052 autdcﬁciat
2256 992 2307 1046 in
2344 991 2659 1046 tentatione.
2701 992 2842 1044 Ante
2871 999 2921 1044 te
2961 998 3043 1045 est
3071 990 3269 1043 turris:
3303 1005 3485 1045 recor-

1898 1082 2029 1139 dare
2052 1083 2318 1139 Christum
2338 1125 2352 1148 ,
2397 1095 2452 1138 et
2479 1084 2616 1138 intra
2655 1083 2707 1136 in
2737 1091 2959 1137 turrem.
3001 1083 3281 1151 Quomodo
3307 1067 3492 1137 recor-

1899 1174 2045 1231 daris
2075 1175 2369 1239 Christum,
2392 1185 2451 1230 ut
2468 1176 2633 1230 intres
2650 1176 2702 1229 in
2732 1176 2961 1236 turrem?
2977 1174 3243 1245 Quidquid
3262 1176 3492 1245 pateris,

1890 1269 2073 1349 cogita
2100 1266 2220 1335 quia
2247 1268 2393 1335 prior
2422 1280 2613 1337 passus
2640 1275 2741 1331 est,
2768 1276 2823 1321 et
2843 1268 3012 1337 cogita
3039 1283 3147 1337 quo
3173 1268 3278 1322 ﬁne
3305 1283 3494 1337 passus

1901 1368 2013 1424 est,
2046 1367 2104 1414 ut
2142 1368 2445 1414 moreretur
2484 1368 2536 1413 et
2581 1368 2904 1429 resurgeret.
2931 1359 3114 1413 Talem
3145 1368 3199 1413 et
3230 1370 3282 1413 tu
3332 1360 3490 1415 finem

1901 1466 2059 1521 spera
2087 1452 2260 1521 qualis
2290 1453 2340 1506 in
2385 1453 2477 1505 illo
2504 1452 2809 1522 prmccssit,
2855 1459 2909 1506 et
2938 1451 3145 1505 intrasti
3191 1450 3245 1505 in
3286 1460 3489 1505 turrem

1902 1557 2011 1597 non
2037 1542 2422 1597 consentiendo
2452 1542 2687 1597 inimico.
2733 1542 2789 1598 Si
2827 1541 2969 1596 enim
3008 1541 3350 1598 conscnseris
3391 1543 3493 1597 ini—

1903 1635 2066 1697 mico,
2095 1642 2220 1687 tunc
2244 1634 2311 1688 ad
2362 1642 2413 1688 te
2440 1634 2680 1703 pervenit
2721 1633 3075 1703 oppugnantis
3110 1632 3369 1703 jaculum.
3411 1632 3493 1687 Tu

1904 1725 2084 1795 potius
2109 1725 2160 1780 in
2190 1724 2337 1779 illum
2369 1726 2605 1794 jacnlare
2632 1726 2732 1780 tela
2753 1767 2768 1790 ,
2796 1725 2989 1793 quibus
3024 1724 3263 1787 feriatur,
3294 1722 3495 1793 quibus

1903 1820 2166 1872 vincatur.
2194 1816 2326 1883 Qua:
2353 1826 2482 1872 sunt
2509 1816 2607 1870 ista
2637 1816 2781 1870 tela?
2805 1815 2979 1871 Verba
3026 1814 3160 1881 Dei,
3205 1813 3340 1868 ﬁdes
3364 1823 3452 1867 tua
3474 1853 3491 1879 ,

1904 1922 2029 1980 spes
2058 1909 2170 1981 ipsa
2200 1916 2289 1963 tua
2307 1949 2322 1971 ,
2344 1924 2507 1977 opera
2532 1907 2693 1963 bona.
2726 1906 2841 1962 Non
2871 1907 2992 1961 dico
3016 1924 3028 1961 :
3056 1906 3145 1961 Sic
3172 1914 3288 1965 esto
3310 1906 3364 1959 in
3392 1905 3518 1961 ista

1906 2012 2082 2065 turre,
2116 2011 2173 2056 ut
2205 2014 2363 2056 vaces
2402 1999 2515 2065 ibi,
2546 2007 2601 2055 et
2638 1996 2867 2054 sufliciat
2905 1998 2998 2052 tibi
3036 1999 3158 2067 quia
3190 2012 3299 2052 non
3344 1995 3411 2051 ad
3442 2006 3519 2051 te-

1905 2095 2075 2151 bostis
2106 2094 2207 2149 tela
2236 2093 2576 2162 perveniunt.
2608 2092 2722 2162 Age
2760 2092 2830 2146 ibi
2859 2090 3057 2161 aliquid
3085 2105 3098 2153 ;
3132 2105 3235 2144 non
3278 2097 3524 2145 cessent:

1904 2200 2093 2242 manus
2123 2204 2136 2238 :
2167 2200 2327 2254 opera
2356 2183 2495 2238 bona
2524 2194 2610 2239 tua
2639 2183 2801 2255 gladii
2830 2192 2954 2237 sunt
2983 2181 3361 2237 interﬁcientcs
3387 2181 3491 2236 ini-

1903 2277 2120 2335 micam.

1975 2370 2027 2425 6.
2070 2368 2219 2442 [νινε.
2252 2365 2331 2440 5.]
2370 2365 2658 2438 Inquilinus
2683 2382 2766 2421 ero
2794 2367 2849 2420 in
2869 2364 3192 2419 tabernaculo
3222 2372 3308 2419 tuo
3338 2380 3492 2433 usque

1902 2462 1956 2516 in
1983 2462 2188 2518 stccula.
2222 2461 2422 2517 Videtis
2448 2460 2569 2531 quia
2614 2458 2722 2526 ille,
2759 2457 2827 2513 de
2855 2474 2960 2529 quo
2992 2456 3260 2524 diximus,
3294 2468 3376 2512 est
3402 2460 3491 2527 qui

1901 2555 2116 2609 clamat.
2138 2554 2267 2620 Quis
2297 2562 2536 2609 nostrum
2562 2559 2643 2606 est
2670 2549 2954 2621 inquilinus
2981 2563 3146 2619 usque
3172 2549 3223 2603 in
3254 2548 3445 2603 sarcula
3467 2549 3501 2602 ἲ

1903 2643 2092 2699 Paucis
2119 2644 2308 2699 diebus
2346 2643 2432 2699 hic
2469 2643 2722 2710 vivimus,
2773 2650 2827 2697 et
2868 2642 3153 2696 transimus
3192 2659 3206 2693 :
3251 2642 3491 2711 inquilini
3522 2650 3525 2654 '

1901 2734 2043 2789 enim
2081 2732 2168 2788 hic
2195 2748 2400 2799 sumus,
2442 2732 2767 2788 habitatores
2802 2732 2854 2786 in
2903 2732 3042 2787 cado
3079 2732 3297 2787 erimus.
3331 2733 3403 2786 lbi
3434 2747 3492 2785 cs

1902 2824 2209 2895 inquilinus,
2242 2824 2382 2879 unde
2408 2824 2685 2880 auditurus
2713 2839 2773 2879 es
2797 2839 2981 2877 vocem
3012 2822 3219 2877 Domini
3254 2823 3343 2877 Dei
3373 2823 3444 2877 tui
3475 2840 3489 2873 :

1902 2918 2085 2987 Migra.
2110 2916 2239 2971 Nam
2266 2916 2331 2971 de
2356 2915 2515 2970 domo
2538 2916 2623 2970 illa
2653 2922 2848 2969 :eterna
2879 2914 2930 2967 in
2963 2913 3114 2967 oculis
3141 2929 3298 2967 nemo
3325 2924 3376 2968 te
3408 2913 3491 2975 Ῐιιο

1902 3009 2048 3064 bebit
2074 3007 2471 3077 migrare.'Hic
2495 3022 2622 3076 ergo
2650 3005 2953 3077 inquilinus.
2987 3002 3139 3060 Unde
3162 3003 3321 3058 etiam
3357 3002 3493 3056 (Ιίρί-

1903 3112 1991 3157 tur
2020 3104 2072 3156 in
2098 3102 2204 3156 alio
2228 3101 2434 3171 psalmo
2464 3120 2476 3155 :
2498 3099 2785 3172 Inquilinus
2812 3115 2900 3168 ego
2926 3115 3036 3152 sum
3052 3097 3193 3166 apud
3215 3106 3279 3163 te,
3302 3108 3349 3150 et
3370 3113 3495 3166 per-

1903 3196 2127 3264 egrinus,
2151 3195 2276 3247 sicut
2299 3210 2470 3247 omnes
2514 3204 2678 3261 patres
2701 3193 2796 3245 mei
2821 3178 2996 3265 (.l’sal.
3013 3206 3234 3254 xxxvttt,
3251 3190 3363 3257 1⁸5).
3394 3189 3490 3244 llic

1902 3299 2031 3355 ergo
2057 3284 2297 3355 inquilini
2334 3297 2549 3344 sumus;
2584 3283 2653 3337 ibi
2698 3280 2955 3337 Dominus
2995 3281 3150 3337 nobis
3188 3282 3495 3334 mansiones

1901 3375 2050 3432 dabit
2075 3386 2302 3431 aeternas
2342 3392 2356 3430 :
2406 3374 2605 3440 Multa,
2648 3374 2841 3441 inquit,
2884 3374 3168 3427 niansiones
3212 3381 3329 3427 sunt
3354 3371 3494 3440 apud

1905 3466 2116 3523 Patrem
2141 3483 2305 3521 meum
2329 3466 2503 3537 (Joan.
2533 3482 2639 3529 MV,
2670 3464 2748 3537 2).
2779 3464 3076 3521 Mansiones
3108 3465 3225 3519 illas
3257 3480 3359 3517 non
3385 3473 3495 3516 tan.

1903 3576 2061 3631 quam
2108 3559 2376 3628 inquilinis
2408 3557 2572 3623 dabit,
2620 3558 2712 3612 sed
2746 3567 2990 3627 tanquam
3020 3556 3226 3611 civibus
3253 3556 3302 3608 iu
3331 3566 3492 3609 :ctcr-

1905 3668 2029 3707 num
2058 3653 2343 3707 mansuris.
2382 3651 2477 3706 Hic
2507 3660 2706 3716 tamen,
2754 3649 2962 3715 fratres,
2992 3648 3113 3718 quia
3148 3664 3251 3703 non
3284 3648 3495 3703 modico

1906 3756 2147 3813 tempore
2176 3744 2351 3798 futura
2378 3752 2492 3798 erat
2519 3743 2751 3797 Ecclesia
2775 3743 2823 3795 in
2847 3740 2946 3795 hac
2975 3750 3136 3805 terra,
3166 3740 3259 3795 scd
3290 3740 3373 3794 hic
3394 3740 3496 3794 crit

1907 3838 2144 3893 Ecclesia
2183 3852 2351 3907 usque
2393 3838 2447 3890 in
2494 3837 2651 3890 tinem
2680 3834 2859 3890 smculi
2892 3852 2905 3886 :
2940 3832 3060 3887 ideo
3092 3832 3177 3886 hic
3203 3832 3354 3896 dixit,
3400 3832 3497 3883 ln-

1905 3928 2125 3999 quilinus
2144 3944 2236 3983 Vero
2259 3929 2313 3982 in
2341 3925 2661 3980 tabernaculo
2689 3935 2774 3978 tuo
2794 3939 2949 3993 usque
2970 3924 3024 3976 in
3053 3920 3259 3977 stecula.
3301 3921 3496 3975 Saaviat

1906 4018 2296 4089 quantumlibet
2323 4017 2572 4071 inimicus
2593 4056 2608 4079 ,
2649 4022 2919 4085 Oppugnet
2946 4029 3032 4069 me
3055 4055 3071 4079 ,
3115 4012 3336 4068 insidias
3366 4012 3499 4067 mihi

1908 4119 2205 4181 praeparet,
2245 4109 2511 4163 scandulis
2561 4108 2880 4172 crcbrescat,
2930 4112 2987 4161 et
3037 4103 3194 4159 faciat
3240 4103 3359 4173 angi
3406 4118 3498 4156 cur

1911 4219 2090 4259 meum
2122 4220 2135 4255 :
2168 4202 2447 4272 inquilinus
2476 4216 2561 4253 ero
2590 4200 2643 4252 in
2676 4198 2995 4251 tabernaculo
3020 4207 3105 4249 tuo
3137 4210 3291 4264 usque
3320 4195 3370 4247 in
3393 4194 3499 4247 'sw-

1906 4294 2042 4349 culo.
2084 4294 2200 4350 Non
2244 4294 2485 4348 vincetur
2513 4290 2753 4348 Ecclesia
2776 4285 2796 4354 ,'
2839 4304 2943 4343 non
2975 4287 3331 4342 eradicabitur
3352 4328 3366 4349 ,
3400 4300 3499 4339 nec

1908 4389 2064 4443 cedet
2101 4382 2422 4457 quibuslibet
2453 4384 2854 4448 tentationibus,
2897 4380 3068 4437 donec
3115 4380 3292 4435 veniat
3342 4379 3499 4447 huius

1908 4479 2088 4535 saeculi
2120 4480 2258 4544 ﬁnis,
2287 4487 2341 4533 et
2369 4492 2468 4533 nos
2492 4476 2559 4531 ab
2585 4475 2684 4530 ista
2715 4475 2990 4545 temporali
3011 4482 3207 4529 :ett-rna
3236 4468 3321 4528 illa
3348 4471 3500 4526 habi-

1911 4572 2039 4625 tatio
2067 4568 2353 4640 suscipiat,
2382 4568 2449 4624 ad
2484 4584 2653 4638 quam
2697 4583 2794 4623 nos
2822 4565 3049 4624 deducet
3076 4565 3162 4635 qui
3208 4562 3377 4618 factus
3416 4574 3499 4619 est

1908 4676 2032 4732 spes
2062 4673 2260 4717 nostra.
2297 4644 2694 4733 Inquilinus'ero
2727 4661 2780 4713 in
2802 4658 3127 4713 tabernaculo
3158 4666 3243 4710 tuo
3264 4671 3420 4725 usque
3446 4657 3504 4709 in

1906 4754 2112 4809 siccata.
2155 4754 2209 4808 Si
2238 4753 2327 4807 diu
2366 4752 2473 4807 eris
2504 4751 2815 4821 inquilinus,
2848 4748 2997 4819 quasi
3042 4749 3142 4802 hoc
3190 4747 3260 4805 illi
3290 4746 3498 4801 dicere-

1911 4860 2028 4899 mus
2054 4888 2069 4912 ,
2101 4846 2439 4900 laboratnrus
2475 4826 2601 4911 ergo
2629 4859 2689 4895 es
2719 4842 2770 4895 in
2799 4851 2937 4896 terra
2966 4839 3105 4894 inter
3130 4848 3302 4893 tantas
3332 4848 3490 4892 tenta

1910 4940 2082 4992 tiones
2117 4958 2129 4991 :
2172 4954 2292 4991 nam
2325 4937 2367 4992 si
2410 4952 2696 5006 paucorum
2727 4916 2934 4989 dierum
2961 4932 3047 4986 hic
3069 4941 3211 4987 esset
3240 4929 3499 4991 Ecclesia,

1907 5030 2014 5085 cito
2061 5028 2339 5082 ﬁnirentur
2387 5028 2665 5083 tentatoris
2710 5024 2934 5079 insidiae.
2983 5023 3161 5089 Bene;
3208 5037 3509 5093 paucorum.

1908 5120 2113 5174 dierum
2145 5119 2308 5173 velles
2336 5133 2456 5173 esse
2500 5117 2819 5170 tentationes
2860 5134 2874 5169 :
2916 5114 3011 5171 sed
3039 5113 3309 5185 quomodo
3351 5112 3495 5166 colli-

1907 5220 2054 5282 geret
2082 5211 2233 5264 na'tos
2272 5225 2479 5275 omnes,
2521 5208 2621 5262 nisi
2663 5208 2752 5261 diu
2800 5207 2886 5261 hic
2914 5215 3078 5270 esset,
3107 5206 3207 5259 nisi
3239 5220 3404 5281 usque
3447 5204 3497 5257 in

1908 5290 2069 5356 ﬁnem
2103 5300 2548 5370 pt‘otcttderetur?
2595 5297 2711 5353 Noli
2740 5289 2977 5351 invidere
3024 5294 3235 5350 caeteris
3265 5302 3385 5361 post
3415 5293 3491 5347 fu.

1907 5394 2069 5457 turis;
2100 5390 2230 5455 noli,
2258 5393 2379 5462 quia
2397 5391 2505 5460 jam
2530 5390 2785 5454 transisti,
2819 5379 3034 5457 pontem
3068 5382 3448 5439 misericordia:
3474 5385 3489 5416 ι

1909 5485 2042 5540 velle
2074 5482 2364 5555 praecidere
2396 5502 2409 5537 :
2441 5483 2510 5537 sit
2536 5482 2623 5536 hic
2649 5495 2814 5551 usque
2842 5479 2894 5533 in
2920 5478 3135 5533 smcula.
3186 5474 3252 5530 Et
3280 5471 3406 5546 quid
3434 5473 3503 5528 de

1972 5753 1989 5783 ι
2016 5757 2135 5809 Vox,
2156 5743 2518 5806 misericorditt,
2544 5743 2683 5793 abest
2707 5754 2731 5790 a
2755 5737 3000 5811 [lcristiuc
3025 5745 3126 5787 tm.
