1967 3160
239 170 290 197 727

239 230 444 263 tentationibus,
461 237 521 265 qua:
540 232 650 257 necesse
669 232 711 256 est
727 231 758 256 ut
781 227 918 255 abundent
939 230 1039 262 quanto

238 276 323 310 magis
337 276 446 303 veniunt
464 274 608 302 scandala?
629 274 735 302 Etenim
751 273 809 308 ipse
821 273 859 299 ait
879 280 888 299 τ
913 272 1039 304 Quoniam

238 322 376 348 abundabit
391 321 521 357 iniquitas,
535 320 681 356 refrigescet
695 318 807 347 charitas
823 318 967 345 multorum.
984 316 1038 344 Sed

239 368 284 395 illa
296 367 415 396 Ecclesia
429 374 491 403 quae
504 367 601 395 clamat
613 374 627 393 a
643 366 740 393 linibus
752 369 841 396 terrae,
856 364 883 391 in
897 363 938 391 his
951 368 992 391 est
1004 362 1038 391 de

237 413 334 448 quibus
342 413 463 448 sequitur
470 412 564 444 dicens
577 421 584 438 :
601 412 651 445 Qui
664 417 749 438 autem
756 410 950 446 perseveraverit
961 417 1039 445 usque

237 458 264 485 in
282 458 368 492 ﬁniens,
393 457 435 484 hic
456 457 541 485 salvus
561 456 609 484 erit
625 457 731 492 (Matth.
746 464 820 488 ulv,
844 455 888 488 η,
904 454 962 489 15).
984 454 1038 482 Sed

237 504 309 532 unde
325 503 529 539 perseverabis‘t
547 503 612 537 Quae
625 502 694 530 vires
717 507 769 529 tua:
784 502 854 528 inter
868 504 939 527 tanta
959 507 1038 527 scan-

237 551 297 577 dala
310 570 318 583 ,
333 550 404 578 inter
427 554 513 577 tantas
540 549 701 576 tentationes
713 569 721 581 ,
737 548 807 575 inter
819 553 905 574 tantas
919 546 1038 582 pugnas?

238 596 335 631 quibus
349 596 449 623 viribus
462 595 545 623 vincis
565 594 669 622 hostem
687 601 765 630 quem
782 600 835 620 non
848 592 942 620 vides?
959 599 1037 619 num—

238 642 301 676 quid
315 641 389 676 tuis?
408 641 479 676 Ergo
491 641 551 676 quia
567 648 652 676 usque
667 640 694 667 in
713 639 811 667 smcula
829 639 880 666 erit
893 638 1038 673 inquilinus

237 688 288 716 iste
298 687 352 720 hic,
364 695 424 723 qua:
435 687 471 714 illi
485 694 547 721 spes
559 690 600 714 est
612 690 642 713 ut
658 685 755 713 duret?
770 684 908 719 Cooperiar
928 684 955 711 in
971 684 1038 711 veta-

237 739 322 761 ntento
332 734 432 762 alarum
445 737 556 760 tuarum.
577 732 646 760 Ecce
659 739 741 767 quare
753 731 843 759 securi
860 738 953 758 sumus
966 730 1039 757 inter

238 783 326 807 tantas
347 779 518 809 tentationes,
533 778 619 806 donec
633 778 722 805 veniat
744 777 804 804 linis
824 776 927 810 surculi,
942 780 969 804 et
979 783 1039 803 sus-

238 825 339 860 cipiant
352 832 402 853 nos
428 824 527 853 smcula
540 828 641 852 aeterna
654 823 732 859 :quia
739 823 909 866 cooperimur
924 822 951 849 in
965 822 1037 849 vela-

237 876 329 899 mento
343 872 445 898 alarum
467 871 560 906 ipsius.
586 870 680 898 IEstus
695 874 735 897 est
748 869 839 897 srcculi
852 889 860 901 ,
876 868 923 896 sed
942 875 1038 903 magna

239 918 338 946 umbra‘
349 923 391 946 est
408 918 459 946 sub
473 917 523 945 alis
544 917 590 945 Dei
606 925 614 944 :
629 915 767 952 Cooperiar
778 916 805 943 in
823 916 963 942 uelamento
983 915 1039 942 ala-

238 953 296 990 νηγῆ
307 969 416 991 ιιιαηιηι.

275 1004 302 1037 7:
322 1010 397 1045 [rem
412 1008 452 1045 6.]
473 1009 599 1041 Quoniam
621 1014 660 1040 lu,
680 1007 749 1035 Deus
764 1008 786 1039 ί,
803 1007 930 1035 exaudiin
942 1007 1038 1034 oratio-

238 1063 298 1082 nem
309 1063 401 1082 nteant.
416 1053 500 1091 Quam
513 1054 526 1081 '.'
536 1054 556 1081 Α
577 1061 629 1089 qua
648 1053 729 1088 coepit
742 1061 749 1080 :
763 1052 865 1080 Exaudi
876 1074 883 1086 ,
897 1052 977 1084 Deus,
994 1053 1040 1080 de-

239 1100 408 1135 precationem
435 1107 526 1132 meam,
551 1099 655 1127 intende
673 1098 783 1126 orationi
804 1106 867 1125 mea
882 1106 891 1125 :
909 1107 926 1125 a
946 1097 1039 1133 ﬁnibus

238 1151 312 1173 terra:
323 1146 357 1172 ad
370 1149 394 1172 te
406 1145 524 1173 clamavi.
541 1144 595 1172 lloc
606 1144 639 1172 ad
654 1148 679 1172 te
693 1144 805 1172 clamavi
818 1151 832 1171 a
842 1143 938 1171 linibus
948 1148 1037 1171 teme.

238 1191 302 1219 Ideo
311 1193 443 1226 cooperiar
455 1191 481 1219 in
491 1191 631 1218 velamenta
644 1190 743 1218 alarum
758 1195 871 1223 tuarum,
886 1190 946 1226 quia
960 1197 1039 1217 exau-

238 1238 299 1265 disti
317 1238 517 1274 deprecationem
536 1246 626 1265 meam.
642 1236 826 1264 Admonemur
839 1244 916 1272 ergo.
930 1235 1038 1271 fratres,

239 1292 293 1312 non
306 1292 413 1312 cessare
427 1284 539 1317 orando,
551 1283 676 1319 quamdiu
689 1288 793 1320 tempus
800 1290 842 1311 es:
852 1283 1037 1311 tentationum.

239 1330 339 1358 Dedisti
351 1329 522 1369 hareditatem
532 1329 676 1357 timentibus
688 1337 778 1357 nomen
789 1333 869 1356 tuum.
882 1329 1039 1357 Persevere-

240 1384 301 1404 mus
314 1383 378 1411 ergo
392 1377 418 1403 in
435 1376 530 1403 timore
543 1375 659 1403 nominis
672 1375 718 1403 Dei
736 1384 742 1403 :
759 1379 876 1402 aeternus
892 1375 973 1403 Pater
985 1383 1039 1403 non

240 1430 290 1450 nos
305 1422 381 1450 fallit.
397 1422 532 1450 Laborant
543 1422 600 1455 lllii,
617 1426 645 1449 ut
659 1421 806 1457 suscipiant
820 1425 960 1458 parentum
973 1428 1038 1449 suo-

240 1476 299 1495 rutn
320 1468 514 1500 hmreditatem,
533 1468 629 1503 quibus
648 1467 760 1495 mortuis
779 1467 929 1495 successuri
951 1467 1039 1495 sunt?

240 1521 290 1541 nos
310 1520 363 1540 non
378 1513 530 1541 laboramus
544 1513 668 1548 accipere
686 1512 870 1540 lizereditatem
883 1512 918 1540 ab
932 1513 977 1540 illo
989 1513 1040 1541 Pa-

240 1567 292 1593 tre.
308 1562 351 1589 cui
374 1569 428 1589 non
450 1561 575 1589 morienti
599 1562 787 1596 succedamus,
807 1561 855 1589 sed
868 1569 929 1590 cum
943 1562 990 1590 illo
1011 1562 1040 1590 in

240 1608 297 1643 ipsa
315 1607 470 1635 luereditatc
483 1607 510 1635 in
523 1612 653 1636 :cteruum
667 1608 805 1636 vivamus!
821 1608 921 1636 Dedisti
930 1609 1040 1636 Incredi-

240 1659 316 1681 tatem
330 1654 473 1682 timentibus
485 1663 576 1683 nomen
589 1659 670 1682 tuum.

275 1700 303 1728 8.
323 1699 398 1737 [πει-ι,
411 1699 451 1737 7.]
470 1700 531 1729 Dies
541 1709 617 1737 super
626 1701 681 1728 dies
690 1702 758 1737 regis
765 1700 872 1737 adjicies
881 1709 963 1729 annos
973 1702 1038 1738 ejus.

239 1746 290 1774 llic
302 1751 344 1774 est
353 1754 418 1783 ergo
432 1754 482 1774 rex
497 1747 575 1782 cujus
589 1747 709 1775 membra
723 1755 826 1775 sumus.
841 1748 898 1775 Rex
917 1747 1040 1776 Christus

240 1796 292 1825 cst,
305 1797 384 1827 caput
397 1797 529 1831 nostrum,
546 1801 591 1821 rex
607 1797 707 1821 nOSIer.
722 1793 822 1821 Dedisti
836 1793 873 1821 illi
888 1793 946 1822 dies
958 1802 1040 1830 super

239 1838 314 1872 dies;
337 1846 390 1866 non
405 1839 491 1866 solum
505 1839 571 1867 istos
587 1839 645 1867 dies
659 1839 685 1866 in
697 1839 748 1867 isto
762 1843 883 1874 tempore
897 1848 958 1868 cum
974 1841 1038 1874 line,

239 1884 288 1912 sed
301 1884 358 1912 dies
372 1892 453 1920 super
466 1886 531 1912 istos
545 1884 604 1912 dies
620 1885 678 1912 sine
693 1885 755 1912 line.
779 1885 916 1919 Habitaba,
941 1885 1038 1922 inquit,

239 1930 267 1957 in
278 1929 353 1957 domo
361 1929 476 1963 Domini,
486 1931 513 1957 in
523 1930 706 1965 longitudinem
716 1930 814 1958 dierum
822 1930 908 1966 (Psal.
920 1940 987 1965 xxu,
998 1931 1038 1968 6).

240 1976 339 2009 Quare.
356 1975 383 2003 in
399 1976 582 2012 longitudinem
594 1977 704 2009 dierum,
716 1977 766 2004 nisi
780 1977 842 2012 quia
857 1978 938 2006 modo
952 1978 1041 2006 brevi-

241 2027 282 2048 tas
303 2026 346 2049 est
369 2021 491 2050 dierum?
506 2021 600 2049 Omnis
618 2022 690 2049 enim
715 2029 758 2050 res
774 2030 834 2057 qua:
848 2023 928 2051 linem
948 2023 1039 2058 habet,

242 2067 334 2094 hrevis
355 2072 397 2105 est
420 2076 427 2094 :
452 2067 499 2095 sed
513 2068 585 2103 regis
598 2068 677 2102 hujus
690 2068 748 2096 dies
769 2076 850 2104 super
860 2069 929 2103 dies,
945 2074 1040 2098 utnon

240 2113 336 2142 diebus
354 2114 441 2141 solum
460 2114 520 2142 istis
535 2114 735 2142 transeuntibus
754 2120 848 2150 regnet
867 2115 991 2143 Christus
1013 2116 1040 2144 in

243 2159 364 2187 Ecclesia
379 2166 426 2186 sua
437 2179 445 2191 ,
467 2159 515 2187 sed
534 2164 646 2195 regnent
658 2167 718 2188 cum
733 2160 780 2187 illo
793 2160 878 2189 sancti
899 2162 926 2189 in
946 2161 1041 2190 diebus

241 2206 294 2233 illis
305 2206 350 2241 qui
360 2213 414 2233 non
428 2205 527 2233 habent
538 2205 629 2233 linem.
644 2205 681 2233 lbi
696 2214 765 2234 unus
775 2206 834 2234 dies
848 2211 900 2240 est,
916 2211 943 2234 et
963 2207 1040 2235 mttlti

241 2250 298 2278 dies
308 2254 382 2279 sunt.
397 2250 464 2285 Quia
482 2250 558 2278 multi
571 2250 630 2278 dies
644 2255 718 2284 sunt,
733 2251 787 2278 dixi
800 2251 867 2286 jam,
882 2251 916 2278 In
930 2252 1041 2288 longitu-

241 2296 327 2322 dinem
339 2296 437 2323 dierum
454 2303 463 2324 :
476 2296 538 2332 quia
553 2303 621 2323 unus
633 2296 702 2329 dies,
718 2296 757 2324 sic
769 2297 938 2332 intelligitur.
957 2297 1041 2325 Filius

241 2349 312 2368 meus
334 2349 360 2368 es
382 2345 421 2374 tu,
436 2350 482 2377 ego
505 2342 580 2369 hodie
602 2342 678 2378 genui
693 2347 716 2369 te
738 2341 824 2379 (Psal.
848 2350 877 2375 u,
899 2342 939 2378 7).
952 2342 1041 2371 Unum

241 2386 313 2414 diem
328 2387 396 2415 dixit
410 2386 485 2414 hodie
500 2395 510 2414 :
523 2387 570 2415 sed
583 2387 634 2415 iste
647 2387 705 2415 dics
721 2395 772 2415 non
788 2388 895 2423 ponitur
910 2388 936 2415 in
951 2389 1041 2417 medio

242 2432 313 2460 inter
326 2432 480 2460 hesternum
501 2439 528 2461 et
545 2434 703 2467 crastinum,
720 2441 771 2461 nec
789 2433 893 2461 initium
906 2434 964 2469 ejus
980 2435 1041 2463 linis

242 2482 285 2505 est
299 2478 429 2511 hesterni,
445 2486 496 2506 nec
512 2478 574 2506 ﬁnis
586 2478 644 2514 ejus
659 2478 763 2506 initium
783 2479 903 2507 crastini.
927 2479 992 2508 Nam
1013 2484 1042 2508 et

241 2526 304 2553 anni
321 2525 368 2553 Dei
379 2525 443 2553 dicti
459 2530 522 2553 sunt
536 2530 547 2552 ε’
558 2525 599 2552 Tu
609 2530 693 2553 autem
706 2525 773 2552 idem
785 2526 840 2561 ipse
849 2534 885 2558 es,
899 2531 923 2554 et
932 2527 993 2554 anni
1003 2527 1041 2554 tui

242 2580 293 2598 non
308 2571 426 2606 deﬁcient
443 2571 529 2607 (Psal.
541 2579 582 2603 cr.
596 2570 654 2606 28).
671 2571 811 2605 Quomodo
826 2571 899 2604 anni,
914 2571 953 2599 sic
967 2572 1039 2606 dies,

241 2618 281 2645 sic
297 2625 365 2645 unus
377 2617 435 2644 dies
447 2639 455 2650 ,
469 2617 602 2652 Quidquid
617 2617 656 2643 vis
670 2617 737 2644 dicis
750 2617 783 2644 de
796 2618 957 2645 aeternitate.
977 2617 1041 2645 Ideo

242 2662 371 2699 quidquid
391 2662 430 2690 vis
444 2663 521 2693 dicis.
536 2663 597 2698 quia
614 2662 742 2698 quidquid
757 2663 870 2696 dixeris,
892 2663 981 2691 minus
996 2664 1039 2692 (Ῐί-

241 2708 351 2737 cis.Sed
366 2707 426 2735 ideo
444 2715 554 2735 necesse
565 2707 715 2743 estaliquid
727 2708 812 2742 dicas,
823 2712 854 2736 ut
866 2709 901 2736 sit
913 2708 982 2737 unde
994 2717 1041 2737 co-

241 2756 310 2791 gites
323 2754 396 2790 quod
408 2762 461 2782 non
477 2758 565 2790 potest
579 2754 641 2781 dici.
665 2753 727 2782 Dies
740 2762 819 2790 super
829 2755 882 2782 dies
894 2756 961 2790 regis
973 2755 1040 2791 adji-

241 2802 291 2829 cies
310 2809 392 2828 annos
408 2800 474 2837 ejus,
489 2808 568 2835 usque
585 2799 611 2827 in
622 2799 689 2827 diem
703 2800 870 2835 generationis
887 2805 910 2827 et
929 2809 1039 2836 genera-

240 2880 367 2942 ":Jﬁzi
377 2883 439 2905 Deus
452 2885 528 2905 meus.
550 2879 632 2910 Abest,
644 2885 720 2911 meus,
729 2878 760 2904 ab
771 2881 808 2904 Er.
828 2883 854 2905 et
865 2882 929 2910 Mss,
941 2886 989 2904 nec
1001 2884 1040 2905 est

266 2920 269 2931 1
280 2918 285 2933 Ι
331 2928 336 2934 .
372 2928 378 2935 s

266 2918 303 2935 ιιΙιι
314 2918 378 2935 ιλιι

863 166 892 195 s.
912 155 1094 195 ACCUSTINI
1114 167 1266 196 emscom

1842 175 1891 203 728

1094 226 1178 255 tionis.
1205 227 1392 257 Ccncrationis
1417 229 1498 266 hujus
1519 235 1547 259 et
1569 232 1749 267 generationis
1772 232 1886 260 futura:

1093 274 1271 308 generationis
1292 275 1371 309 hujus
1396 283 1456 312 qua:
1479 282 1648 312 comparatur
1673 278 1754 312 lunae,
1781 284 1889 313 propter

1093 318 1163 353 quod
1179 319 1241 346 luna
1255 320 1384 355 nascitur,
1395 321 1503 355 crescit,
1519 321 1662 356 perﬁcitur,
1678 324 1796 351 senescit
1805 328 1833 350 et
1846 331 1887 350 oe-

1092 364 1172 398 cidit;
1196 365 1235 393 sic
1247 370 1309 394 sunt
1323 367 1510 402 generationes
1522 368 1580 395 ista:
1593 368 1720 396 mortales
1734 378 1742 396 :
1759 372 1787 396 et
1804 376 1887 404 gene-

1092 411 1203 439 rationis
1215 420 1266 449 qua
1278 420 1468 448 regeneramur
1480 413 1645 449 resurgendo
1654 436 1661 445 .
1675 419 1703 442 et
1716 415 1885 451 permanebi-

1091 464 1152 484 mus
1174 457 1200 484 in
1224 462 1353 486 aeternum
1376 466 1437 486 cum
1460 458 1525 492 Deo,
1546 459 1652 495 quando
1665 468 1719 495 jam
1742 468 1796 487 non
1818 460 1886 488 sicut

1092 503 1165 535 luna,
1179 503 1227 531 sed
1241 504 1313 539 quod
1326 505 1365 532 ait
1377 505 1516 538 Dominus,
1535 505 1606 533 Tum:
1612 505 1680 541 justi
1694 504 1824 542 fulgebant
1838 507 1883 533 sie-

1091 554 1118 576 ut
1128 550 1167 576 sol
1179 550 1205 575 in
1216 559 1292 584 regno
1308 550 1393 578 Patris
1403 551 1443 577 sui
1454 550 1560 586 (Matth.
1577 559 1635 583 xm,
1648 551 1704 582 45).
1726 552 1801 579 Luna
1814 551 1885 578 enim

1092 596 1202 632 ﬁgurate
1215 597 1239 623 iu
1256 597 1400 631 Scripluris
1416 606 1463 632 pro
1480 598 1655 625 mutabilitate
1666 597 1745 632 hujus
1762 597 1884 625 mortali-

1092 643 1154 670 tatis
1169 643 1285 677 ponitur.
1303 643 1364 670 ldeo
1377 643 1409 670 ad
1422 643 1529 671 Iericho
1544 643 1723 671 descendebat
1735 644 1780 672 ille
1794 644 1828 671 ab
1843 643 1885 671 .le-

1090 689 1206 717 rusalem
1221 690 1263 724 qui
1280 690 1390 717 incurrit
1405 690 1431 717 in
1444 690 1580 718 latrones:
1596 691 1656 725 quia
1671 690 1777 718 Jcricho
1791 691 1887 718 civitas

1091 736 1201 763 verbum
1216 740 1257 762 cst
1277 736 1424 769 hebrmum,
1446 741 1473 764 et
1498 737 1687 771 interpretatur
1704 737 1785 764 latine
1800 736 1885 763 Luna.

1092 781 1276 810 Descendebat
1288 790 1352 817 ergo
1364 787 1488 816 tanquam
1501 782 1536 809 ab
1554 782 1753 809 immortalitate
1765 782 1798 808 ad
1813 784 1899 809 mor-‘

1093 826 1220 854 talitatem
1234 837 1240 853 :
1256 825 1282 854 ét
1303 828 1400 854 merito
1413 828 1439 854 in
1454 827 1549 855 itinere
1563 826 1718 854 vulneratus
1737 835 1753 854 a
1774 827 1887 854 latroni-

1091 872 1140 900 bus
1151 877 1177 900 et
1187 873 1331 900 semivivus
1346 873 1453 901 relictus
1468 878 1509 901 est
1527 873 1601 909 (Luc.
1615 881 1643 908 κ,
1661 873 1705 908 30)
1723 873 1768 900 ille
1790 872 1888 907 Adam,

1091 925 1125 945 ex
1138 926 1190 953 quo
1199 924 1239 945 est
1251 924 1332 945 totum
1341 926 1426 954 genus
1434 919 1589 946 humanum.
1600 918 1671 953 Ergo
1680 918 1733 945 dies
1746 926 1825 953 super
1834 917 1888 945 dies

1091 964 1157 999 regis
1177 964 1282 999 adjicio:
1297 972 1376 992 annos
1389 964 1456 1000 ejus,
1476 972 1555 999 usque
1572 964 1599 991 in
1618 964 1684 991 diem
1707 964 1886 1000 generationis.

1091 1009 1273 1044 generationis
1288 1009 1410 1037 mortalis
1422 1009 1534 1045 accipio.
1548 1007 1631 1044 Cujus
1646 1008 1829 1044 generationis
1847 1009 1887 1036 al-

1090 1054 1176 1082 terius
1189 1053 1465 1082 mentionem‘l'eei‘sti?
1480 1054 1582 1090 Cujus?
1595 1054 1672 1082 audi:

1127 1099 1154 1128 9.
1174 1099 1250 1136 [veru
1270 1099 1311 1136 8.]
1332 1099 1493 1127 Permanebit
1516 1100 1543 1128 in
1564 1105 1686 1128 internum
1705 1101 1732 1128 in
1753 1106 1889 1136 conspectu

1091 1145 1141 1174 Dei
1151 1155 1160 1173 :
1170 1146 1322 1174 Secundum
1330 1146 1403 1182 quid,
1415 1151 1462 1174 aut
1474 1151 1585 1182 propter
1591 1146 1673 1182 quid?
1686 1147 1888 1174 Misericordiam

1091 1197 1115 1219 et
1127 1192 1255 1219 ueritatem
1273 1192 1329 1227 ejus
1345 1192 1401 1227 quis
1414 1192 1522 1228 requiret
1534 1193 1577 1220 ei?
1598 1192 1666 1219 Dicit
1685 1198 1711 1220 et
1728 1192 1782 1220 alio
1802 1192 1864 1220 loco
1878 1199 1888 1221 :

1093 1237 1223 1266 Universae
1232 1238 1279 1266 vita
1289 1238 1392 1272 Domini
1404 1238 1577 1266 misericordia
1590 1243 1614 1265 et
1627 1240 1729 1271 veritas,
1741 1239 1889 1274 requirenti-

1091 1284 1137 1312 bus
1158 1288 1333 1313 testamentum
1349 1284 1405 1321 eius
1423 1288 1447 1312 et
1465 1285 1607 1312 testimonia
1626 1284 1681 1320 eius
1702 1284 1788 1321 (Psal.
1810 1292 1888 1319 xxtv,

1092 1329 1148 1366 10).
1163 1330 1273 1365 Magnus
1293 1337 1383 1358 sermo
1401 1329 1436 1358 de
1452 1330 1566 1358 veritate
1580 1334 1608 1358 ct
1622 1330 1805 1358 misericordia
1815 1351 1824 1364 ,
1837 1330 1887 1361 sed

1090 1376 1248 1405 brevitatem
1264 1377 1447 1412 promisimus.
1461 1376 1581 1404 Breviter
1591 1376 1704 1412 accipite
1717 1376 1781 1412 quid
1793 1376 1829 1404 sit
1842 1383 1888 1403 ve-

1092 1422 1157 1449 ritas
1174 1426 1202 1449 et
1216 1421 1413 1453 misericordia;
1435 1420 1496 1456 quia
1515 1428 1568 1449 nou
1587 1428 1697 1456 parvum
1712 1421 1836 1456 estquod
1847 1421 1888 1449 di-

1091 1472 1164 1496 ctum
1196 1472 1257 1501 est,
1290 1467 1421 1495 Universae
1445 1468 1492 1495 vite
1523 1467 1627 1495 Domini
1658 1467 1832 1495 misericordia
1864 1473 1889 1495 et

1076 1531 1078 1533 -
1091 1514 1194 1542 veritas.
1209 1513 1390 1544 Misericordia
1403 1514 1502 1541 dicitur
1513 1535 1521 1547 ,
1541 1514 1603 1549 quia
1618 1521 1672 1541 non
1687 1515 1783 1542 merita
1795 1519 1887 1542 nostra

1091 1559 1206 1588 attendit
1235 1560 1305 1587 Deus
1320 1581 1329 1593 ,
1351 1559 1400 1587 sed
1428 1559 1575 1588 bonitatem
1598 1567 1694 1592 suam,
1720 1564 1751 1587 ut
1779 1564 1887 1595 peccata

1087 1606 1170 1634 nobis
1184 1605 1273 1634 omnia
1285 1605 1441 1638 dimitteret,
1457 1609 1484 1633 et
1497 1605 1577 1632 vitam
1596 1609 1724 1633 aeternam
1745 1605 1887 1641 promitte-

1091 1656 1134 1680 ret
1150 1660 1157 1679 :
1171 1651 1269 1679 veritas
1280 1656 1381 1684 autem,
1402 1651 1463 1686 quia
1475 1659 1529 1679 non
1544 1651 1612 1679 fallit
1623 1650 1735 1679 reddere
1747 1659 1807 1687 qua:
1821 1652 1887 1687 pro-

1092 1698 1175 1727 misit.
1191 1699 1375 1733 Agnoscamus
1396 1697 1440 1725 hic
1462 1705 1541 1732 eam,
1564 1701 1592 1725 et
1615 1704 1665 1725 nos
1688 1697 1817 1725 faciamus
1835 1702 1887 1724 :ut

1092 1744 1227 1780 quomodo
1237 1744 1314 1772 nobis
1328 1744 1397 1771 Deus
1411 1743 1533 1772 exhibuit
1545 1742 1753 1772 misericordiam
1768 1751 1842 1771 suam
1858 1748 1887 1771 et

1092 1790 1231 1818 veritatem
1253 1797 1348 1822 suam;
1372 1789 1583 1817 misericordiam
1606 1789 1765 1817 dimittenda
1778 1794 1886 1824 peccata

1093 1841 1195 1870 nostra,
1210 1836 1349 1864 veritatem
1362 1835 1514 1863 exhibendo
1525 1836 1655 1871 promissa
1668 1842 1716 1863 sua
1728 1844 1735 1863 ι
1747 1836 1786 1863 sic
1800 1839 1828 1864 et
1838 1843 1888 1863 nos

1092 1875 1221 1911 faciamus
1233 1882 1278 1910 hic
1292 1881 1503 1910 misericordiam
1522 1886 1550 1910 et
1562 1881 1701 1909 veritatem
1713 1889 1721 1914 ;
1737 1881 1889 1909 misericor-

1092 1929 1164 1958 diam
1185 1929 1257 1957 circa
1280 1929 1411 1962 inﬁmos,
1434 1928 1505 1956 circa
1528 1932 1649 1964 egentes.
1671 1928 1741 1956 circa
1765 1928 1888 1956 inimicos

1092 1976 1173 2003 etiam
1186 1979 1291 2003 nostros
1303 1983 1311 2008 ;
1323 1973 1461 2002 veritatem
1472 1981 1524 2002 non
1536 1973 1681 2009 peccando,
1694 1981 1743 2002 nec
1757 1973 1887 2009 adjicien-

1093 2023 1128 2051 (ιο
1141 2026 1277 2058 peccatum
1290 2029 1371 2057 super
1385 2025 1536 2057 peccatum.
1551 2020 1681 2054 Quoniam
1702 2020 1749 2056 qui
1772 2020 1887 2054 multum

1093 2069 1143 2098 sibi
1158 2069 1298 2104 pollicetur
1311 2067 1346 2096 de
1368 2066 1549 2095 misericordia
1567 2066 1625 2100 Dei,
1647 2066 1769 2101 subrepit
1787 2066 1813 2094 in
1827 2066 1889 2093 aui~

1093 2122 1166 2143 mum
1181 2114 1265 2150 ipsius
1279 2118 1308 2142 ut
1321 2112 1401 2141 faciat
1419 2113 1546 2148 injustum
1567 2112 1662 2146 Deum,
1683 2116 1711 2140 et
1731 2116 1806 2148 putet
1826 2114 1889 2147 quia

1093 2163 1115 2190 si
1128 2160 1307 2197 permanserit
1318 2163 1452 2196 peccator.
1475 2163 1503 2187 et
1516 2159 1634 2186 noluerit
1649 2158 1775 2186 recedere
1786 2158 1820 2185 ab
1835 2159 1888 2185 iui-

1093 2199 1237 2243 quitatibus
1251 2206 1317 2238 suis,
1333 2205 1423 2233 veniet
1436 2203 1493 2237 ille,
1512 2208 1540 2231 et
1553 2203 1588 2231 ibi
1611 2211 1672 2231 cum
1689 2203 1825 2237 positurus
1847 2207 1889 2231 est

1094 2254 1139 2282 ubi
1158 2253 1233 2289 ponit
1246 2260 1338 2281 servos
1352 2259 1415 2280 suos
1430 2251 1475 2287 qui
1489 2251 1513 2278 ei
1528 2250 1726 2285 obtemperant.
1740 2250 1775 2277 Et
1786 2249 1888 2285 justum

1093 2300 1145 2328 hoc
1159 2300 1220 2334 erit,
1243 2303 1272 2327 ut
1286 2298 1322 2327 ibi
1337 2302 1363 2326 te
1377 2301 1459 2333 ponat
1473 2300 1688 2332 perseverantem
1709 2295 1734 2322 in
1751 2296 1868 2331 peccatis
1879 2317 1888 2328 ,

1094 2347 1138 2374 ubi
1154 2346 1287 2382 positurus
1300 2350 1342 2372 est
1360 2344 1420 2371 illos
1431 2343 1477 2379 qui
1487 2347 1654 2371 recesserunt
1664 2349 1679 2369 a
1694 2341 1830 2377 peccatis?
1843 2341 1889 2369 Sic

1094 2393 1134 2420 vis
1149 2392 1263 2427 injustas
1275 2398 1345 2424 esse,
1361 2395 1390 2418 ut
1404 2394 1432 2417 et
1454 2390 1538 2418 Deum
1559 2389 1640 2417 facias
1654 2388 1804 2423 injustam?
1819 2388 1888 2421 Quid

1094 2438 1135 2466 vis
1148 2446 1212 2474 ergo
1233 2441 1390 2465 convertere
1412 2435 1496 2463 Deum
1511 2434 1544 2462 ad
1558 2434 1722 2461 voluntatem
1741 2433 1832 2460 tuam?
1848 2433 1889 2461 Tu

1093 2489 1251 2512 convertere
1270 2482 1304 2510 ad
1317 2481 1481 2509 voluntatem
1497 2479 1556 2507 Dei.
1570 2479 1635 2513 Quis
1648 2483 1690 2507 est
1701 2486 1764 2515 ergo
1775 2478 1821 2514 qui
1838 2478 1890 2507 hoc

1093 2532 1168 2565 facit,
1184 2530 1235 2558 nisi
1247 2538 1280 2557 ex
1294 2529 1347 2556 illis
1361 2527 1463 2563 paucis,
1477 2527 1511 2555 de
1524 2526 1621 2562 quibus
1633 2525 1730 2553 dicitur
1743 2534 1750 2552 :
1764 2525 1814 2558 Qui
1829 2534 1890 2560 per-

1094 2577 1240 2605 severaverit
1253 2583 1331 2611 usque
1342 2575 1369 2602 in
1380 2575 1466 2608 ﬁnem,
1480 2573 1521 2600 hic
1533 2573 1616 2600 salvus
1629 2572 1675 2599 erit
1688 2570 1800 2607 (Matth.
1816 2579 1889 2604 xxiv,

1095 2625 1151 2659 15).
1165 2623 1260 2652 Merito
1275 2627 1303 2650 et
1316 2622 1359 2649 hic
1371 2620 1572 2648 misericordiam
1585 2623 1609 2646 et
1620 2618 1748 2646 veritatem
1760 2618 1816 2653 ejus
1833 2619 1889 2652 quis

1094 2671 1201 2706 requiret
1217 2670 1261 2697 ei?
1282 2669 1350 2703 Quid
1370 2672 1422 2701 est,
1445 2668 1490 2695 ei?
1512 2666 1662 2698 Sufﬁceret,
1684 2665 1741 2701 quis
1762 2666 1891 2699 requiret:

1093 2725 1186 2753 quare,
1200 2716 1312 2749 addidit,
1335 2715 1375 2748 ei,
1400 2713 1450 2741 nisi
1465 2713 1527 2748 quia
1548 2711 1624 2740 multi
1638 2714 1763 2747 qumrunt
1781 2711 1889 2738 miseri-

1093 2763 1212 2792 cordiam
1234 2762 1293 2798 ejus
1306 2766 1333 2789 et
1348 2760 1487 2788 veritatem
1507 2758 1612 2786 discere
1625 2756 1653 2784 in
1674 2756 1750 2783 libris
1774 2756 1849 2791 ejus;
1864 2761 1890 2783 et

1093 2818 1155 2839 cum
1168 2808 1320 2841 didicerint,
1343 2806 1393 2835 sibi
1415 2806 1517 2837 vivunt,
1538 2811 1591 2831 non
1611 2803 1730 2835 illi;sua
1743 2807 1866 2837 quierunt
1880 2822 1888 2833 ,

1094 2865 1146 2885 non
1164 2864 1224 2892 quae
1246 2855 1309 2883 .lesu
1331 2853 1428 2882 Christi
1449 2851 1578 2887 (Philipp.
1602 2857 1631 2881 ιι.
1653 2848 1720 2884 21);
1744 2848 1889 2883 prtedicaut

1096 2902 1305 2932 miscricordiam
1317 2905 1343 2929 ct
1354 2899 1502 2933 veritatem,
1519 2902 1545 2926 et
1559 2904 1612 2925 non
1624 2896 1723 2925 faciunt
1737 2895 1887 2925 misericor-
