3934 6320
220 409 325 464 729

217 528 364 581 diatn
407 533 461 582 et
505 525 829 582 veritatem?
874 525 980 580 Sed
1021 521 1362 593 pmdicando
1406 520 1572 587 illam,
1614 529 1805 571 norunt

218 620 366 674 illam
411 635 560 673 :non
606 619 748 673 enim
793 617 1146 689 praedicarent
1192 616 1375 676 illam,
1425 612 1530 666 nisi
1591 619 1810 665 nossent

217 708 390 764 illam.
417 709 521 765 Sed
547 713 635 781 qui
670 711 836 763 Deum
864 717 1006 762 amat
1029 717 1080 762 et
1109 707 1396 768 Christum,
1435 709 1486 758 in
1517 700 1811 772 prtedicau-

215 800 291 854 do
331 802 749 856 misericordiam
780 811 829 856 et
859 801 1132 856 veritatem
1176 797 1362 868 ipsius,
1393 797 1505 865 ipse
1548 796 1689 848 illam
1721 809 1809 848 re-

215 895 396 964 quiret
421 895 492 960 ei,
524 911 627 949 non
654 894 753 948 sibi
781 911 796 947 ;
828 893 880 947 id
912 901 1012 958 est,
1039 907 1144 946 non
1176 898 1234 944 ut
1261 890 1373 959 ipse
1402 887 1592 940 habeat
1616 902 1678 941 ex
1709 886 1809 939 hac

213 987 598 1058 przedicatione
637 985 914 1041 commoda
970 982 1322 1052 temporalia,
1375 978 1471 1034 sed
1529 987 1587 1032 ut
1643 978 1808 1047 prosit

215 1080 480 1136 membris
511 1079 708 1149 ipsius,
737 1078 792 1133 id
833 1087 918 1134 est
947 1075 1190 1130 ﬁdelibus
1229 1072 1380 1142 eius,
1420 1085 1542 1126 cum
1585 1070 1808 1123 veritate

212 1172 574 1227 ministrando
620 1169 760 1240 quod
810 1169 994 1232 novit;
1039 1176 1097 1220 ut
1143 1167 1232 1236 qui
1269 1163 1400 1220 vivit
1427 1176 1532 1216 non
1567 1160 1676 1232 jam
1706 1159 1806 1214 sibi

213 1265 384 1331 vivat,
411 1263 503 1319 sed
541 1264 590 1318 ei
625 1263 715 1333 qui
760 1277 856 1330 pro
899 1259 1146 1315 omnibus
1194 1265 1432 1312 mortuus
1455 1261 1538 1308 est
1582 1251 1662 1326 (Il
1686 1252 1804 1306 Cor.

213 1374 248 1412 v
270 1400 285 1423 ,
319 1359 435 1430 15).
471 1355 870 1413 Dliscricordiam
915 1364 964 1409 et
1010 1354 1265 1408 veritatem
1307 1349 1418 1419 ejus
1469 1350 1579 1418 quis
1633 1347 1805 1417 requi—

209 1450 399 1504 retei?

288 1541 379 1599 i0.
408 1539 558 1614 [vers.
577 1539 659 1614 9.]
692 1541 781 1596 Sic
807 1539 1025 1610 psallam
1050 1536 1238 1591 nomini
1264 1545 1367 1600 tuo,
1385 1532 1546 1600 Deus,
1564 1533 1616 1585 in
1637 1547 1804 1587 utcu-

209 1637 319 1690 lum
343 1637 536 1699 seculi,
560 1645 616 1688 ut
640 1635 850 1690 reddam
874 1643 986 1686 vota
1012 1649 1120 1684 mea
1140 1630 1202 1683 de
1219 1623 1378 1709 diefin
1407 1628 1560 1682 diem.
1587 1625 1641 1682 Si
1665 1625 1808 1695 pSal:

209 1727 280 1781 lis
307 1727 508 1781 nomini
540 1726 656 1791 Dei,
700 1740 770 1780 ne
798 1724 997 1795 psallas
1038 1722 1103 1776 ad
1158 1722 1387 1789 tempus.
1409 1718 1513 1772 ~Vis
1543 1718 1595 1771 in
1636 1731 1808 1770 επιξυ-

208 1818 322 1873 lum
345 1817 528 1872 saeculi
557 1815 829 1886 psallere?
852 1813 929 1868 vis
959 1815 1010 1867 in
1042 1821 1300 1866 aeternum
1321 1806 1590 1878 psallere?
1620 1805 1803 1861 Redde

205 1908 258 1963 ei
289 1917 411 1961 vota
444 1916 529 1960 tua
556 1905 624 1961 de
667 1905 753 1960 die
783 1904 835 1957 in
867 1903 1028 1956 diem.
1061 1901 1198 1969 Quid
1241 1909 1343 1962 est,
1393 1897 1557 1952 redde
1601 1896 1653 1951 ei
1681 1903 1800 1949 vota

204 2007 295 2052 tua
318 1997 388 2052 de
411 1996 499 2051 die
526 1996 579 2050 in
607 1995 788 2050 diem?
820 1994 893 2048 De
920 1991 1005 2046 die
1034 1992 1135 2045 isto
1161 1991 1212 2044 in
1241 1989 1386 2043 illum
1412 1989 1570 2042 diem.
1605 1987 1801 2042 Perse-

205 2105 336 2146 vera
366 2090 592 2145 reddere
620 2096 741 2142 vota
771 2086 826 2140 in
863 2085 966 2139 isto
995 2084 1104 2150 die,
1133 2083 1304 2138 donec
1331 2081 1514 2135 venias
1552 2078 1619 2132 ad
1649 2078 1798 2132 illum

203 2183 347 2237 diem
379 2200 394 2237 :
423 2182 527 2236 hoc
552 2187 655 2246 est,
691 2179 791 2247 Qui
819 2176 1201 2248 perseveraverit
1242 2189 1397 2243 usque
1417 2172 1469 2225 in
1498 2172 1670 2241 linem,
1715 2169 1800 2223 hic

201 2273 372 2329 salvus
398 2273 512 2327 erit.

637 2479 718 2541 IN
760 2478 1142 2540 PSALMUM
1185 2476 1329 2537 LXI

773 2578 1192 2635 ENARliATIU.

694 2686 865 2728 εειιιιο
902 2687 970 2725 ΔΙ)
1010 2684 1236 2724 Ριεεειί.

269 2770 323 2826 Ι.
357 2767 512 2840 [τετε.
547 2763 624 2838 1.]
668 2763 962 2820 Delectatio
990 2761 1290 2816 divinorum
1329 2761 1658 2831 eloquiorum
1688 2803 1704 2828 ,
1739 2769 1796 2817 et

196 2859 426 2915 dulcedo
453 2853 780 2926 intelligendi
809 2853 954 2908 verbi
987 2851 1101 2917 Dei,
1132 2850 1416 2920 adjuvante
1444 2852 1559 2922 ipso
1584 2852 1671 2922 qui
1701 2852 1793 2907 dat

193 2951 514 3006 suavitatem
534 2987 550 3013 ,
600 2955 658 3002 ut
685 2953 823 3001 terra
852 2954 1034 2999 nostra
1060 2943 1150 2998 det
1181 2943 1404 2998 fructum
1432 2958 1586 2997 suum
1612 2943 1789 3013 (Psal.

195 3059 416 3108 untv,
449 3040 566 3111 i3),
599 3047 651 3093 et
677 3053 776 3093 nos
802 3036 867 3091 ad
898 3035 1219 3104 loquendum
1241 3076 1256 3097 ,
1285 3044 1338 3090 et
1363 3051 1456 3089 vos
1475 3035 1542 3089 ad
1565 3036 1788 3090 audien-

192 3137 318 3191 dum
342 3135 678 3190 exhortatur.
730 3129 898 3184 Video
940 3143 1036 3183 vos
1076 3128 1192 3180 sine
1235 3125 1450 3180 fastidio
1479 3126 1662 3181 audire
1686 3167 1700 3191 ,
1735 3135 1790 3182 et

190 3225 400 3298 gaudeo
427 3224 606 3295 palato
634 3220 809 3276 cordis
835 3218 1019 3284 vestri,
1049 3232 1079 3271 a
1100 3232 1206 3288 quo
1227 3216 1277 3271 id
1299 3216 1440 3287 quod
1466 3216 1678 3272 salubre
1706 3227 1791 3273 est

189 3334 298 3374 non
330 3317 622 3386 respuitur,
645 3311 740 3368 sed
769 3327 889 3366 cum
917 3309 1171 3364 aviditate
1199 3308 1490 3378 percipitur
1509 3348 1528 3374 ,
1559 3317 1612 3364 et
1641 3308 1788 3364 utili-

189 3422 273 3466 ter
299 3409 626 3464 eontinetur.
673 3404 980 3474 Loquamur
999 3416 1128 3471 ergo
1156 3400 1306 3454 vobis
1333 3410 1386 3454 et
1411 3399 1593 3465 hodie,
1620 3415 1790 3470 quan-

189 3514 301 3557 tum
323 3499 582 3565 Dominus
608 3498 800 3561 donat,
829 3495 898 3550 de
927 3494 1028 3548 isto
1052 3493 1256 3563 psalmo
1284 3507 1443 3561 quem
1475 3490 1634 3546 modo
1660 3506 1790 3544 can-

189 3596 443 3650 tavitnus.
475 3591 681 3645 Titulus
704 3590 820 3658 ejus
837 3597 938 3650 est~t
954 3584 1020 3639 In
1039 3585 1194 3653 ﬁnem
1213 3625 1229 3650 ,
1257 3600 1350 3654 pro
1370 3581 1603 3648 ldithun,
1637 3581 1791 3637 Psal-

185 3703 301 3740 mus
332 3684 434 3756 ipsi
459 3681 650 3736 David.
701 3679 819 3736 iam
859 3676 1010 3732 vobis
1052 3675 1377 3730 insinuatum
1412 3689 1533 3729 esse
1561 3675 1686 3743 quid
1716 3675 1789 3730 sit

188 3778 403 3832 ldithun
429 3816 445 3841 ,
479 3773 658 3830 recolo
693 3770 887 3844 (a).Ex
913 3766 1353 3838 interpretatione
1381 3767 1524 3821 enim
1555 3767 1784 3822 hebraete

188 3870 388 3938 lingua:
417 3876 476 3920 ut
495 3865 560 3920 ad
587 3880 682 3919 nos
701 3863 958 3933 pervenit,
989 3861 1148 3916 latine
1167 3860 1361 3915 dicitur
1386 3859 1595 3914 ldithun
1615 3859 1785 3915 Tran-

185 3963 376 4017 siliens
403 3974 518 4013 eos.
570 3955 824 4011 'l‘ransilit
865 3968 995 4024 ergo
1040 3953 1138 4008 iste
1167 3952 1256 4023 qui
1294 3960 1472 4006 cantat
1499 3950 1778 4021 quosdam,

187 4067 328 4124 quos
357 4049 588 4119 desuper
617 4047 863 4118 despicit.
896 4045 1183 4100 Videamus
1211 4059 1490 4115 quousque
1515 4043 1782 4099 transilie-

185 4144 295 4207 rit,
343 4149 400 4196 et
427 4155 561 4211 quos
592 4136 947 4201 transilierit,
1000 4143 1054 4190 et
1100 4134 1187 4188 ubi
1233 4134 1476 4203 quamvis
1523 4133 1781 4205 quosdam

182 4231 501 4288 trausilierit
544 4229 749 4299 positus
793 4227 864 4281 sit
897 4243 911 4280 :
940 4225 1007 4279 de
1041 4240 1147 4295 quo
1175 4223 1431 4294 spirituali
1472 4223 1700 4294 quodam
1727 4233 1783 4280 et

184 4340 381 4382 securo
406 4323 527 4378 loco
562 4322 829 4376 intueatur
855 4319 990 4384 ima;
1023 4334 1127 4372 non
1158 4318 1228 4372 ita
1269 4317 1564 4389 respiciens
1595 4327 1651 4372 ut
1685 4333 1779 4373 ca-

181 4417 296 4484 dat,
315 4414 414 4480 sed
438 4423 492 4468 ut
517 4414 760 4473 moveat‘
783 4412 870 4482 qui
890 4412 1171 4466 transilivit
1197 4411 1373 4480 pigros
1399 4419 1453 4465 ut
1469 4420 1778 4481 sequantur,

182 4521 237 4565 et
262 4507 447 4564 laudet
484 4507 658 4561 locum
702 4520 809 4576 quo
855 4504 1198 4560 transiliendo
1247 4505 1504 4574 pervenit.
1536 4505 1608 4558 lta
1636 4506 1778 4560 enim

183 4603 288 4657 iste
333 4599 636 4654 transiliens
680 4585 842 4667 super
869 4596 1066 4666 aliquid
1093 4605 1174 4650 est
1194 4639 1209 4661 ,
1253 4605 1307 4649 ut
1329 4595 1430 4650 sub
1455 4596 1729 4667 aliquosit
1759 4614 1774 4651 :

185 4693 328 4748 unde
357 4692 504 4760 prius
533 4690 684 4744 nobis
730 4689 1000 4743 insinuare
1029 4687 1194 4742 voluit
1235 4688 1334 4742 sub
1362 4703 1468 4757 quo
1512 4697 1660 4742 tutus
1685 4688 1776 4756 sit,

185 4796 244 4840 ut
273 4783 405 4838 illud
435 4779 577 4853 quod
618 4779 935 4846 transilivit,
980 4794 1086 4832 non
1123 4779 1193 4833 sit
1220 4779 1485 4848 superbia:
1523 4779 1616 4834 sed
1645 4793 1774 4850 pro-

183 4885 389 4931 \‘CClllS.

251 4966 310 5020 9..
345 4963 499 5036 iners.
526 4960 668 5034 9-4.]
715 4960 772 5015 in
812 4959 1041 5031 quodam
1069 4974 1197 5030 ergo
1243 4959 1362 5014 loco
1400 4961 1604 5015 munito
1630 4959 1777 5030 posio

183 5071 268 5115 tus
295 5059 412 5122 ait,
446 5054 631 5109 Nonne
659 5053 765 5107 Deo
803 5053 1091 5122 subjicietur
1118 5053 1289 5105 anima
1334 5054 1485 5107 mea?
1528 5053 1778 5107 Audierat

180 5153 329 5208 enim
350 5191 368 5217 ,
399 5149 500 5216 Qui
526 5164 580 5202 se
601 5146 790 5200 exultat
808 5187 821 5210 ,
860 5144 1238 5207 humiliabitur;
1264 5154 1310 5198 et
1331 5145 1417 5214 qui
1444 5161 1496 5198 se
1521 5144 1777 5212 humiliat,

184 5245 493 5300 exaltubitur
522 5240 734 5313 (Matth.
767 5255 892 5293 χχιιι
919 5280 933 5303 ,
967 5237 1056 5308 ιε)
1094 5257 1106 5292 :
1135 5248 1190 5293 et
1232 5240 1466 5310 trepidus
1491 5256 1559 5295 ne
1589 5241 1781 5296 transi-

186 5335 368 5391 liendo
399 5332 717 5402 superbiret,
748 5346 851 5384 non
877 5330 1048 5384 elatus
1073 5345 1139 5385 ex
1162 5328 1245 5383 his
1272 5347 1390 5399 qua:
1416 5329 1552 5384 infra
1578 5341 1777 5395 essent,

189 5430 282 5484 sed
314 5426 531 5482 humilis
558 5439 625 5481 ex
650 5438 716 5478 eo
739 5426 826 5493 qui
857 5425 876 5454 ²
901 5438 1060 5492 supra
1082 5431 1262 5486 esset;
1304 5432 1553 5493 tanquam
1575 5423 1780 5477 minan-

192 5522 332 5575 tibus
359 5519 410 5574 ei
457 5516 665 5573 ruinam
693 5515 884 5570 invidis
911 5516 999 5585 qui
1035 5531 1156 5569 eum
1201 5516 1550 5571 transilivisse
1590 5517 1780 5571 dolue-

193 5622 347 5678 rant,
378 5607 694 5679 respondit,
740 5605 925 5660 Nonne
957 5605 1062 5661 Deo
1089 5607 1379 5678 subjicietur
1421 5608 1592 5662 anima
1630 5609 1782 5663 mea?

259 5771 275 5800 ί
301 5767 471 5817 Plures
492 5769 618 5817 Uss,
643 5770 847 5813 moneat.

258 5830 372 5894 ξ
394 5827 580 5894 aliquot
602 5833 706 5874 Mss.
733 5825 844 5873 add.
867 5840 1004 5894 vero,
1027 5842 1090 5878 ex
1117 5840 1170 5877 co
1193 5828 1320 5892 quod
1347 5842 1495 5894 supra
1512 5838 1648 5882 esset.

258 5892 330 5943 la)
361 5899 413 5940 tu
438 5887 557 5939 I‘Sal.
586 5901 783 5941 xxxvm.
807 5901 854 5936 ιι.
888 5889 928 5936 ι.

1358 398 1752 457 ΕΥΑΠΠᾹἸΊΟ
1794 395 1856 451 IN
1899 398 2222 457 I’SALMUM
2267 407 2399 463 LXI.

3419 419 3525 472 730

1919 518 2054 585 Quid
2073 532 2152 577 est
2175 523 2316 594 quod
2340 524 2468 580 mihi
2488 527 2643 582 velut:
2667 533 2980 586 transutenti
3000 534 3236 603 quaeritis
3256 534 3473 607 laqueos
3495 541 3516 590 τ

1919 614 2266 671 insultatione
2295 617 2528 687 dejicere
2557 637 2641 676 me
2669 623 2854 690 vultis,
2901 635 2992 680 aut
3035 627 3343 684 seductionc
3366 630 3514 686 deci-

1919 721 2068 776 pere.
2096 707 2364 780 Numquid
2392 713 2462 765 ita
2489 714 2704 768 memini
2735 731 2893 785 supra
2925 719 3062 788 quod
3088 736 3203 775 sum
3228 763 3244 783 ,
3283 731 3340 777 ut
3376 723 3512 777 obli-

1919 807 2004 853 tus
2029 802 2128 854 sim
2165 801 2264 856 sub
2291 818 2396 873 quo
2421 805 2584 860 sum?
2625 805 2811 862 Nonne
2839 807 2943 862 Deo
2974 809 3195 880 subjecta
3221 813 3314 867 erit
3338 814 3510 869 anima

1917 893 2074 946 mea?
2123 891 2622 968 Quantumcumque
2671 899 2962 966 accedam,
3022 913 3510 974 quantumcumque

1916 983 2229 1047 ascendam,
2262 999 2751 1061 quantumcumque
2773 993 3091 1060 transiliam,
3123 996 3223 1051 sub
3254 997 3361 1052 Deo
3388 1015 3504 1060 ero.

1915 1090 2022 1130 non
2067 1089 2252 1133 contra
2299 1079 2484 1136 Deum.
2533 1081 2764 1138 Securus
2794 1099 2921 1155 ergo
2951 1089 3267 1142 trauscendo
3294 1099 3511 1153 cmtcra,

1915 1171 2126 1241 quando
2152 1173 2240 1227 ille
2270 1189 2355 1228 me
2397 1176 2496 1230 sub
2543 1192 2602 1231 se
2646 1186 2829 1243 tenet,
2880 1179 2969 1248 qui
2999 1187 3082 1233 est
3122 1195 3283 1250 super
3307 1182 3509 1236 omnia.

1915 1261 2105 1319 Nonne
2140 1263 2250 1317 Deo
2277 1265 2498 1334 subjecla
2522 1268 2615 1320 erit
2644 1268 2815 1321 anima
2834 1286 2942 1321 mea
2960 1270 2985 1322 ?
3012 1270 3089 1322 Ab
3117 1270 3230 1342 ipso
3255 1272 3390 1326 enim
3418 1288 3506 1325 sa-

1913 1353 2079 1407 lutare
2091 1370 2274 1406 meum.
2297 1352 2496 1408 Etenim
2516 1357 2622 1426 ipse
2631 1367 2699 1411 est
2725 1356 2861 1412 Deus
2877 1376 3013 1412 meus
3028 1368 3073 1412 et
3083 1361 3322 1414 salutaris
3341 1377 3501 1426 meus,

1912 1454 2173 1515 susceptor
2200 1462 2340 1500 meus
2357 1489 2374 1514 ,
2403 1463 2503 1501 non
2533 1447 2765 1502 movebor
2791 1450 3028 1519 amplius.
3054 1450 3177 1506 Scio
3203 1452 3322 1524 quis
3345 1469 3504 1522 supra

1911 1553 2000 1594 me
2025 1540 2113 1604 sit,
2132 1540 2244 1594 scio
2269 1541 2388 1609 quis
2407 1540 2700 1610 praetendat
2724 1542 3140 1597 misericordiam
3157 1558 3307 1598 suam
3329 1545 3505 1601 scien.

1913 1629 2055 1683 tibus
2073 1643 2154 1695 se,
2182 1629 2297 1685 scio
2321 1631 2421 1686 sub
2448 1632 2600 1700 cujus
2617 1633 2821 1686 alarum
2854 1634 3087 1705 tegmine
3111 1650 3320 1704 sperem
3354 1653 3369 1691 :
3400 1652 3502 1690 non

1911 1723 2142 1777 movebar
2182 1724 2421 1794 amplius.
2458 1724 2628 1795 Agitis
2653 1725 2868 1796 quidem
2899 1741 2994 1781 vos
3017 1768 3033 1792 ,
3063 1727 3138 1782 ait
3161 1725 3501 1797 quibusdam,

1913 1814 2219 1869 transiliens
2248 1830 2343 1870 eos
2369 1816 2512 1886 ipsos
2543 1816 2734 1886 quibus
2759 1817 2888 1872 dicit
2917 1835 2931 1873 :
2963 1818 3120 1888 agitis
3154 1819 3372 1888 quidem
3399 1834 3498 1874 vos

1910 1917 1967 1960 ut
1997 1922 2213 1961 movear
2231 1948 2245 1970 ,
2276 1907 2368 1961 sed
2399 1924 2497 1961 non
2523 1909 2684 1962 veniat
2711 1910 2836 1962 mihi
2861 1926 2950 1979 pes
2975 1910 3245 1978 superbire.
3289 1909 3372 1970 Ex
3399 1910 3503 1964 hoc

1908 2001 2050 2054 enim
2081 2001 2140 2054 ﬁt
2168 2001 2307 2070 quod
2331 2010 2384 2055 et
2411 2002 2462 2055 itt
2492 2002 2607 2070 ipso
2635 2002 2840 2072 psalmo
2870 2003 3112 2074 sequitur
3135 2043 3149 2065 ,
3184 2002 3295 2055 Nec
3321 2020 3501 2056 manus

1905 2100 2224 2161 peccatorum
2249 2093 2498 2146 dimoveat
2519 2110 2598 2147 me
2625 2092 2795 2163 (Psal.
2821 2109 2960 2148 xxxv
2981 2132 2998 2159 ,
3027 2093 3117 2162 12)
3148 2111 3163 2148 :
3195 2095 3279 2148 cui
3311 2110 3502 2148 conso-

1905 2194 2033 2251 nat,
2079 2182 2202 2238 Non
2237 2185 2468 2239 movebar
2495 2186 2735 2257 amplius.
2789 2186 2870 2239 Ad
2916 2186 3042 2241 illud
3081 2187 3224 2240 enim
3256 2187 3398 2256 quod
3427 2188 3497 2243 ibi

1901 2279 2103 2334 dictum
2128 2291 2243 2346 est,
2290 2280 2400 2333 Nec
2426 2297 2608 2334 manus
2652 2291 2970 2350 peccatorum
2992 2281 3240 2335 dimoveat
3266 2298 3368 2345 me,
3414 2297 3498 2336 re-

1901 2364 2130 2440 spondet
2175 2370 2260 2424 hic
2280 2411 2296 2436 ,
2346 2369 2467 2424 Non
2502 2370 2733 2424 movebar
2754 2369 2976 2441 amplius
3000 2385 3021 2425 :
3048 2370 3115 2424 ad
3145 2370 3272 2424 illud
3314 2379 3494 2425 autem

1899 2463 2043 2532 quod
2100 2464 2171 2518 ibi
2216 2463 2413 2517 dictum
2456 2473 2572 2530 est,
2631 2462 2753 2517 Non
2801 2465 2966 2516 veniat
3004 2463 3129 2516 mihi
3175 2480 3262 2535 pes
3313 2481 3496 2533 super-

1899 2555 2025 2618 bire,
2071 2555 2358 2626 respondet
2398 2553 2521 2622 hic,
2567 2552 2756 2611 Nonne
2790 2553 2900 2608 Deo
2935 2556 3163 2626 subjecta
3191 2555 3284 2608 erit
3320 2555 3494 2609 anima

1898 2663 2010 2703 mea
2026 2647 2056 2702 .’

1972 2740 2025 2793 5.
2057 2738 2200 2808 Ergo
2227 2739 2296 2794 de
2320 2739 2599 2810 superiore
2645 2740 2764 2795 loco
2800 2737 3039 2797 munitus
3080 2747 3135 2794 et
3180 2747 3362 2800 tutus.
3408 2741 3493 2796 cui

1897 2831 2070 2888 factus
2094 2843 2177 2889 est
2203 2834 2459 2889 Dominus
2488 2835 2776 2906 refugium,
2808 2836 2893 2890 cui
2921 2846 3004 2890 est
3029 2835 3141 2906 ipse
3161 2836 3302 2890 Deus
3331 2835 3382 2890 in
3415 2835 3493 2890 lo-

1897 2941 2018 2981 cum
2049 2928 2333 2993 munitum,
2367 2928 2586 2998 respicit
2612 2928 2677 2983 ad
2709 2943 2803 2983 eos
2823 2944 2959 2999 quos
2982 2928 3287 2995 transilivit,
3315 2937 3364 2984 et
3394 2928 3491 2984 de-

1896 3020 2130 3090 spiciens
2161 3036 2254 3075 eos
2281 3021 2534 3091 loquitur,
2560 3032 2808 3092 tanquam
2832 3022 2898 3076 de
2921 3022 3050 3076 turri
3082 3022 3292 3077 excelsa
3318 3038 3334 3086 ;
3367 3037 3489 3075 nam

1896 3122 1951 3168 et
1981 3113 2082 3167 hoc
2123 3112 2324 3167 dictum
2354 3122 2438 3168 est
2473 3113 2542 3168 de
2584 3129 2651 3170 eo
2671 3156 2686 3179 ,
2733 3113 2916 3168 Turris
2954 3113 3269 3186 fortitudinis
3301 3131 3332 3166 a
3362 3114 3492 3185 {acie

1894 3205 2085 3260 inimici
2111 3205 2281 3277 (Psal.
2314 3223 2381 3261 ιι
2403 3248 2420 3270 ,
2448 3205 2504 3279 4)
2538 3223 2552 3259 :
2585 3207 2811 3262 attendit
2848 3222 2978 3277 ergo
3003 3206 3070 3261 ad
3097 3222 3190 3262 eos
3209 3249 3232 3275 ,
3256 3216 3311 3262 et
3336 3205 3486 3270 dicit,

1899 3299 2171 3369 Quousque
2195 3300 2452 3369 apponitis
2484 3315 2637 3368 super
2680 3299 2977 3353 hominem?
3017 3297 3362 3364 lnsultando,
3394 3313 3488 3368 θρα

1895 3390 2108 3459 probria
2135 3391 2380 3458 jaciendo
2401 3433 2416 3455 ,
2448 3390 2746 3444 insidiando
2770 3431 2786 3455 ,
2817 3389 3230 3460 persequendo,
3265 3389 3487 3458 apponi-

1894 3484 1963 3538 tis
1989 3497 2152 3554 super
2177 3483 2447 3538 hominem
2476 3498 2676 3546 onera;
2721 3483 2989 3553 apponitis
3019 3497 3178 3551 super
3209 3481 3480 3534 hominem

1891 3582 2148 3644 quantum
2201 3581 2373 3644 potest
2407 3573 2423 3606 ⁸
2463 3573 2600 3629 ferre
2648 3573 2810 3627 homo
2843 3590 2856 3626 :
2897 3565 2992 3626 sed
3023 3583 3079 3625 ut
3126 3574 3260 3626 {erat
3297 3571 3481 3635 homo,

1890 3667 1990 3723 sub
2027 3669 2118 3723 illo
2155 3677 2239 3723 est
2276 3669 2364 3739 qui
2407 3668 2530 3723 fecit
2573 3668 2864 3722 hominem.
2917 3666 3189 3733 Quousque
3227 3666 3486 3736 appouitis

1890 3777 2044 3831 super
2073 3760 2328 3815 hominem
2350 3761 2374 3814 ?
2398 3761 2454 3815 Si
2482 3759 2548 3814 ad
2579 3760 2849 3813 hominem
2877 3757 3171 3822 attenditis,
3203 3756 3484 3823 Interﬁcitr

1890 3869 2082 3907 omnes.
2113 3853 2250 3907 Ecce
2279 3851 2552 3921 apponite,
2583 3851 2765 3906 saevite
2785 3892 2798 3914 ,
2826 3850 3093 3918 interﬁcite
3119 3865 3314 3903 omnes.
3340 3849 3481 3902 Tan-

1889 3960 2041 4012 quam
2088 3943 2270 4012 parieti
2307 3943 2552 3997 inclinato
2589 3952 2635 3996 et
2673 3942 2908 3996 macet-iw
2943 3940 3220 4011 impulsas:
3253 3940 3470 4006 instate,

1889 4032 2178 4103 impellite,
2224 4035 2376 4102 quasi
2420 4031 2703 4101 dejecturi.
2745 4031 2813 4085 Et
2837 4031 2927 4085 ubi
2954 4039 3059 4097 est,
3094 4030 3214 4085 Non
3248 4031 3483 4085 movebar

1886 4123 2106 4194 amplius
2125 4123 2152 4176 2
2176 4122 2281 4178 Sed
2307 4137 2494 4192 quare,
2527 4121 2648 4176 Non
2677 4122 2911 4175 movebar
2927 4122 3149 4191 amplius
3165 4121 3191 4175 1’
3213 4120 3346 4187 Quia
3372 4123 3485 4191 ipse

1886 4225 1959 4269 est
1979 4213 2120 4269 Deus
2135 4214 2374 4269 salutaris
2395 4229 2555 4280 meus,
2583 4222 2841 4283 susceptor
2866 4228 3024 4266 meus.
3059 4210 3203 4281 Ergo
3232 4210 3478 4265 homines

1888 4305 2112 4375 potestis
2137 4319 2409 4375 apponere
2429 4317 2592 4358 onera
2621 4303 2644 4334 ³
2672 4317 2839 4372 super
2864 4301 3134 4357 hominem
3167 4319 3180 4354 :
3223 4301 3478 4370 numquid

1886 4415 2048 4469 super
2070 4398 2232 4451 Deum
2264 4397 2354 4466 qui
2382 4404 2560 4451 tuetur
2589 4393 2902 4449 hominem?

1955 4489 2011 4545 4.
2045 4488 2324 4558 Inter/icite
2349 4504 2540 4541 omnes.
2577 4485 2730 4551 Quod
2758 4495 2962 4540 tantum
2983 4485 3210 4556 spatium
3238 4486 3480 4554 corporis

1885 4583 1937 4636 in
1968 4596 2073 4635 uno
2099 4580 2336 4645 homine,
2362 4578 2452 4634 ubi
2485 4579 2653 4649 possit
2682 4576 2911 4633 interfici
2943 4577 3013 4631 ab
3038 4577 3332 4632 omnibus?
3366 4575 3478 4632 Sed

1883 4675 2143 4729 debemus
2182 4673 2477 4742 intelligere
2528 4687 2811 4741 personam
2860 4681 3098 4726 nostram
3125 4713 3141 4736 ,
3193 4685 3480 4741 personam

1884 4766 2138 4820 Ecclesia:
2183 4773 2416 4829 nostrae,
2466 4777 2749 4833 personam
2791 4765 3034 4835 corporis
3057 4761 3276 4816 Christi.
3327 4762 3482 4818 Unus

1884 4857 2028 4911 enim
2051 4855 2212 4910 homo
2241 4870 2360 4909 cum
2389 4855 2564 4925 capite
2592 4863 2646 4908 et
2669 4868 2895 4925 corpore
2910 4869 3008 4907 suo
3033 4853 3190 4909 Jesus
3207 4854 3478 4921 Christus,

1884 4949 2120 5002 salvator
2147 4948 2388 5017 corporis
2417 4955 2473 5001 et
2515 4947 2754 5002 membra
2784 4945 3025 5015 corporis
3049 4987 3064 5011 ,
3100 4945 3206 5000 duo
3233 4945 3285 5000 in
3316 4962 3480 5000 cartte

1886 5056 1990 5094 una
2017 5039 2168 5110 (Gen.
2203 5055 2238 5093 ιι
2259 5080 2274 5104 ,
2301 5039 2396 5105 24,
2429 5047 2475 5092 et
2505 5037 2696 5107 Ephes.
2721 5054 2774 5104 v,
2806 5038 2922 5107 3i),
2953 5046 3006 5092 et
3029 5038 3082 5091 in
3110 5053 3241 5093 voce
3271 5054 3395 5099 una,
3424 5050 3478 5092 et

1887 5135 1939 5188 iu
1969 5133 2216 5202 passione
2244 5147 2383 5196 una;
2425 5142 2480 5185 et
2508 5146 2628 5185 cum
2675 5130 2946 5185 transierit
2981 5129 3235 5201 iniquitas
3256 5171 3272 5196 ,
3305 5131 3356 5184 in
3390 5147 3472 5184 re-

1889 5227 2010 5294 quie
2035 5239 2159 5279 una.
2188 5224 2474 5279 Passiones
2490 5224 2667 5292 itaque
2681 5221 2877 5276 Christi
2895 5236 3001 5276 non
3024 5223 3075 5277 in
3099 5221 3476 5286 soloChristo;

1888 5317 1997 5371 imo
2037 5316 2312 5385 passiones
2350 5315 2547 5369 Christi
2593 5314 2805 5369 nonnisi
2854 5315 2907 5368 in
2952 5314 3183 5369 Christo.
3238 5313 3292 5369 Si
3333 5316 3476 5369 enim

1890 5408 2162 5462 Christum
2193 5407 2454 5476 intelligas
2483 5415 2642 5475 caput
2661 5415 2714 5460 et
2735 5420 2949 5475 corpus,
2984 5406 3260 5475 passiones
3281 5406 3477 5461 Christi

1890 5499 2101 5553 nonnisi
2149 5498 2199 5551 in
2244 5497 2458 5552 Christo
2490 5513 2502 5548 :
2531 5497 2574 5550 si
2600 5505 2778 5551 autem
2806 5495 3074 5551 Christum
3101 5495 3368 5565 intelligas
3392 5511 3477 5549 so-

1889 5589 1995 5644 lum
2023 5597 2216 5658 caput,
2243 5588 2522 5658 passiones
2549 5586 2747 5643 Christi
2783 5602 2887 5641 non
2919 5587 2974 5642 in
3006 5587 3122 5642 solo
3150 5585 3384 5641 Christo.
3418 5586 3476 5641 Si

1953 5769 1968 5798 ι
1996 5773 2115 5813 “tres
2138 5771 2265 5822 Mss,
2291 5769 2518 5825 qtumtum
2533 5776 2624 5811 non
2644 5769 2792 5826 potest
2815 5763 2966 5822 ferre.

1952 5833 1971 5860 =
1997 5831 2067 5874 sic
2093 5827 2190 5874 duo
2360 5825 2445 5874 Alii
2470 5839 2578 5876 cum
2621 5824 2754 5887 ΗΜ,
2780 5838 3018 5890 apponere
3058 5824 3295 5876 hominem
3328 5836 3478 5889 super

1890 5895 2146 5942 hominem.
