3934 6318
438 346 542 406 731

434 458 583 514 enim
609 436 888 528 passiones
913 445 1119 507 Christi
1158 446 1213 501 in
1252 443 1369 500 solo
1393 438 1609 527 Christo
1629 480 1645 505 ,
1694 438 1804 492 imo
1832 437 1886 528 in
1913 433 2032 528 solo

434 525 645 618 capite,
696 543 839 600 unde
882 539 1014 597 dicit
1051 534 1320 611 quoddam
1360 532 1661 589 membrum
1692 527 1810 599 ejus
1838 525 2037 618 Paulos

439 616 740 709 apostolus,
769 632 838 689 Ut
853 632 1119 703 suppleam
1138 643 1253 697 qua:
1271 626 1453 680 desunt
1480 637 1832 696 pressurarum
1847 616 2039 709 Christi

441 731 491 782 iu
534 744 691 782 carne
714 743 829 781 mea
879 724 1099 791 (Coloss.
1130 736 1188 785 ι,
1214 718 1355 787 24)?
1402 714 1469 771 Si
1510 728 1641 785 ergo
1680 713 1737 768 in
1778 708 2038 791 membris

434 820 640 875 Christi
670 835 768 883 es,
815 816 1140 888 quicumque
1167 802 1330 867 homo
1355 850 1371 876 ,
1418 807 1659 879 quisquis
1702 805 1819 859 hmc
1860 801 2034 869 audis,

440 911 687 980 quisquis
716 909 834 981 inec
860 920 1002 962 nunc
1031 918 1139 959 non
1162 902 1315 957 audis
1340 900 1461 971 (sed
1487 907 1664 953 tamen
1695 894 1871 958 audis,
1902 892 1949 947 si
1981 893 2038 947 in

437 1003 706 1057 membris
732 998 935 1055 Christi
962 995 1078 1065 es);
1104 991 1361 1064 quidquid
1389 989 1588 1060 pateris
1614 987 1683 1040 ab
1708 986 1786 1039 eis
1811 984 1905 1053 qui
1932 998 2039 1038 non
2080 1050 2081 1053 η

438 1101 571 1146 sunt
594 1091 646 1145 in
678 1088 937 1145 membris
962 1085 1189 1148 Christi,
1236 1083 1425 1138 deerat
1462 1073 2036 1148 passionibusChristi.

444 1182 576 1237 ideo
603 1179 817 1235 additur
841 1220 856 1245 ,
891 1178 1015 1246 quia
1060 1156 1284 1238 deerat;
1336 1162 1645 1225 menSuram
1687 1165 1899 1237 imples,
1931 1178 2039 1218 non

444 1273 829 1344 superfundis:
858 1272 1062 1326 tantum
1106 1266 1341 1337 pateris,
1386 1271 1642 1333 quantum
1684 1276 1748 1320 ex
1778 1246 2042 1339 passioni-

448 1364 548 1419 bus
579 1364 682 1417 tuis
704 1364 721 1395 ι
748 1360 1085 1417 inferendum
1108 1366 1222 1413 erat
1249 1356 1515 1410 universae
1555 1350 1787 1422 passioni
1819 1347 2037 1412 Christi,

439 1456 538 1525 qui
565 1470 755 1528 passus
782 1462 869 1511 est
896 1453 951 1508 in
974 1451 1154 1522 capite
1178 1457 1385 1514 nostro,
1411 1455 1466 1501 et
1490 1444 1688 1515 patitur
1707 1440 1762 1498 in
1786 1439 2043 1528 membris

446 1526 583 1613 suis,
611 1546 663 1603 id
691 1545 847 1602 estin
878 1544 1035 1600 nobis
1060 1541 1213 1612 ipsis.
1256 1537 1339 1595 Ad
1364 1549 1703 1593 communem
1736 1533 1875 1587 hanc
1891 1526 2044 1602 quasi
2085 1582 2087 1585 ,

448 1637 836 1709 rempublicam
881 1644 1122 1691 nostram
1171 1630 1401 1702 quisque
1447 1642 1547 1698 pro
1593 1624 1814 1681 modulo
1858 1629 2045 1678 nostro

447 1733 780 1799 exsolvimns
803 1729 949 1801 quod
978 1726 1260 1797 debemus,
1289 1732 1345 1780 et
1369 1736 1469 1793 pro
1487 1719 1827 1792 possessione
1850 1716 2046 1772 virium

453 1808 761 1880 nostrarum
791 1821 942 1893 quasi
969 1824 1230 1875 canonem
1261 1810 1568 1887 passionum
1608 1809 1905 1868 inferimus.
1946 1807 2049 1862 Pa-

453 1912 942 1984 riatoriaplena‘ria
983 1908 1289 1980 passionum
1330 1904 1569 1960 omnium
1611 1900 1892 1971 noluerit,
1942 1896 2048 1952 nisi

451 2018 577 2059 cum
596 2004 849 2060 saeculum
881 2002 1087 2057 ﬁnitum
1116 1997 1296 2054 fuerit.
1331 1996 1603 2064 Quousque
1620 1990 1879 2062 apponitis
1898 2004 2052 2060 super

454 2099 712 2153 hominem
733 2096 761 2150 τ’
805 2093 1075 2166 Quidquid
1100 2090 1241 2163 passi
1267 2097 1394 2144 sunt
1421 2085 1701 2154 Prophetas
1728 2098 1759 2138 a
1788 2080 2051 2151 sanguine

454 2191 590 2247 Abel
613 2191 746 2261 justi
765 2185 1023 2259 usquead
1045 2183 1359 2255 sanguinem
1372 2178 1644 2239 Zacharizc
1665 2174 2049 2246 (Matthaxm,

455 2284 550 2354 55)
574 2322 592 2350 ,
637 2280 941 2352 appositum
968 2285 1051 2332 est
1077 2289 1241 2345 super
1278 2270 1574 2335 hominem,
1603 2267 1726 2338 quia
1755 2278 2053 2335 praecesse-

454 2383 584 2438 runt
611 2364 1318 2427 adventum'inca‘rnationis
1345 2360 1545 2418 Christi
1586 2357 1835 2430 quaedam
1881 2369 2054 2410 mem-

456 2458 779 2537 bra'CltriSti
811 2478 826 2515 :
855 2460 996 2517 sicut
1022 2458 1075 2514 in
1099 2464 1355 2513 nascente
1375 2450 1610 2523 quodam
1633 2491 1648 2516 ,
1674 2447 1913 2504 nondum
1938 2446 2057 2517 qui-

458 2536 583 2613 dem
633 2553 962 2626 procedente
1030 2550 1247 2621 capite,
1300 2544 1565 2618 processit
1615 2555 1812 2597 manus
1863 2539 1883 2611 (
1923 2536 2053 2593 Gen.

459 2664 659 2707 xsxvm
680 2689 698 2723 ,
723 2648 821 2718 27)
842 2688 858 2713 ,
884 2645 979 2701 sed
1006 2653 1184 2699 tamen
1215 2639 1375 2710 capiti
1414 2633 1837 2694 connectebatur
1862 2640 1917 2686 et
1943 2644 2059 2685 ma-

459 2730 586 2796 nus.
629 2721 806 2795 Nolite
828 2752 959 2809 ergo
991 2744 1181 2807 putare
1203 2774 1221 2795 ,
1262 2731 1493 2797 fratres,
1539 2740 1732 2783 omnes
1764 2723 1941 2796 justas
1967 2721 2059 2793 qui

462 2831 607 2905 passi
630 2837 771 2886 sunt
806 2825 1237 2901 persecutionem
1266 2821 1572 2893 iniquorum
1592 2859 1608 2884 ,
1632 2816 1797 2874 etiam
1820 2815 1944 2872 illos
1967 2813 2060 2885 qui

462 2929 728 2979 venerunt
770 2920 919 2976 missi
964 2928 1092 2974 ante
1124 2915 1337 2973 Domini
1376 2912 1666 2968 adventum
1700 2908 2063 2981 praenuntiam

464 3015 681 3075 Domini
693 3013 1007 3076 adventum,
1032 3025 1139 3064 non
1157 3005 1479 3079 pertinuisse
1492 3004 1559 3059 ad
1577 3002 1819 3059 membra
1838 2999 2060 3057 Christi.

467 3104 626 3162 Absit
649 3112 709 3158 ut
735 3117 840 3157 non
867 3100 1133 3171 pertineat
1166 3083 1235 3152 ad
1266 3093 1503 3151 membra
1527 3092 1748 3159 Christi,
1779 3093 1867 3163 qui
1896 3089 2064 3163 perti-

467 3205 563 3255 net
601 3197 669 3253 ad
720 3196 997 3252 civitatem
1040 3206 1160 3263 quze
1204 3203 1385 3259 regem
1434 3186 1594 3242 habet
1627 3185 1923 3241 Christum.
1972 3182 2063 3238 Illa

465 3303 575 3344 una
603 3294 688 3343 est
710 3284 1007 3342 Jerusalem
1039 3281 1275 3338 cmlestis
1293 3319 1310 3345 ,
1347 3278 1535 3334 civitas
1558 3286 1744 3332 sancta
1774 3292 1790 3329 :
1820 3276 1936 3330 haec
1960 3290 2066 3329 una

469 3379 659 3435 civitas
697 3391 862 3433 unum
898 3374 1061 3430 habet
1090 3386 1291 3442 regem.
1327 3370 1444 3425 Rex
1473 3368 1629 3439 hujus
1654 3357 1886 3423 civitatis
1912 3364 2068 3420 Chri-

469 3478 586 3526 stus
604 3477 689 3526 est
720 3485 735 3523 :
764 3470 881 3536 ipse
904 3466 1047 3522 enim
1072 3464 1121 3519 ei
1150 3460 1317 3527 dicit,
1358 3460 1528 3515 Mater
1550 3459 1700 3524 Sion,
1741 3457 1872 3511 dicet
1893 3458 2066 3512 homo.

388 3597 392 3600 -
460 3561 612 3618 Dicit
656 3560 743 3626 ei,
787 3555 995 3622 Mater;
1040 3552 1136 3610 sed
1172 3552 1343 3608 homo.
1410 3549 1579 3605 Mater
1605 3549 1750 3604 enim
1778 3546 1944 3610 Sion,
1985 3546 2069 3601 di-

472 3663 549 3707 cet
578 3652 772 3712 homo;
823 3656 871 3703 et
913 3646 1063 3701 homo
1101 3648 1268 3715 factus
1308 3650 1383 3696 est
1424 3642 1480 3695 in
1518 3656 1599 3710 ea,
1628 3650 1678 3698 et
1703 3640 1813 3711 ipse
1838 3637 2070 3712 {undavit

475 3760 588 3798 eaut
628 3741 920 3795 Altissimus
976 3736 1159 3809 (Psal.
1214 3748 1450 3802 tum,
1496 3731 1590 3806 5).
1648 3733 1744 3787 ille
1795 3749 1926 3803 ergo
1976 3749 2071 3789 rex

475 3835 615 3903 ejus,
643 3832 734 3901 qui
761 3845 881 3886 eam
913 3827 1149 3886 [undavit
1178 3828 1519 3891 Altissimus;
1564 3826 1679 3895 ipse
1725 3826 1782 3880 in
1809 3840 1873 3880 ea
1901 3825 2070 3880 homo

479 3926 651 3982 lactus
680 3934 767 3981 est
812 3922 1164 3980 humillimus.
1201 3919 1323 3990 ipse
1359 3931 1492 3989 ergo
1523 3925 1648 3973 ante
1674 3915 1959 3972 adventum
1987 3916 2073 3985 in-

480 4020 808 4079 carnationis
834 4034 948 4074 suae
974 4016 1234 4089 przemisit
1261 4012 1509 4085 quedam
1539 4010 1779 4066 membra
1808 4025 1922 4075 sua,
1955 4016 2077 4080 post

480 4130 601 4187 qtue
628 4109 1036 4183 prtenuutiantia
1065 4123 1127 4164 se
1152 4115 1438 4163 venturum
1480 4103 1629 4159 venit
1670 4113 1726 4159 et
1767 4102 1912 4172 ipse,
1940 4116 2076 4157 con-

481 4220 659 4262 nexus
682 4204 783 4260 eis.
827 4201 992 4258 Refer
1018 4198 1085 4255 ad
1125 4197 1528 4273 similitudinem
1552 4198 1573 4229 ¹
1600 4195 1870 4251 nascentis
1898 4195 2073 4260 illius;

484 4296 609 4367 quia
638 4308 833 4349 manus
855 4300 983 4347 ante
1000 4300 1165 4360 caput
1190 4286 1507 4358 procedens,
1532 4294 1733 4360 etcum
1768 4284 1943 4355 capite
1971 4294 2075 4352 est,

484 4400 542 4445 et
570 4386 670 4445 sub
695 4387 889 4459 capite.
916 4384 1002 4451 De
1023 4381 1240 4439 Christo
1273 4379 1417 4436 enim
1441 4377 1780 4443 dictumest,
1811 4390 1931 4432 cum
1962 4375 2082 4430 lau-

488 4481 709 4537 daretur
734 4475 1049 4534 excellentia
1078 4472 1258 4544 populi
1287 4468 1481 4542 primi,
1509 4479 1566 4525 et
1588 4466 1905 4523 delerentur
1929 4465 2080 4522 fracti

554 4766 575 4799 ί
598 4760 737 4820 ωε,
775 4766 1056 4810 mammam
1082 4750 1301 4817 ίπιριεπεν
1327 4759 1438 4820 ,ποιε
1471 4743 2083 4820 αφεηῖιοηὲςπεεῑεηιξφε

491 4802 2087 4931 eaemnmmmwm

493 4882 622 5000 post.
641 4882 696 4936 id
718 4889 788 4934 est
809 4882 862 4932 in
876 4882 1009 4931 nobis
1029 4882 1149 4942 ipsis
1170 4882 1236 4925 ad
1259 4882 1559 4944 εοπυῃιιπευι
1579 4882 1705 4918 nunc
1731 4882 1868 4931 quasi
1892 4882 2087 4937 rapum.

525 4949 687 4999 ucam-
714 4953 837 4996 Nam
855 4941 1070 5013 quisque.
1100 4946 1197 5013 οιοτ
1219 4931 2088 5013 "magmatisrgmmu

494 5017 772 5061 nostrarwn
792 5017 933 5069 quas:

496 5174 801 5245 Sa'ﬁiciﬁ'ﬁi
812 5174 955 5239 (idib.
978 5194 1060 5235 Ms.
1084 5183 1169 5248 ubi
1185 5180 1321 5230 Floro
1337 5174 1761 5248 tribpitttr,_habet_
1768 5187 1863 5248 pro
1873 5174 2089 5246 partione

739 5236 790 5304 si
992 5253 1103 5296 Itss.
1121 5244 1219 5300 hic,
1575 5236 1990 5306 μιτιιεηιψᾳιζηοιι
2002 5236 2092 5306 Ψί-

500 5296 728 5378 ἱιὶὶῖεἶὶἷιὲ
739 5296 986 5379 ῗςῐιὶὲιῆάό
1004 5307 1066 5379 ad
1087 5296 1495 5379 eaeaeae
1503 5296 1924 5379 ΕΙΣἮὶἊηῖῑὲ
1946 5296 2093 5379 Ξὶίξῗῑ

508 5534 1577 5626 ὖῖὁἰἵι“ῖξ›”ιῖὲε’ἓίῇιῖζὶιὶἶέξςέράιξφψρξρω
1597 5534 1725 5624 vero,
1751 5544 1823 5593 uti
1846 5541 1971 5605 legit
1994 5541 2093 5591 cla-

506 5605 1265 5675 ἱέῐεὶ.⁷ἆὶιᾶιὶιῖίίη‹;ιοεε.,νόςε,
1290 5605 1535 5657 Plenaria.
1597 5664 1609 5675 ,
1656 5618 1661 5624 -
1723 5666 1743 5675 _
1796 5671 1805 5675 _
1882 5624 1896 5675 r_
1958 5662 1972 5674 θ

573 5664 949 5746 summa
972 5664 1162 5727 ιιεείλι
1176 5664 1274 5746 ενή
1292 5664 2097 5746 memineramus

513 5727 1038 5804 tr.u:iii}il;'étc".’"u'.ov.,
1062 5727 1306 5804 connexus
1325 5730 1395 5782 eis
1433 5729 1582 5793 refert
1602 5727 1979 5780 similitudinem.
2006 5733 2095 5777 ne-

508 5802 747 5871 ciuus,
771 5805 947 5857 referte
980 5806 1063 5862 au,
1088 5806 1185 5849 etc.
1230 5802 1235 5807 ’

1673 328 1733 384 8.
1773 314 2151 388 AUGUSTIM
2188 314 2491 378 El’iSCOPl

971 4989 1202 5068 enim;
1234 4994 1511 5068 passionum
1545 4989 1798 5068 inferimus
1834 4989 2106 5068 pargtorin’

2146 429 2281 485 rami
2308 430 2578 486 naturales
2607 425 2783 502 (Rom.
2811 444 2866 486 ιι
2890 469 2905 496 ,
2946 427 3038 498 21)
3072 445 3085 484 :
3121 429 3351 498 Quarum
3383 428 3620 499 adoptio,
3649 432 3733 485 in-

2138 523 2278 593 quit,
2304 533 2351 577 et
2375 520 2670 578 testamenta
2692 532 2742 578 et
2767 520 2918 594 Legis
2943 523 3267 586 constitutio;
3296 536 3510 593 quorum
3527 532 3730 593 patres,

2143 624 2192 667 et
2215 629 2279 667 ea:
2301 614 2481 684 quibus
2504 603 2734 672 Christus
2755 613 3030 668 secundant
3064 602 3308 677 Carnem,
3346 608 3443 681 qui
3466 625 3541 669 est
3579 630 3732 683 supa-

2144 705 2313 758 omnia
2334 702 2475 758 Deus
2497 702 2784 758 benedictus
2802 702 2857 758 in
2874 704 3060 758 stecula
3085 701 3197 773 (Id.
3221 718 3298 769 ιι,
3323 703 3378 765 6.
3408 702 3485 770 5),
3518 701 3605 757 Ex
3622 704 3734 773 qui-

2144 794 2239 849 bus
2265 794 2495 849 Christus
2519 786 2795 848 secundum
2809 810 3033 858 carnem,
3058 802 3306 864 tanquam
3333 808 3402 848 ex
3429 777 3581 859 Sion,
3608 795 3732 864 quia

2145 886 2294 940 homo
2319 888 2484 955 factus
2501 885 2650 940 estin
2677 900 2784 938 ea:
2808 884 2929 954 quia
2956 884 3188 939 Christus
3223 897 3375 955 super
3399 885 3572 938 omnia
3598 878 3733 939 Deus

2145 976 2431 1031 benedictus
2454 977 2507 1030 in
2524 976 2737 1043 saecula,
2765 975 2886 1046 quia
2907 975 3015 1046 ipse
3033 974 3265 1044 fundavit
3282 991 3396 1029 eam
3420 972 3730 1037 Altissimus.

2146 1067 2231 1120 Ex
2257 1068 2436 1137 quibus
2478 1067 2711 1122 Christus
2752 1067 3032 1140 secundum
3063 1081 3305 1133 carnem,
3352 1065 3492 1121 illius
3521 1064 3685 1120 David
3714 1082 3731 1119 :

2145 1161 2230 1229 qui
2259 1170 2332 1214 est
2354 1176 2509 1229 super
2535 1159 2707 1213 omnia
2743 1158 2882 1213 Deus
2907 1157 3196 1214 benedictus
3219 1159 3272 1213 in
3297 1159 3517 1223 acula,
3550 1157 3735 1213 Domi-

2146 1267 2249 1307 nus
2276 1240 2469 1306 D‘avid.
2490 1251 2624 1306 Tota
2648 1266 2775 1322 ergo
2801 1251 2888 1305 illa
2917 1249 3382 1320 civitasloquitur,
3418 1265 3448 1304 a
3476 1250 3737 1320 sanguine

2147 1343 2282 1399 Abel
2326 1342 2456 1414 justi
2484 1340 2770 1413 usquead
2814 1342 3129 1412 sanguinem
3172 1337 3467 1396 Zachariae.
3514 1339 3645 1394 lude
3681 1349 3738 1394 et

2148 1433 2404 1504 deinceps
2422 1448 2463 1488 ea
2491 1430 2749 1504 sanguine
2766 1431 3011 1497 Joannis,
3034 1445 3131 1503 per
3157 1431 3469 1502 sanguinem
3509 1430 3743 1499 Aposto-

2149 1524 2350 1593 lorum,
2380 1538 2477 1595 per
2499 1523 2816 1595 sanguinem
2844 1532 3139 1594 martyrum
3158 1561 3174 1586 ,
3210 1535 3309 1592 per
3334 1520 3650 1591 sanguinem
3681 1520 3744 1575 li-

2150 1616 2352 1672 delium
2380 1615 2615 1681 Christi,
2643 1630 2748 1670 una
2773 1613 2964 1671 civitas
2987 1613 3222 1685 loquitur
3242 1652 3261 1677 ,
3290 1627 3429 1668 unus
3454 1611 3619 1668 homo
3659 1611 3743 1666 di.

2149 1706 2225 1762 cit
2260 1723 2274 1760 :
2306 1707 2580 1776 Quousque
2621 1705 2881 1777 apponitis
2926 1720 3080 1775 super
3123 1703 3373 1759 hominem
3397 1703 3423 1757 .’
3464 1701 3743 1770 Inter/idle

2152 1806 2345 1853 omnes.
2377 1796 2667 1853 Videamus
2692 1798 2738 1853 si
2764 1795 2977 1862 deletis,
3005 1794 3281 1851 videamus
3306 1795 3361 1850 si
3377 1794 3740 1865 exstinguitis,

2114 1904 2119 1909 ·
2152 1886 2430 1943 videamus
2464 1886 2512 1941 si
2554 1887 2740 1942 tollitis
2765 1886 2835 1941 de
2865 1894 3006 1940 terra
3037 1898 3232 1940 nomen
3258 1888 3376 1954 ejus
3398 1925 3413 1948 ,
3460 1883 3743 1939 videamus

2154 1979 2199 2035 si
2223 1994 2327 2033 non
2356 1980 2535 2050 populi
2566 1980 2743 2034 inania
2767 1978 3096 2034 meditemini
3121 1976 3297 2048 (Psal.
3322 1993 3381 2043 ll,
3414 1976 3469 2048 1)
3492 2019 3508 2045 ,
3552 1966 3745 2033 dicen-

2156 2077 2279 2126 tes:
2313 2069 2532 2138 Quando
2565 2070 2808 2124 morietur
2829 2110 2847 2135 ,
2892 2077 2943 2123 et
2978 2069 3158 2139 peribit
3193 2084 3376 2122 nomen
3412 2068 3521 2138 ejus
3567 2065 3744 2139 (Psal.

2158 2176 2251 2227 xc,
2274 2157 2372 2232 .6)?
2394 2158 2660 2231 Tanquam
2685 2158 2865 2229 parieti
2891 2158 3164 2225 inclinato,
3180 2167 3228 2213 et
3254 2158 3486 2223 macer-ite
3511 2157 3749 2228 impulsa

2158 2249 2483 2318 incumbite,
2523 2242 2799 2321 impellite.
2832 2248 3029 2305 Audite
3054 2263 3213 2319 supra
3242 2265 3257 2301 :
3287 2247 3562 2319 διαίρων
3584 2235 3748 2316 meus,

2159 2360 2264 2407 non
2298 2342 2533 2398 movebar
2553 2340 2821 2415 amplius;
2847 2341 2972 2412 quia
3009 2350 3261 2419 tanquam
3296 2339 3543 2411 cumulus
3569 2332 3750 2395 arena:

2164 2424 2430 2508 impulsus
2455 2451 2574 2492 sum
2606 2444 2664 2490 ut
2688 2433 2937 2491 caderem
2957 2474 2975 2502 ,
3004 2442 3061 2490 et
3101 2431 3363 2489 Dominus
3388 2432 3625 2503 suscepit
3662 2445 3751 2488 me

2162 2518 2337 2601 (Psal.
2361 2526 2531 2592 cxvn,’
2556 2525 2672 2596 15).

2233 2617 2289 2678 5.
2318 2617 2472 2693 [oers.
2513 2616 2594 2692 5.]
2631 2616 2987 2672 Verumtamen
3027 2615 3268 2670 honorem
3296 2629 3463 2669 meum
3502 2613 3754 2693 cogitate-

2162 2719 2285 2766 runt
2307 2690 2552 2780 repellere
2575 2690 2596 2764 ἓ
2621 2707 2746 2764 victi
2777 2706 2905 2762 dum
2944 2704 3271 2762 interficiunt
3311 2702 3567 2763 cedentes
3586 2744 3601 2771 ,
3630 2690 3753 2758 san-

2164 2802 2327 2877 guine
2367 2798 2770 2857 interfectorum
2796 2796 3213 2867 multiplicantes
3244 2794 3463 2863 ﬁdeles,
3500 2795 3753 2865 cedentes

2165 2891 2253 2949 his
2278 2900 2335 2949 et
2367 2891 2479 2963 jam
2509 2906 2619 2946 non
2647 2889 2888 2944 valentes
2908 2887 3179 2958 occidere.
3218 2884 3567 2947 Verumtamen
3600 2886 3758 2941 bono-

2166 3000 2277 3040 rem
2315 3000 2481 3039 meum
2510 2984 2859 3054 cogitaverunt
2897 2979 3162 3051 repellere.
3190 2978 3347 3044 Modo
3370 2978 3491 3049 quia
3524 2994 3632 3033 non
3664 2994 3757 3049 pu-

2169 3085 2275 3133 test
2294 3077 2464 3133 occidi
2485 3075 2827 3140 christianus,
2856 3072 3029 3142 agitur
3050 3079 3110 3126 ut
3133 3056 3496 3127 exhonoretur
3515 3068 3760 3126 christiac

2170 3183 2294 3224 nus.
2311 3167 2467 3223 Nunc
2484 3167 2628 3223 enim
2650 3165 2855 3221 honore
2875 3162 3300 3220 Christianorum
3322 3162 3481 3226 corda
3502 3172 3757 3234 torquen-

2171 3268 2259 3315 tur
2300 3258 2587 3330 impiorum
2608 3275 2630 3315 _:
2656 3256 2769 3326 jam
2797 3253 2996 3322 Juseph
3034 3253 3125 3309 ille
3158 3253 3455 3323 epiritualis
3483 3263 3606 3323 post
3634 3268 3761 3308 veno

2171 3352 2430 3415 ditionem
2455 3365 2486 3405 a
2513 3348 2785 3413 fratribus,
2818 3355 2941 3418 post
2967 3344 3364 3400 translationem
3385 3344 3451 3400 de
3471 3344 3639 3414 patria
3667 3360 3760 3400 sua

2173 3441 2239 3497 ad
2266 3449 2454 3513 gentes
2483 3449 2734 3511 tanquam
2764 3439 2817 3492 in
2849 3435 3158 3508 Egyptum,
3191 3443 3311 3506 post
3340 3433 3760 3492 humiliationeui

2174 3532 2441 3597 carceris,
2484 3540 2604 3601 post
2628 3531 2913 3586 factionem
2944 3530 2957 3560 '
2992 3527 3138 3584 falsa:
3168 3529 3341 3591 testis,
3371 3521 3655 3597 postquam
3686 3530 3763 3581 fa-

2174 3637 2320 3684 ctum
2348 3632 2433 3696 est
2456 3622 2599 3699 quod
2628 3622 2697 3684 de
2723 3623 2815 3682 illo
2855 3621 3057 3683 dictum
3085 3628 3206 3690 est,
3244 3618 3464 3679 Ferrum
3508 3636 3766 3697 pertrans-

2175 3723 2264 3776 ivit
2304 3722 2531 3775 animum
2557 3722 2670 3791 ejus
2709 3717 2883 3790 (Psal.
2911 3734 3034 3785 etv,
3064 3714 3190 3789 18);
3230 3717 3342 3788 jam
3384 3715 3768 3771 honoriﬁcatus

2178 3822 2282 3889 est,
2308 3812 2420 3883 jam
2450 3827 2559 3868 non
2584 3819 2669 3867 est
2701 3808 2946 3867 subditus
2971 3807 3223 3864 fratribus
3253 3806 3607 3863 vendentibus
3628 3851 3642 3873 ,
3672 3808 3766 3861 sed

2180 3907 2451 3962 frumenta
2491 3912 2677 3975 erogat
2699 3903 3062 3959 esurientibus
3086 3901 3247 3969 (Gen.
3292 3916 3482 3958 sum
3506 3943 3523 3969 ,
3566 3917 3726 3956 xui:
3751 3942 3767 3965 ,

2183 4000 2323 4071 xu).
2346 3999 2486 4055 Victi
2513 3999 2631 4067 ejus
2651 3997 2953 4061 humilitate
2977 4006 3033 4051 ct
3054 3998 3320 4063 castitate,
3347 3996 3767 4066 incorruptione,

2184 4093 2571 4149 tentaticnibus
2597 4132 2611 4157 ,
2654 4090 2994 4163 passiouibus
3018 4128 3035 4155 ,
3060 4085 3172 4159 jam
3200 4104 3321 4149 cum
3349 4090 3671 4143 honoratum
3697 4088 3773 4142 vi-

2183 4186 2314 4240 dent
2334 4225 2349 4245 ,
2378 4192 2433 4238 et
2458 4182 2717 4259 honorem
2745 4182 2916 4251 ipsius
2941 4182 3177 4252 cogitant
3206 4179 3490 4251 repellere.
3524 4178 3581 4234 in
3621 4182 3771 4250 cogi-

2185 4274 2476 4347 tationibus
2501 4275 2699 4344 quippe
2726 4287 2915 4326 eorum
2944 4279 3029 4327 est
3059 4271 3185 4325 illud
3208 4314 3223 4337 ,
3255 4270 3505 4326 Peccator
3536 4271 3722 4330 videbit
3755 4286 3775 4323 :

2187 4380 2361 4435 neque
2402 4364 2545 4419 enim
2578 4378 2682 4416 non
2723 4362 2957 4425 videbit,
2995 4359 3209 4431 quando
3238 4376 3344 4414 non
3374 4369 3549 4430 potest
3586 4360 3774 4415 civitas

2193 4444 2470 4513 abscondi
2496 4470 2657 4523 supra
2689 4464 2927 4509 montem
2981 4453 3267 4509 constituta
3313 4450 3524 4524 (Matth.
3552 4466 3589 4505 v
3612 4494 3628 4519 ,
3662 4451 3773 4523 ii).

2189 4550 2438 4606 Peccatar
2464 4564 2593 4616 ergo
2622 4546 2825 4611 videbit,
2861 4556 2908 4599 et
2938 4547 3217 4616 irascetur;
3242 4544 3477 4598 dentibus
3503 4543 3608 4599 suis
3630 4544 3776 4613 [rene

2191 4642 2297 4706 det,
2325 4651 2368 4695 et
2400 4610 2614 4693 tabescet
2652 4637 2822 4709 (Psal.
2854 4631 2964 4699 CXI.
2999 4610 3109 4709 io).
3146 4636 3301 4692 Latet
3324 4638 3377 4691 in
3406 4635 3589 4705 corde,
3616 4610 3672 4691 et
3700 4646 3779 4691 te-

2190 4724 2332 4801 gitur
2358 4729 2533 4784 fronte
2572 4743 2839 4782 venenum
2872 4726 2926 4781 in
2970 4726 3321 4781 saevientibus
3360 4735 3415 4782 et
3451 4725 3779 4796 indignanti.

2192 4823 2313 4877 bus.
2345 4821 2633 4890 Propterea
2664 4828 2719 4874 et
2750 4818 2837 4874 hic
2865 4817 3221 4888 cogitationes
3246 4832 3432 4873 eorum
3462 4816 3591 4873 dicit
3612 4859 3629 4883 ,
3664 4816 3779 4872 Ilo.

2194 4932 2389 4977 narem,
2419 4913 2611 4984 inquit,
2637 4908 2805 4965 meum
2831 4912 3175 4983 cogitaverunt
3200 4908 3463 4979 repellere.
3492 4909 3605 4963 Non
3635 4911 3780 4964 enim

2194 5008 2395 5063 audent
2429 5005 2609 5060 verbis
2650 5003 2892 5074 proferre
2930 5001 3072 5072 quod
3112 5002 3367 5071 cogitant.
3393 5001 3651 5070 Optemus
3676 5002 3780 5059 illis

2196 5098 2356 5165 bona,
2388 5096 2596 5152 etiamsi
2623 5102 2810 5164 optant
2835 5095 2973 5147 mala
2992 5094 3037 5147 ⁸.
3058 5088 3241 5147 iudica
3271 5090 3407 5159 illos,
3432 5090 3604 5155 Deus;
3633 5092 3781 5146 deci-

2201 5188 2331 5247 dant
2361 5202 2392 5241 a
2419 5184 2835 5257 cogitationibus
2859 5183 2971 5237 suis
3001 5180 3172 5255 (Psal.
3200 5197 3235 5235 v
3257 5221 3273 5247 ,
3317 5180 3433 5253 11).
3463 5181 3600 5248 Quid
3636 5183 3778 5236 cnim

2199 5279 2307 5334 illis
2334 5277 2529 5333 melius
2550 5316 2568 5343 ,
2612 5274 2740 5346 quid
2784 5274 2967 5328 utilius
2990 5314 3006 5339 ,
3043 5287 3203 5341 quam
3228 5279 3289 5326 ut
3317 5270 3441 5326 inde
3468 5271 3660 5329 cadant
3690 5267 3779 5339 ubi

2199 5370 2341 5426 male
2362 5378 2532 5431 stant,
2585 5375 2646 5422 ut
2676 5365 2876 5435 possint
2914 5363 3014 5432 ipsi
3050 5362 3277 5417 correcti
3304 5359 3780 5437 di.cere,QStatuisti

2203 5464 2353 5536 pedes
2381 5478 2513 5516 meos
2542 5476 2698 5531 supra
2727 5468 2921 5530 petram
2945 5455 3118 5525 (Psal.
3151 5470 3337 5518 χχχιι,
3369 5453 3464 5525 3)?

2272 5729 2287 5755 ι
2312 5724 2387 5771 sic
2404 5728 2553 5771 ﬂuet
2574 5712 2682 5768 stas.
2708 5725 2764 5766 At
2780 5725 2910 5774 Lov.,
2935 5716 3233 5779 (rectionem.
3297 5773 3311 5779 _
3383 5759 3386 5762 .

2277 5788 2298 5817 ¹
2324 5784 2547 5846 Plerique
2569 5772 2945 5849 \tss.:'opbmtus
2969 5772 3067 5830 illis
3089 5779 3222 5841 bene,
3247 5773 3437 5827 etiamsi
3457 5780 3625 5840 putant
3646 5773 3781 5847 male.
