3934 6324
232 374 338 433 785

296 491 352 546 6.
389 488 737 544 Verumtamen
755 488 1096 558 cogitaverunt
1111 489 1353 541 honorem
1369 501 1532 540 meum
1550 485 1812 554 repellere.

224 585 430 640 Omnes
455 594 638 639 contra
671 598 855 648 unum,
884 597 950 636 an
981 596 1116 638 unus
1144 578 1331 637 Contra
1357 593 1576 643 omnes;
1604 592 1674 631 an
1695 591 1816 631 om-

223 695 323 734 nes
340 689 528 734 contra
544 691 753 742 omncs,
770 691 836 730 an
858 691 995 730 unus
1013 688 1198 730 contra
1230 673 1432 729 unum?
1454 671 1666 726 Interim
1693 686 1814 726 cum

221 772 377 838 dicit,
405 771 675 842 Apponitis
693 785 844 837 super
864 768 1147 831 hominem;
1175 774 1425 836 tanquam
1453 780 1615 834 super
1633 779 1815 818 unum:

223 874 283 918 et
329 877 451 918 cum
496 862 643 922 dicit.
692 859 972 930 lnter/icite
997 875 1206 923 omnes;
1234 857 1383 927 quasi
1415 869 1603 910 omnes
1630 864 1816 910 contra

219 966 428 1009 unum:
456 953 550 1008 sed
601 964 775 1008 tamen
820 958 877 1007 et
923 964 1111 1006 omnes
1151 958 1338 1004 contra
1379 961 1586 1010 omnes,
1615 946 1736 1014 quia
1765 952 1822 1000 et

223 1049 516 1105 Christiani
544 1061 749 1110 omnes,
782 1045 878 1101 sed
909 1046 959 1099 in
988 1060 1114 1099 uno.
1140 1043 1275 1109 Quid
1299 1049 1476 1095 autem
1517 1040 1593 1094 illi
1623 1039 1818 1097 diversi

224 1154 442 1198 errores
470 1141 668 1194 inimici
697 1137 1134 1202 Christi,‘omnes
1165 1143 1364 1188 tantum
1395 1131 1608 1187 dicendi
1655 1131 1820 1184 sunt?

227 1251 410 1290 nonne
440 1242 496 1287 et
523 1232 695 1288 unus?
729 1231 893 1284 Plane
933 1228 1106 1282 audeo
1146 1237 1199 1281 et
1242 1241 1404 1280 unum
1447 1225 1665 1278 dicere:
1697 1223 1819 1292 quia

224 1341 331 1381 una
359 1325 548 1380 civitas
562 1332 616 1378 et
638 1336 738 1376 una
758 1320 965 1385 civitas,
993 1334 1129 1376 unus
1159 1317 1386 1388 populus
1411 1327 1463 1370 et
1487 1330 1620 1369 unus
1649 1329 1820 1384 popu-

227 1419 334 1482 lus,
367 1432 463 1472 rex
490 1425 545 1471 et
571 1430 685 1471 rex.
719 1412 858 1480 Quid
883 1421 1000 1478 est,
1032 1426 1134 1466 una
1165 1409 1350 1466 civitas
1378 1418 1431 1462 et
1459 1424 1558 1463 una
1589 1407 1824 1462 civitas?

223 1509 518 1580 Babylonia
543 1522 680 1572 una;
710 1492 1001 1561 Jerusalem
1029 1519 1153 1556 una.
1176 1501 1508 1569 Quiltuslibet
1525 1499 1644 1553 aliis
1660 1499 1821 1554 etiam

224 1600 470 1672 mysticis
500 1596 807 1654 nominibus
845 1594 1164 1664 appelletur,
1197 1608 1300 1671 una
1332 1590 1726 1646 tameu‘civitas
1768 1597 1823 1643 et

223 1706 334 1747 una
360 1692 581 1746 civitas:
613 1689 701 1743 illa
726 1702 852 1759 rege
880 1685 1121 1744 diabolo;
1167 1687 1265 1738 ista
1311 1697 1437 1753 rege
1471 1679 1703 1737 Christo.
1732 1679 1814 1734 Inv

226 1784 392 1839 tendo
421 1772 565 1837 enim
594 1780 888 1851 Evangelio
915 1772 1146 1849 quodam
1178 1776 1320 1842 loco,
1367 1783 1423 1830 et
1468 1782 1651 1830 movet
1698 1789 1784 1827 me
1805 1815 1820 1840 ,

225 1884 361 1946 puto
391 1873 534 1945 quod
564 1881 619 1929 et
658 1887 777 1927 vos.
811 1871 1162 1941 Posteaquam
1192 1868 1396 1922 invitati
1424 1876 1549 1920 sunt
1574 1864 1726 1920 multi
1757 1865 1823 1920 ad

227 1969 446 2037 nuptias
473 1965 601 2022 boni
631 1973 687 2020 et
713 1964 860 2032 mali,
887 1949 942 2018 et
966 1963 1198 2032 impleta:
1234 1969 1358 2016 sunt
1383 1959 1580 2028 nuptite
1607 1973 1825 2013 recum-

227 2060 502 2124 bentium;
534 2057 677 2112 servi
698 2056 844 2111 enim
875 2055 1046 2118 missi,
1080 2062 1136 2108 ut
1167 2061 1494 2124 prmeeptum
1523 2060 1659 2114 erat,
1684 2051 1826 2106 invi-

227 2157 480 2206 laverunt
517 2157 573 2204 et
614 2146 786 2203 bonos
831 2155 889 2202 et
934 2145 1136 2211 malos;
1186 2157 1242 2199 et
1286 2145 1556 2212 ingressus
1599 2151 1683 2197 cst
1733 2155 1827 2196 rex

225 2245 498 2315 inspicere
525 2240 927 2312 recumbentes,
954 2240 1027 2293 et'
1047 2237 1250 2293 invenit
1288 2235 1558 2291 hominem
1590 2251 1694 2290 non
1729 2236 1825 2288 lia--

224 2337 446 2392 beutem
487 2342 692 2388 vestem
744 2331 1058 2401 nuptialem,
1094 2339 1149 2384 et
1193 2328 1268 2383 ait
1315 2327 1388 2381 illi
1431 2327 1574 2397 quod
1621 2327 1824 2382 nostis:

223 2429 421 2494 Amice,
447 2426 582 2481 unde
603 2425 705 2478 huc
723 2425 922 2489 venisti,
955 2438 1056 2476 non
1083 2421 1272 2474 habens
1301 2429 1482 2475 vestem
1513 2419 1830 2489 nuptialem?

224 2519 289 2574 At
315 2519 403 2574 ille
429 2517 695 2572 obmutuit.
730 2515 796 2570 Et
819 2514 981 2583 jussit
1005 2513 1054 2568 ei
1089 2513 1240 2583 ligari
1273 2526 1461 2566 manus
1485 2520 1539 2566 ct
1568 2511 1751 2581 pedes,
1775 2519 1832 2566 et

223 2603 417 2685 projici
448 2627 570 2666 eum
610 2610 663 2664 in
685 2603 946 2664 tenebras
999 2606 1323 2662 exteriores.
1370 2605 1600 2661 Levatus
1642 2614 1724 2660 est
1762 2605 1830 2663 de

223 2704 498 2768 convivio,
523 2713 577 2758 et
603 2702 799 2757 missus
819 2700 977 2756 estin
1000 2714 1187 2770 ptenas
1208 2699 1389 2754 nescio
1424 2700 1545 2770 quis
1570 2699 1733 2755 homo
1765 2701 1818 2756 in

223 2809 336 2856 tam
362 2810 553 2868 magna
581 2793 733 2850 turba
761 2790 1209 2848 recumbentium.
1231 2789 1338 2847 Sed
1363 2800 1539 2846 tamen
1563 2791 1822 2849 Dominus

222 2889 416 2949 volens
445 2869 733 2945 ostendere
763 2899 926 2941 unum
951 2883 1098 2938 illum
1127 2881 1421 2950 hominem,
1442 2899 1604 2939 unum
1627 2901 1823 2955 corpus

223 2982 350 3042 csse
389 2981 533 3054 quod
560 2987 770 3035 constat
807 2991 877 3032 ex
913 2975 1120 3041 multis,
1167 2974 1256 3029 ubi
1295 2974 1456 3044 jussit
1485 2991 1607 3030 eum
1633 2977 1825 3046 projici

201 3099 204 3102 ’
229 3079 396 3143 foras,
426 3083 480 3134 et
507 3071 671 3128 mittit
700 3072 752 3126 in
780 3069 989 3126 debitas
1018 3058 1226 3139 pmnas,
1273 3067 1497 3138 subjecit
1523 3069 1776 3124 continuo
1800 3085 1815 3123 :

225 3168 386 3227 Huni
407 3168 539 3221 enim
565 3148 683 3219 sunt
713 3162 894 3225 vocati,
935 3161 1089 3233 pauci
1111 3175 1226 3214 vero
1259 3160 1407 3214 electi
1444 3159 1658 3233 (Matth.
1689 3177 1822 3228 χιιι,

226 3260 444 3331 10-14).
462 3256 601 3325 Quid
623 3262 709 3310 est
731 3251 867 3308 hoc?
893 3252 1212 3315 Convocastl
1241 3251 1448 3318 turbas,
1476 3253 1621 3307 venit
1637 3253 1825 3323 ingens

225 3349 546 3414 multitudo;
576 3345 924 3410 annuutiasti,
956 3344 1168 3398 locutus
1204 3345 1292 3412 'es,
1337 3344 1674 3414 multiplicati
1705 3353 1834 3401 s‘unt

227 3459 398 3516 super
429 3432 709 3497 numerum
738 3421 916 3509 (Psal.
941 3445 1123 3502 xxxix,
1144 3435 1223 3508 6),
1240 3436 1475 3506 impletae
1492 3446 1617 3491 sunt
1634 3438 1834 3509 nuptiae

225 3534 690 3598 recumbentium;
723 3529 992 3601 projectus
1020 3538 1104 3585 est
1132 3529 1254 3584 inde
1283 3530 1432 3584 solus
1475 3544 1634 3598 unus,
1663 3539 1719 3586 et
1743 3531 1829 3586 di-

225 3631 328 3695 cis,
360 3627 520 3684 Multi
545 3625 681 3681 enim
703 3633 818 3680 sunt
843 3624 1029 3689 vocati,
1062 3622 1214 3696 pauci
1250 3639 1368 3678 vero
1394 3624 1560 3679 electi.
1591 3625 1699 3680 Cur
1724 3641 1830 3680 non

225 3715 667 3795 potius:0mnes
691 3717 886 3784 vocati,
920 3715 1072 3771 multi
1118 3716 1296 3784 electi,
1345 3731 1483 3773 unus
1521 3716 1834 3787 projectus?

227 3814 284 3870 Si
327 3811 552 3876 diceret,
590 3807 743 3864 Multi
769 3807 913 3866 enim
951 3814 1078 3861 sunt
1104 3806 1299 3874 vocati,
1331 3816 1388 3862 et
1434 3807 1615 3877 plures
1647 3809 1828 3877 electi,

227 3904 389 3977 pauci
413 3886 545 3958 vero
558 3899 802 3972 reprobi;
829 3900 880 3954 iu
902 3899 1085 3970 paucis
1107 3898 1246 3956 forte
1266 3900 1610 3955 verisimilius
1631 3902 1837 3956 intelli-

228 3981 482 4072 geremus
508 4011 669 4051 unum
697 3994 868 4050 illum.
895 3991 1047 4070 Nunc
1066 3997 1201 4048 Vero
1230 3991 1361 4050 dicit
1381 3994 1520 4066 quod
1545 4009 1683 4049 unus
1706 3995 1828 4050 inde

230 4090 507 4163 projectus
544 4094 645 4151 est,
674 4097 727 4142 et
750 4083 928 4143 subdit
951 4102 966 4140 :
992 4083 1150 4139 Multi
1184 4084 1317 4140 enim
1343 4095 1459 4140 sunt
1479 4087 1661 4152 vocati,
1685 4087 1834 4156 pauci

228 4198 347 4238 vero
373 4180 539 4236 electi.
586 4178 690 4248 Qui
740 4187 865 4233 sunt
907 4177 1084 4243 electi,
1134 4175 1237 4232 nisi
1283 4176 1374 4247 qui
1419 4179 1833 4234 remanserunt?

227 4272 483 4343 Projecto
513 4286 638 4335 uno,
660 4268 816 4344 electi
843 4275 1236 4339 remanserunt.
1261 4257 1564 4335 Quomodo,
1593 4269 1834 4339 projecto

229 4379 340 4419 uno
361 4364 431 4419 de
451 4361 656 4429 multis,
676 4359 828 4431 pauci
852 4359 1030 4423 electi,
1054 4357 1157 4417 nisi
1179 4358 1301 4429 quia
1327 4358 1379 4413 in
1402 4358 1494 4413 illo
1514 4375 1622 4414 uno
1641 4360 1834 4415 multi?

229 4459 435 4516 Omnes
485 4457 577 4528 qui
622 4464 835 4511 terrena
865 4453 1098 4525 sapiunt,
1132 4448 1334 4509 ‘omnes
1379 4455 1472 4525 qui
1523 4454 1832 4510 felicitatem

228 4561 506 4608 terrenam
524 4548 635 4604 Deo
655 4545 969 4617 praeferunt,
996 4561 1186 4601 omnes
1205 4545 1297 4615 qui
1321 4560 1417 4601 sua
1437 4556 1704 4617 quaerunt,
1723 4555 1833 4602 non

229 4657 352 4714 qua:
393 4638 524 4695 Jesu
563 4636 787 4702 Christi,
812 4635 1071 4710 (Philipp.
1117 4651 1176 4702 tt,
1217 4635 1351 4703 2i),
1383 4636 1450 4691 ad
1481 4653 1639 4692 unam
1685 4638 1833 4694 illam

228 4734 512 4789 civitatem
548 4730 857 4801 pertinent,
890 4744 1012 4799 qua:
1040 4728 1235 4783 dicitur
1262 4727 1554 4800 Babylonia
1583 4731 1830 4802 mystice,

229 4835 286 4880 et
312 4823 478 4879 habet
503 4837 685 4893 regem
714 4820 1006 4876 diabolum.
1053 4820 1256 4901 Omnes
1302 4832 1481 4876 autem
1511 4822 1602 4892 qui
1627 4837 1690 4878 ea
1713 4838 1835 4893 qum

230 4931 448 4973 sursum
487 4922 614 4969 sunt
657 4915 902 4983 sapiunt,
942 4913 1033 4984 qui
1079 4913 1320 4968 cmlcstia
1368 4913 1710 4978 meditantur,
1741 4915 1833 4986 qui

231 5026 356 5065 cum
380 5006 743 5064 sollicitudine
770 5006 822 5060 in
841 5006 1040 5061 sa:culo
1062 5009 1241 5061 vivunt
1265 5022 1332 5060 ne
1350 5007 1514 5061 Deum
1534 5004 1830 5076 oﬂ'endant,

233 5102 327 5172 qui
358 5107 553 5156 cavent
581 5113 828 5168 peccare,
852 5098 995 5168 ‘quos
1025 5107 1308 5168 peccantes
1339 5112 1444 5153 non
1472 5097 1638 5169 pudet
1663 5099 1835 5154 conﬁ-

234 5193 363 5260 teri,
397 5191 654 5257 humiles,
687 5191 865 5258 mites,
907 5191 1100 5258 sancti,
1136 5188 1289 5261 justi,
1321 5191 1416 5260 pii,
1457 5192 1620 5260 boni;
1647 5208 1837 5251 omnes

234 5287 305 5343 ad
335 5302 497 5341 unam
520 5285 794 5340 civitatem
815 5285 1106 5355 pertinent,
1138 5301 1258 5357 qua:
1283 5302 1462 5357 regem
1489 5286 1652 5343 habet
1679 5286 1835 5343 Chri-

239 5389 407 5434 stum.
433 5378 526 5433 llla
550 5380 692 5433 enim
719 5378 772 5432 in
796 5386 934 5432 terra
956 5364 1107 5449 quasi
1128 5377 1403 5449 tnajorest
1429 5389 1700 5450 tempore;
1726 5395 1832 5436 non

238 5471 589 5535 sublimitate,
636 5483 743 5524 non
774 5468 996 5524 honore.
1040 5467 1240 5525 Civitas
1270 5469 1358 5524 illa
1390 5471 1535 5540 prior
1563 5483 1718 5536 nata;
1747 5476 1832 5528 ci-

239 5562 376 5616 vitas
420 5560 520 5615 ista
564 5559 831 5630 posterior
857 5570 1004 5622 nata.
1033 5559 1126 5615 Illa
1167 5561 1314 5618 enim
1362 5560 1635 5635 incmpita
1664 5563 1829 5632 Cain;

243 5654 359 5709 huic
391 5653 460 5708 ab
498 5650 654 5708 Abel.
687 5652 812 5707 lianc
853 5652 960 5708 duo
998 5666 1224 5722 corpora
1252 5653 1353 5709 sub
1380 5652 1588 5709 duobus
1617 5658 1831 5727 regibus

242 5747 474 5817 agentia,
499 5747 566 5802 ad
587 5746 824 5818 singulas
843 5747 1087 5803 civitates
1109 5748 1447 5819 pertinentia,
1481 5748 1831 5807 adversantur

242 5842 342 5898 sibi
371 5856 538 5914 usque
560 5841 612 5897 in
637 5841 794 5897 tinem
821 5842 1022 5912 saeculi,
1048 5841 1220 5898 donec
1247 5841 1337 5898 ﬁat
1357 5859 1421 5899 ex
1443 5845 1824 5905 commixtione

1421 370 1816 427 ENARRATIO
1855 366 1924 424 1N
1962 370 2283 429 PSALMUM
2325 374 2459 430 LXI.

3408 382 3514 439 754

1926 486 2214 553 separatio,
2249 495 2304 540 et
2331 487 2420 541 alii
2449 495 2714 557 ponantur
2735 487 2800 543 ad
2827 489 3122 558 dexteram,
3155 491 3246 547 alii
3281 492 3347 546 ad
3377 494 3514 548 sini-

1925 586 2112 641 stram,
2160 578 2474 650 dicaturque
2521 580 2656 636 illis:
2694 581 2888 646 Venite,
2927 584 3168 638 benedicti
3195 585 3368 640 Patris
3393 604 3508 654 met,

1925 669 2165 738 percipite
2210 687 2422 741 regnum
2470 675 2605 742 quod
2648 673 2782 728 vobis
2825 686 3056 744 paratum
3103 689 3176 730 est
3217 679 3280 732 ab
3306 682 3512 732 exordio

1926 761 2136 826 mundi;
2167 762 2274 816 illis
2304 774 2516 820 autem:
2551 765 2633 821 Ile
2658 766 2707 819 in
2754 768 2920 836 ignem
2959 781 3220 834 a’ternum,
3250 774 3336 841 qui
3361 790 3512 842 pam-

1925 862 2004 906 tus
2026 864 2098 910 est
2123 855 2325 910 diabolo
2364 867 2412 911 et
2448 859 2640 929 angelis
2668 861 2778 928 ejus
2809 861 3022 933 (Matth.
3075 880 3201 926 xxv,
3249 865 3340 930 3i,
3396 866 3509 931 41).

1925 945 2172 1000 Christus
2192 949 2333 1008 enim
2361 949 2462 1004 hoc
2488 950 2648 1005 dicit;
2692 951 2881 1018 Venite,
2927 954 3170 1007 benedicti
3202 955 3368 1009 Patris
3393 958 3510 1014 mei.

1925 1038 2164 1113 percipile
2185 1055 2391 1110 regnum
2411 1044 2546 1111 quod
2566 1042 2702 1095 vobis
2723 1055 2957 1112 paratum
2984 1056 3055 1098 est
3076 1053 3136 1098 ab
3157 1047 3300 1098 initio
3321 1051 3515 1102 ntuua'i.

1929 1129 2043 1184 Rex
2070 1130 2300 1186 civitatis
2325 1148 2454 1200 sum,
2488 1133 2660 1188 victor
2684 1149 2848 1204 super
2877 1137 3076 1190 omnia.
3112 1136 3218 1191 illis
3245 1148 3422 1192 autem
3451 1139 3524 1190 ad

1927 1219 2198 1275 sinistram
2225 1225 2532 1278 constitutis
2556 1234 2802 1295 tauquam
2826 1226 3024 1279 civitati
3044 1228 3345 1296 iniquorum
3372 1243 3399 1281 ε·
3416 1227 3518 1291 llr,

1928 1315 2118 1384 inquit,
2146 1319 2199 1369 in
2219 1316 2387 1387 ignem
2415 1327 2676 1372 ueternum.
2711 1319 2973 1389 Numquid
2997 1330 3211 1389 separat
3236 1321 3304 1374 ab
3329 1323 3409 1375 eis
3432 1338 3518 1374 rc-

1926 1406 2083 1475 gem?
2108 1406 2223 1462 Non
2259 1426 2273 1461 :
2306 1409 2509 1464 addidit
2539 1411 2702 1477 enim,
2734 1412 2822 1476 qui
2849 1423 3060 1482 paratus
3105 1424 3174 1466 est
3222 1413 3423 1467 diabolo
3473 1425 3519 1467 et
3582 1416 3585 1417 ⁷

1926 1498 2118 1568 angelis
2141 1499 2272 1567 ejus.

2001 1591 2054 1644 7.
2096 1591 2379 1660 luteudite,
2408 1594 2622 1659 fratres,
2658 1594 2936 1660 intendite,
2969 1611 3097 1667 rogo
3128 1611 3241 1650 vos.
3283 1596 3520 1651 Delectat

1929 1683 2074 1737 enim
2106 1698 2191 1738 me
2226 1699 2406 1752 'pauca
2448 1684 2624 1740 adhuc
2675 1685 2818 1756 loqui
2867 1686 3020 1742 vobis
3067 1689 3133 1742 dc
3164 1690 3378 1742 civitate
3421 1689 3520 1742 hac

1931 1774 2095 1830 dulci.
2145 1775 2542 1831 Gloriosissima
2593 1778 2735 1832 enim
2775 1779 2843 1831 de
2884 1787 2936 1833 te
2979 1778 3119 1835 dicta
3162 1789 3302 1843 sunt,
3335 1780 3522 1834 civitas

1933 1868 2026 1923 Dei
2055 1868 2230 1938 (Psal.
2262 1885 2480 1934 Lxxsw,
2522 1870 2602 1942 5).
2632 1869 2700 1924 Et
2726 1871 2770 1924 si
2792 1870 2988 1926 oblitus
3011 1872 3159 1924 luero
3186 1872 3282 1935 tui,
3311 1872 3525 1926 Jerusa-

1930 1960 2058 2026 icm,
2092 1961 2439 2016 obliviscatur
2467 1977 2554 2015 me
2581 1956 2799 2016 dextera
2845 1977 2959 2016 mea
2993 1960 3163 2033 (Psal.
3192 1979 3410 2025 cxxxvt,
3443 1961 3523 2033 5).

1933 2055 2113 2112 Dulcis
2135 2063 2217 2110 est
2255 2055 2395 2107 enim
2434 2071 2536 2108 una
2567 2057 2758 2124 patria,
2809 2064 2864 2109 et
2904 2070 3031 2110 vere
3060 2071 3160 2109 una
3189 2055 3378 2125 patria,
3411 2056 3524 2109 Sola

1932 2147 2138 2217 patria:
2169 2155 2366 2217 praeter
2396 2147 2537 2201 illam
2571 2147 2826 2217 quidquid
2857 2148 3012 2201 nobis
3037 2158 3138 2214 est,
3168 2147 3527 2217 peregrinatio
3552 2144 3555 2146 ’

1931 2246 2030 2292 est.
2043 2238 2222 2293 Dicam
2238 2253 2365 2308 ergo
2379 2237 2519 2308 quod
2538 2239 2859 2307 agnoscatis,
2877 2237 3020 2308 quod
3036 2239 3342 2308 approbctis
3359 2255 3372 2290 :
3387 2254 3530 2292 com-

1933 2330 2244 2385 memorabo
2270 2329 2414 2399 quod
2441 2332 2639 2394 nostis;
2683 2345 2786 2384 non
2826 2329 3032 2384 docebo
3058 2329 3200 2399 quod
3249 2329 3522 2399 ignoratis.

1935 2422 2060 2478 Non
2087 2424 2272 2494 prius,.
2298 2423 2469 2494 inquit
2507 2422 2816 2493 Apostolus,
2860 2422 2997 2492 quod
3023 2422 3286 2492 spirituale
3315 2430 3404 2484 est,
3438 2420 3527 2475 sed

1933 2518 2068 2588 quod
2093 2517 2347 2583 animale;
2372 2526 2549 2586 postea
2587 2516 2724 2588 quod
2773 2515 3041 2585 spirituale
3070 2515 3112 2587 (Ι
3141 2514 3258 2569 Cor.
3288 2528 3379 2578 xv,
3410 2513 3525 2583 46).

1933 2607 2063 2664 ldeo
2109 2609 2300 2663 civitas
2345 2608 2432 2662 illa
2465 2607 2636 2677 major
2665 2617 2843 2672 actate,
2885 2607 3009 2677 quia
3054 2607 3202 2676 prior
3232 2614 3403 2661 'natus
3445 2615 3529 2661 est

1935 2699 2086 2765 Cain,
2118 2707 2172 2754 et
2199 2707 2381 2770 postea
2409 2698 2542 2753 Abel
2575 2697 2728 2768 (Gen.
2759 2712 2836 2763 tv,
2891 2699 2945 2763 1,
2988 2695 3082 2769 2)ε
3108 2697 3204 2752 sed
3231 2699 3282 2751 in
3312 2695 3397 2750 his
3422 2713 3533 2749 ma-

1925 2792 2017 2864 jor
2040 2792 2214 2846 serviet
2240 2790 2425 2845 minori
2454 2789 2565 2862 (Id.
2599 2807 2721 2854 xxv,
2750 2789 2867 2861 25).
2897 2790 2989 2845 Illa
3018 2791 3190 2860 major
3213 2799 3398 2854 actate;
3430 2789 3529 2843 ista

1935 2884 2109 2953 major
2135 2882 2414 2954 dignitate.
2456 2883 2631 2951 Quare
2677 2883 2763 2938 illa
2815 2883 2985 2952 major
3033 2882 3225 2938 aetate?
3265 2883 3397 2949 Quia
3430 2899 3530 2936 non

1937 2978 2081 3049 prius
2107 2975 2245 3048 quod
2267 2977 2535 3044 spirituale
2563 2984 2654 3043 est,
2682 2974 2772 3030 sed
2796 2975 2933 3046 quod
2955 2975 3194 3030 animale.
3224 2974 3401 3042 Quare
3430 2975 3530 3029 ista

1937 3067 2111 3138 major
2133 3067 2430 3139 dignitate?
2457 3067 2591 3134 Quia
2623 3067 2788 3138 major
2829 3067 3006 3121 serviet
3033 3066 3236 3119 minori.
3280 3065 3533 3120 (Edilica-

1937 3163 2015 3217 vit
2040 3173 2217 3216 autem
2249 3161 2522 3216 civitatem
2553 3159 2706 3225 Cain,
2737 3161 2874 3215 sicut
2901 3159 3126 3231 legimus
3154 3155 3262 3230 (Id.
3295 3175 3365 3225 tv,
3400 3159 3527 3231 l7):

1927 3267 2224 3329 antequam
2253 3264 2399 3312 esset
2438 3256 2542 3310 ulla
2570 3255 2779 3321 civitas,
2816 3255 2873 3308 'in
2906 3253 3196 3325 primordio
3222 3269 3400 3309 rerum
3429 3251 3534 3306 hu-
3589 3243 3592 3246 ί

1938 3363 2243 3425 manarum,
2277 3345 2575 3408 tediﬁcavit
2621 3346 2891 3401 civitatem
2940 3345 3094 3400 Cain.
3147 3345 3337 3400 Procul
3369 3344 3532 3399 dubio

1938 3445 2200 3515 intelligas
2224 3443 2338 3512 jam
2379 3449 2531 3496 natos
2576 3439 2741 3495 fuisse
2779 3441 2977 3495 multos
3019 3428 3266 3495 homines
3306 3455 3374 3496 ex
3425 3440 3533 3493 illis

1937 3537 2167 3602 duobus,
2186 3546 2241 3591 et
2259 3550 2326 3590 cx
2348 3534 2432 3590 his
2452 3547 2587 3604 quos
2607 3542 2921 3604 genuerant,
2948 3542 3006 3588 ut
3030 3544 3210 3603 posset
3231 3548 3350 3590 esse
3375 3544 3531 3604 aptus

1936 3640 1992 3686 et
2010 3645 2278 3700 congruus
2297 3643 2556 3685 numerus
2573 3632 2660 3685 cui
2680 3644 2874 3684 nomen
2893 3629 3125 3684 civitatis
3141 3611 3529 3696 imponeretur.

1937 3725 2243 3782 Ediﬁcavit
2266 3739 2397 3794 ergo
2424 3723 2697 3779 civitatem
2723 3722 2877 3788 Cain,
2907 3723 2996 3777 ubi
3038 3737 3144 3776 non
3175 3729 3293 3777 erat
3320 3721 3528 3776 civitas.

1939 3817 2226 3875 [Ediﬁcata
2247 3827 2332 3874 est
2355 3826 2410 3873 et
2433 3829 2616 3887 postea
2647 3817 2964 3882 Jerusalem,
2998 3830 3220 3887 regnum
3247 3801 3364 3881 Dei,
3394 3813 3530 3868 civi-

1938 3923 2021 3969 tas
2055 3920 2263 3979 sancta,
2306 3913 2494 3968 civitas
2529 3910 2660 3978 Dei;
2703 3919 2757 3965 et
2783 3910 2954 3979 posita
3005 3910 3057 3963 in
3101 3910 3281 3978 specie
3301 3908 3530 3978 quadam

1937 4006 2142 4060 umbra:
2168 4003 2517 4075 signiﬁcantis
2538 4003 2735 4058 futura.
2763 4001 3044 4072 lntelligite
3071 4003 3252 4072 itaque
3277 4015 3534 4071 maguum

1939 4095 2276 4168 mysterium,
2301 4105 2357 4150 et
2379 4103 2554 4150 tenete
2578 4092 2718 4164 quod
2741 4093 3064 4164 praelocutus
3083 4107 3223 4157 sum,
3245 4090 3367 4146 Non
3387 4093 3532 4164 prius

1937 4187 2074 4258 quod
2098 4185 2382 4257 spirituale,
2427 4185 2518 4239 sed
2559 4183 2695 4256 quod
2738 4183 2989 4250 animale,
3021 4195 3195 4256 postea
3222 4184 3486 4256 spirituale
3506 4200 3529 4240 :

1937 4277 2059 4332 ideo
2085 4291 2215 4346 ergo
2242 4275 2373 4332 Cain
2400 4275 2549 4348 prior
2574 4275 2856 4331 tedilicavit
2893 4276 3188 4340 civitatem,
3213 4285 3266 4331 et
3293 4276 3364 4331 ibi
3394 4275 3528 4330 acdi-

1937 4370 2118 4425 ticavit
2138 4370 2228 4426 ubi
2259 4369 2402 4424 nulla
2430 4377 2547 4424 erat
2578 4369 2787 4425 civitas.
2816 4369 2887 4426 Ut
2915 4383 3046 4424 vero
3072 4369 3428 4424 aediﬁcaretur
3442 4369 3533 4425 Je-

1936 4461 2196 4525 rusalem,
2219 4477 2328 4516 non
2346 4461 2421 4516 ibi
2441 4460 2702 4522 aediﬁcata
2723 4470 2808 4516 est
2830 4460 2918 4516 ubi
2941 4476 3048 4515 non
3069 4470 3186 4515 erat
3204 4461 3412 4526 civitas,
3433 4461 3534 4516 scd

1935 4563 2053 4609 erat
2075 4554 2266 4608 civitas
2293 4553 2466 4623 primo
2495 4568 2614 4623 qua:
2642 4553 3011 4622 appellabatur
3048 4551 3235 4631 Jebus,
3271 4554 3414 4609 unde
3441 4553 3531 4609 Je-

1936 4645 2125 4700 buszei.
2160 4644 2236 4699 Ea
2261 4655 2438 4714 capta,
2465 4643 2694 4710 devicta,
2724 4644 2985 4714 subjecta,
3003 4644 3262 4699 aediﬁcata
3286 4654 3368 4700 cst
3389 4659 3528 4699 nova

1937 4739 2125 4794 civitas
2154 4748 2406 4809 tanquam
2444 4737 2714 4793 destructa
2761 4747 2974 4802 vetere;
3006 4746 3061 4792 et
3083 4738 3346 4807 appellata
3373 4737 3532 4793 Jeru-

1938 4829 2131 4897 salem,
2160 4829 2309 4886 Visio
2338 4834 2508 4902 pacis,
2533 4831 2723 4886 civitas
2751 4831 2847 4885 Dei
2873 4830 3008 4905 (los.
3035 4847 3183 4896 xvut,
3206 4832 3322 4903 28).
3354 4831 3531 4888 Unus-

1938 4923 2164 4994 quisque
2211 4937 2346 4994 ει·εο
2391 4934 2548 4979 natus
2595 4938 2662 4979 ex
2711 4923 2904 4990 Adam,
2938 4924 3170 4978 nondum
3203 4925 3432 4995 pertinet
3460 4926 3527 4980 ad

1937 5014 2233 5072 Jerusalem
2267 5024 2486 5085 :portat
2528 5013 2672 5070 enim
2720 5030 2904 5071 secum
2961 5017 3230 5072 traducem
3281 4997 3530 5088 iniquita-

1941 5107 2030 5174 tis,
2062 5120 2383 5178 poenamque
2411 5107 2638 5178 peccati,
2678 5108 2964 5176 deputatus
2993 5110 3182 5174 morti;
3215 5117 3276 5164 et
3300 5110 3532 5177 pertinet
3565 5097 3571 5103 ’

1938 5197 2336 5269 quodammodo
2363 5198 2431 5253 ad
2458 5209 2692 5254 veterem
2719 5199 3002 5270 quamdam
3024 5201 3314 5268 civitatem.
3347 5200 3454 5257 Sed
3483 5202 3528 5256 si

1936 5290 2151 5358 futurus
2180 5299 2264 5346 est
2305 5291 2360 5346 in
2393 5291 2587 5362 papula
2615 5291 2733 5359 Dei,
2780 5291 3088 5348 destruetur
3113 5304 3285 5356 vetus,
3317 5304 3375 5349 ct
3401 5295 3532 5349 tedi-

1939 5381 2186 5438 ﬁcabitur
2215 5398 2406 5439 novus.
2455 5384 2582 5441 Ideo
2622 5400 2751 5456 ergo
2778 5386 2908 5440 Cain
2936 5386 3205 5444 civitatem
3248 5387 3531 5444 mdiﬁcavit

1939 5476 2030 5533 ubi
2061 5491 2166 5531 non
2198 5486 2314 5531 erat
2339 5477 2626 5533 civitas.‘A
2655 5478 2980 5536 mortalitate
3009 5480 3150 5534 enim
3181 5488 3236 5535 et
3262 5495 3293 5536 δ
3323 5481 3537 5536 malitia

1935 5569 2162 5640 quisque
2189 5572 2393 5641 incipit,
2444 5582 2501 5628 ut
2544 5571 2636 5628 ﬁat
2660 5573 2829 5630 bonus
2868 5587 3075 5645 postea.
3109 5565 3254 5629 Sicut
3279 5575 3410 5628 enim
3440 5590 3531 5647 per

1936 5660 2324 5716 inobedientiam
2351 5664 2501 5719 unius
2528 5664 2769 5733 hominis,
2799 5676 3086 5735 peccatores
3112 5668 3366 5722 constituti
3412 5679 3534 5727 sunt

1935 5754 2116 5831 multi;
2146 5755 2221 5809 ita
2246 5771 2336 5825 per
2375 5755 2707 5811 obedientiam
2737 5757 2888 5812 unius
2918 5759 3154 5825 hominis,
3188 5759 3321 5829 justi
3345 5759 3535 5812 conui-

1936 5857 2137 5902 tuentur
2162 5847 2305 5904 multi
2326 5847 2502 5921 (Rom.
2528 5865 2582 5921 v,
2609 5850 2718 5924 19).
2747 5849 2813 5906 Et
2834 5868 3004 5913 omnes
3027 5854 3077 5908 in
3105 5854 3268 5908 Adam
3288 5843 3530 5906 morimur
