3934 6312
399 320 505 388 735

398 445 438 511 (Ι
480 441 599 498 Cor.
638 454 734 508 xv,
759 436 893 509 22);
924 444 979 493 et
1018 433 1381 506 unusquisque
1426 441 1666 487 nostrum
1709 430 1777 485 ab
1819 430 1990 486 Adam

399 543 553 589 natus
594 540 695 586 est.
726 529 986 586 Transeat
1010 527 1075 582 ad
1101 525 1398 583 Jerusalem
1423 538 1438 588 ;
1464 522 1768 578 destruetur
1794 533 1948 577 vetus
1972 565 1989 590 ,

399 637 453 682 et
479 623 829 679 aediﬁcabitur
856 635 1048 677 novus.
1077 618 1355 688 Tanquam
1376 615 1597 671 devictis
1623 610 1903 678 Jebuszeis,
1934 622 1993 669 ut

396 715 693 771 aediﬁcetur
716 710 1033 778 Jerusalem,
1061 707 1253 764 dicitur
1283 724 1298 760 :
1332 704 1514 761 Exuite
1540 720 1625 759 vos
1652 713 1866 758 veterem
1894 705 1989 757 ho-

397 811 604 873 minem,
644 814 690 862 et
718 803 913 860 induite
948 819 1135 858 nouum
1158 799 1495 874 (σοιοεεριιι,
1531 797 1587 864 9,
1622 796 1737 868 10).
1768 795 1993 867 Jamque

395 897 672 954 :rdillcatis
701 896 756 952 in
799 893 1122 961 Jerusalem,
1149 901 1203 947 et
1246 891 1433 963 gratiae
1477 890 1597 945 luce
1624 887 1950 960 fulgentibus
1972 928 1990 957 ,

397 991 593 1046 dicitur
618 1004 638 1046 :
667 987 863 1044 Fuistis
890 986 1166 1058 aliquando
1201 983 1416 1041 tenebris
1438 999 1457 1048 ;
1483 999 1615 1037 nunc
1635 993 1800 1036 autem
1829 982 1922 1037 tua:
1939 980 1993 1036 in

402 1080 624 1134 Domino
648 1078 864 1151 (Ephes.
886 1093 940 1145 ν,
962 1076 1041 1149 8).
1069 1074 1203 1132 Mala
1219 1090 1347 1146 ergo
1363 1074 1549 1129 civitas
1568 1072 1636 1127 ab
1653 1071 1804 1127 initio
1824 1086 1993 1143 usque

403 1170 455 1227 in
485 1171 646 1229 tinem
683 1169 889 1239 currit;
916 1177 972 1226 et
998 1167 1137 1225 bona
1181 1168 1367 1225 civitas
1402 1167 1702 1223 mutatione
1728 1165 1989 1221 malorum

402 1262 667 1321 conditur.
1180 1312 1181 1315 η

472 1356 526 1413 8.
557 1355 626 1412 Et
652 1362 777 1411 sunt
805 1352 920 1423 istm
944 1352 1065 1408 dure
1092 1352 1332 1408 civitates
1358 1350 1634 1421 permixta:
1660 1350 1874 1406 interim
1898 1368 1913 1418 ;
1937 1350 1991 1406 in

402 1448 511 1503 ﬁne
553 1445 863 1518 separanda:
894 1462 910 1503 :
940 1442 1198 1499 adversus
1229 1457 1289 1498 se
1333 1442 1561 1497 invicem
1598 1441 1992 1514 conﬂigentes;

402 1553 507 1592 una
537 1552 633 1610 pro
659 1537 952 1609 iniquitate,
983 1535 1150 1590 altera
1193 1550 1290 1605 pro
1308 1534 1512 1604 justitia
1539 1550 1555 1599 ;
1584 1550 1687 1589 una
1718 1549 1816 1605 pro
1843 1534 1996 1589 vani-

404 1638 533 1697 tate,
557 1631 720 1684 altera
748 1643 845 1700 pro
865 1628 1108 1683 veritate.
1140 1626 1208 1681 Et
1231 1625 1516 1696 aliquando
1544 1626 1658 1696 ipsa
1685 1626 1997 1683 commixtio

407 1719 715 1792 temporalis
760 1720 901 1785 facit,
948 1728 1006 1773 ut
1029 1716 1241 1789 quidam
1276 1716 1604 1787 pertinentes
1631 1715 1698 1770 ad
1726 1715 1998 1772 civitatem

407 1810 774 1885 Babyloniam,
803 1808 1178 1864 administrent
1204 1822 1291 1861 res
1318 1807 1649 1877 pertinentes
1676 1806 1741 1861 ad
1781 1794 2000 1863 Jerusa-

406 1902 554 1967 lem;
584 1908 640 1957 et
680 1915 890 1955 rursum
932 1896 1148 1969 quidam
1192 1897 1520 1967 pertinentes
1558 1897 1624 1951 ad
1663 1896 1996 1965 Jerusalem,

408 1995 784 2051 administrent
802 2007 899 2048 res
929 1991 1258 2062 pertinentes
1283 1989 1350 2044 ad
1379 1988 1746 2062 Babyloniam.
1776 1989 1999 2046 Difﬁcile

407 2087 606 2158 aliquid
631 2086 939 2158 promisisse
959 2083 1167 2140 videor.
1197 2082 1466 2139 Patieotes
1487 2090 1679 2149 estote,
1704 2082 1877 2138 donec
1904 2082 2003 2141 de-

410 2194 739 2239 monstretur
763 2180 1046 2252 exemplis.
1077 2178 1270 2235 Omnia
1301 2178 1443 2235 enim
1473 2178 1525 2233 in
1554 2187 1736 2233 vetere
1762 2176 1957 2248 populo
1981 2216 1997 2243 ,

407 2276 547 2332 sicut
590 2274 776 2331 scribit
819 2272 1131 2344 Apostolus,
1177 2271 1232 2325 in
1271 2271 1439 2342 ﬁgura
1478 2268 1951 2340 contingebant-eis
1980 2283 2000 2323 :

406 2369 593 2435 scripta
614 2377 729 2423 sunt
748 2378 916 2420 autem
941 2365 1009 2419 ad
1028 2364 1388 2420 correctionem
1408 2373 1635 2418 nostram
1655 2362 1708 2416 in
1735 2378 1859 2433 quos
1882 2361 2002 2431 ﬁnis

409 2460 713 2513 steculorum
748 2456 941 2512 obvenit
971 2456 1014 2530 (Ι
1045 2455 1165 2512 (ἔον.
1198 2471 1253 2523 x,
1288 2452 1398 2525 11).
1451 2454 1720 2525 Respicite
1745 2468 1874 2523 ergo
1901 2466 2001 2523 po-

413 2554 596 2622 pulum
621 2552 767 2605 illum
795 2550 1048 2620 primum,
1070 2548 1299 2620 positum
1321 2548 1482 2605 etiam
1506 2547 1574 2603 ad
1594 2537 2000 2618 signiﬁcandum

413 2642 664 2712 populum
707 2641 1090 2710 posteriorem;
1122 2648 1178 2695 et
1222 2638 1399 2694 videte
1427 2638 1497 2692 ibi
1527 2654 1647 2709 qua:
1674 2637 1817 2693 dico.
1866 2634 2003 2692 Fue-

413 2742 540 2788 runt
568 2747 722 2804 rcges
761 2731 939 2802 magni
968 2728 1042 2803 (a)
1074 2729 1126 2785 in
1166 2728 1462 2785 Jerusalem
1496 2746 1512 2796 ;
1541 2737 1723 2784 notum
1742 2736 1862 2795 est;
1899 2744 2002 2782 nu-
2044 2776 2045 2779 η

360 2856 363 2857 ν
413 2833 706 2888 merantnr,
731 2822 1096 2877 nominantur.
1125 2819 1324 2875 Omnes
1344 2835 1470 2891 ergo
1494 2820 1658 2891 iniqui
1681 2821 1825 2876 cives
1848 2828 2003 2875 erant

414 2914 739 2987 Babylonize,
769 2925 825 2969 et
846 2910 1288 2968 administrabant
1329 2927 1418 2967 res
1443 2911 1741 2968 Jerusalem
1771 2930 1784 2967 :
1815 2927 2002 2967 omnes

412 3006 469 3061 in
495 3007 654 3061 ﬁnem
682 3005 805 3075 inde
838 3002 1142 3075 separandi,
1170 3003 1382 3059 nonnisi
1411 3002 1476 3058 ad
1522 3002 1791 3058 diabolum
1838 3005 2004 3074 perti-

412 3108 564 3158 nent.
595 3100 799 3154 Rursus
841 3098 1142 3153 invenimus
1170 3096 1314 3152 cives
1342 3096 1410 3152 de
1448 3096 1742 3152 Jerusalem
1775 3096 2004 3152 admini-

412 3201 616 3245 strasse
638 3206 724 3245 res
747 3180 1003 3260 quasdam
1032 3188 1359 3258 pertinentes
1383 3187 1448 3242 ad
1476 3188 1847 3258 Babyloniam.
1869 3188 1999 3244 Nam

415 3293 527 3337 tres
572 3268 693 3337 illos
744 3295 940 3351 pueros
985 3279 1152 3333 victus
1211 3278 1469 3333 miraculo
1512 3277 2005 3334 Nabuchodonosor

394 3372 563 3444 regni
587 3372 671 3427 sui
689 3372 1151 3427 administratores
1174 3369 1314 3435 fecit,
1346 3381 1401 3426 et
1418 3370 1695 3425 constituit
1722 3385 1817 3425 eos
1841 3387 2005 3441 super

412 3476 653 3539 satrapas
674 3478 833 3529 suos;
865 3474 919 3518 et
942 3461 1385 3517 administrabant
1407 3477 1495 3518 res
1523 3462 1830 3534 Babylonia:
1859 3464 2005 3518 cives

377 3572 383 3577 '
412 3558 482 3613 de
507 3557 799 3614 Jerusalem
830 3554 991 3626 (Dan.
1033 3572 1112 3618 ιιι,
1145 3554 1261 3624 97).
1308 3554 1578 3624 Respieite
1625 3570 1765 3608 nunc
1795 3553 2005 3624 impleri

417 3648 521 3703 hoc
546 3657 601 3702 et
624 3648 707 3718 agi
741 3647 791 3701 in
832 3646 1098 3710 Ecclesia,
1131 3654 1186 3701 et
1217 3645 1298 3699 bis
1329 3644 1679 3715 temporibus.
1711 3644 1912 3699 Omnes
1936 3644 2005 3699 de

414 3737 608 3807 quibus
634 3738 833 3792 dictum
860 3745 963 3799 est.
1001 3735 1130 3801 Qua:
1153 3736 1328 3789 dicunt
1358 3736 1510 3805 facite
1533 3751 1553 3800 ,°
1589 3751 1705 3806 qua:
1741 3745 1907 3790 autem
1931 3740 2005 3807 [a-

417 3830 557 3881 ciunt
604 3828 769 3896 facere
816 3827 1004 3892 nolite,
1048 3825 1194 3904 cives
1237 3834 1360 3880 sunt
1405 3826 1739 3898 Babyloniae,
1772 3826 2004 3881 admini-

415 3929 649 3973 strantes
700 3918 1077 3987 rempublicam
1122 3917 1352 3973 civitatis
1395 3916 1715 3974 Jerusalem.
1760 3917 1817 3974 Si
1861 3919 2006 3974 enim

416 4009 551 4065 nihil
578 4007 1011 4063 administrarent
1048 4008 1278 4063 civitatis
1320 4007 1640 4068 Jerusalem.
1671 4008 1843 4063 unde:
1881 4008 2010 4074 Qua:

416 4103 593 4156 dicunt
639 4103 833 4173 facile?
867 4101 1028 4166 unde,
1072 4117 1225 4172 super
1265 4100 1558 4154 cathedram
1600 4099 1770 4171 Moysi
1796 4101 2010 4156 sedent?

418 4193 625 4248 Rursus
656 4192 700 4248 si
732 4193 875 4247 cives
912 4200 1037 4247 sunt
1064 4192 1231 4262 ipsius
1266 4191 1562 4246 Jerusalem
1592 4190 1682 4261 qui
1708 4192 2008 4263 regnabant

417 4285 471 4339 in
501 4294 758 4339 aeternum
804 4299 926 4338 cum
957 4283 1190 4346 Christo,
1234 4282 1395 4347 unde,
1446 4284 1571 4350 Qua:
1606 4284 1802 4354 faciunt
1842 4289 2010 4356 facere

416 4376 573 4429 nolite
602 4375 812 4447 (Matth.
845 4392 992 4443 mu,
1020 4375 1075 4439 2,
1100 4376 1180 4446 5),
1210 4375 1309 4430 nisi
1336 4376 1457 4445 quia
1500 4384 1555 4431 et
1582 4376 1812 4432 audituri
1838 4388 1962 4433 sunt
1988 4419 2007 4447 ,

420 4464 660 4519 Iiecedite
698 4483 731 4520 a
759 4483 856 4529 me.
896 4484 1068 4520 omnes
1100 4467 1187 4537 qui
1205 4467 1485 4533 operamini
1519 4466 1828 4536 iniquitatem
1847 4467 2005 4539 (Luc.

414 4557 672 4628 xm,27)?
697 4557 891 4613 Notum
910 4568 993 4613 est
1006 4574 1135 4629 ergo
1157 4558 1331 4625 vobis,
1347 4559 1491 4614 cives
1505 4559 1661 4614 mala:
1680 4560 2011 4617 civitatisad-

421 4648 729 4704 ministrare
772 4648 1028 4719 quosdam
1059 4658 1210 4704 actus
1257 4651 1409 4705 bona:
1437 4649 1687 4706 civitatis.
1718 4651 2008 4710 Videamus

411 4740 461 4795 si
486 4747 543 4795 et
567 4754 708 4793 nunc
737 4739 880 4793 cives
919 4739 1073 4794 bona:
1100 4741 1328 4794 civitatis
1351 4738 1725 4796 administrent
1749 4742 2009 4812 quosdam

411 4839 564 4885 actus
586 4830 740 4885 malae
759 4831 1008 4886 civitatis.
1037 4832 1270 4887 Terrena
1293 4833 1469 4887 omnis
1492 4833 1813 4903 respublica,
1835 4851 2007 4906 quan-

412 4923 589 4993 doque
634 4923 820 4992 utique
864 4924 1137 4995 peritura;
1185 4926 1338 4993 cujus
1389 4940 1610 4996 regnum
1650 4929 2007 4984 transiturum

410 5026 498 5069 est
521 5014 560 5081 ί,
591 5007 710 5070 cum
735 5017 912 5070 veniet
936 5016 1061 5071 illud
1090 5032 1311 5087 regnum
1340 5016 1408 5072 de
1431 5033 1536 5088 quo
1557 5033 1794 5086 oramus,
1828 5019 2008 5077 Veniat

412 5122 624 5173 regnum
666 5116 806 5159 tuum
848 5104 1069 5177 (Matth.
1101 5122 1176 5172 γι,
1209 5106 1332 5178 10),
1364 5116 1419 5162 et
1455 5107 1524 5163 de
1560 5124 1666 5179 quo
1696 5109 2004 5179 prtedictum

411 5205 515 5261 est,
547 5195 613 5250 Et
654 5197 798 5267 regni
821 5199 930 5268 ejus
956 5214 1056 5252 non
1078 5200 1173 5252 erit
1201 5201 1319 5267 linis
1356 5198 1507 5270 (Luc.
1534 5216 1572 5265 ι,
1618 5200 1710 5269 55)
1748 5218 1762 5256 :
1796 5211 2006 5259 terrena

412 5304 545 5359 ergo
565 5290 859 5359 respublica
887 5290 1046 5345 habet
1065 5291 1209 5345 cives
1231 5303 1443 5346 nostros
1462 5292 1897 5349 administrantes
1919 5311 2006 5352 res

411 5382 552 5445 ejus.
586 5381 755 5449 Quam
796 5383 945 5436 multi
985 5383 1126 5435 enim
1160 5381 1345 5436 ﬁdeles
1366 5424 1379 5448 ,
1412 5398 1572 5451 quam
1620 5383 1770 5437 multi
1801 5386 1925 5440 boni
1952 5396 2009 5441 et

412 5472 756 5541 tuagiStratus
783 5481 906 5526 sunt
935 5475 986 5526 in
1027 5472 1331 5526 civitatibus
1370 5472 1503 5533 suis.
1531 5483 1583 5527 et
1604 5474 1810 5541 judiees
1838 5486 2001 5545 sunt,

411 5572 461 5613 rt
493 5562 657 5620 duces
685 5574 828 5631 sunt,
855 5574 908 5618 et
935 5564 1160 5620 comites
1187 5573 1330 5629 sunt,
1359 5576 1413 5618 et
1434 5580 1585 5636 reges
1612 5566 1780 5620 sunt?
1807 5566 2004 5624 Omnes

479 5694 501 5762 ι.
536 5692 667 5762 edd"
686 5692 822 5754 cujus
842 5708 1038 5762 regnum
1063 5695 1395 5747 transitorium
1409 5702 1479 5747 est
1495 5709 1511 5747 :
1526 5704 1651 5759 Mss,
1667 5699 2000 5752 transiturum.

484 5756 559 5816 (a)
594 5761 751 5818 Forte,
777 5756 910 5806 mali.

1628 322 1687 374 S.
1729 318 2098 379 AUGUSTINI
2138 324 2447 385 EPISCOPI

3573 325 3673 378 736

2094 436 2222 506 justi
2251 446 2307 494 et
2328 436 2475 501 boni,
2497 454 2603 495 non
2627 439 2883 498 habentes
2903 440 2955 497 in
2981 439 3145 512 corde
3172 439 3273 497 nisi
3295 437 3672 512 gloriosissima

2097 543 2217 598 qua:
2242 528 2309 584 de
2330 538 2382 584 te
2405 530 2547 587 dicta
2574 542 2720 599 sunt,
2738 533 2925 589 civitas
2946 534 3038 590 Dei
3063 534 3232 609 (Psal.
3258 548 3474 598 Luxu,
3506 532 3582 604 3).
3612 534 3677 588 Et

2097 621 2248 690 quasi
2273 622 2543 692 angariam
2573 622 2774 680 faciunt
2802 625 2855 680 in
2895 625 3109 682 civitate
3137 627 3441 687 transitura.
3471 634 3527 680 et
3569 625 3676 680 illic

2097 725 2127 766 a
2155 712 2462 771 doctoribus
2491 715 2722 773 civitatis
2757 727 2957 775 saneta:
2994 710 3247 790 iubentur
3272 733 3486 774 servare
3515 717 3672 774 ﬁdem

2096 806 2398 876 praepositis
2422 808 2552 876 suis,
2594 811 2699 865 sive
2723 811 2831 882 regi
2857 812 3002 882 quasi
3042 812 3363 881 precellenti,
3391 811 3494 867 sive
3533 812 3673 865 duci-

2097 894 2188 952 bus
2208 907 2445 969 tanquam
2465 902 2530 955 ab
2553 917 2612 956 eo
2628 903 2792 958 missis
2813 903 2883 957 ad
2901 904 3169 958 vindictam
3190 902 3455 970 malorum,
3474 904 3674 959 laudem

2097 1004 2214 1045 vero
2235 991 2479 1048 bonorum
2501 1010 2521 1058 ;
2546 996 2659 1050 sive
2683 996 2843 1060 servi,
2874 1006 2930 1050 ut
2952 996 3181 1051 dominis
3215 997 3326 1051 suis
3352 995 3546 1051 subditi
3570 996 3677 1051 sint

2098 1081 2147 1153 (l
2180 1082 2324 1142 Petr.
2360 1101 2419 1149 ιι.
2467 1087 2553 1153 l5,
2586 1088 2698 1157 18),
2741 1097 2796 1145 et
2822 1088 3109 1145 Christiani
3132 1079 3394 1159 Paganis;
3425 1099 3479 1143 et
3501 1100 3675 1145 servet

2098 1173 2257 1231 ﬁdem
2279 1178 2467 1234 melior
2490 1178 2766 1247 deteriori,
2792 1181 2857 1235 ad
2884 1190 3093 1252 tempus
3116 1182 3429 1249 serviturus,
3448 1183 3501 1237 in
3521 1191 3676 1237 arter—

2098 1283 2226 1323 num
2274 1269 2663 1331 dominatores.
2711 1272 2871 1329 Fiunt
2910 1276 3052 1329 enim
3091 1274 3192 1329 ista
3235 1274 3404 1330 donec
3442 1283 3677 1329 transeat

2100 1357 2351 1430 iniquitas
2380 1361 2551 1431 (Psal.
2585 1380 2690 1432 LVI,
2712 1363 2792 1436 2).
2820 1364 3080 1421 Jubentur
3105 1366 3246 1421 servi
3275 1365 3411 1423 ferre
3431 1365 3675 1422 dominos

2100 1450 2312 1522 iniquos
2336 1462 2385 1509 et
2407 1454 2654 1513 difﬁciles
2676 1477 2693 1513 :
2711 1458 2853 1514 cives
2870 1458 3172 1530 Babylonia:
3190 1458 3442 1529 iubentur
3463 1460 3679 1516 tolerari

2101 1559 2133 1599 a
2160 1545 2365 1601 civibus
2404 1547 2724 1619 Jerusalem,
2755 1560 2810 1607 et
2837 1553 3065 1622 amplius
3108 1553 3479 1624 obsequiorum
3529 1553 3679 1609 exhi-

2101 1635 2383 1706 bentibus,
2414 1655 2573 1710 quam
2612 1642 2656 1696 si
2692 1641 2837 1697 cives
2880 1652 3060 1698 essent
3088 1658 3155 1698 ex
3199 1644 3310 1714 ipsa
3354 1644 3677 1717 Babylonia;

2106 1736 2355 1801 tanquam
2382 1732 2747 1803 implentibus,
2779 1736 2880 1803 Qui
2905 1747 2951 1792 te
2966 1738 3302 1809 angariaverit
3322 1737 3459 1793 mille
3477 1755 3678 1810 passus,

2103 1818 2231 1875 uade
2265 1838 2381 1877 cum
2404 1822 2498 1877 illo
2519 1825 2623 1879 alia
2649 1826 2752 1881 duo
2781 1826 2993 1899 (Matth.
3017 1844 3070 1895 v,
3100 1829 3212 1899 41).
3248 1828 3393 1885 lianc
3418 1837 3580 1899 totam
3606 1828 3682 1884 ci-

2103 1914 2321 1969 vitatem
2353 1915 2671 1991 dispersam,
2699 1917 2967 1985 diﬂ'usam,
3014 1922 3349 1990 permixtam,
3393 1920 3681 1990 alloquitur

2105 2003 2191 2062 bis
2235 2006 2413 2062 verbis
2467 2018 2523 2064 et
2570 2008 2701 2066 dicit
2731 2011 3054 2087 :‘Quousque
3097 2014 3349 2083 apponitis
3389 2030 3542 2084 super
3586 2016 3679 2067 ho-

2104 2097 2333 2153 minem?
2368 2097 2649 2170 Inlerﬁcite
2685 2118 2922 2159 omnes:
2968 2113 3020 2159 et
3066 2105 3158 2175 qui
3210 2104 3338 2160 foris
3387 2105 3514 2159 estis
3569 2113 3683 2160 tan-

2105 2204 2264 2260 quam
2315 2192 2484 2261 spina:
2534 2192 2588 2248 in
2630 2194 2867 2264 sepibus.
2923 2205 3015 2251 aut
3062 2206 3311 2271 tanquam
3338 2196 3478 2268 ligna
3516 2196 3681 2252 infru-

2105 2290 2288 2337 ctuosa
2320 2282 2372 2337 in
2400 2283 2585 2351 silvis;
2613 2285 2813 2357 quique
2834 2286 2975 2343 intus
3001 2288 3131 2343 estis
3157 2297 3403 2359 tanquam
3444 2288 3641 2343 zizania
3665 2328 3689 2352 ,.

2105 2371 2193 2427 vel
2230 2381 2479 2444 tanquam
2510 2375 2697 2445 palea;
2725 2392 2912 2433 omnes
2938 2387 3198 2449 quotquot
3235 2380 3383 2446 estis,
3410 2379 3641 2451 separati
3666 2421 3681 2445 ,

2109 2464 2383 2535 permixti,
2421 2467 2701 2535 tolerandi,
2726 2456 3029 2541 separandi,
3058 2471 3324 2540 interﬁcite
3346 2488 3514 2526 omnes
3536 2488 3556 2525 :
3577 2480 3685 2525 tan-

2106 2574 2256 2626 quam
2270 2559 2450 2630 parieti
2471 2558 2712 2617 inclinato
2735 2571 2781 2617 et
2806 2564 3038 2618 maceriis
3050 2564 3293 2633 depulsa.
3334 2561 3684 2617 Verumtamen

2107 2649 2347 2704 honorem
2390 2667 2555 2706 meum
2581 2653 2921 2725 cogitaverunt
2959 2654 3219 2724 repellere.
3248 2653 3361 2709 Non
3400 2652 3687 2717 dixerunt,

2107 2738 2204 2794 sed
2226 2749 2401 2796 tamen
2429 2742 2813 2814 cogitaverunt.
2828 2744 3177 2815 Cogitaverunt
3196 2744 3434 2816 repellere
3451 2743 3692 2799 honorem

2107 2846 2292 2888 meum.
3364 2896 3367 2899 .

2178 2927 2233 2986 9.
2275 2926 2486 2984 Cucurri
2504 2932 2556 2985 in
2576 2930 2680 2999 siti.
2702 2929 3082 2987 Retribuebant
3099 2931 3240 2987 enim
3264 2930 3397 2986 mala
3425 2947 3521 3002 pro
3538 2930 3691 2986 bonis

2112 3018 2281 3091 (Psal.
2323 3037 2504 3089 xxxiv,
2536 3020 2647 3094 1.2).
2680 3021 2758 3078 Illi
2789 3021 3196 3090 interﬁciebant,
3226 3021 3300 3099 illi
3328 3022 3687 3093 repellebant;

2109 3126 2209 3181 ego
2234 3127 2328 3167 eos
2352 3112 2595 3168 sitiebam
2631 3131 2646 3167 :
2680 3112 2753 3167 illi
2804 3112 3061 3170 honorem
3108 3104 3283 3169 meum
3328 3114 3695 3185 cogitaverunt

2109 3202 2407 3273 repellere;
2435 3219 2535 3274 ego
2568 3219 2662 3260 eos
2688 3205 2739 3258 in
2766 3219 2961 3274 corpus
2988 3221 3165 3261 meum
3192 3205 3434 3261 sitiebam
3479 3207 3691 3275 trajice-

2108 3310 2190 3350 re.
2219 3294 2455 3351 Bibendo
2489 3296 2632 3351 enim
2654 3296 2779 3367 quid
2818 3295 3061 3364 facimus,
3102 3295 3205 3351 nisi
3246 3295 3523 3363 humorem
3564 3296 3693 3351 foris

2113 3385 2341 3454 positum
2386 3386 2438 3440 in
2470 3387 2709 3443 membra
2752 3388 3033 3455 mittimus,
3060 3398 3113 3444 et
3149 3368 3201 3444 in
3229 3382 3423 3460 corpus
3451 3398 3694 3445 nostrum

2111 3476 2397 3532 ducimus?
2428 3478 2540 3534 Hoc
2565 3480 2688 3534 fecit
2713 3480 2923 3552 Moyses
2948 3481 2999 3536 in
3026 3480 3117 3536 illo
3142 3482 3313 3552 capite
3334 3482 3503 3537 vituli.
3525 3482 3693 3549 Caput

2111 3568 2281 3634 vituli,
2315 3584 2563 3639 magnum
2591 3578 3009 3626 sacramentum.
3031 3570 3201 3641 Caput
3228 3572 3367 3627 enim
3393 3573 3541 3652 vituli
3571 3589 3692 3627 coro

2113 3675 2212 3730 pus
2236 3669 2353 3716 erat
2378 3661 2685 3730 impiorum,
2709 3664 2759 3716 in
2779 3664 3125 3719 similitudine
3151 3665 3298 3718 vituli
3328 3664 3694 3719 manducantis

2112 3751 2291 3808 fenum
2322 3752 2491 3825 (Psal.
2523 3770 2607 3822 cv,
2628 3752 2752 3826 .20),
2784 3767 2992 3811 terrena
3019 3758 3366 3825 quierentium
3397 3775 3411 3808 :
3438 3757 3560 3827 quia
3583 3773 3695 3809 om-

2114 3845 2193 3899 nis
2221 3842 2341 3900 caro
2367 3848 2537 3917 fenum
2577 3845 2731 3918 (lsai.
2760 3863 2849 3913 XL,
2877 3846 2953 3919 6).
2984 3847 3111 3901 Erat
3135 3863 3282 3916 ergo.
3314 3856 3367 3901 ut
3390 3847 3519 3913 dixi,
3571 3863 3695 3901 cor-

2113 3953 2213 4007 pus
2240 3939 2548 4009 impiorum.
2576 3940 2746 3995 iratus
2768 3941 2977 4012 Moyses
3004 3941 3056 3995 in
3082 3936 3262 4012 ignoti;
3286 3941 3443 4000 misit.-
3463 3940 3697 4002 ,ωηιιηί-

2115 4029 2248 4099 nuit,
2282 4031 2335 4087 in
2365 4047 2501 4104 aqua
2540 4032 2754 4103 Sparsit,
2782 4031 3068 4089 bibendum
3109 4033 3298 4101 populo
3323 4031 3693 4109 dodinwxod.

2115 4138 2281 4203 sxxn,
2312 4122 2405 4195 20)
2433 4132 2525 4190 ;et
2564 4124 2643 4180 ira
2678 4124 2958 4195 PrOpbcta:
3001 4123 3389 4179 administratio
3433 4112 3570 4180 laeta
3616 4134 3700 4181 est

2115 4215 2429 4287 prophetite.
2457 4218 2663 4287 Corpus
2686 4219 2828 4272 enim
2860 4216 2983 4272 illud
3014 4218 3063 4271 in
3095 4218 3268 4287 ignem
3291 4217 3515 4272 mittitur
3534 4217 3700 4272 tribu-

2117 4308 2396 4373 latiouum,
2429 4316 2485 4364 et
2507 4310 2673 4365 verbo
2704 4310 2795 4365 Dei
2832 4310 3228 4365 comminuitur.
3268 4310 3527 4379 Paulatim
3553 4311 3697 4366 enim

2114 4400 2379 4455 desistunt
2411 4401 2482 4455 ab
2516 4402 2716 4457 unitate
2744 4404 2985 4473 corporis
3010 4402 3144 4472 ejus.
3175 4404 3323 4459 Sicut
3359 4404 3503 4459 enim
3532 4414 3699 4459 vestis

2115 4502 2374 4560 nieutum,
2416 4495 2484 4548 ita
2521 4510 2615 4562 per
2659 4504 2870 4565 tempus
2892 4493 3205 4550 absumitur.
3229 4495 3296 4550 Et
3338 4495 3700 4567 unusquisque

2113 4588 2203 4656 qui
2230 4584 2287 4639 ﬁt
2312 4583 2652 4651 christianus,
2673 4595 2951 4656 separatur
2974 4586 3043 4640 ab
3070 4586 3163 4641 illo
3183 4586 3398 4657 populo,
3414 4596 3469 4643 et
3492 4589 3641 4659 quasi
3667 4604 3699 4644 a

2114 4693 2289 4733 massa
2319 4677 2715 4734 comminuitur.
2741 4678 3038 4749 Conspirati
3067 4678 3323 4744 oderunt;
3347 4681 3657 4735 comminuti
3680 4683 3697 4713 ι

2114 4767 2358 4823 credunt.
2378 4769 2445 4823 Et
2469 4768 2593 4838 quid
2617 4768 2727 4840 jam
2748 4768 3065 4833 evidentius,
3088 4785 3246 4840 quam
3268 4770 3405 4840 quod
3429 4772 3481 4826 in
3502 4787 3699 4843 corpus

2116 4858 2246 4915 illud
2291 4860 2518 4916 civitatis
2545 4860 2861 4927 Jerusalem,
2909 4859 3061 4929 cujus
3104 4861 3278 4931 imago
3318 4870 3432 4917 erat
3471 4863 3700 4933 papulus

2116 4951 2312 5019 Israel,
2341 4968 2438 5023 per
2499 4952 2827 5022 Baptismum
2871 4952 3171 5021 trajiciendi
3212 4962 3365 5007 erant
3410 4952 3697 5009 homines!

2115 5043 2242 5099 Ideo
2287 5044 2341 5099 in
2378 5058 2516 5115 aqua
2565 5053 2807 5113 sparsum
2851 5053 2966 5110 est,
2999 5052 3053 5098 ut
3104 5044 3155 5098 in
3204 5046 3426 5114 potum’
3458 5045 3694 5101 daretur.

2045 5155 2053 5166 ·
2115 5137 2229 5193 Hoc
2254 5153 2422 5208 usque
2447 5138 2498 5192 in
2526 5136 2684 5193 ﬁnem
2723 5138 2835 5193 sitit
2877 5139 3008 5202 iste;
3055 5138 3239 5205 cui-rit,
3267 5148 3320 5193 et
3344 5138 3472 5193 sitit.
3506 5139 3698 5195 Multos

2114 5232 2256 5286 enim
2284 5230 2450 5297 bibit;
2479 5230 2570 5286 sed
2601 5246 2867 5301 nunquam
2890 5232 2993 5285 erit
3016 5234 3130 5286 sine
3151 5231 3255 5285 siti.
3290 5231 3414 5287 Inde
3432 5243 3514 5287 est
3531 5236 3695 5300 enim,

2116 5326 2269 5391 Sitio,
2301 5325 2498 5389 mulier,
2526 5325 2593 5377 du
2618 5325 2740 5377 mihi
2762 5325 2924 5378 bibere
2949 5323 3124 5393 (Joan.
3150 5341 3223 5389 tv,
3256 5326 3333 5395 7).
3366 5324 3694 5379 Samaritana

2115 5415 2202 5470 illa
2223 5413 2287 5469 ad
2319 5424 2534 5484 puteum
2566 5414 2830 5469 sitientem
2862 5415 3141 5469 Dominum
3168 5419 3354 5480 sensit,
3381 5426 3433 5470 et
3453 5431 3482 5469 a
3510 5417 3693 5471 sitien-

2116 5518 2168 5564 te
2213 5512 2400 5563 satiata
2431 5519 2512 5563 est
2542 5526 2556 5561 :
2589 5508 2755 5562 sensit
2784 5508 2928 5577 prior
2958 5508 3045 5562 illa
3076 5509 3365 5576 sitientem,
3399 5519 3455 5562 ut
3488 5499 3697 5564 biberet

2177 5638 2192 5668 ¹
2230 5636 2453 5697 Plerique
2473 5642 2597 5689 Mss"
2622 5635 2890 5684 minutatim
2911 5636 3132 5684 credunt.

2108 5767 2130 5813 ι
2175 5700 2197 5730 ⁸
2232 5696 2394 5747 Plures
2422 5706 2545 5758 Mss,
2570 5705 2620 5748 ut
2640 5702 2801 5759 potum
2823 5698 3041 5748 daretur.
3065 5696 3257 5757 quidam
3284 5709 3296 5745 :
3326 5703 3375 5746 ut
3398 5696 3533 5772 potui
3555 5698 3697 5749 dim-

2131 5774 2206 5810 ur.

2131 5774 2206 5810 ur.
