3934 6344
237 405 340 459 7⁸57

240 518 327 570 ille.
351 516 682 570 credentem.
708 516 772 571 Et
798 517 846 570 in
879 533 1037 571 crure
1067 517 1290 585 positus.
1311 515 1466 577 Sitio,
1495 512 1823 573 dixitlJoan.

239 623 348 671 nx,
377 606 506 678 9.8);
543 609 788 676 quamvis
814 608 886 661 illi
917 625 1021 661 non
1049 607 1147 661 hoc
1172 604 1572 675 dederintquod
1593 603 1824 658 sitiebat.

239 699 388 765 Ipsus
408 698 549 750 enim
581 698 670 752 ille
700 699 911 753 sitiebat
936 714 948 750 :
978 709 1030 751 at
1057 697 1130 751 illi
1158 706 1364 751 acetum
1393 695 1686 757 dederunt;
1719 708 1827 748 non

236 803 323 840 vin
336 804 415 840 um
435 803 750 857 novumquo
768 789 1052 857 implentur
1069 798 1214 842 utres
1232 786 1357 840 novi
1375 784 1589 855 (Matth.
1611 800 1684 848 ιιι,
1711 780 1820 852 17),

234 878 331 932 sed
360 877 541 932 vinum
571 889 741 941 vetns,
771 879 868 933 sed
896 879 1033 933 male
1063 888 1233 932 vetus.
1258 876 1460 932 Dicitur
1479 875 1619 932 enim
1643 883 1693 928 et
1714 890 1829 928 acea

235 979 347 1022 tum
397 970 613 1035 vetus‘,
658 980 869 1025 veteres
895 969 1138 1024 homines
1164 969 1230 1024 de
1263 968 1454 1039 quibus
1480 967 1680 1021 dictum
1720 973 1822 1032 est,

237 1057 359 1114 Non
389 1063 520 1115 enim
541 1069 614 1114 est
641 1059 744 1113 illis
769 1061 1094 1113 commutatio
1125 1059 1191 1130 (Γ
1196 1061 1291 1113 sal.
1325 1075 1435 1122 Ltv,
1462 1056 1579 1128 20),
1598 1064 1654 1110 ιιι
1668 1068 1825 1109 ever-

233 1150 309 1202 sis
339 1148 599 1206 Jebnsazis
621 1149 975 1204 aedificaretur
997 1148 1295 1204 Jerusalem
1322 1147 1387 1218 (ll
1421 1147 1547 1216 Reg.
1578 1161 1629 1209 v,
1671 1142 1749 1216 6).

307 1241 397 1295 10.
439 1240 530 1296 Sic
554 1249 607 1295 et
634 1255 829 1310 corpus
856 1241 1045 1311 capitis
1073 1241 1229 1309 hujus
1257 1253 1425 1310 usque
1471 1240 1522 1294 in
1555 1238 1712 1292 linem
1756 1234 1826 1290 ab

233 1330 389 1384 initio
411 1331 579 1385 currit
611 1331 662 1384 in
687 1331 797 1384 siti.
831 1331 894 1384 Et
923 1331 1074 1400 quasi
1101 1332 1148 1386 ei
1179 1330 1463 1394 diceretur,
1494 1328 1629 1396 Quid
1660 1330 1710 1382 in
1745 1328 1825 1380 si-

232 1421 312 1472 ti?
340 1421 466 1492 quid
498 1422 589 1476 tibi
611 1421 782 1486 deest,
815 1437 848 1474 o
873 1437 1068 1492 corpus
1093 1421 1310 1485 Christi,
1343 1437 1376 1476 ο
1407 1422 1641 1476 Ecclesia
1673 1420 1826 1474 Chri-

229 1513 341 1567 sti?
383 1514 436 1568 in
480 1523 628 1569 tanto
665 1514 888 1572 honore.
920 1515 971 1570 in
1018 1523 1160 1569 tanta
1192 1515 1543 1577 sublimitate,
1582 1514 1636 1568 in
1679 1522 1823 1568 tanta

231 1605 554 1661 celsitudine
588 1607 750 1660 etiam
793 1614 849 1662 et
889 1607 939 1661 in
987 1605 1088 1661 hoc
1129 1607 1326 1661 sat-culo
1354 1606 1661 1670 constituta,
1698 1604 1822 1676 quid

233 1697 329 1750 tibi
362 1698 554 1753 deest?
584 1697 846 1768 lmpletur
877 1698 945 1752 de
973 1707 1024 1753 te
1052 1698 1193 1768 quod
1217 1697 1522 1768 praedictum
1555 1707 1656 1763 est,
1686 1696 1824 1750 Ada-

240 1788 426 1840 ralmnt
453 1805 565 1842 eum
591 1805 762 1844 omnes
801 1806 940 1860 reges
968 1800 1153 1853 territt;
1199 1805 1369 1844 omnes
1413 1797 1581 1859 gentes
1611 1786 1824 1842 servient

230 1879 310 1932 illi
341 1878 512 1946 ('I’sal.
542 1897 692 1946 uiti,
718 1881 829 1950 Η).
853 1880 988 1948 Quid
1016 1895 1142 1951 ergo
1168 1881 1321 1936 sitis?
1349 1881 1472 1950 quid
1493 1879 1644 1934 sitis?
1666 1880 1824 1933 tantis

230 1973 444 2043 populis
467 1988 571 2028 non
597 1973 846 2028 satiaris?
866 1974 1009 2039 Quos
1038 1973 1260 2043 populos
1286 1972 1460 2026 dicis?
1495 1970 1596 2025 Ore
1625 1987 1718 2024 suo
1742 1972 1824 2024 be-

230 2065 548 2130 nedicebant,
603 2075 649 2121 et
685 2067 836 2120 corde
885 2082 976 2119 suo
1029 2063 1412 2119 ntatcdicebant.
1455 2062 1607 2118 Multi
1637 2060 1820 2128 vocati,

232 2158 389 2224 pauci
418 2167 586 2210 autem
627 2158 769 2211 electi
817 2156 1026 2226 (Matth.
1086 2173 1215 2222 χχιι,
1249 2155 1357 2224 id).
1401 2155 1587 2210 Mulier
1625 2154 1822 2209 ﬂuxum

228 2248 509 2318 sanguinis
541 2247 769 2317 patiens,
793 2249 957 2301 vestis
985 2248 1098 2316 ejus
1123 2246 1384 2301 fimbriam
1411 2246 1603 2315 tetigit,
1649 2255 1704 2299 et
1734 2260 1824 2298 sa-

229 2349 354 2394 nata
381 2350 462 2394 est
489 2358 503 2394 :
531 2349 728 2395 etcum
761 2340 1048 2394 miraretur
1065 2338 1320 2394 Dominus
1337 2347 1660 2408 tangentem,
1684 2335 1825 2406 quod

229 2434 298 2488 de
325 2448 387 2489 se
414 2441 658 2489 senserat
683 2432 859 2487 exisse
884 2432 1158 2497 virtutem,
1196 2431 1402 2486 scilicet
1435 2429 1500 2485 ad
1535 2429 1823 2484 sanandam

230 2525 538 2589 mulierem,
571 2523 727 2589 dixit,
755 2523 881 2590 Quis
909 2540 986 2578 me
1009 2521 1211 2594 tetigit?
1235 2522 1303 2577 Et
1328 2520 1574 2576 admirati
1596 2520 1827 2589 discipu-

230 2617 264 2670 li
297 2635 310 2670 :
346 2615 532 2670 Turbte
557 2625 604 2670 te
631 2616 990 2686 comprimunt,
1015 2624 1060 2668 et
1105 2614 1253 2680 dicis,
1288 2613 1413 2680 Quis
1435 2629 1512 2666 me
1539 2612 1737 2682 tetigit?
1762 2612 1829 2667 Et

231 2711 322 2764 ille
354 2727 368 2763 :
400 2709 588 2779 Tetigit
637 2724 717 2762 me
743 2708 923 2779 aliquis
973 2706 1160 2778 (Marc.
1192 2723 1244 2768 γ,
1288 2705 1509 2774 Eii—5|).
1555 2704 1827 2773 Tanquam

233 2803 439 2858 diceret
467 2818 482 2855 :
514 2799 628 2856 Una
649 2799 856 2870 tetigit;
889 2799 1056 2853 turhte
1080 2805 1348 2868 premunt.
1376 2796 1474 2865 Qtti
1525 2795 1830 2850 solemnita-

233 2893 377 2946 tibus
421 2890 716 2947 Jerusalem
767 2889 991 2960 implent
1041 2888 1350 2955 Ecclesias,
1401 2885 1829 2941 solemnitatibus

235 2982 548 3054 Babylonia:
576 2982 799 3053 implent
821 2982 1024 3036 theatra
1050 2997 1062 3032 :
1089 2988 1140 3034 et
1164 2987 1341 3034 tamen
1369 2972 1636 3059 serviunt,
1657 2976 1830 3031 bono-

235 3085 377 3141 rant,
400 3077 784 3156 obsequuntur,
819 3088 924 3128 non
952 3073 1126 3127 solum
1161 3072 1261 3141 ipsi
1286 3070 1377 3142 qui
1406 3077 1620 3139 portant
1643 3083 1827 3125 sacra-

236 3180 418 3225 menta
465 3167 684 3234 Christi,
716 3176 769 3222 et
810 3166 1039 3221 oderunt
1087 3172 1349 3234 praecepta
1385 3161 1607 3226 Christi,
1644 3176 1831 3216 verum

237 3265 404 3319 etiam
440 3263 516 3317 illi
547 3262 635 3333 qni
683 3276 782 3316 nec
825 3267 1156 3314 sacramenta
1201 3257 1313 3327 ipsa
1353 3264 1586 3327 portant,
1637 3255 1831 3327 Pagani

239 3356 368 3410 licet
411 3354 541 3418 sint,
583 3352 750 3408 Judaei
781 3351 904 3407 licet
925 3351 1068 3416 sint;
1104 3348 1390 3411 honorant,
1423 3346 1658 3409 laudant,
1691 3361 1832 3416 prte-

239 3447 444 3512 dicant,
479 3443 574 3501 scd
597 3460 683 3499 ore
720 3459 813 3498 suo
854 3440 1225 3497 bcnedicebant.
1257 3438 1372 3494 Non
1402 3437 1622 3494 attendo
1648 3438 1712 3490 ad
1739 3452 1830 3502 os;

241 3538 390 3593 novit
416 3537 506 3591 ille
537 3535 624 3605 qui
651 3549 737 3589 me
769 3533 1038 3596 instruxit,
1069 3530 1222 3586 corde
1244 3546 1336 3585 suo
1360 3527 1834 3582 maledicebantJbi

242 3628 654 3692 ntaledicehant,
701 3626 788 3681 ubi
837 3626 1096 3680 honorem
1130 3637 1307 3678 meum
1348 3621 1716 3690 cogitaverunt
1743 3635 1834 3675 re-

243 3725 466 3796 pellere.

317 3818 406 3872 Η.
454 3813 610 3888 [νει-ε.
659 3813 739 3888 6.]
765 3811 902 3882 Quid
949 3819 1027 3880 tu,
1060 3826 1092 3866 ο
1129 3810 1575 3880 Iditltun,corpns
1613 3808 1831 3873 Christi,

245 3906 554 3962 transiliens
597 3920 691 3960 eos
711 3905 734 3958 ?
758 3903 896 3973 Quid
929 3911 982 3958 tu
1015 3903 1156 3958 inter
1187 3900 1305 3956 haec
1332 3899 1550 3956 omnia?
1581 3899 1708 3970 quid
1739 3900 1836 3954 tu?

244 3997 504 4053 deﬁcies?
547 4011 652 4051 non
699 3994 1071 4066 perseverabis
1096 4007 1263 4063 usque
1283 3992 1334 4046 in
1365 3990 1566 4046 ﬁnem?
1592 4005 1697 4044 non
1737 4006 1836 4044 au-

246 4091 386 4157 dies,
417 4089 518 4156 Qui
545 4087 927 4156 perseveraverit
953 4101 1111 4155 usque
1135 4085 1188 4139 in
1213 4085 1386 4150 ﬁnem,
1420 4083 1501 4136 hic
1523 4083 1694 4137 salvus
1722 4081 1834 4148 erit,

246 4181 492 4250 quamvis
519 4179 755 4250 quoniam
772 4179 792 4209 ’
819 4175 1041 4230 abundat
1062 4174 1637 4246 iniquitas,‘re{rigescet
1665 4171 1836 4225 chari-

208 4285 326 4329 ..ιω
353 4273 628 4326 multorum
657 4269 869 4341 (Matth.
904 4284 1058 4336 XXIV,
1084 4268 1173 4334 15,
1204 4266 1333 4338 12)ἳ
1358 4265 1428 4320 Et
1456 4265 1542 4320 ubi
1572 4272 1655 4319 est
1695 4262 1839 4335 quod

248 4363 527 4421 transilisti
568 4362 697 4418 eos?
722 4362 812 4418 ubi
840 4369 923 4418 est
947 4360 1089 4431 quod
1118 4358 1454 4414 conversatio
1491 4366 1577 4412 tua
1608 4356 1660 4411 in
1691 4357 1840 4412 caelis

247 4466 335 4512 est
379 4455 644 4526 (Philipp.
671 4469 747 4516 nt,
791 4452 928 4524 εον
957 4452 1036 4506 llli
1062 4459 1239 4506 autem
1288 4448 1550 4504 inluerent
1580 4449 1838 4512 terrenis;

251 4561 507 4620 tanquam
557 4547 838 4618 terrigena:
895 4545 1110 4616 snpiunt
1155 4554 1380 4609 terram,
1433 4526 1636 4597 etsunt
1680 4551 1841 4602 terra,

248 4642 524 4712 serpentis
576 4640 750 4696 cibus.
779 4638 916 4708 Quid
977 4647 1032 4692 tu
1097 4637 1234 4692 inter
1273 4635 1426 4690 hinc?
1463 4634 1846 4706 Verumtamen

250 4736 500 4806 quamvis
525 4734 640 4789 haec
670 4733 883 4796 faciant,
914 4730 1157 4801 quamvis
1177 4728 1292 4783 btec
1322 4727 1573 4798 cogitent,
1603 4724 1846 4796 quamvis

252 4829 554 4901 impellant,
585 4826 829 4898 quamvis
858 4824 1012 4896 quasi
1055 4822 1308 4879 inclinato
1345 4820 1564 4886 instent,
1604 4817 1847 4888 quamvis

253 4924 364 4993 iam
399 4932 639 4977 erectum
684 4917 939 4984 sentiant,
980 4926 1035 4972 ct
1074 4917 1332 4970 honorem
1371 4928 1546 4969 meum
1592 4909 1849 4980 repellere

253 5016 525 5084 cogitent;
557 5011 798 5082 quamvis
839 5025 934 5064 ore
972 5022 1070 5063 suo
1098 5005 1418 5061 benedicant
1456 5014 1508 5059 et
1550 5001 1712 5058 corde
1750 5015 1848 5056 suo

254 5108 618 5169 maledicam;
646 5103 889 5174 quamvis
931 5100 1245 5156 insidientur
1287 5098 1372 5152 ubi
1407 5105 1644 5167 possunt,
1697 5096 1848 5149 calu-

257 5202 534 5256 mnientur
555 5199 641 5252 ubi
659 5203 883 5266 possunt
901 5193 1287 5252 :Vcrumtamen
1306 5190 1412 5244 Deo
1430 5189 1720 5260 subjiciatur
1739 5189 1853 5242 aui-

256 5310 343 5346 ma
369 5307 500 5346 mea.
529 5291 596 5345 Et
633 5288 753 5358 quis
792 5295 938 5342 tanta
963 5285 1176 5350 toleret,
1218 5282 1516 5371 vel‘aperta
1551 5280 1706 5344 bella,
1767 5278 1849 5333 vel

256 5383 503 5440 occultas
546 5378 803 5435 insidias?
849 5377 968 5447 quis
1025 5384 1166 5430 tanta
1219 5374 1412 5430 toleret
1454 5373 1590 5426 inter
1639 5381 1853 5441 apertos

259 5474 464 5537 hostes,
487 5472 625 5525 inter
638 5469 801 5523 falsos
816 5466 1007 5522 fratres
1023 5465 1177 5535 ?qnis
1189 5472 1330 5518 tanta
1348 5463 1537 5517 toleret
1551 5461 1573 5514 ?
1589 5459 1853 5531 Numquid

263 5565 424 5620 homo
443 5567 468 5617 ’ἱ
493 5562 609 5618 etsi
641 5561 822 5626 homo,
851 5557 1106 5628 numquid
1149 5572 1178 5610 a
1203 5558 1380 5628 seipso
1410 5555 1568 5609 homo
1590 5555 1612 5605 ’ἰ
1639 5551 1750 5606 Non
1777 5552 1854 5605 sic

327 5742 340 5770 ι
377 5739 451 5788 Sic
473 5744 581 5786 Mss.
611 5743 664 5785 At
689 5733 824 5793 Edd.,
848 5740 894 5784 ct
931 5730 1108 5782 malum
1135 5736 1280 5781 vetus.
1323 5729 1506 5780 Dicitur
1545 5727 1673 5782 cnim
1711 5733 1754 5778 et
1787 5724 1855 5778 υἰ-

262 5813 375 5852 υιιηι
397 5807 548 5850 tctus.

326 5866 344 5896 ³
375 5867 449 5915 sic
604 5867 661 5909 At
685 5857 832 5918 Edd.,.
845 5855 1068 5920 quoniam
1093 5852 1322 5917 quamvis.

1363 401 1756 459 ENARRATtO
1798 401 1860 455 IN
1901 399 2219 455 PSALMUM
2260 400 2393 455 LXI.

3379 428 3382 430 '
3420 409 3526 464 733

1947 509 2203 567 transilivi
2233 521 2289 566 ut
2317 513 2540 569 extollar
2565 525 2618 569 et
2651 517 2834 572 cadam
2863 536 2874 572 :
2904 519 3011 572 Deo
3040 521 3329 590 subjicietur
3352 524 3524 577 anima

1939 622 2048 656 nica
2079 603 2098 659 ξ
2122 605 2358 675 quoniam
2385 606 2446 660 ab
2466 608 2576 670 ipso
2600 618 2672 662 est
2699 612 2936 677 patientia
2965 629 3094 668 nica.
3113 613 3241 680 Qua:
3273 616 3520 684 patientia

1924 695 2073 752 inter
2100 707 2242 751 tanta
2269 700 2536 764 scandala,
2569 701 2668 755 nisi
2690 704 2808 771 quia
2842 704 2884 756 si
2913 704 2962 756 id
2987 705 3128 774 quod
3153 720 3256 759 non
3282 706 3521 762 videmus

1935 801 2235 858 Speremus,
2288 806 2383 860 per
2427 793 2733 862 patientiam
2769 807 3140 865 exspectamus
3176 798 3354 868 (Rom.
3403 815 3519 861 vni,

1933 877 2070 948 Ωδμ
2104 880 2258 935 Venit
2304 881 2462 936 dolor
2503 897 2690 942 mens;
2723 884 2901 939 veniet
2925 897 2975 940 et
3008 888 3216 956 requies
3242 903 3358 944 mea
3386 906 3403 944 :
3431 905 3522 944 ve-

1935 968 2013 1023 nit
2043 969 2313 1038 tribulatio
2344 987 2495 1036 mea;
2524 974 2698 1028 veniet
2718 983 2771 1029 et
2793 977 3034 1046 purgatio
3062 993 3202 1032 mea.
3231 978 3522 1049 Numquid~

1934 1074 2056 1112 nam
2112 1060 2251 1114 lucet
2304 1076 2491 1115 aurum
2539 1063 2590 1116 in
2641 1061 2863 1120 fornace
2915 1066 3196 1121 aurificis?
3236 1067 3290 1122 ln
3341 1069 3521 1124 monili

1931 1148 2148 1216 lucebit,
2182 1151 2234 1205 in
2257 1162 2576 1209 ornamento
2608 1155 2806 1212 lucebit
2834 1173 2848 1211 :
2884 1158 3111 1225 patiatur
3138 1169 3313 1213 tamen
3345 1159 3525 1214 furna-

1931 1254 2069 1303 cem,
2089 1249 2142 1293 ut
2167 1251 2444 1311 purgatum
2463 1258 2490 1296 a
2511 1244 2757 1300 sordibus
2789 1248 2967 1302 veniat
2991 1249 3055 1300 ad
3089 1249 3280 1302 lucem.
3312 1248 3526 1307 Fornax

1932 1329 2029 1384 ista
2058 1349 2073 1395 ;
2105 1331 2177 1386 ibi
2208 1333 2380 1402 palea,
2413 1334 2482 1388 ibi
2513 1331 2724 1402 aurum,
2751 1336 2823 1391 ibi
2857 1337 3011 1408 ignis,
3042 1340 3108 1392 ad
3139 1340 3273 1394 hanc
3304 1343 3395 1396 ﬂat
3427 1358 3525 1395 an-

1931 1420 2062 1475 rifex
2097 1437 2109 1474 :
2144 1421 2440 1477 in-fornace
2455 1423 2608 1479 ardet
2636 1426 2808 1495 palea,
2836 1439 2890 1482 et
2910 1440 3404 1498 purgamraurnm;
3437 1436 3523 1487 illa

1931 1508 1984 1562 in
2008 1511 2243 1567 cinerem
2277 1514 2520 1579 vertitur,
2549 1530 2578 1568 ιι
2609 1515 2856 1571 sordibus
2883 1519 3014 1582 illud
3045 1521 3274 1577 exuitur.
3304 1524 3520 1580 Fornax

1930 1601 2182 1663 mundus,
2217 1604 2363 1674 palea
2412 1605 2596 1675 iniqui,
2641 1622 2829 1660 aurum
2867 1608 3013 1677 justi,
3047 1610 3182 1679 ignis
3231 1612 3520 1683 tribulatio,

1919 1690 2130 1782 aurifex
2152 1692 2292 1746 Deus
2316 1710 2330 1746 :
2352 1695 2490 1763 quod
2512 1695 2622 1749 vult
2637 1711 2765 1766 ergo
2784 1698 3010 1766 aurifex,
3027 1700 3159 1755 facio
3183 1719 3198 1766 ;
3220 1703 3305 1756 ubi
3326 1722 3409 1758 me
3429 1722 3524 1774 po-

1931 1781 2423 1844 nitartifex,tolero
2448 1785 2670 1854 :jubcor
2703 1803 2803 1857 ego
2822 1789 3070 1855 tolerare,
3102 1794 3250 1848 novit
3275 1795 3362 1850 ille
3394 1813 3523 1865 puro

1929 1888 2075 1942 gare.
2106 1874 2304 1929 Ardeat
2332 1875 2454 1930 licet
2476 1877 2623 1945 palea
2644 1879 2709 1932 ad
2736 1879 3127 1937 incendendum
3159 1900 3265 1948 me,
3295 1895 3349 1940 et
3370 1889 3524 1957 quasi

1929 1965 2349 2019 consumendum
2372 1982 2489 2021 me:
2519 1967 2605 2022 illa
2630 1969 2680 2022 in
2720 1969 2956 2025 cinerem
2981 1973 3225 2040 vertitur,
3256 1991 3356 2046 ego
3401 1993 3524 2032 sor-

1930 2054 2086 2110 dibus
2111 2072 2289 2111 careo.
2312 2058 2422 2126 Qna
2434 2075 2490 2113 re
2513 2060 2536 2112 ?
2564 2060 2695 2128 Quia
2724 2061 2833 2115 Deo
2863 2065 3155 2135 subjiciatur
3173 2069 3342 2122 anima
3377 2089 3520 2139 mea;

1929 2151 2167 2217 quoniam
2194 2150 2256 2204 ab
2285 2154 2395 2220 ipso
2413 2162 2484 2206 est
2509 2155 2750 2223 patientia
2777 2173 2906 2212 mea.

2003 2244 2091 2299 12.
2134 2243 2284 2317 [υενδ.
2311 2245 2391 2319 7.]
2418 2246 2546 2314 Quis
2571 2257 2651 2302 est
2683 2249 2775 2303 tibi
2811 2251 2932 2314 iste,
2963 2267 2992 2304 a
3020 2269 3126 2323 quo
3153 2264 3235 2310 est
3275 2251 3524 2325 patientia

1934 2337 2060 2390 tua?
2103 2337 2354 2403 Quoniam
2391 2339 2500 2407 ipse
2535 2349 2607 2393 est
2656 2340 2794 2396 Deus
2842 2359 2980 2396 meus
3009 2354 3054 2397 et
3094 2348 3332 2403 salutaris
3361 2368 3522 2418 meus,

1931 2439 2190 2496 susceptor
2213 2447 2373 2496 meus,
2404 2447 2502 2485 non
2545 2432 2822 2502 emigrabo.
2855 2434 3105 2500 Quoniam
3137 2439 3244 2508 ipse
3284 2453 3357 2494 est
3389 2441 3527 2497 Deus

1932 2537 2107 2584 meus;
2136 2537 2266 2590 ergo
2292 2533 2445 2575 vocat
2473 2534 2558 2578 me
2585 2541 2598 2576 :
2621 2533 2667 2577 et
2694 2525 2932 2580 salutaris
2963 2537 3138 2592 meus;
3179 2547 3308 2601 ergo
3330 2534 3529 2601 justifi-

2045 2629 2128 2668 me
2160 2621 2246 2668 :et
2293 2628 2554 2685 susceptor
2593 2633 2765 2680 meus;
2804 2633 2933 2688 ergo
2973 2621 3234 2688 gieriticat
3274 2641 3378 2679 me.
3432 2627 3530 2682 llic

1934 2703 2075 2758 enim
2103 2718 2267 2758 vocor
2293 2710 2349 2758 et
2371 2705 2654 2774 justiticor,
2694 2708 2762 2762 ibi
2792 2718 2967 2763 autem
2993 2712 3298 2781 glorificor;
3322 2725 3377 2781 et
3406 2719 3529 2773 inde

1935 2793 2024 2848 ubi
2052 2794 2338 2866 gloriﬁcnr,
2377 2812 2479 2850 non
2524 2799 2799 2870 emigrabo.
2827 2779 3015 2870 Neque
3041 2803 3183 2858 enim
3213 2805 3264 2858 in
3296 2779 3531 2877 pcregri-

1937 2887 2152 2941 natione
2178 2902 2296 2941 mea
2317 2889 2606 2943 retnanebo
2637 2907 2649 2943 :
2677 2900 2760 2946 est
2799 2891 2885 2946 hic
2912 2893 3052 2946 unde
3089 2895 3343 2966 emigrent
3369 2915 3382 2957 ;
3438 2900 3530 2956 sed

1937 2979 2146 3034 veniam
2169 2979 2310 3034 unde
2335 2995 2440 3034 non
2471 2982 2765 3052 etnigrabo.
2800 2983 2930 3037 Nam
2959 2986 3245 3054 inquilinus
3281 3004 3380 3058 ego
3415 3007 3532 3045 sum

1937 3068 2076 3138 apud
2096 3078 2144 3123 te
2161 3069 2213 3123 in
2239 3079 2398 3132 terra,
2425 3072 2565 3126 sicut
2585 3087 2772 3126 omnes
2793 3083 2971 3140 patres
2994 3078 3094 3130 mei
3118 3075 3286 3146 (Psal.
3315 3096 3533 3146 xvvvnt,

1940 3157 2053 3232 15).
2081 3159 2222 3230 Ergo
2251 3162 2319 3214 ab
2351 3162 2663 3231 inquilinatu
2707 3164 2975 3234 migrabo;
3019 3165 3086 3221 de
3133 3167 3295 3224 domo
3330 3172 3534 3228 caelesti

1939 3265 2045 3306 non
2072 3253 2362 3321 emigrabo.

2013 3347 2100 3400 13.
2137 3345 2285 3418 [vers.
2317 3344 2396 3418 8.]
2429 3344 2493 3399 In
2523 3345 2632 3401 Deo
2660 3349 2882 3402 salutare
2915 3366 3102 3414 meum,
3133 3361 3180 3404 ct
3207 3353 3372 3422 gloria
3401 3373 3534 3410 utea.

1942 3439 2134 3496 Salvus
2164 3455 2258 3493 ero
2296 3440 2348 3491 in
2384 3440 2529 3504 Deo;
2562 3441 2822 3509 gloriosus
2844 3457 2937 3494 ero
2969 3441 3023 3494 in
3068 3442 3211 3498 Deo:
3242 3459 3348 3498 non
3391 3447 3534 3501 enim

1941 3541 2146 3585 tantum
2173 3531 2370 3596 salvus,
2401 3531 2492 3584 sed
2517 3542 2572 3584 et
2592 3531 2852 3600 gloriosus
2878 3532 3106 3598 ;salvus,
3131 3535 3248 3603 quia
3273 3535 3448 3604 justus
3469 3553 3534 3590 ex

1943 3624 2126 3694 impio,
2157 3623 2223 3676 ab
2250 3623 2340 3676 illo
2364 3624 2686 3692 justifieatus
2714 3623 2888 3693 (Rom.
2921 3640 2992 3690 tv,
3026 3626 3118 3694 5);
3148 3627 3410 3696 gloriosus
3439 3646 3538 3682 an-

1944 3725 2071 3778 tem,
2105 3717 2224 3784 quia
2253 3730 2357 3769 non
2387 3715 2560 3767 solum
2589 3715 2927 3783 jnstiftcatns,
2958 3717 3051 3770 sed
3085 3719 3246 3772 etiam
3279 3719 3537 3775 honoriti-

1947 3817 2120 3861 catus.
2157 3806 2367 3860 Etenim
2397 3824 2520 3876 quos
2547 3809 2942 3876 prtedestinavit,
2971 3809 3089 3864 illos
3115 3821 3160 3864 et
3187 3815 3392 3881 vpcavit.
3431 3815 3536 3868 Vo-

1943 3916 2072 3954 cans
2100 3915 2191 3954 eos
2213 3899 2336 3970 quid
2369 3899 2494 3954 fecit
2524 3900 2645 3955 hic?
2679 3899 2817 3966 Quos
2832 3901 3040 3967 vocavit,
3059 3902 3195 3972 ipsos
3216 3914 3262 3957 et
3279 3906 3538 3973 justiﬁca-

1943 3993 2012 4046 uit
2027 4007 2046 4055 ,'
2065 4007 2189 4059 quos
2212 4001 2376 4044 autem
2392 3992 2713 4060 justiﬁcavit,
2735 3992 2871 4061 ipso:
2891 4002 2938 4046 et
2962 3993 3262 4064 glorificavit
3287 3995 3395 4068 (Id.
3427 4014 3536 4065 vnt,

1944 4085 2060 4152 50).
2094 4081 2409 4137 Justilicatio
2430 4098 2558 4152 ergo
2587 4083 2652 4136 ad
2680 4085 2904 4138 salutem
2931 4085 3183 4154 pertinet,
3223 4087 3540 4156 glorificatio

1946 4176 2012 4230 ad
2043 4177 2322 4231 honorem.
2351 4175 2484 4243 Quia
2529 4176 2848 4244 glurilicatio
2896 4177 2962 4231 ad
2992 4177 3249 4233 honorem
3285 4182 3537 4248 pertinet,

1947 4268 2218 4336 disputare
2266 4282 2370 4321 non
2403 4280 2536 4334 Opus
2563 4277 2666 4321 est.
2707 4266 2837 4333 Quia
2862 4266 3169 4335 justilicatio
3201 4273 3430 4337 pertinet
3474 4275 3538 4327 ad

1949 4358 2196 4422 salutem,
2216 4371 2517 4426 quarramns
2529 4356 2745 4425 aliquod
2769 4356 3174 4412 documentum.
3200 4359 3338 4414 Ecce
3351 4375 3543 4416 oecur-

1949 4448 2020 4503 rit
2044 4464 2107 4503 ex
2141 4447 2470 4516 Evangelia:
2505 4456 2658 4501 erant
2700 4447 2792 4516 qui
2817 4447 2918 4501 sibi
2961 4447 3276 4503 videbantur
3315 4450 3460 4518 iusti,
3491 4462 3544 4508 et

1951 4539 2415 4610 reprehendebant
2444 4539 2742 4601 Demittunt,
2768 4538 2906 4607 quod
2929 4537 3242 4593 admittebat
3269 4539 3336 4594 ad
3359 4544 3542 4596 convi-

1951 4635 2094 4686 vium
2122 4640 2448 4700 peccatores,
2500 4638 2554 4684 et
2601 4645 2724 4684 cum
2765 4629 3060 4699 publicanis
3100 4639 3156 4686 et
3181 4635 3547 4701 peecatorilms

1953 4724 2377 4780 conveseebatur
2410 4740 2424 4778 :
2461 4722 2651 4776 talibus
2683 4722 2862 4792 itaque
2906 4723 3360 4792 superbientibus,
3393 4725 3546 4780 torti-

1956 4818 2056 4871 bus
2107 4829 2262 4871 terra:
2315 4815 2468 4869 valde
2521 4814 2766 4880 elevatis,
2811 4814 3034 4869 multum
3065 4815 3132 4870 de
3183 4830 3278 4870 sua
3322 4818 3550 4875 sanitate

1957 4909 2326 4981 gloriantibns,
2373 4925 2529 4978 quam
2577 4908 2852 4978 putabant,
2906 4923 3011 4962 non
3063 4925 3221 4978 quam
3274 4912 3547 4980 tenebant,

1957 5006 2080 5078 quid
2106 5003 2380 5075 respondit
2401 5001 2701 5058 Dominus?
2725 5001 2846 5055 Non
2875 5011 2948 5055 est
2977 5018 3110 5070 opus
3136 5004 3272 5055 sanis
3302 5005 3546 5072 medicus,

1958 5101 2046 5154 sed
2076 5101 2205 5152 male
2231 5095 2540 5150 habentibus.
2569 5093 2714 5162 Quos
2742 5093 2870 5149 dicit
2896 5108 3056 5147 sanos
3074 5093 3097 5148 ?
3114 5109 3246 5163 quos
3271 5096 3397 5151 dicit
3415 5103 3549 5154 male

1960 5189 2254 5248 habentes?
2294 5190 2566 5259 Sequitur,
2617 5196 2671 5243 et
2710 5185 2875 5241 dicit:
2907 5184 3027 5239 Non
3057 5185 3167 5238 veni
3193 5201 3369 5240 vocare
3386 5191 3551 5258 justas

1959 5285 2047 5340 sed
2077 5291 2359 5356 peccatores
2388 5282 2438 5334 in
2469 5279 2806 5349 paenitentiam
2838 5276 3046 5348 (Matth.
3081 5291 3159 5341 Ix,
3193 5277 3279 5341 12,
3308 5278 3417 5350 13),
3444 5285 3556 5350 Αρ-

1961 5374 2178 5446 pallavit
2223 5387 2351 5442 ergo
2391 5385 2550 5425 sanos
2592 5370 2796 5437 justus;
2831 5383 2936 5423 non
2983 5368 3102 5438 quia
3158 5367 3410 5424 l’ltarlsa‘i
3455 5369 3555 5424 ltot.

1961 5476 2130 5526 erant.
2155 5465 2247 5520 sed
2279 5464 2399 5535 quia
2428 5463 2525 5515 hoc
2552 5477 2608 5516 se
2634 5476 2753 5515 esse
2777 5459 3171 5513 arbitrabantur
3195 5477 3207 5517 :
3241 5469 3292 5512 et
3321 5459 3439 5514 ideo
3469 5478 3556 5514 sn.

1963 5557 2292 5628 pcrbiebaut,
2330 5563 2383 5608 et
2412 5554 2675 5607 medicum
2706 5549 3085 5620 :rgrotantibns
3124 5549 3450 5614 invidebant,
3505 5562 3555 5605 el

1965 5653 2082 5722 plus
2111 5657 2431 5718 aegrotantes
2475 5644 2739 5699 medicum
2777 5640 3108 5696 occidebant.
3139 5639 3438 5709 Appellavit
3475 5651 3554 5694 ta-

1943 5756 2089 5798 ‘mcn
2134 5753 2294 5793 sanos
2333 5738 2528 5808 justos,
2581 5741 2904 5804 a-grotantcs
2943 5740 3268 5801 peccatores.
3315 5729 3387 5784 Ut
3428 5746 3554 5803 ergo

1965 5835 2307 5911 jnstillcarcr,
2326 5831 2399 5887 ait
2429 5830 2528 5885 iste
2547 5826 2870 5897 transiliens,
2890 5824 2956 5883 ab
2976 5825 3088 5897 ipso
3118 5822 3248 5880 mihi
3275 5833 3390 5893 est;
3421 5838 3476 5883 et
3503 5836 3557 5883 ut
