3934 6324
392 409 497 464 139
1588 375 1595 381 ’
1632 385 1689 442 8.
1732 374 2101 439 AUGUSTI!“
2139 375 2442 433 EPiSCOPl
3571 386 3675 444 πο

396 522 681 593 glorilicer,
714 521 782 577 ab
805 521 924 591 ipso
952 516 1082 573 mihi
1112 524 1196 570 est
1227 530 1241 566 :
1274 512 1339 567 In
1366 510 1471 565 Deo
1498 508 1719 564 salutare
1750 520 1917 560 meum
1939 509 1988 557 et

2145 493 2223 549 iiii
2261 491 2535 593 hominum
2554 533 2583 593 ,.
2611 507 2887 565 usquequo
2920 507 3108 565 graves
3130 494 3332 552 corde?
3358 496 3478 551 Filii
3506 497 3679 553 homi-

394 582 558 684 ξεοτεα
584 628 714 665 me,
750 582 1200 671 suimanmwm’
1229 612 1287 658 ω
1310 602 1488 658 μινυς
1514 599 1647 660 sim;
1673 594 1988 667 ςιοήαηιεα,
2096 599 2225 640 num
2269 585 2411 650 vani,
2443 584 2538 639 lilii
2569 582 2843 640 hominum
2874 586 3191 648 mendaces:
3238 587 3335 641 ﬁlii
3380 588 3679 654 bernium,

396 674 455 758 ut
482 704 775 757 honoratus
804 702 926 756 sim.
958 698 1077 754 Hoc
1099 707 1227 751 tunc
1257 711 1269 747 :
1301 690 1462 747 modo
1490 686 1655 759 quid?
1678 682 1815 740 Deus
1839 675 1991 736 auxi;
2074 674 2288 747 tuquid
2329 675 2549 747 diligitis
2596 676 2904 741 vanitatem,
2956 684 3011 731 et
3056 678 3297 748 quaeritis
3343 677 3685 733 mendacium

403 793 461 847 lii
487 793 606 859 mei,
628 799 674 845 et
701 809 818 863 apes
840 806 952 845 mea
978 789 1032 843 in
1074 785 1181 840 Deo
1212 801 1231 839 :
1256 783 1428 838 donec
1449 777 1754 850 perveniam
1779 768 1846 829 ad
1875 786 1996 843 per—
2105 766 2377 863 (PaL—tv,
2405 768 2487 838 '5)?
2509 767 2642 825 Cum
2670 769 3014 825 miseratione
3040 769 3138 824 ista
3163 770 3346 837 dicite,
3394 780 3558 841 atque
3597 786 3689 826 sa-

404 884 595 940 Ieetam
614 858 1046 953 justitleationem
1071 886 1129 935 et
1159 877 1407 933 salutem.
1437 873 1541 943 Spe
1573 870 1703 924 enim
1731 867 1854 922 salvi
1874 865 1998 936 [arti
2100 859 2231 929 pile.
2271 858 2328 914 Si
2355 858 2730 925 transilivistis,
2772 859 2818 913 si
2857 858 3079 929 diligitis
3118 860 3362 916 inimicos
3386 870 3617 928 vestros,
3645 861 3689 915 si

399 991 574 1028 sumus
647 990 766 1042 spes
806 982 977 1027 autem
1015 985 1132 1041 quae
1173 966 1393 1031 videtur,
1437 978 1539 1017 non
1573 969 1646 1015 est
1683 974 1797 1031 spes
1816 956 1994 1031 (Rom.
2104 949 2386 1042 destruere
2413 950 2606 1021 cupitis
2632 959 2689 1005 ut
2720 949 3019 1018 trdillcetis,
3052 951 3100 1008 si
3123 966 3245 1008 eum
3268 954 3459 1008 amatis
3485 954 3575 1024 qui
3601 953 3691 1025 jn-

401 1080 517 1127 vnt,
538 1041 881 1133 9.4).Donec
904 1061 1115 1116 veniam
1139 1058 1205 1112 ad
1236 1056 1381 1111 illam
1403 1049 1861 1123 gloriﬁeationem,
1909 1045 1998 1099 ubi
2103 1041 2247 1133 dicat
2273 1041 2325 1095 in
2368 1041 2638 1133 gentibus,
2665 1050 2719 1096 et
2746 1042 2917 1113 replet
2941 1043 3124 1099 ruinas
3150 1041 3321 1117 (Psal.
3351 1060 3462 1111 cis,
3493 1044 3549 1115 6)
3574 1060 3589 1109 ;
3623 1045 3691 1098 ita

404 1154 530 1223 justi
559 1130 839 1223 fulgebunt
865 1153 916 1206 in
940 1166 1105 1221 regno
1123 1147 1293 1203 Patris
1309 1142 1389 1199 sui
1407 1156 1654 1212 tanquam
1682 1139 1765 1195 sol
1784 1136 1997 1210 (Matth.
2047 1149 2050 1152 '
2105 1134 2189 1189 his
2219 1132 2319 1188 ista
2349 1132 2511 1187 dicite
2533 1173 2550 1199 ,
2603 1149 2709 1187 non
2736 1130 2860 1188 odio
2886 1132 3148 1189 habentes
3170 1176 3187 1202 ,
3234 1149 3340 1189 non
3371 1135 3569 1189 malum
3599 1149 3693 1204 pro

406 1262 525 1311 xm,
570 1246 689 1318 ιδ).
736 1244 949 1301 interim
990 1254 1134 1297 nunc
1162 1241 1303 1295 inter
1329 1233 1666 1298 teutationes,
1713 1231 1853 1284 inter
1902 1226 2003 1282 ini-
2105 1225 2251 1280 maio
2278 1224 2563 1280 reddentes
2589 1225 2608 1295 (
2634 1225 2785 1279 Rom.
2816 1240 2912 1289 xu,
2946 1223 3080 1294 17).
3110 1224 3382 1280 Hendaces
3409 1226 3503 1294 ﬁlii
3530 1226 3692 1279 homi-

406 1314 662 1407 qnitates,
690 1338 829 1392 inter
854 1333 1124 1398 scandala,
1171 1332 1314 1386 inter
1347 1335 1558 1398 apertas
1585 1321 2004 1407 Oppugnationes
2108 1332 2231 1369 num
2266 1317 2318 1368 in
2344 1315 2565 1380 stateris,
2588 1327 2642 1368 ut
2665 1317 2923 1385 decipiant
2962 1315 3063 1385 ipsi
3084 1314 3147 1370 de
3182 1317 3404 1370 uanitate
3440 1316 3493 1369 in
3517 1334 3695 1374 unum.

413 1402 469 1486 et
494 1402 746 1484 subdolas
773 1424 1090 1488 locutiones,
1120 1422 1261 1476 inter
1286 1432 1381 1473 eos
1406 1414 1497 1487 qui
1519 1425 1614 1470 ore
1638 1402 1737 1467 suo
1783 1408 2004 1465 benedi-
2105 1405 2268 1461 Certe
2294 1404 2446 1461 multi
2473 1414 2598 1462 sunt
2623 1420 2641 1461 :
2688 1420 2813 1461 ecce
2838 1414 2918 1460 est
2949 1404 3043 1460 ille
3071 1420 3243 1470 unus,
3289 1422 3426 1465 unus
3472 1408 3563 1465 ille
3606 1409 3698 1478 qui

414 1528 559 1588 cunt,
591 1530 644 1577 et
668 1518 832 1577 corde
860 1512 1329 1577 suo~maiedicunt,
1359 1510 1498 1564 inter
1517 1519 1611 1562 eos
1637 1503 1727 1575 qui
1746 1501 2005 1572 honorem
2110 1498 2380 1569 projectus
2399 1509 2481 1553 est
2499 1496 2567 1553 de
2589 1498 2739 1553 turba
2761 1497 3157 1553 convivantium
3185 1496 3401 1575 (Matth.
3422 1516 3557 1567 xm,
3584 1499 3700 1572 13).

417 1629 595 1670 meum
632 1612 869 1684 cogitant
892 1607 1174 1679 repellere,
1201 1602 1327 1674 quid
1354 1600 1479 1657 hic?
1504 1596 1641 1654 Deus
1664 1594 1844 1669 auxilii
1862 1593 1960 1649 mei
1988 1608 2008 1649 :
2111 1591 2462 1684 conspirant,
2480 1605 2666 1684 omnes
2696 1591 3005 1661 temporalia
3032 1604 3299 1666 quzerunt,
3345 1597 3543 1667 quique
3582 1610 3701 1651 car-

420 1711 512 1765 tlat
538 1709 681 1764 enim
710 1682 971 1761 auxilium
998 1698 1344 1758 certantibus.
1370 1696 1564 1751 Contra
1594 1705 1729 1762 quos
1756 1689 2009 1744 certanti-
2112 1682 2262 1747 nales
2286 1683 2541 1749 carnalia,
2566 1691 2620 1739 et
2647 1683 2699 1738 in
2726 1684 2960 1741 futurum
2985 1696 3205 1756 sperant
3231 1688 3551 1765 quicumque
3574 1700 3700 1758 Spe-

422 1800 562 1855 inus?
591 1797 713 1852 Non
740 1806 812 1851 est
842 1794 983 1849 nobis
1004 1789 1294 1846 colluctatio
1314 1786 1548 1840 adversus
1576 1796 1778 1835 carnem
1817 1788 1864 1832 et
1888 1794 2010 1832 ωη-
2114 1784 2243 1832 rant
2274 1791 2290 1830 :
2339 1775 2437 1831 etsi
2481 1775 2550 1831 de
2594 1776 2906 1850 opinionum
2939 1761 3277 1836 varietate'in
3304 1779 3602 1844 diversum,
3635 1778 3703 1836 de

424 1892 624 1961 guinem
646 1904 666 1955 ;
695 1887 785 1943 sed
812 1886 1052 1940 adversus
1079 1879 1394 1951 principatus
1426 1884 1474 1931 et
1501 1880 1763 1945 potestates
1796 1868 2010 1941 (Euhoe.
2116 1867 2351 1926 vanitate
2376 1875 2552 1925 tamen
2580 1870 2633 1925 in
2660 1886 2824 1925 unum
2849 1879 2993 1947 sunt.
3028 1871 3237 1927 Diversi
3257 1872 3472 1942 quidem
3492 1884 3703 1927 errores

427 1960 500 2050 ςιι,
552 1982 671 2050 t2).
718 1978 857 2034 Deus
897 1990 1026 2047 ergo
1061 1970 1243 2026 auxilii
1287 1967 1403 2035 mei,
1439 1974 1483 2025 et
1530 1980 1644 2039 spes
1669 1981 1778 2020 mea
1804 1966 1857 2019 in
1884 1962 2014 2017 Deo.
2109 1971 2174 2018 et
2199 1960 2573 2050 multiformes,
2608 1968 2667 2016 et
2695 1976 2917 2032 regnum
2944 1961 3229 2017 adversum
3255 1976 3313 2017 se
3339 1961 3566 2017 divisum
3596 1976 3703 2029 non

427 2047 585 2147 spes,
625 2047 879 2145 quamdiu
918 2062 1154 2124 nondum
1182 2074 1265 2119 est
1304 2060 1444 2133 quod
1474 2058 1791 2131 promissum
1818 2062 1925 2120 est,
1955 2061 2019 2147 et
2120 2052 2281 2110 stabit
2320 2047 2449 2125 (Id.
2481 2069 2555 2147 sn
2576 2095 2592 2120 ,
2619 2050 2735 2124 25)
2777 2072 2792 2108 :
2837 2053 2932 2109 sed
2966 2050 3158 2109 similis
3185 2053 3433 2110 omnibus
3460 2054 3705 2110 voluntas

429 2142 667 2222 creditur
694 2161 836 2235 quod
863 2158 1101 2216 nondum
1122 2154 1328 2210 videtur
1352 2169 1367 2220 ;
1419 2165 1539 2231 cum
1566 2157 1746 2205 autem
1788 2142 2017 2211 venerit,
2121 2157 2259 2199 vana
2274 2152 2336 2199 et
2360 2142 2609 2206 mendas,
2640 2144 2916 2213 pertinens
2939 2143 3005 2198 ad
3032 2158 3194 2198 unum
3223 2158 3423 2213 regem,
3452 2159 3575 2200 cum
3600 2157 3707 2214 quo

424 2258 536 2313 erit
559 2231 785 2312 saivatio
813 2260 867 2309 et
893 2246 1207 2322 glorificatio
1239 2262 1253 2300 :
1282 2256 1391 2299 non
1421 2251 1621 2306 tamen,
1652 2237 1781 2293 dum
1806 2235 1894 2291 iiia
1920 2232 2023 2289 dii-
2206 2234 2381 2306 ignem
2410 2243 2668 2289 aeternum
2698 2233 3075 2306 praecipitanda
3104 2240 3188 2289 est
3226 2231 3355 2307 (Id.
3386 2250 3520 2302 xxv,
3549 2233 3612 2290 11
3636 2232 3657 2306 )
3688 2250 3704 2290 :

429 2350 700 2411 feruntur,
744 2321 1080 2405 deserimur;
1122 2336 1264 2391 Deus
1309 2333 1452 2389 enim
1482 2328 1665 2385 auxilii
1698 2326 1817 2392 mei,
1838 2334 1887 2380 et
1911 2337 2023 2397 spes
2128 2321 2238 2397 Ipsi
2265 2323 2330 2380 de
2352 2323 2572 2379 uanitate
2598 2324 2652 2378 in
2679 2341 2859 2381 unum.

426 2456 541 2495 mea
559 2439 612 2492 in
641 2436 767 2491 Dee.
1723 2502 1727 2505 ν

505 2529 590 2583 16.
635 2524 791 2599 [νινε.
814 2521 895 2594 9.]
936 2520 1150 2592 Sperate
1178 2516 1230 2570 in
1265 2530 1382 2568 eum
1402 2553 1417 2578 ,
1444 2524 1595 2565 omne
1617 2502 1888 2561 concilium
1914 2502 2026 2575 ple-

429 2621 530 2674 bis.
564 2598 847 2673 imitamini
890 2611 1140 2674 lditliun;
1182 2604 1444 2662 transilite
1485 2598 1733 2656 inimicos
1771 2603 2025 2651 vestros:

424 2692 796 2781 repugnantes
818 2705 991 2767 vobis,
1016 2700 1331 2757 resistentes
1354 2693 1531 2751 itineri
1558 2699 1758 2757 vestro,
1786 2687 1911 2743 odio
1929 2699 2032 2773 vos

437 2776 702 2857 innitentes
746 2795 1032 2853 transilite.
1084 2789 1299 2861 Sperate
1324 2786 1378 2841 in
1406 2799 1543 2851 eum,
1571 2796 1720 2836 omne
1760 2776 2030 2833 concilium

439 2894 635 2965 plebis;
674 2888 921 2958 eﬂ'undite
957 2884 1130 2941 coram
1164 2880 1259 2936 illo
1297 2877 1454 2934 corda
1492 2881 1676 2965 uestra:
1725 2870 1900 2927 Nolite
1935 2883 2026 2965 ce:

435 2957 569 3037 dere
608 2957 626 3016 ί
677 2957 758 3038 eis
803 2978 892 3051 qui
940 2977 1126 3031 dicunt
1167 2970 1363 3033 vobis:
1402 2966 1504 3024 Ubi
1535 2973 1618 3021 est
1645 2963 1789 3051 Deus
1814 2957 2034 3051 vester?

457 3071 618 3127 nam
652 3080 789 3134 sunt,
823 3046 1024 3138 inquit,
1065 3062 1190 3118 mihi
1228 3061 1469 3131 laeryntat
1507 3069 1631 3109 mea:
1671 3050 1821 3126 panis
1855 3046 1940 3105 die
1970 3063 2032 3138 ac

404 3152 406 3154 ’
440 3174 610 3227 nocte,
649 3162 771 3215 dum
805 3137 994 3213 dicitur
1016 3154 1142 3209 mihi
1171 3150 1437 3224 quotidie:
1474 3143 1574 3203 Ubi
1598 3152 1673 3199 est
1706 3140 1846 3197 Deus
1876 3137 2034 3195 tum?

441 3253 549 3309 Sed
576 3251 703 3324 quid
734 3250 803 3305 ibi
836 3246 1004 3304 dicit?
1029 3241 1156 3299 Hatc
1176 3240 1445 3297 meditatus
1469 3245 1600 3303 sum,
1623 3242 1671 3288 et
1693 3229 1852 3301 effudi
1878 3244 2034 3302 super

444 3364 522 3402 me
546 3346 770 3401 animum
794 3356 956 3396 meam
993 3335 1179 3411 (Psal.
1208 3348 1301 3390 xu
1319 3374 1335 3400 ,
1362 3331 1415 3396 4,
1450 3325 1543 3400 5).
1572 3325 2033 3383 Commemoratus

444 3454 561 3494 sum
586 3434 728 3508 quod
764 3433 950 3497 audio,
983 3428 1083 3487 Ubi
1107 3435 1180 3483 est
1211 3425 1351 3482 Deus
1377 3420 1537 3477 tuus?
1560 3425 1886 3508 memoratus
1913 3429 2032 3471 sum

446 3505 622 3595 haec,—
648 3537 696 3582 et
740 3522 899 3593 eﬁ‘udi
940 3522 1092 3593 super
1139 3533 1220 3574 me
1258 3516 1483 3569 animum
1529 3522 1715 3565 meant.
1774 3505 2034 3575 Querens

447 3622 614 3677 Deum
643 3632 823 3674 meum
840 3658 858 3682 ,
884 3612 1046 3671 ell'udi
1075 3624 1236 3684 super
1263 3622 1350 3665 me
1373 3604 1606 3660 animam
1634 3614 1808 3657 meam
1831 3639 1845 3664 ,
1882 3606 1942 3653 ut
1965 3595 2033 3652 il-

445 3712 555 3765 lum
582 3707 932 3778 attingerem;
965 3716 1073 3756 non
1104 3699 1157 3754 in
1198 3713 1284 3752 me
1312 3692 1568 3751 remansi.
1606 3690 1787 3757 Ergo,
1819 3688 2036 3778 Sperate

446 3803 503 3855 in
542 3815 676 3860 eum,
721 3775 1181 3856 omne-concilium
1221 3786 1398 3857 plebis.
1453 3780 1915 3851 Eﬁ’unditetcoram
1945 3775 2036 3831 illo

448 3894 607 3950 corda
632 3902 796 3948 uestra
818 3906 837 3946 :
866 3882 1222 3959 deprecando,
1249 3876 1582 3941 conﬁtendo,
1611 3868 2034 3959 sperandoaNo-

450 3987 545 4041 lite
578 3982 740 4040 corda
772 3957 952 4034 vestra
976 3976 1211 4032 retinere
1239 3972 1375 4025 intra
1402 3964 1565 4022 corda
1589 3973 1770 4019 vestra
1800 3976 1813 4013 :
1843 3957 2037 4028 Effun-

2199 2416 2289 2473 16.
2331 2416 2495 2491 (vers.
2529 2413 2642 2492 11.]
2679 2416 2750 2473 Et
2796 2416 2919 2473 illos
2958 2416 3138 2495 videte
3177 2417 3301 2490 quia
3347 2417 3491 2484 sitit;
3534 2416 3711 2475 videte

2131 2508 2254 2581 quia
2285 2509 2451 2565 currit
2478 2509 2531 2565 in
2557 2508 2669 2564 siti.
2698 2505 2979 2565 Convertit
3005 2524 3133 2581 ergo
3156 2525 3216 2567 se
3250 2508 3318 2565 ad
3344 2509 3498 2575 illos,
3527 2508 3710 2566 sitiens

2127 2612 2223 2655 eos
2248 2617 2263 2654 :
2292 2596 2468 2656 Nolite
2496 2615 2703 2669 sperare
2726 2615 2878 2671 super
2901 2599 3236 2670 iniquitatem.
3280 2597 3416 2655 Nam
3442 2614 3567 2670 spes
3595 2613 3711 2656 mea

2129 2690 2186 2747 in
2219 2690 2327 2747 Deo
2352 2698 2454 2747 est.
2488 2689 2663 2746 Nolite
2686 2706 2892 2761 sperare
2931 2706 3085 2761 super
3109 2690 3443 2761 iniquitatem,
3490 2690 3596 2747 Vos
3622 2692 3712 2761 qui

2131 2799 2237 2841 non
2261 2783 2423 2863 vultis
2449 2783 2707 2840 accedere
2733 2792 2788 2838 et
2813 2782 3083 2837 transilire
3100 2823 3119 2850 ,
3153 2782 3309 2838 nolite
3329 2797 3534 2853 sperare
3565 2798 3714 2852 super

2129 2875 2459 2948 iniquitatem.
2511 2874 2626 2946 Ego
2674 2874 2818 2930 enim
2865 2874 2955 2945 qui
3003 2870 3286 2939 transilivi,
3327 2885 3452 2943 spes
3496 2885 3614 2927 mea
3663 2872 3713 2927 in

2136 2968 2244 3024 Deo
2268 2984 2282 3022 :
2311 2976 2367 3022 et
2391 2964 2645 3035 numquid
2674 2964 2925 3036 iniquitas
2950 2971 3032 3019 est
3054 2962 3193 3033 apud
3220 2962 3392 3017 Deum
3417 2958 3609 3035 (Rom.
3640 2978 3712 3028 ts,

2134 3059 2280 3132 11)?
2323 3058 2499 3115 Nolite
2520 3074 2725 3131 sperare
2751 3074 2907 3129 super
2932 3057 3267 3128 iniquitatem.
3301 3054 3414 3111 Hoc
3442 3052 3714 3122 faciamus,

2134 3155 2258 3213 illud
2284 3154 2557 3218 iaciamus,
2588 3151 2717 3208 illud
2746 3152 3061 3223 cogitemus,
3087 3151 3165 3207 sic
3192 3150 3412 3207 insidias
3434 3162 3718 3219 compona-

2134 3262 2285 3314 mus;
2316 3247 2386 3304 de
2424 3245 2658 3303 vanitate
2701 3244 2756 3301 in
2796 3259 2984 3300 unum.
3033 3243 3113 3299 Tu
3141 3242 3259 3299 sitis
3290 3258 3306 3300 :
3335 3244 3427 3313 qul
3454 3251 3639 3298 contra
3670 3247 3722 3295 te

2134 3340 2235 3396 ista
2277 3338 2515 3411 cogitant
2552 3338 2594 3405 ί,
2629 3337 2698 3393 ab
2746 3337 2826 3394 eis
2855 3351 2989 3406 quos
3014 3335 3154 3393 bibis
3180 3332 3499 3406 produntur.
3550 3331 3722 3387 Nolite

2134 3448 2339 3502 sperare
2366 3447 2521 3503 super
2545 3430 2879 3502 iniquitatem.
2906 3428 3050 3485 Vana
3076 3437 3158 3484 est
3180 3427 3451 3498 iniquitas,
3478 3424 3610 3482 nihil
3640 3433 3724 3481 est

2136 3525 2422 3597 iniquitas;
2452 3533 2643 3595 potens
2685 3537 2791 3578 non
2830 3532 2916 3578 est
2946 3522 3044 3577 nisi
3072 3520 3295 3591 iustitia.
3325 3518 3594 3577 Occultari
3625 3533 3723 3588 po-

2136 3624 2241 3671 test
2267 3615 2331 3670 ad
2363 3623 2571 3685 tempus
2598 3612 2831 3678 veritas;
2859 3611 2995 3668 vinci
3024 3626 3129 3666 non
3161 3619 3355 3682 potest.
3384 3609 3601 3666 Florere

2138 3713 2245 3762 test
2286 3704 2354 3761 ad
2407 3714 2615 3775 tempus
2664 3702 3322 3778 iniquitas,qpermanere
3371 3714 3476 3756 non
3522 3708 3721 3770 potest.

2139 3797 2316 3855 Nolite
2355 3812 2561 3869 spirare
2607 3811 2757 3865 super
2798 3796 3111 3866 iniquitatem
3150 3809 3168 3849 :
3209 3804 3258 3848 et
3298 3794 3351 3848 in
3393 3793 3631 3864 rapinam
3666 3808 3727 3847 ne

2137 3889 2519 3956 concupiscatis.
2550 3886 2666 3943 Non
2696 3900 2756 3943 es
2804 3885 2954 3942 dives
2972 3926 2987 3951 ,
3015 3892 3070 3940 et
3106 3898 3294 3955 rupere
3319 3883 3439 3938 vis?
3479 3882 3618 3948 Quid
3647 3882 3727 3937 in-

2137 3979 2329 4036 venis?
2353 3978 2479 4050 quid
2512 3977 2733 4048 perdis?
2758 3974 2803 4032 Ο
2831 3976 2979 4030 lucra
3006 3974 3296 4030 damnosa!
3328 3972 3541 4028 invenis
3568 3989 3729 4043 pecn-

449 4077 554 4133 dite
580 4089 752 4130 coram
776 4071 868 4127 illo
894 4066 1051 4125 corda
1073 4073 1255 4120 vestra.
1278 4059 1393 4116 Non
1422 4058 1559 4128 perit
1582 4051 1724 4126 quod
1745 4049 2030 4142 eliunditis.

2145 4075 2319 4140 niam;
2363 4049 2541 4141 perdis
2578 4070 2865 4142 justitiam.
2896 4067 2966 4123 In
2995 4068 3230 4139 rapinam
3256 4084 3317 4121 ne
3344 4067 3725 4137 concupiscatis.

448 4170 548 4227 me
576 4167 718 4225 enim
758 4171 1016 4234 αικοριοτ
1040 4174 1199 4213 "‘9‘"-
1229 4153 1285 4212 εἰ
1317 4149 1572 4222 ειιεοῖρῑιν
1603 4144 1730 4237 “id
1957 4141 2031 4198 δί’
2144 4166 2352 4237 Pauper
2377 4178 2517 4232 sum,
2562 4141 2668 4218 non
2698 4161 2897 4216 habeo.
2929 4159 3052 4215 ideo
3076 4174 3269 4233 rapere
3296 4159 3423 4213 vis?
3459 4156 3599 4227 Quid
3640 4175 3728 4213 ra-

450 4255 714 4333 Ῑηηίίβτθῗ
755 4253 903 4312 hc“
933 4249 986 4305 i“
1016 4247 1299 4313 nummum
1327 4256 1510 4298 cum“
1540 4236 1731 4333 mai“
1752 4233 1899 4333 P‘ﬂ’
1931 4247 2039 4298 “Vt
2144 4228 2293 4330 pias',
2335 4228 2540 4312 vides:
2573 4271 2601 4308 a
2647 4268 2754 4325 quo
2780 4252 3029 4325 rapiaris,
3055 4228 3161 4306 non
3190 4249 3380 4305 vides?
3406 4248 3595 4321 Nescis
3623 4249 3728 4305 cir-

453 4327 664 4425 25),'et
692 4359 846 4420 spera
876 4344 931 4399 in
958 4356 1101 4399 eum.
1136 4334 1398 4409 E/I'undite
1436 4346 1611 4387 coram
1634 4327 1728 4384 illo
1754 4328 1909 4382 corda
1929 4340 2039 4380 oes-

2145 4327 2292 4404 cttire
2317 4346 2588 4402 inimicum
2615 4353 2865 4415 tanquam
2895 4342 3105 4397 leonem
3145 4340 3463 4425 rugientem,
3502 4348 3559 4396 et
3586 4354 3734 4411 qua:-

454 4414 587 4500 πάξ
617 4414 757 4523 Deus
784 4437 995 4518 adjutor
1012 4440 1202 4489 noster.
1233 4425 1370 4500 Quid
1388 4423 1595 4505 [timetis
1623 4422 1763 4477 inter
1796 4431 2039 4476 susurro-

2145 4447 2352 4497 rentcm
2379 4436 2509 4510 quid
2537 4435 2707 4507 rapiat
2728 4414 2787 4507 ’(i
2816 4433 2958 4491 Petr.
3000 4449 3057 4502 v,
3099 4432 3206 4506 8)?
3245 4414 3428 4489 Prazda
3458 4431 3543 4489 illa
3573 4447 3733 4504 quam

352 4610 357 4615 ἱ
456 4547 573 4601 nes,
600 4509 930 4589 detractores
964 4510 1077 4582 Deo
1103 4520 1329 4582 odiliiles
1351 4515 1543 4615 (fiom-
1576 4530 1630 4583 ιν
1658 4512 1752 4579 ²9ν
1782 4510 1919 4581 50);
2149 4534 2231 4590 vis
2255 4509 2462 4603 rapere,
2490 4529 2544 4585 in
2567 4527 2864 4599 muscipula
2885 4533 2969 4583 est
2990 4548 3006 4588 :
3028 4534 3201 4594 tenes,
3228 4532 3283 4581 et
3310 4523 3527 4580 teneris.
3560 4523 3616 4579 in
3646 4538 3734 4579 ra-

456 4632 683 4701 possunt
703 4622 879 4697 palam
908 4622 1297 4696 oppugnantes,
1328 4609 1417 4667 ubi
1449 4623 1555 4666 non
1585 4614 1811 4679 possunt
1836 4602 2039 4659 occulte

2153 4602 2329 4694 pinam
2344 4635 2472 4693 ergo
2486 4635 2553 4677 ne
2567 4618 2933 4691 concupiscas,
2948 4631 2981 4674 o
2996 4617 3215 4689 pauper!
3232 4614 3326 4672 sed
3342 4614 3663 4687 concupisce
3683 4614 3737 4669 in

456 4693 805 4782 insidiantes;
849 4711 987 4768 falso
1014 4693 1323 4769 laudantes,
1353 4715 1481 4758 vere
1509 4693 1884 4756 inimicantes'l
1910 4694 2039 4750 inter

2154 4693 2320 4772 Deum
2347 4713 2436 4787 qui
2465 4720 2683 4785 praestat
2707 4709 2861 4769 nobis
2890 4709 3069 4767 omnia
3092 4707 3427 4767 abundanter
3450 4707 3518 4763 ad
3549 4706 3737 4763 fruen-

457 4826 559 4869 005
580 4808 709 4883 quid
740 4804 977 4864 ῑῖπιθιίδτ
1004 4801 1143 4857 θείη
1167 4799 1374 4874 "dium"
1402 4802 1570 4849 "0""
1577 4791 1704 4883 1A9
1733 4788 2052 4883 πίηυιίξῖιίυν
2154 4807 2279 4865 dum
2307 4806 2327 4878 (
2345 4807 2362 4861 l
2392 4805 2526 4861 Tim.
2556 4819 2630 4873 vr,
2663 4801 2788 4875 17).
2823 4803 3013 4871 Pascat
3037 4810 3089 4858 te
3112 4801 3200 4873 qui
3227 4800 3353 4856 fecit
3392 4806 3464 4856 te.
3495 4797 3597 4867 Qui
3641 4812 3739 4869 ps-

461 4878 671 4957 llenti”
712 4892 977 4968 Numquid
1021 4889 1272 4949 Ῐθτιίοτθδ
1316 4886 1410 4941 ίιιο
1455 4880 1620 4939 sum,
1664 4878 1801 4936 De”
1849 4878 2054 4949 "dim"
2152 4903 2259 4958 scit
2282 4900 2567 4960 latronem,
2600 4909 2703 4953 non
2734 4901 2915 4966 pascet
2939 4890 3319 4949 innocentem?
3347 4889 3536 4946 Pascat
3569 4896 3623 4943 te
3650 4890 3743 4961 qni

463 5001 674 5053 noster;
700 4987 874 5043 securi
899 4991 1092 5041 ωῑοιθ-
1121 4981 1177 5034 δι
1208 4980 1344 5032 [³61³⁸
1376 4988 1473 5047 Pro
1502 4970 1691 5037 πθδίεν
1720 4969 1838 5043 quis
1865 4978 2055 5025 00W“
2156 4992 2324 5049 solem
2352 5002 2507 5047 suum
2534 4985 2664 5043 oriri
2688 4984 2815 5041 facit
2838 4996 2999 5057 super
3026 4982 3198 5040 bonos
3220 4990 3277 5038 et
3306 4982 3493 5047 malos,
3525 4991 3580 5037 et
3612 4980 3746 5053 pluit

464 5098 567 5139 nos
597 5080 717 5152 (Id.
744 5094 861 5147 vut,
886 5073 1031 5149 51)?
1059 5069 1321 5143 E/fundite
1345 5081 1517 5124 coram
1544 5062 1633 5121 ilio
1667 5062 1823 5119 corda
1854 5068 2048 5152 uestra,

466 5149 830 5229 transilientes
857 5166 924 5222 ad
953 5178 1099 5233 eum,
1129 5163 1369 5218 levantes
1398 5156 1608 5215 animas
1637 5159 1841 5209 vestras
1870 5167 1885 5208 :
1916 5149 2058 5206 Deus

471 5266 678 5336 atljutor
702 5269 892 5315 noster.

544 5356 634 5412 15.
673 5351 825 5426 (vers.
870 5344 983 5421 10.]
1022 5346 1093 5402 Et
1115 5345 1227 5415 iam
1253 5337 1535 5398 constituti
1563 5335 1617 5390 in
1660 5335 1782 5389 loco
1809 5333 2054 5398 monito,

474 5447 529 5502 in
557 5423 695 5500 iuni
721 5439 1048 5498 fortitudinis
1073 5451 1103 5491 a
1135 5434 1270 5490 facie
1298 5428 1499 5487 inimici
1528 5469 1545 5495 ,
1589 5423 1918 5480 miseremini
1963 5438 2059 5483 eos

477 5551 612 5607 quos
627 5533 896 5589 timebatis
914 5549 930 5587 :
947 5542 1162 5585 currere
1182 5526 1328 5582 enim
1344 5520 1552 5581 debetis
1578 5518 1629 5575 in
1658 5514 1766 5575 siti.
1794 5516 2061 5591 DeSpICito

478 5606 609 5699 ergo
638 5625 757 5682 illos
777 5624 886 5700 iam
921 5622 972 5681 in
1005 5620 1097 5676 illo
1128 5618 1250 5679 loco
1276 5615 1570 5677 conatituti.
1609 5621 1657 5667 ot
1697 5609 1860 5671 dicite
1899 5625 1914 5664 :
1965 5606 2063 5668 Ve-

483 5728 767 5775 rumtamen
796 5714 910 5770 rant
938 5713 1033 5787 ﬁlii
1058 5710 1341 5780 hominum,
1370 5707 1630 5770 mendaces
1658 5705 1752 5781 ﬁlii
1777 5704 2059 5766 hominum.

554 5854 568 5885 ί
608 5850 741 5911 tdd.,
764 5847 980 5905 credere.
1010 5854 1061 5903 ιιι
1083 5849 1215 5907 ιω..
1248 5841 1434 5897 cedere.

2158 5097 2321 5156 super
2351 5079 2524 5153 iustos
2568 5085 2623 5135 et
2666 5074 2895 5149 iniustos
2944 5071 3170 5148 (Matth.
3214 5087 3272 5141 v,
3317 5071 3429 5142 45).
3474 5070 3528 5151 Si
3574 5071 3747 5142 pascit

2164 5169 2514 5234 damnandos,
2544 5182 2651 5224 non
2679 5173 2864 5239 pascet
2888 5161 3235 5224 liberandos?
3262 5161 3399 5235 Ergo
3424 5161 3475 5218 in
3499 5160 3743 5232 rapinam

2164 5266 2271 5320 noli
2297 5260 2698 5333 concupiscere.
2732 5258 2943 5315 Dictum
2969 5265 3053 5312 est
3089 5254 3192 5311 hoc
3230 5242 3469 5327 pauperi,
3503 5252 3749 5309 fortassis

2167 5356 2360 5429 aliquid
2390 5355 2459 5415 de
2488 5351 2807 5411 necessitate
2832 5357 3073 5422 raptum.
3106 5347 3265 5405 Dives
3292 5344 3542 5419 procedat
3574 5362 3587 5399 :
3628 5343 3745 5399 Non

2167 5450 2337 5507 i'DiiCO
2364 5461 2486 5517 ego,
2514 5443 2704 5517 inquit,
2739 5441 3114 5515 necessitatem
3142 5437 3381 5511 rapiendi
3406 5451 3423 5491 :
3459 5436 3592 5493 nihil
3617 5435 3749 5493 mihi

2168 5539 2348 5605 deest;
2372 5534 2643 5595 abundant
2663 5532 2867 5589 omnia.
2895 5532 2959 5589 Et
2982 5540 3034 5589 tu
3059 5529 3181 5587 audi
3204 5546 3218 5588 :
3241 5527 3501 5585 Divitiarsi
3528 5530 3684 5597 [,uant
3705 5528 3746 5591 ‘,

2170 5650 2230 5694 ne
2256 5630 2527 5705 apponatis
2553 5642 2659 5683 cor.
2695 5624 2787 5684 ille
2812 5638 2916 5683 non
2950 5622 3144 5684 habet;
3173 5620 3274 5678 iste
3299 5618 3498 5675 habet:
3530 5617 3618 5674 ille
3644 5632 3749 5673 non

2237 5770 2256 5803 ι
2287 5770 2396 5815 Mss.
2422 5763 2671 5825 plerique:
2693 5770 2757 5825 131
2781 5760 2859 5811 siti
2882 5758 2964 5824 qui
2986 5764 3149 5809 centra
3169 5758 3265 5810 ista
3285 5754 3507 5820 cogit.an

2237 5830 2261 5863 ³
2293 5821 2481 5890 Aliquot
2506 5821 2631 5885 5:55.,
2655 5821 2865 5888 ttﬂimml.
