3934 6346
230 407 327 466 ’141

233 532 435 592 quierat
461 537 652 594 rapere
678 532 820 594 quod
849 536 954 584 non
983 527 1142 589 habet
1169 542 1180 586 ;
1213 527 1310 578 istc
1338 540 1441 578 non
1473 521 1706 593 apponat
1730 539 1824 577 cor

231 611 288 666 in
317 628 384 668 eo
415 610 558 682 quod
591 614 772 674 habet.
798 612 1025 672 Divitia:
1061 616 1104 669 si
1131 615 1321 682 ﬂuant.
1356 613 1406 667 id
1434 625 1551 680 est,
1580 614 1624 668 si
1655 629 1828 668 ext-tu-

233 703 380 768 dent,
427 714 682 772 tanquam
722 705 789 760 de
826 703 974 759 fonte
997 715 1236 758 currant.
1283 695 1365 762 Ne
1393 701 1773 774 apponatis'cor
1807 718 1826 757 :

230 795 344 867 noli
371 796 440 851 de
467 807 519 855 te
543 812 892 867 prtesumere,
919 797 1024 850 noli
1056 797 1126 851 ibi
1151 808 1201 850 te
1223 796 1386 867 ligerc
1411 813 1424 850 :
1447 806 1593 850 certe
1619 792 1702 852 vel
1727 795 1827 850 hoc

232 887 362 942 time
385 928 402 954 ,
433 886 639 943 Divitior
665 889 710 942 si
741 890 926 958 ﬂuant.
961 887 1078 943 Non
1110 887 1259 941 vides
1283 890 1409 956 quia
1440 886 1485 942 si
1513 887 1583 940 ibi
1612 901 1707 941 cor
1733 901 1826 958 po—

229 978 431 1048 sueris,
460 989 514 1033 et
541 989 594 1033 tu
622 969 793 1033 ﬂues?
827 979 980 1031 Dives
1005 995 1084 1039 es,
1117 989 1166 1032 et
1201 993 1327 1033 ecce
1352 978 1460 1046 jam
1494 979 1824 1032 non‘concu-

227 1070 396 1138 piscis
421 1069 614 1124 adhuc
633 1070 828 1125 habere
847 1111 863 1132 ,
889 1075 1013 1140 quia
1046 1071 1208 1124 multa
1250 1070 1412 1124 habes
1441 1088 1455 1124 :
1486 1069 1608 1123 audi
1627 1111 1642 1127 .
1676 1067 1824 1122 I’ra'o'

226 1164 343 1232 cipe
367 1161 606 1216 divitibus
629 1161 784 1232 hujus
822 1162 997 1236 mundi
1019 1178 1120 1216 non
1142 1159 1352 1230 superbe
1375 1177 1569 1230 sapere.
1601 1161 1669 1216 Et
1695 1159 1830 1230 quid.

215 1257 333 1316 est,
369 1252 452 1309 Ne
477 1256 746 1324 apportatis
770 1255 902 1309 cor?
930 1252 1109 1322 Neque
1146 1269 1355 1322 sperare
1379 1253 1430 1309 in
1470 1241 1668 1306 incerto.
1690 1252 1823 1306 divi-

229 1346 420 1400 tiarum
447 1344 490 1415 (l
520 1341 655 1400 Tini.
685 1361 757 1412 vt,
786 1345 897 1415 i7).
932 1345 1092 1416 Ergo,
1123 1343 1325 1400 Divitiis
1350 1344 1396 1399 si
1423 1345 1606 1415 ﬂuant,
1637 1360 1700 1400 ne
1723 1361 1820 1422 ap-

227 1436 438 1507 portatis
464 1451 571 1502 cor,
597 1451 665 1491 ne
692 1436 745 1492 in
771 1435 969 1490 divitiis
986 1435 1296 1514 'contidatis,
1327 1451 1432 1490 non
1462 1436 1818 1506 prazsumatis,

229 1511 339 1581 non
370 1517 633 1598 speretis;
665 1535 740 1583 ne
771 1529 978 1595 dicatur
1020 1545 1035 1582 ε
1082 1527 1210 1582 Ecce
1228 1511 1386 1582 ltomo
1409 1528 1500 1599 qui
1523 1544 1624 1581 non
1655 1529 1822 1608 posuit

234 1615 400 1670 Deum
449 1617 737 1690 adjutorem
781 1634 968 1684 suum;
997 1619 1100 1672 'sed
1141 1618 1360 1689 speravit
1405 1618 1468 1672 in.
1499 1618 1823 1673 multitudine

227 1707 522 1760 divitiarum
551 1723 759 1762 suarum
780 1747 796 1775 ,
829 1717 886 1763 et
903 1707 1163 1778 pratvaluit
1193 1709 1245 1762 in
1275 1708 1495 1764 vanitate
1517 1725 1611 1762 sua
1643 1708 1818 1786 (Psal.

229 1813 304 1863 ιι,
331 1801 413 1870 9).
446 1799 608 1870 Ergo,
631 1800 752 1856 vani
783 1799 873 1854 lilii
902 1799 1196 1864 hominum,
1221 1795 1504 1878 mendaces
1529 1798 1622 1854 filii
1649 1799 1820 1856 homi-

233 1875 388 1953 num,
424 1904 599 1959 neque
627 1889 866 1960 rapiatis,
894 1904 1067 1960 neque
1093 1889 1135 1943 si
1164 1888 1326 1944 ﬂuant
1357 1875 1576 1955 divitiae,
1604 1903 1700 1944 cor
1727 1905 1822 1975 ap-

228 1970 477 2049 ponatis;
510 1996 614 2035 non
639 1981 748 2050 jam
776 1981 1063 2034 vanitatem
1091 1979 1323 2052 diligatis
1343 2020 1358 2046 ,
1394 1988 1448 2035 et
1483 1971 1834 2038 mendacium

226 2073 499 2140 quan-aiis.
544 2071 738 2127 Beatus
777 2071 919 2125 enim
957 2072 1108 2141 cujus
1131 2080 1216 2126 est
1245 2069 1502 2127 Dominus
1529 2071 1820 2142 Deussp'es

225 2163 367 2232 ejus,
399 2173 454 2217 et
481 2179 584 2218 non
614 2165 848 2236 respexit
869 2165 927 2217 in
956 2163 1228 2219 vanitates
1247 2173 1300 2217 et
1331 2161 1568 2218 insanias
1595 2164 1822 2234 menda;

223 2270 314 2308 ces
348 2253 521 2326 (Psal.
553 2270 745 2322 χχχιιι,
773 2253 851 2327 5).
879 2255 1134 2326 Decipere
1167 2254 1624 2324 vultis,.[raudem
1656 2256 1819 2313 vultis

224 2342 436 2411 Licere;
477 2345 602 2416 quid
632 2345 835 2415 ali'ertis
862 2353 921 2402 ut
949 2345 1265 2416 decipiatis?
1299 2342 1550 2412 ‘Stateras-
1580 2345 1813 2402 dolosas.

225 2433 504 2490 Mendaces
546 2430 715 2500 enim,
763 2435 954 2507 inquit,
1003 2435 1101 2505 ﬁlii
1142 2435 1402 2492 hominum
1428 2436 1482 2492 in
1511 2438 1728 2504 steteris,
1760 2444 1819 2492 ut

221 2526 497 2596 decipiant
527 2525 848 2600 proferendo
877 2536 1103 2583 staturas
1126 2527 1358 2585 dolosas.
1387 2525 1547 2582 Falso
1570 2518 1818 2597 examine

221 2618 406 2673 i’aliitis
444 2617 713 2673 intuentes
751 2635 764 2671 :
808 2617 1026 2673 nescitis
1055 2617 1218 2672 alium
1245 2633 1365 2672 esse
1399 2618 1488 2688 qui
1524 2617 1812 2687 appendit,

218 2711 385 2782 alium
413 2711 504 2781 qui
532 2709 601 2767 de
644 2709 880 2782 pondere
902 2708 1144 2782 iudicat?
1187 2709 1303 2764 Non
1347 2711 1493 2765 videt
1518 2713 1605 2766 cui
1636 2723 1690 2767 tu
1715 2726 1815 2783 ap-

219 2801 445 2872 pendis;
478 2800 581 2857 sed.
599 2800 739 2856 videt
760 2801 848 2874 qui
879 2810 930 2857 te
953 2804 1006 2856 et
1036 2802 1207 2873 ipsum
1237 2802 1515 2873 appendit.
1539 2802 1684 2874 Ergo
1706 2817 1818 2858 non

220 2893 510 2955 inludent.
555 2907 664 2948 nou
706 2892 946 2960 rapinam
995 2892 1420 2961 concupiscatis;
1470 2909 1578 2948 non
1623 2893 1676 2947 in
1729 2893 1814 2949 bis

217 3001 340 3055 qua:
370 2985 579 3043 habetis
605 2999 758 3056 spem
799 2985 1009 3056 ponatis
1035 3001 1051 3039 :
1083 2983 1300 3052 monui,
1333 2984 1581 3054 praedixi,
1613 2987 1688 3040 ait
1713 2985 1814 3042 iste

219 3070 472 3132 lditltun.
1666 3138 1667 3141 η

295 3166 384 3221 Π.
429 3165 580 3238 [vers.
615 3164 859 3239 1ῒ,15.]
896 3163 1035 3245 Quid
1077 3167 1356 3237 sequitur?
1405 3166 1578 3223 Semel
1619 3167 1814 3224 locutus

215 3256 478 3331 est.Deu_s,
513 3258 613 3312 duo
643 3259 750 3323 lucc
774 3258 980 3324 audivi;
1004 3260 1242 3330 quoniam
1273 3259 1619 3331 potestasDei
1641 3271 1737 3328 est,
1768 3273 1813 3315 et

216 3349 330 3415 tibi,
363 3328 610 3415 Domine,
650 3328 1055 3405 misericordia:
1093 3354 1212 3421 quia
1240 3328 1294 3405 tu
1334 3353 1514 3407 reddes
1547 3353 1814 3422 unicuique

214 3442 674 3510 secundumopera
697 3458 808 3496 sua.
838 3441 977 3497 Dixit
1001 3440 1233 3510 ldithun,
1258 3444 1436 3498 sonuit
1458 3444 1527 3500 de
1550 3445 1678 3514 alto,
1704 3462 1812 3516 quo

200 3532 543 3599 'transilivit;
575 3533 782 3587 audivit
806 3534 878 3588 ibi
908 3532 1184 3603 quiddam,
1217 3543 1272 3589 ct
1298 3534 1431 3589 dixit
1471 3536 1626 3590 nobis
1670 3555 1683 3590 :
1716 3537 1808 3592 sed

213 3623 554 3703 aliquantum
582 3623 651 3680 in
694 3623 798 3681 hoc
825 3625 967 3695 quod
998 3623 1154 3680 nobis
1170 3624 1312 3680 dixit
1353 3627 1661 3698 perturbor,
1706 3627 1812 3682 fra-

215 3725 359 3776 tres;
383 3724 436 3768 et
462 3715 636 3771 donec
655 3715 929 3773 vobiscum
959 3716 1293 3785 participem,
1334 3716 1416 3770 vel
1448 3719 1809 3798 perturbatio-

214 3822 364 3876 nem,
388 3807 472 3861 vel
497 3807 728 3882 aliquam
760 3808 1168 3877 respirationem
1199 3823 1410 3887 meam,
1440 3809 1674 3864 intentos
1713 3827 1810 3869 vos

216 3899 368 3953 volo.
413 3897 625 3957 Etenim
657 3895 929 3955 Psalmum
960 3899 1026 3953 ad
1056 3900 1344 3954 terminum
1374 3900 1625 3957 duximus
1653 3903 1808 3972 adju-

204 3983 378 4043 ‘v‘ante‘
406 3987 635 4064 Domino
664 4006 678 4042 :
703 3997 823 4059 post
848 3988 962 4046 luce
984 4005 1104 4061 qtae
1125 3991 1317 4046 dicturi
1342 4006 1550 4060 sumus,
1575 4009 1679 4046 non
1723 4010 1808 4050 re-

214 4090 320 4135 stat
349 4080 546 4152 aliquid
575 4079 716 4155 quod
745 4080 813 4147 de
834 4081 935 4136 hoc
974 4081 1199 4138 ulterius
1237 4093 1583 4154 exponamus.
1629 4085 1809 4155 Itaque

213 4166 518 4228 adnitimini
550 4187 782 4240 mecum,
813 4180 989 4229 utrum
1016 4174 1286 4248 possimus
1327 4163 1626 4248 intelligere
1657 4177 1758 4235 hoc
1791 4196 1805 4234 :

216 4273 267 4318 et
293 4267 340 4319 si
369 4278 473 4319 non
503 4247 742 4335 potuero,
787 4272 841 4322 et
879 4247 1126 4337 intelligit
1162 4264 1355 4336 aliquis
1392 4247 1627 4334 vestrum
1665 4269 1809 4339 quod

216 4371 317 4426 ego
362 4351 468 4408 neu
514 4367 766 4423 possum;
812 4353 1489 4440 gaudebo‘potius-quant
1535 4359 1803 4427 invidebo.

221 4445 450 4504 Omnino
481 4445 803 4521 investigare
829 4444 1048 4515 difﬁcile
1073 4453 1157 4500 est
1186 4445 1632 4516 quemadmodum
1661 4450 1808 4520 posi-

211 4547 329 4593 tum
355 4537 424 4605 sit
451 4536 618 4608 prius,
645 4537 816 4594 Semel
837 4537 1037 4604 locutus
1056 4547 1128 4592 est
1157 4535 1332 4605 Deus;
1356 4538 1550 4598 deinde
1569 4555 1691 4598 cum
1719 4543 1808 4601 ille

213 4627 390 4685 sentiet
416 4629 623 4684 locutus
654 4639 757 4695 est,
790 4642 892 4701 ego
919 4627 1020 4682 duo
1049 4628 1241 4685 audivi.
1289 4628 1346 4688 Si
1373 4630 1514 4690 enim
1558 4619 1762 4690 diceret
1789 4676 1804 4701 ,

215 4713 399 4775 Semel
428 4709 634 4773 locutus
663 4726 746 4774 est
772 4705 939 4784 Deus,
971 4733 1133 4775 unum
1163 4718 1263 4774 hoc
1287 4719 1499 4790 audivi;
1532 4722 1809 4782 videbatur

213 4818 424 4884 partem
446 4809 756 4881 qnmstinnis
777 4798 1334 4883 hujuslampntavissc,
1355 4820 1413 4868 ut
1434 4815 1806 4873 tantummodo

210 4917 582 4974 quaereremus
605 4900 730 4973 quid
759 4903 849 4970 sit,
893 4901 1066 4958 Semel
1106 4899 1301 4960 locutus
1345 4916 1418 4960 est
1455 4905 1611 4966 Deus.
1658 4907 1809 4965 Nunc

210 5008 347 5048 vero
372 4992 646 5059 qnazsitut‘i
676 5005 901 5060 sumus,
923 5000 980 5048 et
1013 4993 1140 5067 quid
1167 4993 1263 5063 sit,
1293 4995 1466 5053 Semel
1499 4997 1699 5054 locutus
1734 5011 1808 5056 est

216 5085 367 5140 Deus
385 5103 403 5148 ~;
437 5096 489 5140 et
513 5083 639 5158 quid
664 5084 753 5152 sit,
783 5084 886 5140 duo
911 5084 1019 5141 lucc
1043 5085 1234 5156 audivi,
1262 5100 1388 5143 cum
1410 5089 1576 5145 semel
1609 5091 1694 5146 ille
1723 5091 1804 5146 lo-

212 5185 372 5233 eutus
403 5175 491 5230 sit.
513 5205 516 5207 λ
654 5234 656 5236 ,

291 5265 387 5322 18.
426 5255 594 5320 δεξιιεί
623 5264 820 5321 locutus
860 5275 936 5320 est
980 5265 1132 5321 Deus.
1181 5267 1320 5338 Quid
1364 5267 1516 5336 dicis,
1561 5271 1806 5328 ldithun?

215 5356 272 5424 Si
317 5366 374 5410 tu
417 5356 651 5423 loqueris
695 5356 784 5428 qui
829 5357 1157 5417 transilivisti
1197 5354 1292 5415 eos
1333 5377 1348 5416 :
1397 5359 1567 5419 Semel
1605 5364 1804 5421 locutus

215 5447 335 5518 est?
380 5449 490 5518 ligo
531 5447 878 5518 Scripturam‘
904 5449 1062 5506 aliam
1099 5451 1344 5520 consulo,
1382 5462 1436 5510 et
1473 5452 1602 5511 dicit
1631 5456 1801 5515 mihi:

218 5537 407 5592 Multis
445 5537 675 5614 partibus
697 5579 717 5606 ,
756 5547 806 5592 α
843 5539 1016 5592 multis
1054 5542 1215 5594 modis
1264 5536 1385 5597 olim
1433 5543 1568 5598 Deus
1609 5543 1806 5602 locutus
1841 5611 1844 5614 ,

212 5639 305 5691 est
337 5631 568 5699 patribus
614 5631 668 5684 in
711 5630 980 5701 Prop/retis
1017 5633 1034 5700 (
1067 5630 1225 5686 Hebr.
1269 5650 1325 5700 ι,
1369 5633 1460 5707 1).
1505 5636 1640 5706 Quid
1681 5647 1763 5694 est
1787 5679 1804 5708 ,

220 5722 391 5780 Serm!
433 5719 634 5780 locutus
661 5731 746 5777 est
775 5714 952 5780 Deus?
988 5722 1173 5779 Nonne
1207 5725 1295 5783 ille
1335 5735 1419 5786 est
1445 5726 1603 5796 Deus,
1632 5729 1721 5803 qui
1752 5729 1804 5786 in

221 5813 525 5888 primordio
565 5815 778 5887 sein-ris
815 5811 1032 5873 humani
1087 5813 1292 5874 locutus
1337 5826 1420 5878 est
1475 5817 1543 5879 sti
1597 5820 1806 5881 Adam?

1363 408 1774 467 ENARRATIO'
1802 409 1882 477 ιιι,
1903 408 2230 466 PSALMUM
2272 411 2410 467 LXI.

3417 427 3531 486 ἠῦ

1940 515 2128 578 Nonne
2177 509 2314 595 idem
2363 528 2474 596 ipse
2506 528 2713 586 locutus
2757 543 2839 594 est
2877 535 2943 587 ad
2987 534 3152 603 Cain,
3183 537 3249 593 ad
3279 539 3430 608 Noe,
3459 545 3526 598 ad

1938 613 2228 678 Abraham,
2257 616 2320 667 ad
2354 616 2516 682 lsaac,
2545 621 2611 674 ad
2640 621 2835 688 Jacob,
2868 616 2942 678 ad
2989 625 3283 698 Prophetas
3312 638 3522 706 attines.

1907 735 1909 739 ι
1933 711 1992 757 et
2015 704 2081 759 ad
2105 706 2361 778 Moysen?
2391 708 2539 765 Unus
2567 713 2684 766 erat
2713 713 2952 784 Moyses;
2977 727 3031 772 et
3057 723 3267 791 quoties
3304 723 3372 778 ad
3391 704 3521 780 eum

1930 793 2143 849 locutus
2171 807 2252 851 est
2283 798 2462 854 Deus?
2492 802 2628 858 Ecce
2656 803 2817 859 etiam
2842 807 2928 859 nui
2952 801 3057 864 non
3086 813 3275 879 semel,
3302 815 3398 874 sed
3414 804 3520 872 sai-

1934 885 2054 952 pius
2087 887 2302 943 locutus
2337 899 2421 944 est
2450 891 2608 946 Dens.
2643 893 2842 949 Deinde
2873 897 3080 954 locutus
3107 911 3190 969 est
3225 887 3291 956 ad
3327 903 3521 962 Filium

1930 975 2019 1031 hie
2046 977 2282 1063 positum,
2313 998 2328 1034 :
2359 979 2434 1034 Tu.
2461 998 2513 1035 es
2536 981 2586 1037 F
2587 983 2704 1038 ilius
2739 1001 2880 1040 mens
2911 987 3124 1044 dilectus
3166 980 3407 1069 (Matth.
3441 1011 3521 1059 ιιι.

1906 1070 1997 1126 ’17
2025 1068 2068 1144 ).‘
2099 1061 2333 1128 Locutus
2363 1084 2445 1128 est
2470 1076 2610 1131 Deus
2630 1079 2922 1148 Apostnlis.
2952 1076 3158 1141 locatus
3177 1061 3259 1138 est
3275 1087 3526 1143 omnibus

1919 1160 2384 1226 sanctissetiamsi
2414 1167 2517 1226 non
2537 1182 2667 1246 voce
2685 1168 2909 1225 sonante
2927 1187 3022 1240 per
3048 1173 3264 1240 nubem,
3293 1174 3345 1230 in
3363 1176 3536 1235 corde.

1931 1263 2106 1309 tamen
2131 1257 2218 1310 uhi
2252 1257 2364 1326 ipse
2393 1259 2646 1329 magister
2673 1273 2773 1316 est.
2806 1259 2957 1318 Unde
2987 1265 3075 1320 ille
3100 1266 3229 1322 dicit
3257 1286 3272 1322 :
3302 1271 3525 1326 Audiam

1925 1359 2049 1416 quia
2079 1349 2316 1418 loquatur
2341 1349 2404 1416 ’ξπ
2437 1368 2516 1406 me
2542 1351 2792 1409 Dominus
2833 1357 2988 1425 Deus,
3015 1362 3258 1430 quoniam
3291 1358 3530 1438 loquetur

1927 1454 2100 1526 pacem
2126 1441 2314 1511 populo
2337 1458 2430 1513 suo
2510 1441 2656 1498 I’s'al.
2706 1461 2928 1515 LXXXIV,
2957 1447 2992 1504 9
3019 1449 3070 1520 ).’
3096 1449 3233 1520 Quid
3261 1463 3340 1509 est
3367 1470 3518 1526 ergo.

1927 1524 2100 1582 Semel
2119 1531 2330 1585 locutus
2359 1543 2429 1586 est
2460 1530 2636 1590 Deus?
2657 1527 2878 1593 Multum
2913 1541 3271 1598 lransiliverat
3312 1524 3450 1610 iste,
3464 1555 3520 1602 ut

1924 1622 2228 1690 perveniret
2280 1623 2420 1686 illuc,
2459 1625 2546 1678 ubi
2592 1627 2760 1683 semel
2807 1629 3138 1688 loetttus'est
3175 1634 3335 1690 Dens.
3379 1635 3520 1695 Ecce

1926 1707 2161 1789 breviter
2185 1712 2294 1767 dixi
2340 1713 2598 1771 Charitati
2653 1717 2871 1774 Vestrae.
2923 1718 3022 1776 llic
3067 1713 3207 1781 inter
3248 1725 3526 1790 homines.

1924 1798 2416 1871 hominibus-saepe,
2453 1806 2633 1862 multis
2672 1800 2872 1872 modis.
2902 1814 3087 1879 inultis.
3117 1816 3355 1885 partibus
3375 1837 3396 1883 ,‘
3418 1834 3518 1892 per

1922 1890 2304 1947 multiformem
2344 1906 2646 1970 creatoram
2683 1899 2890 1975 locutus
2929 1913 3009 1959 est
3057 1905 3238 1966 Deus:
3266 1890 3431 1981 apud
3459 1927 3520 1968 se

1923 1981 2093 2035 semel
2144 1981 2534 2061 Deus-locutus
2561 1999 2671 2054 est,
2707 1991 2829 2062 quia
2863 2009 3021 2048 unum
3045 2069 3049 2074 '
3075 1997 3307 2054 Verbum
3335 2004 3522 2072 genuit

1927 2068 2212 2130 Denstte
2238 2071 2367 2144 ergo
2411 2077 2620 2132 ldithou
2660 2083 2960 2138 transiliens
2998 2069 3127 2154 eos,
3157 2068 3519 2150 transiliverat

1923 2160 2038 2246 acie
2062 2164 2258 2218 mentis
2288 2165 2432 2230 furti,
2461 2179 2514 2222 et
2542 2171 2802 2237 vialida,et
2819 2173 3134 2246 przelidenti,
3158 2182 3518 2239 transiliverat

1886 2336 1889 2338 _
1923 2244 2146 2320 terram,
2179 2267 2233 2310 et
2256 2259 2512 2331 quidquid
2542 2264 2592 2318 in
2623 2275 2760 2319 terra
2785 2277 2899 2334 est;
2922 2244 3129 2338 aerem,
3146 2273 3516 2332 nubeSomnes

1921 2355 1989 2397 ex
2017 2344 2212 2414 quibus
2241 2348 2450 2404 locutus
2473 2361 2556 2407 est
2573 2353 2721 2409 Deus
2739 2359 2922 2424 inulta,
2950 2369 3006 2417 et
3031 2376 3196 2432 sarpe,
3219 2375 3273 2419 et
3294 2363 3512 2425 multis:

1923 2437 2286 2498 transiliverat
2330 2442 2488 2496 etiam
2537 2457 2726 2505 omnes
2756 2449 2990 2522 Angelos
3036 2453 3152 2509 acie
3193 2441 3337 2512 lidei.
3390 2458 3517 2516 Erat

1921 2525 2064 2589 enim
2112 2527 2220 2584 iste
2276 2534 2582 2589 transiliens
2635 2554 2741 2592 non
2794 2549 3080 2600 contentus
3120 2530 3368 2615 terrenis,
3405 2536 3528 2606 sed

1920 2618 2066 2673 velut
2092 2619 2276 2690 aquila,
2293 2625 2477 2680 volans
2495 2639 2870 2696 praetervectus
2888 2648 3104 2692 omnem
3124 2630 3371 2697 nebulam
3403 2648 3527 2720 qua:

1921 2712 2114 2781 tegitur
2140 2716 2315 2768 omnis
2344 2725 2505 2771 terra.
2539 2713 2679 2794 Dicit
2717 2724 2858 2778 enim
2888 2725 3157 2798 Sapientia
3189 2743 3203 2785 :
3237 2713 3516 2801 Etnebula

1922 2802 2025 2857 texi
2051 2819 2249 2859 onmem
2279 2817 2463 2862 terram
2487 2815 2505 2883 (
2537 2809 2706 2867 Eccli.
2732 2815 3012 2893 -xx1v,.6).
3045 2819 3293 2884 Pervenit
3317 2823 3382 2878 ad
3412 2825 3514 2882 ali-

1918 2892 2056 2963 quid
2090 2895 2368 2965 liquidum,
2415 2902 2719 2958 universam
2765 2892 3072 2963 transiliens
3108 2901 3431 2981 creaturam,
3457 2924 3516 2972 et

1917 2979 2166 3053 quaerens
2203 2989 2392 3056 Deum,
2423 3003 2474 3047 et.
2497 2994 2779 3052 eﬂ'undens
2800 3012 2964 3070 super
2986 3016 3048 3057 se
3074 3000 3305 3060 animam
3335 3021 3509 3074 suam;
3555 3025 3558 3028 '

1919 3080 2173 3168 pervenit
2191 3081 2259 3142 ad
2283 3083 2620 3153 principium,
2639 3097 2692 3141 et
2715 3085 2948 3145 Verbum
2966 3090 3133 3149 Deum
3159 3096 3299 3166 apud
3321 3097 3507 3168 Deum;

1916 3174 1972 3218 et
2000 3164 2202 3222 invenit
2227 3171 2382 3224 unius
2399 3172 2572 3227 Patris
2601 3191 2762 3232 unum
2812 3176 3087 3249 Verbum;
3123 3164 3350 3242 etrvidit
3387 3164 3513 3259 quia

1916 3258 2086 3312 semel
2112 3256 2322 3316 locutus
2349 3272 2435 3318 est
2458 3264 2632 3330 Deus;
2666 3270 2796 3324 vidit
2823 3271 3054 3330 Verbum
3085 3290 3179 3346 per
3204 3279 3344 3349 quod
3375 3256 3511 3337 facta

1916 3359 2039 3404 sunt
2067 3355 2246 3409 omnia
2274 3354 2454 3437 (Joan.
2480 3373 2516 3422 ι,
2542 3358 2630 3426 5),
2659 3349 2796 3428 etin
2837 3379 2945 3434 quo
2972 3366 3130 3423 simul
3155 3381 3279 3424 sunt
3306 3369 3508 3437 omnia.

1919 3458 2023 3497 non
2047 3443 2278 3510 diversa,
2309 3434 2418 3502 non
2447 3459 2713 3517 separata,
2742 3466 2851 3508 non
2881 3456 3183 3526 inaequalia.
3213 3459 3330 3516 Non
3363 3464 3509 3519 enim

1920 3531 2067 3587 Deus
2109 3533 2251 3605 quod
2279 3551 2374 3606 per
2403 3535 2637 3594 Verbum
2665 3540 2912 3610 faciebat,
2935 3544 3060 3615 ipse
3081 3561 3203 3603 non
3233 3555 3456 3614 noverint
3489 3545 3519 3620 ς’

1916 3621 1959 3675 si
1989 3631 2169 3678 autem
2183 3625 2588 3695 .fquod'laci‘ebat
2608 3643 2864 3698 noverat,
2890 3634 2940 3688 in
2959 3636 3055 3691 illo
3074 3648 3190 3694 erat
3215 3629 3509 3710 antisquam

1919 3712 2067 3766 lleret
2093 3713 2234 3782 quod
2261 3713 2438 3773 ﬁebat.
2465 3715 2520 3775 Si
2548 3720 2690 3775 enim
2711 3724 2897 3779 nonin
2925 3726 3015 3780 illo
3035 3737 3154 3783 erat
3183 3726 3325 3800 quod
3352 3734 3514 3792 ﬁeltat

1915 3813 2200 3871 antequam
2227 3803 2406 3870 ﬁebat,
2431 3807 2519 3878 ubi
2542 3821 2765 3866 noverat
2780 3814 2918 3883 quod
2943 3811 3166 3873 iaciebat
3185 3821 3208 3874 ?
3227 3821 3343 3876 Non
3366 3818 3517 3893 enim

1917 3903 2067 3962 potes
2114 3895 2282 3950 Deum
2337 3899 2517 3954 dicere
2556 3900 2800 3971 ignorata
2848 3905 3061 3963 iecisse.
3115 3911 3281 3967 Scivit
3329 3913 3510 3986 itaque

1918 3981 2058 4040 Deus
2087 3985 2228 4053 quod
2281 3986 2423 4041 fecit.
2470 3989 2540 4044 Et
2563 3988 2650 4046 ubi
2692 3995 2848 4049 scivit
2884 4006 3174 4068 antequam
3208 3981 3435 4072 laceret;
3460 4009 3506 4062 si

1913 4073 2038 4127 sciri
2071 4075 2170 4130 nisi
2203 4075 2341 4132 facta
2367 4096 2472 4133 nun
2518 4073 2777 4150 pessum?
2963 4103 2995 4142 a
3033 4088 3199 4162 factis
3230 4094 3353 4149 sciri
3407 4099 3508 4153 nisi

1915 4173 2040 4218 ante
2070 4164 2208 4223 facta
2237 4168 2343 4221 non
2378 4182 2636 4241 possunt;
2667 4189 2697 4230 a
2728 4184 2779 4232 te
2811 4176 3045 4248 scilicet,
3087 4182 3158 4238 ab
3201 4182 3423 4243 homine
3453 4189 3505 4243 in

1914 4257 2023 4311 imo
2049 4257 2208 4325 facto,
2242 4271 2295 4315 et
2323 4261 2374 4317 in
2409 4263 2515 4318 itno
2547 4265 2757 4336 posito:
2790 4279 3074 4341 antequam
3107 4278 3285 4330 autem
3319 4276 3507 4334 ﬂerent

1916 4345 2031 4424 haec
2054 4354 2057 4356 '
2078 4349 2287 4415 omnia,
2330 4352 2634 4410 sciebantur
2673 4343 2744 4410 ab
2775 4356 2865 4413 illo
2891 4373 2922 4415 ιι
2950 4375 3057 4431 quo
3100 4362 3250 4423 facta.
3283 4378 3422 4438 sunt,
3454 4379 3510 4427 et

1912 4439 2054 4510 quod
2085 4441 2240 4496 scivit
2271 4441 2421 4511 fecit-
2459 4444 2598 4517 Ergo
2640 4447 2692 4504 in
2743 4441 3038 4510 Verho'itlo
3076 4469 3171 4525 per
3209 4459 3350 4528 quod
3382 4460 3510 4520 fecit

1914 4531 2115 4596 ttillllla,
2145 4543 2428 4606 antequam
2458 4536 2647 4594 tierent
2685 4548 2838 4599 erant
2877 4543 3092 4612 omnia;
3139 4542 3340 4606 etcum
3371 4550 3506 4610 lucta

1915 4631 2058 4685 sunt,
2091 4623 2161 4686 ibi
2192 4635 2312 4704 sunt
2343 4628 2570 4688 omnia:
2598 4627 2871 4692 sed-aliter
2898 4631 3005 4701 hic,
3032 4636 3188 4694 aliter
3213 4638 3324 4708 ibi;
3350 4643 3508 4702 aliter
3545 4707 3548 4710 ,

1917 4713 1966 4768 in
2002 4716 2214 4786 propria
2234 4729 2418 4774 natura
2448 4720 2501 4775 in
2530 4736 2632 4793 qua
2661 4723 2797 4782 facta
2821 4734 2980 4794 sunt,
3011 4727 3167 4787 aliter
3193 4730 3244 4792 in
3270 4743 3385 4792 arte
3413 4751 3508 4808 per

1913 4819 2071 4877 quam
2105 4807 2242 4898 t'acta
2283 4819 2425 4864 sunt.
2454 4809 2585 4882 Quis
2631 4812 2733 4870 hoc
2769 4815 3045 4888 explicet?
3087 4815 3281 4882 Conari
3315 4807 3508 4898 possu-

1913 4910 2031 4954 mus
2065 4913 2078 4949 :
2109 4897 2179 4949 ite
2207 4913 2326 4956 cuin
2358 4901 2590 4966 ldithun.
2620 4915 2674 4959 et
2699 4905 2897 4964 videte.

1985 4991 2072 5048 if).
2115 4991 2233 5046 Jant
2284 5008 2449 5062 ergo.
2495 5007 2552 5049 ut
2604 4998 2910 5067 potuimus,
2959 5000 3188 5058 diximus
3235 5002 3506 5078 quomodo

1914 5083 2083 5137 semel
2108 5083 2319 5140 locutus
2336 5096 2419 5139 est
2445 5087 2586 5142 Deos
2615 5106 2628 5141 :
2662 5090 2938 5145 videamus
2964 5095 3234 5162 quomodo
3259 5096 3366 5154 duo
3390 5102 3506 5160 haec

1913 5176 2134 5241 audivit,
2167 5177 2281 5230 Duo
2305 5178 2413 5232 lta'c
2433 5179 2622 5233 audivi.
2649 5180 2810 5236 Forte
2838 5199 2943 5237 non
2965 5195 3047 5240 est
3067 5201 3422 5260 consequens,
3449 5203 3507 5248 ut

1914 5260 2030 5316 Sola
2059 5263 2165 5316 duo
2185 5261 2303 5317 haec
2323 5264 2551 5330 audierit
2586 5265 2741 5332 :sed,
2776 5267 2879 5321 duo
2905 5267 3030 5334 lucc,
3080 5270 3272 5341 inquit,
3301 5275 3506 5343 audiri;

1912 5351 2156 5422 qua-dam
2182 5353 2288 5411 duo
2316 5369 2435 5430 qua:
2465 5355 2619 5410 nobis
2647 5371 2782 5431 npus
2807 5368 2888 5413 est
2914 5359 3249 5424 utdicantnr.
3279 5366 3502 5422 audivit.

1914 5447 2133 5507 Audivit
2173 5446 2311 5507 forte
2353 5448 2458 5508 alia
2511 5450 2674 5509 multa
2704 5467 2718 5517 ;
2752 5452 2844 5507 sed
2876 5469 2981 5507 non
3009 5468 3144 5524 opus
3174 5465 3254 5511 est
3301 5473 3363 5514 ea
3400 5460 3503 5516 dici

1915 5539 2091 5599 nobis.
2132 5540 2222 5598 Alt
2259 5540 2402 5598 cultu
2446 5549 2503 5599 ct
2547 5541 2848 5597 Dominus:
2880 5543 3049 5597 Multa
3079 5545 3238 5600 habeo
3261 5548 3398 5602 vobis
3427 5551 3508 5604 di-

1913 5649 2064 5696 cere;
2093 5632 2184 5688 sed
2211 5650 2312 5692 non
2337 5633 2540 5698 potestis
2561 5634 2653 5692 illa
2680 5645 2884 5710 portare
2905 5636 3055 5696 modo
3079 5637 3100 5708 (
3120 5636 3504 5714 ld.“xvt,'12).

1914 5726 2050 5798 Quid
2077 5735 2160 5784 est
2189 5741 2338 5801 ergo,
2367 5726 2482 5784 Duo
2511 5727 2619 5781 hmo
2659 5727 2835 5781 audivi
2857 5728 2884 5783 Ρ
2923 5728 3050 5785 Hau:
3075 5729 3186 5786 duo
3208 5747 3328 5802 quae
3356 5733 3510 5789 vobis

1916 5818 2161 5882 dicturus
2184 5833 2302 5881 sum
2323 5859 2341 5892 .
2375 5834 2480 5880 non
2515 5835 2546 5879 ιι
2592 5836 2678 5882 tne
2706 5820 2862 5884 vobis
2880 5821 3023 5907 dico,
3050 5822 3143 5887 sed
3172 5839 3290 5903 qua!
3333 5828 3506 5889 audivi
