3934 6334
414 404 523 461 ’1οίὸ

420 518 560 573 dico.
609 509 784 568 Semel
829 510 1022 563 locutus
1065 511 1137 557 est
1169 498 1302 574 Deos
1332 513 1350 552 :
1375 508 1540 552 ttnum
1572 489 1804 545 Verbum
1852 481 2013 538 habet

420 607 747 678 unigenitum
770 601 957 655 Deum.
988 597 1044 652 in
1071 595 1161 649 illo
1195 589 1367 647 Verbo
1393 595 1520 642 sunt
1540 583 1742 646 onitiia,
1768 578 1889 648 quia
1918 590 2013 645 per

423 665 652 754 Verbum
678 696 812 749 faeta
840 699 966 747 sunt
1003 686 1203 743 ontnia.
1236 682 1410 738 Unum
1451 676 1683 733 Verbum
1712 670 1892 733 habet,
1922 665 2011 721 ubi

418 806 610 847 onmes
634 786 870 844 thesauri
898 779 1173 855 sapientia:
1202 787 1257 832 et
1281 772 1515 829 scienti-.e
1541 764 1837 824 absconditi
1870 758 2013 835 (Co-

423 890 541 940 loss.
568 898 626 946 ιι,
658 879 736 950 5).
774 878 948 933 Unum
996 870 1232 929 Verbum
1276 866 1467 929 habet;
1513 857 1667 915 semei
1705 857 1901 911 locutus
1940 859 2015 906 est

422 979 583 1035 Dens.
618 975 735 1029 Duo
758 974 887 1036 Ιιιεσ,
910 983 1028 1039 quae
1057 964 1211 1020 vobis
1251 960 1491 1016 dicturus
1536 970 1671 1010 sinu.
1708 951 1777 1006 ibi
1808 946 2012 1011 audivi;

422 1085 611 1128 annos
641 1085 725 1121 me
758 1067 945 1134 loquor
973 1101 988 1125 ,
1020 1074 1123 1113 non
1154 1072 1221 1110 ex
1256 1069 1341 1110 me
1365 1052 1485 1106 dico
1514 1065 1527 1102 :
1561 1047 1626 1101 ad
1657 1045 1757 1099 hoc
1787 1040 2015 1111 pertinet

422 1162 614 1215 audivi.
654 1132 861 1212 Amicus
898 1163 1064 1207 autem
1095 1147 1265 1217 sponsi
1294 1154 1393 1200 stat
1420 1152 1464 1195 et
1501 1140 1643 1193 audit
1672 1153 1786 1191 eum
1813 1135 1830 1203 (
1853 1132 2011 1186 Joan.

423 1235 658 1322 m,29),
713 1257 773 1302 ut
815 1260 998 1300 verum
1053 1242 1315 1311 loquatur.
1364 1231 1713 1301 Audit‘enim
1757 1240 1902 1289 eum,
1950 1238 2017 1278 ne

427 1313 697 1415 loquendo
722 1337 1054 1393 nwndaeium
1082 1333 1149 1387 de
1174 1347 1270 1386 suo
1292 1329 1539 1397 loquatur
1562 1323 1581 1395 (
1604 1320 1689 1375 Id.
1725 1335 1834 1382 vm,
1862 1316 1932 1371 Η

428 1454 496 1490 ne
522 1435 753 1495 diceres,
784 1429 913 1496 Quis
938 1443 996 1482 es
1021 1437 1074 1480 tu
1102 1423 1193 1493 qui
1219 1420 1348 1476 mihi
1380 1422 1479 1473 hoc
1505 1413 1681 1477 dicis?
1715 1410 1855 1466 unde
1884 1405 2015 1462 mihi

430 1529 532 1582 hoe
559 1523 729 1579 dicis?
756 1518 951 1575 Audivi
994 1517 1111 1572 lure
1147 1514 1274 1578 duo,
1306 1520 1360 1566 et
1390 1509 1479 1565 ille
1509 1508 1523 1540 ¹
1556 1505 1649 1562 tibi
1677 1506 1865 1574 loquor
1893 1500 2017 1569 quia

421 1620 599 1675 audivi
628 1617 741 1671 [nec
762 1614 869 1670 duo
891 1656 906 1678 ,
928 1611 1019 1683 qui
1043 1611 1202 1668 etiam
1223 1605 1447 1677 cognovi
1476 1602 1597 1673 quia
1618 1599 1784 1656 semel
1810 1598 2019 1652 locutus

427 1721 512 1768 est
541 1713 701 1766 Deus.
733 1707 853 1763 Noli
896 1714 1242 1761 contemnere
1281 1698 1581 1754 auditorem
1628 1693 1896 1749 dicentem
1923 1687 2019 1744 tibi

432 1801 677 1871 qusedam
706 1798 816 1853 duo
865 1796 957 1850 tibi
1005 1790 1330 1852 necessaria,
1379 1802 1501 1843 eum
1542 1784 1631 1855 qui
1674 1776 2023 1838 transiliendo

432 1893 744 1947 universam
792 1898 1093 1944 creaturam
1136 1879 1381 1953 pervenit
1423 1878 1491 1933 ad
1518 1877 1753 1933 Verbum
1784 1869 2026 1943 unigeni-

436 1995 549 2039 tum
568 1985 682 2046 Dci,
704 1981 795 2035 ubi
818 1980 983 2033 sciret
999 1976 1120 2046 quia
1143 1974 1311 2030 semel
1339 1974 1547 2027 locutus
1569 1977 1655 2025 est
1681 1970 1840 2024 Deus.

500 2076 593 2132 20.
636 2074 789 2129 Dicat
814 2085 944 2141 ergo
967 2071 1076 2139 jam
1102 2066 1345 2138 quaedam
1384 2063 1511 2119 duo.
1538 2060 1759 2118 Multum
1785 2057 1928 2115 enim
1956 2054 2025 2109 ad

432 2184 532 2223 nos
578 2164 847 2234 pertinent
884 2160 1001 2214 [nec
1032 2158 1160 2212 duo.
1190 2154 1443 2221 Quoniam
1470 2160 1688 2224 potestas
1728 2147 1821 2203 Dei
1855 2155 1949 2214 est,
1978 2154 2026 2200 et

431 2259 543 2324 tibi,
566 2256 776 2312 Domine
794 2295 809 2320 ,
843 2250 1208 2307 misericordia.
1240 2246 1343 2310 Ista
1369 2255 1494 2300 sunt
1520 2244 1656 2309 duo;
1686 2248 1945 2311 potestas,
1971 2245 2029 2292 et
2063 2301 2068 2307 ν

431 2347 839 2409 misericordia?
866 2344 971 2401 Ista
1001 2344 1159 2415 plane
1186 2360 1199 2394 :
1227 2338 1507 2410 intelligite
1548 2342 1867 2405 potestatem
1892 2330 2023 2392 Dei:

432 2444 715 2513 iutelligite
747 2436 1170 2493 misericordiam
1198 2432 1312 2489 Dei.
1344 2431 1436 2487 llis
1453 2429 1660 2485 duobus
1684 2426 2029 2481 continentur

433 2552 601 2607 prope
622 2547 810 2588 omnes
828 2532 1138 2600 Scripturae.
1170 2527 1398 2596 Propter
1419 2524 1532 2578 lure
1562 2521 1691 2588 duo,
1724 2518 2027 2589 Propheta;

436 2637 658 2698 propter
688 2626 804 2679 haec
832 2621 961 2687 duo,
1016 2616 1373 2681 Patriarcbie;
1425 2620 1643 2686 propter
1690 2610 1837 2672 lure,
1878 2607 2025 2673 Lex;

436 2725 659 2791 propter
686 2715 835 2778 lucc,
866 2712 981 2784 ipse
1028 2708 1283 2765 Dominus
1326 2714 1509 2761 noster
1553 2701 1711 2762 Jesas
1747 2698 2028 2761 Christus;

436 2819 659 2887 propter
703 2809 839 2871 hac,
893 2805 1170 2878 Apostoli;
1220 2810 1441 2873 propter
1496 2798 1648 2864 haec,
1696 2793 2031 2851 annantiatio

436 2885 634 2966 omnis,
652 2910 704 2955 et
725 2897 1013 2956 celebratio
1030 2894 1174 2950 verbi
1197 2892 1289 2948 Dei
1315 2892 1367 2947 in
1396 2890 1634 2946 Ecclesia
1652 2904 1667 2942 :
1687 2898 1902 2960 prepter
1917 2885 2034 2944 hmc

438 2998 567 3061 duo;
585 3002 802 3066 prepter
818 2998 1133 3062 potestatem
1152 2985 1246 3042 Dei
1268 2994 1322 3040 et
1341 2980 1784 3039 misericordiam.
1798 2979 2033 3035 P0testa-

440 3103 549 3145 tem
566 3089 684 3158 ejus
713 3086 924 3149 timete;
955 3078 1374 3137 misericordiam
1392 3077 1509 3145 ejus
1531 3082 1727 3130 amate.
1752 3072 1861 3128 Nec
1876 3072 1953 3128 sic
1965 3071 2035 3127 de

441 3176 809 3239 misericordia
840 3176 957 3245 ejus
999 3169 1349 3244 praesumatis,
1378 3176 1437 3222 ut
1481 3173 1796 3237 potestatem
1851 3172 2037 3219 conte-

441 3266 670 3329 mnatis:
694 3284 795 3325 nec
804 3268 881 3324 sic
893 3273 1209 3338 potestatem
1230 3260 1484 3327 timeatis,
1498 3268 1557 3315 ut
1577 3258 1647 3315 de
1671 3256 2036 3314 misericordia

444 3365 763 3435 tlespet‘etis.
796 3360 949 3431 Apud
988 3359 1136 3413 illum
1166 3365 1439 3427 potestas;
1467 3351 1608 3423 apud
1647 3352 1795 3406 illum
1827 3349 2037 3403 miseri.

444 3458 649 3514 cordia.
682 3456 834 3511 Hunc
861 3452 1133 3513 humiliat;
1164 3459 1220 3505 et
1250 3449 1391 3504 hunc
1414 3443 1657 3517 exaltat(
1687 3442 1827 3497 I’sat.
1854 3455 2035 3503 Lxxtv,

446 3550 503 3619 8)
538 3568 550 3602 :
587 3548 728 3601 hunc
768 3543 1014 3599 humiliat
1043 3546 1339 3611 potestate;
1366 3544 1369 3545 ⁷
1392 3538 1541 3592 illum
1584 3534 1783 3590 exultat
1830 3531 2042 3589 miseri-

445 3641 651 3699 cordia.
678 3640 739 3696 Si
777 3640 911 3694 enim
937 3636 1074 3692 Deus
1102 3634 1272 3690 volens
1291 3632 1550 3689 ostendere
1585 3630 1737 3693 iram,
1765 3636 1813 3681 et
1832 3627 2042 3681 demon-

448 3746 614 3789 strare
660 3732 934 3804 potentiam
957 3745 1127 3791 suam,
1156 3726 1329 3781 attulit
1355 3726 1411 3779 in
1438 3723 1599 3778 multa
1640 3722 1883 3793 patientia
1921 3733 2043 3773 uasa

450 3827 561 3890 ἕνας,
579 3840 692 3897 qua:
719 3827 941 3895 perfecta
965 3829 1081 3876 sunt
1114 3820 1169 3873 in
1194 3817 1544 3889 perditionem.
1572 3812 1779 3868 Audisti
1810 3818 2045 3882 potesta-

455 3928 562 3971 tem
593 3892 611 3969 ξ
643 3892 823 3984 quiere
854 3908 1298 3966 misericordiam.
1330 3905 1399 3962 Ut
1423 3896 1590 3970 notas,
1620 3902 1823 3973 inquit,
1856 3892 2045 3974 faceret

456 4009 657 4063 divitias
684 4023 804 4061 suas
845 4007 899 4060 in
937 4020 1060 4059 vasa
1094 4001 1475 4057 misericordiae.
1527 3998 1767 4055 Pertinet
1807 4010 1934 4065 ergo
1978 3992 2053 4051 ad

454 4102 573 4167 ejus
601 4106 917 4169 potestatem
948 4096 1204 4158 damnare
1249 4093 1483 4161 iniquos.
1515 4091 1581 4145 Et
1604 4090 1725 4160 quis
1752 4088 1827 4143 illi
1859 4087 2001 4141 dicat
2030 4104 2044 4141 :

452 4191 595 4260 Quid
626 4190 833 4245 fecisti?
864 4187 941 4242 Tu
968 4188 1121 4251 enim,
1142 4183 1175 4239 ὀ
1204 4186 1374 4247 homo,
1397 4184 1510 4253 quis
1537 4199 1609 4249 es,
1636 4182 1721 4251 qui
1742 4177 2049 4249 respondeas

460 4284 570 4337 Deo
600 4283 773 4355 (Rom.
801 4298 877 4346 rx,
907 4278 999 4345 ‘22,
1031 4280 1123 4344 25,
1152 4276 1290 4348 20)?
1318 4276 1472 4330 Time
1499 4290 1629 4342 ergo
1655 4282 1709 4328 et
1740 4282 1910 4326 trcme
1933 4269 2051 4339 ejus

458 4360 777 4444 potestatem
802 4390 816 4438 ;
842 4372 935 4427 sed
957 4386 1111 4440 spera
1139 4369 1254 4439 ejus
1280 4366 1725 4423 misericordiam.
1756 4360 2008 4418 Diabolus
2029 4362 2049 4392 ¹

464 4474 703 4534 j-otestas
731 4464 971 4533 qumdam
999 4471 1115 4525 est;
1146 4448 1458 4531 plerumque
1485 4468 1660 4512 tamen
1692 4455 1800 4509 vult
1835 4460 2051 4519 nocere,

461 4570 521 4616 ct
564 4575 671 4614 non
703 4567 897 4627 potest,
928 4557 1051 4626 quia
1091 4562 1329 4623 potestas
1372 4552 1471 4606 ista
1502 4551 1600 4606 sub
1639 4536 1903 4620 potestate
1948 4551 2052 4599 est.

463 4656 598 4711 Nam
616 4654 661 4709 si
688 4662 891 4708 tantum
922 4657 1102 4723 posset
1139 4661 1334 4703 nocere
1359 4645 1600 4701 diabolus
1628 4650 1883 4714 quantum
1914 4638 2049 4703 vult,

471 4765 577 4803 non
604 4747 799 4816 aliquis
822 4749 1084 4810 iustorum
1109 4749 1431 4804 remaneret,
1459 4746 1553 4793 aut
1596 4735 1790 4799 aliquis
1820 4731 2055 4787 ﬁdelium

470 4829 615 4895 esset
641 4841 693 4893 in
725 4848 889 4892 terra.
938 4837 1054 4905 Ipse
1095 4850 1189 4903 per
1217 4847 1342 4887 vasa
1372 4846 1467 4885 sua
1495 4828 1740 4899 impellit,
1774 4825 1924 4895 quasi
1960 4838 2054 4894 pa-

468 4933 658 4987 rietem
691 4928 1033 4992 inclinatum;
1061 4924 1156 4981 sed
1186 4932 1389 4979 tantum
1427 4919 1656 4991 impellit
1681 4925 1937 4991 quantum
1964 4929 2057 4970 ac-

469 5024 601 5094 cipit
630 5029 971 5093 potestatem.
998 5017 1069 5074 Ut
1113 5026 1292 5072 autem
1331 5029 1435 5069 non
1463 5012 1621 5069 cadat
1647 5009 1845 5080 paries,
1877 5007 2061 5063 Domi-

475 5131 577 5171 nus
606 5112 892 5182 suscipiet;
925 5109 1176 5180 quoniam
1206 5108 1294 5179 qui
1320 5106 1413 5161 dat
1437 5111 1754 5179 potestatem
1786 5098 2060 5162 tentatori,

474 5209 591 5280 ipse
639 5214 845 5263 tentato
883 5203 1084 5276 prmbet
1126 5198 1565 5265 misericordiam.
1615 5193 1696 5251 Ad
1754 5204 2063 5247 mensuram

474 5303 620 5360 enim
650 5299 976 5374 permittitur
1004 5296 1026 5329 ³
1054 5304 1260 5352 tentare
1287 5290 1567 5348 diabolus:
1602 5285 1669 5343 Et
1695 5285 1890 5359 potabis
1934 5297 2027 5337 nos
2045 5321 2063 5347 ,

477 5372 667 5466 inquit,
698 5393 753 5448 in
792 5389 1031 5464 lacrymis
1056 5388 1109 5442 in
1138 5400 1373 5440 mensura
1402 5380 1585 5456 (PsaL
1619 5392 1804 5441 Lxxtx,
1835 5374 1926 5447 6).
1948 5372 2065 5429 Noli

478 5504 606 5561 ergo
637 5488 823 5543 timere
872 5482 1189 5556 permissum
1237 5475 1434 5548 aliquid
1484 5473 1660 5530 facere
1706 5478 2061 5532 tentaturem;

543 5729 561 5761 ι
597 5729 671 5776 Sic
695 5733 799 5774 ass.
828 5721 1030 5777 Αιειιιι..
1053 5719 1155 5771 illa.

543 5790 565 5821 ⁸
600 5787 732 5840 κάει..
756 5785 960 5834 diabo'o.
990 5775 1045 5832 at
1066 5790 1194 5843 Mss,
1214 5780 1448 5838 diabolus,
1477 5775 1747 5828 nominandi
1776 5788 1903 5822 rasa.

545 5849 569 5883 ⁸
601 5857 728 5911 ιιι,
753 5844 1041 5897 admittitur.

1663 375 1721 430 S.
1757 360 2120 430 AUGUSTIM
2160 360 2424 418 EPISCOI
2447 407 2464 419 .

3605 349 3711 405 τιι

2122 474 2288 531 habes
2324 478 2466 532 enim
2496 473 3049 531 misericordissimam
3080 470 3431 527 Salvatorem.
3477 466 3707 521 Tantum

2123 567 2444 639 permittitur
2471 568 2559 622 ille
2586 576 2791 621 tentare
2816 573 3075 636 quantum
3102 562 3191 616 tibi
3212 560 3452 632 prodest,
3480 567 3537 611 ut
3555 570 3706 612 exi-r-

2122 659 2314 727 cearis,
2346 667 2402 714 ut
2430 657 2700 727 proberis;
2732 666 2790 711 ut
2811 656 2903 727 qui
2936 664 2988 711 te
3010 652 3307 718 nesciebas,
3339 665 3371 705 a
3396 660 3449 704 te
3478 650 3593 718 ipso
3623 646 3707 701 in-

2120 750 2374 807 veniatis.
2398 748 2531 804 Nam
2561 747 2675 813 ubi,
2703 747 2786 802 vel
2831 745 2994 811 unde,
3042 744 3143 799 nisi
3179 743 3247 797 de
3274 742 3374 797 bac
3416 740 3513 795 Dei
3554 748 3704 809 pote.

2120 851 2278 908 State,
2306 851 2360 897 et
2380 838 2741 899 misericordia
2770 837 2943 893 securi
2973 851 3093 893 esse
3112 834 3388 900 debemus,
3417 829 3704 887 secundum

2122 935 2269 991 illam
2296 933 2645 1005 apostolicam
2671 930 2990 988 sententiam
3021 946 3036 985 :
3068 926 3265 982 Fidelis
3292 924 3433 980 Deus
3454 966 3467 992 ,
3496 924 3583 994 qui
3609 941 3707 977 mm

2123 1025 2370 1099 permittit
2409 1040 2497 1081 vos
2524 1024 2705 1079 tentari
2732 1038 2883 1093 super
2925 1021 2979 1076 id
3005 1019 3142 1091 quod
3169 1017 3375 1091 potestis
3403 1016 3424 1090 (
3452 1017 3469 1070 Ι
3495 1014 3614 1072 Cor.
3653 1032 3710 1081 ιι,

2126 1120 2279 1190 15)?
3314 1162 3315 1165 χ

2192 1210 2287 1266 21.
2329 1209 2489 1279 Ergo,
2539 1206 2768 1261 Potestas
2796 1204 2891 1259 Dei
2916 1213 2988 1259 est
3017 1218 3037 1257 :
3068 1201 3188 1257 Non
3232 1211 3303 1255 est
3329 1200 3461 1255 enim
3496 1208 3714 1267 potestas

2123 1304 2221 1358 nisi
2249 1298 2445 1373 aDeo(
2474 1299 2622 1375 Rom.
2652 1313 2765 1365 xui,
2796 1296 2821 1351 1
2851 1293 2894 1369 ).
2926 1294 3047 1349 Noli
3073 1292 3272 1357 dicere,
3310 1292 3371 1345 Et
3396 1288 3521 1360 quid
3549 1288 3595 1343 ei
3623 1287 3709 1342 dat

2125 1402 2326 1449 tantam
2374 1387 2734 1460 potestatem?
2782 1386 2851 1441 Et
2894 1401 2998 1440 non
3026 1383 3118 1438 det
3147 1391 3482 1453 potestatem.
3507 1378 3713 1448 Quidat

2124 1491 2466 1554 potestatem,
2489 1478 2650 1534 habet
2672 1476 2974 1548 aequitatem
2999 1476 3017 1507 ⁸
3039 1473 3063 1528 7
3090 1472 3169 1529 Tu
3188 1473 3364 1543 inique
3381 1484 3716 1527 murmurare

2127 1583 2301 1645 potes,
2333 1572 2424 1629 ille
2449 1570 2754 1641 aequitatem
2786 1567 3011 1640 perdere
3060 1582 3166 1621 non
3218 1573 3413 1636 potest.
3453 1562 3717 1630 Numquid

2127 1665 2366 1737 iniquitas
2389 1664 2529 1731 apud
2568 1658 2779 1714 Deum?
2804 1658 2945 1713 Absit
2973 1655 2994 1731 (
3022 1654 3109 1711 Id.
3146 1672 3218 1721 Ix,
3241 1656 3306 1711 M
3338 1657 3378 1723 ).
3406 1654 3517 1709 Hoc
3539 1652 3638 1725 ﬁge
3661 1654 3714 1709 in

2127 1755 2325 1821 corde;
2356 1753 2458 1809 hoc
2479 1752 2548 1808 de
2576 1749 2894 1822 cogitatione
2938 1757 3026 1805 tua
3064 1763 3170 1803 non
3197 1747 3429 1815 excutiat
3448 1745 3712 1801 inimicus.

2130 1848 2331 1903 Facere
2358 1852 2533 1918 potest
2560 1840 2763 1914 aliquid
2781 1840 2944 1905 Deus,
2963 1848 3020 1894 ut
3039 1848 3096 1892 tu
3108 1837 3490 1908 nesciasquare
3515 1835 3666 1890 iaciat
3700 1852 3715 1888 :

2130 1939 2313 2009 inique
2345 1946 2523 1992 tamen
2551 1933 2729 1989 facere
2758 1947 2864 1987 non
2895 1938 3102 2002 potest,
3133 1927 3274 1999 apud
3312 1942 3470 1999 quem
3501 1941 3608 1982 non
3638 1934 3719 1981 est

2132 2030 2403 2102 iniquitas.
2425 2026 2557 2082 Nam
2589 2039 2717 2081 ecce
2746 2020 3091 2093 reprehendis
3136 2020 3303 2075 Deam
3322 2016 3475 2089 quasi
3503 2015 3572 2072 de
3612 2016 3717 2071 ini-

2132 2124 2335 2196 quitate
2380 2118 2716 2194 (ago’tecum
2746 2114 2963 2187 aliquid,
2994 2112 3211 2169 attende
3231 2110 3501 2183 paululum
3526 2110 3580 2181 ):
3614 2123 3719 2163 non

2131 2211 2560 2285 reprehenderes
2605 2208 2973 2279 iniquitatem,
3016 2205 3119 2260 nisi
3164 2203 3395 2260 videndo
3434 2201 3717 2272 justitiam.

2132 2306 2510 2379 Reprehensor
2534 2301 2827 2373 iniquitatis
2852 2314 2972 2357 esse
2987 2315 3094 2354 non
3116 2294 3393 2369 potestqui
3421 2310 3528 2349 non
3553 2294 3723 2349 cernit

2128 2398 2415 2470 justitiam,
2446 2394 2534 2451 cui
2562 2402 2927 2464 comparatam
2975 2388 3333 2461 reprehendat
3363 2386 3715 2457 iniquitatem.

2133 2490 2289 2547 Unde
2314 2488 2458 2544 enim
2488 2486 2595 2542 seis
2613 2485 2735 2556 quia
2758 2483 2859 2539 hoc
2886 2484 3140 2553 injustam
3166 2491 3270 2548 est,
3293 2478 3395 2535 nisi
3424 2478 3564 2532 scias
3589 2476 3715 2548 quid

2133 2583 2207 2640 sit
2245 2581 2492 2655 justum?
2518 2576 2657 2649 Quid
2695 2577 2743 2633 si
2780 2576 2921 2631 enim
2959 2576 3162 2645 justum
3192 2581 3276 2628 est
3311 2578 3365 2628 et
3409 2569 3532 2637 hoc,
3578 2568 3722 2640 quod

2134 2675 2272 2733 dicis
2297 2671 2594 2747 injustam?
2616 2668 2790 2735 Absit,
2820 2666 3015 2739 inquis,
3040 2665 3292 2734 injustam
3319 2670 3431 2717 est:
3450 2670 3503 2717 et
3523 2659 3723 2717 clamas

2134 2768 2288 2842 quasi
2318 2763 2620 2822 videntibus
2647 2762 2669 2794 ⁸
2699 2760 2890 2824 oculis,
2936 2757 3124 2813 videns
3165 2755 3265 2810 hoc
3307 2752 3563 2822 injustam
3603 2764 3723 2808 esse

2138 2839 2321 2932 utique
2345 2872 2415 2914 ex
2441 2855 2616 2927 aliqua
2644 2850 2828 2924 regula
2860 2848 3101 2921 justitize,
3151 2848 3235 2901 cui
3278 2856 3597 2913 comparans
3625 2839 3748 2897 hoc'

2137 2950 2282 3027 quod
2308 2949 2460 3007 vides
2489 2961 2733 3020 pravum,
2762 2952 2818 3000 et
2854 2954 3082 2997 cernens
3111 2952 3217 2993 non
3249 2934 3536 2991 convenire
3563 2931 3726 2988 recti-

2142 3023 2311 3104 tudini
2354 3041 2553 3114 regula:
2579 3048 2704 3104 tute,
2732 3031 3115 3108 reprehendis;
3140 3038 3386 3099 tanquam
3407 3023 3599 3081 artifex
3621 3023 3730 3079 dis—

2139 3150 2367 3195 cernens
2412 3133 2616 3205 justnm
2641 3129 2709 3183 ab
2738 3126 2953 3197 injuste.
2987 3122 3130 3195 Ergo
3154 3133 3381 3194 quzeroa
3405 3126 3457 3173 te
3480 3115 3727 3172 :Justum

2142 3230 2247 3287 hoc
2274 3242 2394 3285 esse
2420 3224 2562 3281 unde
2586 3219 2764 3277 vides?
2794 3217 2913 3284 Ubi,
2945 3217 3180 3287 inquam,
3208 3211 3358 3266 vides
3386 3208 3489 3265 hoc
3503 3209 3728 3282 justum,

2142 3338 2250 3395 quo
2276 3321 2412 3387 viso,
2456 3312 2807 3388 reprehendis
2846 3305 3138 3380 injustam?
3182 3303 3345 3378 Unde
3378 3300 3507 3358 illud
3549 3299 3732 3356 nescio

2143 3392 2292 3488 quid,
2321 3426 2427 3485 quo
2452 3408 2753 3480 aspergitur
2778 3404 2954 3459 anima
2987 3412 3093 3465 tua,
3121 3414 3189 3455 ex
3214 3396 3394 3453 multis
3413 3394 3653 3467 partibus
3678 3392 3733 3449 in

2144 3486 2375 3577 caligine
2420 3490 2728 3562 constituta,
2764 3495 2944 3552 nescio
2986 3489 3113 3564 quid
3161 3489 3266 3545 hoc
3310 3486 3451 3559 quod
3490 3491 3735 3540 mruscat

2145 3576 2312 3656 menti
2343 3594 2485 3651 tua)?
2511 3591 2652 3649 unde
2679 3589 2780 3643 hoc
2800 3584 3034 3660 justum}
3062 3581 3205 3639 Itane
3217 3595 3321 3637 non
3348 3577 3510 3634 habet
3530 3576 3734 3632 fontem

2146 3691 2340 3751 suum?
2364 3690 2407 3745 A
2435 3697 2488 3743 te
2529 3686 2623 3741 tibi
2650 3690 2734 3739 est
2756 3679 2900 3752 quod
2938 3678 3140 3750 justum
3168 3685 3271 3741 est,
3303 3681 3359 3729 et
3385 3680 3442 3728 tu
3468 3670 3560 3726 tibi
3587 3678 3738 3741 potes

2147 3786 2280 3842 dare
2300 3776 2601 3856 justitiam?
2628 3775 2797 3832 Nemo
2831 3771 2930 3829 sibi
2957 3769 3049 3825 dat
3075 3765 3218 3839 quod
3246 3779 3350 3820 non
3382 3762 3565 3818 habet.
3598 3761 3736 3831 Ergo

2149 3893 2273 3935 cum
2300 3876 2377 3933 sis
2398 3871 2648 3944 injustas,
2676 3881 2801 3923 esse
2827 3879 2934 3921 non
2966 3870 3117 3933 potes
3138 3859 3343 3930 justas,
3374 3856 3476 3912 nisi
3504 3868 3733 3910 conver-

2153 3968 2314 4026 tendo
2336 3974 2389 4022 to
2416 3943 2484 4021 ad
2510 3958 2795 4033 quamdam
2831 3953 3096 4027 justitiam
3141 3956 3481 4013 manentem;
3510 3962 3543 4001 a
3567 3959 3670 4016 qua
3690 3943 3737 3999 si

2152 4060 2381 4128 recedis,
2412 4058 2641 4128 injustas
2665 4068 2754 4119 es;
2806 4049 2872 4105 ad
2899 4061 3059 4119 quam
3088 4044 3135 4100 si
3181 4041 3415 4107 accedis,
3440 4039 3618 4111 justus
3656 4052 3735 4092 es.

2153 4154 2232 4211 Te
2260 4149 2545 4208 recedente
2579 4161 2687 4201 non
2736 4140 2954 4202 deﬁcit;
2982 4147 3033 4192 te
3059 4130 3350 4191 accedente
3386 4145 3494 4186 non
3523 4130 3737 4185 crescit.

2156 4246 2259 4305 Ubi
2286 4252 2370 4300 est
2409 4255 2536 4312 ergo
2578 4238 2680 4293 ista
2711 4230 2955 4305 justitia?
2983 4229 3203 4297 Quaeres
3247 4224 3300 4279 in
3341 4222 3524 4279 terra?
3565 4219 3739 4276 Absit.

2155 4340 2275 4396 Non
2304 4336 2447 4396 enim
2471 4344 2662 4387 auram
2688 4334 2781 4383 aut
2801 4323 3005 4395 lapides
3030 4321 3293 4392 pretiosos
3319 4314 3514 4388 quaeris
3533 4355 3549 4380 ,
3582 4312 3743 4382 justi-

2158 4435 2288 4489 tiam
2316 4439 2584 4500 quazrens.
2625 4423 2817 4491 Quane
2865 4418 2917 4471 in
2970 4412 3125 4478 mari,
3169 4423 3350 4483 qumre
3388 4407 3441 4462 in
3489 4405 3742 4471 nubibus,

2159 4496 2351 4597 quaere
2370 4521 2423 4574 in
2452 4516 2622 4573 stellis
2652 4533 2668 4569 :
2697 4525 2879 4582 quaere
2919 4509 2970 4563 in
3013 4502 3272 4574 Angelis;
3302 4499 3509 4555 iuvenis
3533 4497 3587 4552 iu
3616 4496 3742 4561 illis,

2162 4588 2257 4673 sed
2286 4624 2342 4671 et
2367 4611 2466 4682 ipsi
2486 4610 2556 4665 de
2580 4607 2724 4661 fonte
2741 4602 2949 4657 bibunt.
2977 4596 3189 4652 Justitia
3231 4592 3373 4648 enim
3420 4588 3746 4660 Angelorum

2162 4714 2216 4768 in
2246 4706 2495 4765 omnibus
2541 4709 2643 4767 est,
2691 4696 2787 4752 sed
2830 4694 2898 4749 ab
2928 4706 3034 4748 uno
3062 4688 3286 4758 capitur.
3334 4683 3562 4753 ReSpice
3594 4696 3746 4752 ergo,

2164 4798 2505 4865 transcende,
2539 4794 2673 4848 vade
2696 4792 2823 4848 illuc
2851 4787 2937 4842 ubi
2960 4782 3128 4840 semel
3152 4774 3362 4836 locutus
3385 4786 3469 4832 εει
3495 4775 3671 4840 Deus;
3697 4782 3749 4829 et

2164 4899 2239 4956 ibi
2269 4893 2510 4952 invenies
2534 4887 2736 4945 fontem
2761 4880 3001 4953 justitite,
3025 4875 3114 4929 ubi
3155 4882 3237 4928 est
3266 4870 3384 4927 fons
3412 4867 3532 4922 vitae
3559 4882 3576 4920 :
3611 4865 3751 4931 Quo-

2166 4992 2304 5046 niam
2331 4983 2472 5058 apud
2492 4992 2541 5037 te
2563 4987 2635 5034 est
2662 4976 2777 5047 fons
2796 4970 2950 5041 υἱιω(
2978 4967 3125 5022 Ρεαι.
3152 4979 3344 5058 xxxv,
3361 4960 3428 5016 lo
3453 4961 3495 5031 ).
3524 4957 3579 5014 Si
3606 4957 3750 5013 enim

2168 5091 2223 5138 tu
2252 5079 2320 5134 de
2364 5052 2491 5131 rore
2529 5069 2722 5138 exiguo
2767 5061 3008 5134 judicare
3038 5059 3116 5113 vis
3145 5052 3286 5125 quod
3325 5052 3525 5122 justam
3565 5056 3669 5112 est,
3699 5056 3752 5101 et

2170 5170 2316 5245 quod
2343 5168 2599 5239 injustam
2627 5167 2745 5225 est;
2773 5150 3029 5224 numquid
3080 5147 3330 5218 iniquitas
3372 5139 3514 5213 apud
3559 5140 3751 5205 Deum,

2171 5234 2314 5324 unde
2328 5234 2477 5317 advte
2492 5260 2674 5312 manat
2701 5258 2955 5318 tanquam
2984 5242 3051 5299 de
3074 5240 3218 5297 fonte
3247 5234 3472 5309 jastitia.
3494 5234 3547 5289 in
3578 5248 3751 5324 quan-

2173 5322 2284 5414 tum
2301 5354 2503 5425 justum
2534 5344 2698 5416 sapis,
2728 5354 2850 5395 cum
2879 5352 2946 5391 ex
2971 5332 3153 5389 multis
3179 5328 3415 5401 partibus
3443 5324 3623 5395 inique
3661 5322 3755 5377 de-

2173 5413 2374 5520 sipias?
2406 5439 2576 5498 Habet
2598 5413 2745 5506 ergo
2793 5430 2995 5487 fontem
3035 5422 3258 5493 justitia:
3314 5419 3471 5475 Deus.
3522 5413 3642 5471 Noli
3686 5413 3753 5469 ibi

2173 5504 2416 5612 quaerere
2467 5504 2832 5601 iniquitatem,
2876 5518 2965 5575 ubi
3006 5516 3097 5573 lux
3134 5515 3251 5569 sine
3287 5508 3474 5567 umbra
3503 5515 3608 5563 est.
3652 5504 3754 5561 Sed

2241 5700 2259 5730 ι
2293 5694 2368 5744 sic
2389 5698 2495 5738 Mss.
2532 5682 2647 5734 Edd.
2686 5686 2837 5744 vero:
2861 5680 2913 5725 Et
2936 5682 3085 5744 quare
3120 5668 3203 5744 dat
3246 5672 3423 5719 tradam
3466 5667 3741 5727 potestatem

2179 5769 2224 5814 et
2263 5732 2838 5814 dﬁiabemwjawgg
2850 5732 3159 5814 (equitatem?

2245 5798 2493 5879 {Thiae
2504 5818 2631 5869 Mss,
2654 5798 2924 5869 ﬁdentiam.
