3934 6346
113 293 191 349 ’115

109 415 232 481 plane
259 408 422 461 latere
445 413 497 460 te
529 412 705 474 potest
731 416 908 455 causa.
939 399 997 455 Si
1015 398 1145 453 latet
1173 409 1223 452 te
1252 411 1433 460 causa,
1455 394 1664 460 respice

112 499 423 570 ignorantiam
459 503 603 548 luam
626 535 641 554 ,
676 491 794 546 vide
821 491 909 560 qui
957 491 1060 553 sis;
1100 486 1314 541 attende
1361 485 1474 538 Ιηςε
1507 483 1612 535 duo
1649 498 1661 534 :

115 589 329 658 Quoniam
356 595 578 657 potestas
604 583 700 638 Dei
729 593 801 637 est
824 624 843 653 ,
873 591 917 634 et
962 580 1073 643 tibi,
1114 578 1348 633 Domine.
1380 578 1663 628 misericor-

111 685 193 734 dia.
221 679 449 732 Fortiora
477 687 523 730 te
544 694 605 729 ne
623 675 902 745 qntesicris,
944 684 990 724 et
1018 671 1207 724 altiora
1246 676 1295 720 te
1326 684 1386 720 ne
1411 673 1662 718 scrutatus

113 773 266 832 nmis;
291 770 381 822 sed
401 785 514 837 qua
535 768 769 838 prwcepit
813 765 897 816 tibi
923 761 1203 818 Dominus.
1235 760 1324 810 illa
1351 756 1513 825 cogita
1542 769 1662 806 scm-

110 881 180 933 per
209 862 228 932 (
260 859 422 913 Eccli.
452 874 528 923 tu,
557 858 628 910 29.
729 855 860 924 Quia
902 851 976 908 ad
1000 853 1112 904 hate
1145 864 1264 918 qua:
1292 847 1382 900 tibi
1413 843 1664 914 przt‘cepit

113 955 224 1006 fletis
249 951 516 1018 pertinent
542 949 636 1000 ista
669 945 775 998 duo
811 962 825 998 :
852 942 1109 1007 Quoniam
1126 947 1345 1005 potestas
1369 933 1465 988 Dci
1492 944 1583 996 est,
1615 940 1662 983 et

109 1044 197 1108 tibi,
243 1039 477 1103 Domine,
520 1035 889 1091 misericordia.
932 1033 1050 1087 Noli
1099 1032 1286 1083 timere
1342 1026 1660 1080 inimicum:

110 1143 278 1188 tantum
309 1131 436 1186 facit
455 1139 707 1200 quantum
728 1126 992 1195 acceperit
1014 1130 1349 1193 potestatem.
1376 1117 1510 1172 Eum
1537 1118 1666 1170 time

105 1224 179 1295 qui
199 1222 351 1278 habet
375 1235 640 1278 summam
671 1225 992 1289 potestatem
1017 1232 1033 1280 ;
1061 1230 1181 1268 eum
1211 1213 1335 1265 time
1364 1209 1452 1280 qui
1491 1222 1663 1276 quan-

111 1325 199 1369 tum
223 1313 351 1380 vult,
380 1321 585 1366 tantum
626 1308 783 1374 facit,
812 1315 870 1362 et
908 1305 997 1375 qui
1037 1303 1232 1373 injuste
1261 1300 1390 1354 nihil
1431 1298 1574 1361 facit,
1613 1303 1668 1348 et

108 1405 333 1475 quidquid
387 1402 588 1465 fecerit,
647 1395 845 1464 justum
887 1407 988 1453 est.
1037 1394 1364 1450 Putabamus
1408 1391 1662 1458 injustum

106 1512 206 1552 esse
224 1496 400 1550 nescio
428 1493 554 1566 quid
583 1508 696 1547 εει
740 1492 841 1546 hoc
878 1489 1000 1560 quia
1047 1487 1172 1542 fecit
1204 1486 1362 1548 Deus,
1399 1482 1664 1549 credeju-

106 1601 223 1642 stum
251 1601 388 1642 esse.

164 1679 243 1733 22.
269 1680 432 1748 Ergo,
457 1678 652 1741 inanis,
675 1675 718 1729 si
746 1673 863 1743 quis
882 1670 1154 1728 hominem
1182 1667 1388 1723 occidat
1411 1667 1669 1720 innocen-

106 1782 218 1837 tem,
242 1770 381 1838 juste
424 1769 568 1833 facit,
609 1783 675 1820 an
718 1763 935 1834 inique?
963 1761 1146 1828 Inique
1186 1774 1335 1812 sane.
1365 1760 1539 1824 Quare
1569 1756 1672 1816 hoc

109 1862 341 1932 permittit
367 1859 547 1914 Deus?
581 1858 706 1912 Vide
742 1857 889 1926 prius
929 1869 994 1908 ne
1036 1853 1160 1906 illud
1204 1853 1396 1905 debeas
1425 1867 1438 1904 :
1467 1846 1673 1916 Frange

110 1952 319 2006 esttrienti
361 1966 545 2020 panem
580 1959 742 2011 tuum,
780 1957 828 1998 et
865 1960 1075 2020 egenum
1114 1943 1221 1995 sine
1259 1950 1384 1994 tecto
1425 1938 1577 1990 induc
1620 1938 1672 1989 in

108 2048 288 2098 domum
316 2055 456 2095 tuam
476 2059 495 2104 ;
517 2041 562 2094 si
593 2039 773 2093 videris
794 2017 1012 2101 uadum,
1039 2035 1159 2089 vesti
1186 2051 1297 2088 eum
1328 2033 1344 2100 (
1368 2030 1494 2086 Isai.
1525 2046 1670 2094 Lvttt,

110 2139 190 2206 Ἰ).
215 2137 332 2190 11ιιξο
358 2136 502 2188 enim
525 2131 727 2201 justitia
756 2140 841 2183 tua
867 2137 983 2195 est;
1009 2128 1110 2182 hoc
1132 2127 1274 2180 enim
1307 2124 1396 2177 tibi
1425 2123 1675 2192 prascepit

109 2230 340 2284 Dominus
372 2245 384 2280 :
416 2224 680 2279 Lnoantini
696 2265 713 2289 ,
742 2222 917 2276 mundi
943 2230 1117 2286 estote,
1144 2221 1340 2288 auferte
1369 2215 1618 2281 nequitias
1644 2230 1676 2266 a

109 2320 316 2373 cordibus
355 2317 562 2376 uestris,
599 2324 747 2384 atque
772 2330 803 2364 a
831 2320 1096 2381 conspectu
1124 2310 1386 2363 oculorum
1414 2319 1677 2367 meorum;

107 2412 261 2463 discite
291 2411 477 2463 bonum
510 2409 695 2478 facere,
717 2403 948 2474 judicute
984 2401 1180 2473 pupillo
1207 2411 1253 2452 et
1291 2398 1455 2451 viduae
1475 2413 1493 2450 :
1516 2405 1561 2448 et
1592 2412 1675 2447 vc-

109 2504 213 2565 nite,
235 2513 277 2554 et
303 2501 638 2570 disputemus,
663 2498 783 2549 dicit
807 2495 1055 2548 Dominus
1074 2491 1184 2559 (Id.
1205 2507 1243 2556 ι,
1261 2489 1467 2557 16-18).
1492 2488 1679 2554 Dispu-

108 2605 208 2646 tare
233 2597 328 2656 vis,
361 2601 649 2660 antequam
682 2587 842 2640 facias
871 2585 1011 2640 unde
1044 2584 1234 2651 dignus
1274 2582 1348 2635 sis
1382 2581 1676 2648 disputare,

109 2701 254 2750 quare
284 2686 385 2738 hoc
413 2681 653 2751 permisit
677 2682 833 2733 Deus.
860 2677 1151 2732 Consilium
1183 2674 1274 2729 Dei
1305 2674 1395 2728 tibi
1423 2672 1621 2737 dicere,
1647 2686 1680 2723 o

108 2775 272 2837 homo,
300 2790 412 2827 non
443 2786 654 2840 possmn
689 2788 702 2824 :
734 2768 859 2822 illud
893 2777 1069 2821 tamen
1101 2764 1240 2829 dico,
1271 2765 1390 2834 quia
1421 2774 1474 2816 et
1502 2762 1680 2831 inique

107 2867 216 2918 fecit
242 2866 401 2918 homo
433 2862 524 2932 qui
551 2861 746 2916 occidit
786 2861 1155 2922 innocentem,
1181 2867 1234 2909 et
1265 2872 1369 2908 noti
1401 2856 1553 2908 fieret
1578 2853 1684 2908 nisi

108 2955 430 3023 permitteret
459 2953 630 3016 Deus;
659 2959 712 3004 et
742 2948 982 3019 quamvis
1014 2947 1104 3001 ille
1136 2947 1313 3013 inique
1340 2943 1546 3010 fecerit,
1571 2960 1678 3002 non

107 3054 269 3097 unncn
299 3042 404 3098 hoc
436 3042 612 3112 inique
641 3039 885 3112 permisit
914 3039 1073 3092 Deus.
1096 3037 1282 3092 Lateat
1308 3049 1467 3090 causa
1498 3033 1550 3087 in
1581 3037 1684 3088 isto

107 3135 270 3189 nescio
298 3148 433 3204 quo,
459 3132 529 3187 de
557 3147 663 3202 quo
693 3131 945 3195 moveris,
978 3127 1129 3198 cujus
1156 3127 1457 3203 innocentia
1488 3136 1537 3179 te
1565 3140 1687 3192 per-

107 3235 289 3280 movet.
312 3226 539 3279 Possem
563 3223 704 3277 enim
726 3221 821 3276 tibi
844 3223 950 3276 cito
967 3219 1317 3287 respondere,
1335 3217 1448 3274 Non
1476 3217 1686 3272 occide-

108 3327 242 3371 retur
270 3317 370 3371 nisi
406 3330 605 3370 nocens
631 3323 813 3369 esset:
843 3312 935 3366 sed
967 3323 1020 3365 tu
1044 3327 1172 3366 eum
1216 3310 1554 3365 innocentem
1588 3324 1688 3377 pu-

106 3419 196 3463 tas.
221 3410 446 3465 Possem
477 3407 566 3462 tibi
598 3405 701 3461 hoc
725 3406 830 3459 cito
855 3404 1052 3458 dicere.
1081 3401 1196 3457 Non
1225 3402 1365 3456 enim
1399 3411 1450 3453 tu
1478 3409 1686 3453 seruta-

106 3503 231 3556 rcris
273 3515 370 3556 cor
420 3499 569 3570 ejus,
618 3498 914 3553 discuteres
971 3494 1104 3549 facta
1158 3494 1305 3563 ejus,
1355 3493 1689 3548 cxaminares

109 3595 448 3664 cogitationes
477 3591 616 3661 ejus,
640 3598 699 3644 ut
724 3590 894 3658 possis
925 3588 1052 3642 mihi
1079 3588 1254 3641 dicere
1279 3603 1291 3639 :
1323 3585 1519 3655 lnjuste
1547 3585 1691 3639 occi-

106 3700 188 3740 sus
215 3696 314 3741 est.
346 3685 570 3739 Possem
599 3696 726 3750 ergo
755 3678 909 3733 facile
940 3676 1264 3749 respondere
1291 3695 1304 3728 :
1334 3676 1424 3730 sed
1465 3674 1687 3745 Opponi-

109 3787 186 3830 tur
213 3777 340 3831 mihi
371 3774 592 3845 quidam
613 3773 806 3843 justus,
832 3771 946 3825 sine
972 3770 1334 3824 cootroversia
1357 3768 1552 3835 justus,
1577 3767 1692 3820 sine

106 3869 432 3924 dubitatione
452 3865 649 3936 justus,
667 3865 766 3933 qui
796 3879 900 3917 non
927 3862 1156 3917 habebat
1181 3869 1454 3928 peccatum
1485 3861 1694 3918 occisus

106 3977 131 4012 a
161 3961 571 4030 peccatoribus,
616 3956 839 4011 traditus
880 3971 908 4006 a
949 3961 1266 4022 peccatore;
1305 3951 1418 4019 ipse
1449 3949 1695 4004 Christus

108 4052 384 4118 Dominus,
416 4052 484 4106 tle
513 4064 621 4119 quo
652 4063 757 4103 nou
790 4060 1070 4116 possumus
1107 4044 1288 4099 dicere
1329 4043 1471 4112 quod
1515 4042 1696 4095 habuit

104 4147 329 4214 aliquam
361 4143 721 4213 iniquitatem,
745 4140 866 4208 quia
891 4153 953 4192 ea
981 4154 1100 4206 qua:
1126 4151 1230 4188 non
1256 4135 1428 4204 rapuit
1453 4133 1699 4188 exsolve-

106 4236 189 4288 bat
213 4235 390 4305 (Psal.
418 4247 606 4295 vant,
631 4230 709 4300 5),
740 4229 990 4297 objicitur
1015 4226 1164 4280 mihi.
1193 4226 1255 4278 Et
1277 4225 1403 4294 quid
1431 4223 1602 4279 dicam
1630 4223 1699 4278 de

100 4327 354 4382 Christo?
382 4325 587 4380 Tecum
631 4336 765 4393 ago,
803 4320 998 4390 inquis.
1029 4319 1094 4374 Et
1136 4333 1236 4388 ego
1275 4327 1472 4371 tecum.
1503 4316 1577 4368 De
1607 4314 1700 4368 illo

107 4419 360 4490 proponis
407 4417 798 4487 quaestionem;
827 4413 895 4467 de
924 4411 1017 4465 illo
1053 4409 1204 4464 solvo
1233 4407 1602 4478 quaestionem.
1625 4403 1701 4458 lbi

103 4512 237 4565 enim
262 4509 560 4566 consilium
585 4505 677 4560 Dei
705 4503 976 4569 novimus,
998 4498 1140 4572 quod
1169 4497 1377 4553 nonnisi
1405 4499 1523 4566 ipso
1549 4512 1701 4550 reve-

106 4601 243 4656 lante
285 4612 619 4656 nossemus:
653 4603 712 4650 ut
735 4608 860 4649 cum
907 4606 963 4648 tu
1001 4590 1266 4646 inveneris
1303 4587 1579 4642 consilium
1610 4584 1703 4640 Dei

106 4708 206 4761 quo
232 4689 490 4762 permisit
522 4687 860 4742 innocentem
882 4683 1072 4737 Filium
1099 4680 1267 4735 occidi
1295 4679 1361 4732 ab
1390 4677 1620 4744 injustis,
1651 4686 1706 4730 et

110 4785 209 4838 tale
237 4782 538 4838 consilium
571 4779 729 4846 quale
760 4776 848 4828 tibi
881 4775 1102 4843 placeat,
1133 4782 1185 4823 ct
1219 4770 1371 4839 quale
1401 4769 1515 4832 tibi,
1546 4769 1588 4822 si
1615 4767 1706 4836 ju-

107 4885 215 4929 stus
241 4889 322 4934 es,
355 4870 650 4938 diaplicere
693 4881 796 4919 non
837 4865 1022 4932 possit,
1052 4862 1238 4917 credas
1269 4860 1389 4931 quia
1423 4870 1475 4913 et
1505 4859 1555 4912 in
1588 4857 1707 4912 aliis

108 4968 328 5021 Consilio
361 4962 420 5018 id
453 4970 575 5028 agat
613 4960 772 5022 Deus,
802 4957 894 5009 sed
927 4957 1054 5009 latet
1083 4964 1154 5007 te.
1188 4953 1300 5017 Eia,
1337 4952 1546 5016 fratres,
1574 4965 1708 5020 Opus

108 5069 218 5113 erat
257 5054 534 5126 sanguine
572 5040 699 5119 justi
737 5049 802 5102 ad
830 5047 1111 5102 delendum
1140 5043 1548 5114 chirographum
1583 5056 1708 5110 pec-

107 5160 350 5202 caLZrttn'.
372 5189 389 5209 ,
423 5158 564 5215 opus
592 5149 708 5195 erat
734 5137 980 5206 exemplo
1011 5136 1303 5203 patientiae,
1333 5135 1580 5202 exemplo
1608 5133 1710 5186 hu-

112 5239 387 5303 militatis;
410 5247 562 5302 Opus
589 5240 705 5285 erat
731 5234 885 5299 signo
913 5229 1086 5281 crucis
1115 5226 1180 5278 ad
1210 5225 1478 5278 diabolum
1510 5234 1564 5279 et
1593 5224 1710 5290 ejus

110 5333 325 5402 angelos
377 5322 735 5381 debellandos
778 5320 998 5387 (Coloss.
1026 5335 1081 5382 tl,
1111 5319 1200 5381 14,
1229 5317 1354 5384 15);
1385 5331 1518 5384 opus
1559 5317 1712 5369 nobis

113 5435 221 5477 erat
266 5419 536 5492 passione
566 5410 772 5467 Domini
818 5411 983 5463 nostri
1018 5428 1030 5461 :
1063 5423 1187 5461 nam
1226 5408 1473 5482 passione
1505 5405 1712 5460 Domini

115 5514 428 5582 redemptus
459 5503 718 5561 estorbis.
748 5502 954 5570 Quanta
978 5500 1112 5552 bona
1137 5499 1244 5568 egit
1270 5499 1445 5567 passio
1468 5497 1711 5551 Domini!

117 5606 382 5660 Ειιεηιιεη
411 5597 598 5668 passio
615 5595 773 5661 hujus
788 5594 918 5660 justi
951 5608 1054 5645 non
1080 5600 1262 5653 esset,
1293 5589 1392 5643 nisi
1435 5588 1714 5642 Dominum

115 5695 276 5765 iniqui
299 5683 822 5765 OCCitIiSSEItl:_Qlii_t‘i_
855 5696 1012 5748 ergo,
1038 5681 1232 5736 bonum
1261 5679 1362 5734 hoc
1400 5678 1539 5750 quod
1564 5676 1717 5734 nobis

319 5771 614 5832 PATROL.
643 5760 936 5826 XXXVI.

1206 273 1604 334 ENARRATIO
1642 269 1708 326 1N
1749 271 2067 326 PS.\LMUM
2109 269 2239 326 LXI.

1765 748 1972 818 justum
2014 760 2180 805 esset.
2245 751 2535 807 Voluerunt
2563 754 2810 807 occidere
2849 774 2861 809 :

3264 279 3368 331 7-36

1774 388 2072 456 pra-stilum
2101 397 2183 440 est
2205 388 2270 441 de
2294 388 2558 442 dominica
2589 391 2853 456 passione,
2891 392 3258 462 imputandum
3284 407 3365 447 est

1774 480 1966 548 iniquis
1991 481 2425 535 interfectoribus
2468 482 2704 538 Christi?
2728 484 2899 539 Absit.
2930 486 3007 539 Illi
3043 487 3323 541 voluerunt
3351 506 3366 550 ;

1773 570 1911 623 Deus
1943 572 2202 641 permisit.
2237 572 2318 624 Illi
2351 584 2604 628 nocentes
2642 585 2822 628 essent
2847 620 2861 643 ,
2895 578 3100 632 etiamsi
3134 589 3365 632 tantum.

1772 659 1932 713 modo
1963 661 2286 723 voluissent;
2343 663 2480 716 Deus
2518 673 2693 718 autem
2728 681 2828 718 non
2869 668 3221 735 permisisset,
3256 670 3357 722 nisi

2921 772 3058 824 pone
3097 762 3216 827 quia
3263 776 3368 812 non

1771 849 2061 912 potuerunt
2087 859 2099 893 :
2137 842 2298 910 iniqui
2326 851 2510 898 essent
2535 886 2547 904 ,
2575 844 2853 899 homicida:
2883 858 3060 900 essent
3085 865 3100 912 ;
3130 851 3247 918 quis
3273 850 3371 902 du—

1772 929 2004 984 bitaret?
2047 931 2297 984 Dominus
2325 933 2467 986 enim
2499 935 2773 1005 interrogat
2806 937 3007 1006 justum
3057 950 3104 992 et
3153 942 3366 1007 impium

1772 1020 1943 1092 (Psal.
1969 1037 2025 1087 Χ,
2053 1022 2106 1092 6)
2136 1034 2239 1089 ;et,
2269 1024 2331 1078 In
2353 1027 2740 1096 cogitationibus
2761 1028 2903 1097 impii
2928 1030 3254 1100 interrogatio
3272 1037 3365 1087 erit

1773 1115 1940 1184 (Sap.
1963 1130 2000 1180 ι,
2032 1108 2119 1186 9).
2157 1117 2380 1170 Discutit
2409 1118 2550 1172 Dens
2580 1119 2705 1188 quid
2736 1123 2962 1190 quisque
2989 1125 3238 1188 voluerit,
3270 1142 3376 1178 non

1771 1209 1897 1278 quid
1940 1212 2194 1279 potuerit.
2235 1212 2375 1283 Ergo
2404 1215 2447 1268 si
2489 1215 2804 1279 voluissent,
2837 1227 2886 1269 et
2916 1232 3020 1269 non
3054 1221 3374 1285 potuissent,

1772 1311 1826 1353 et
1848 1317 1950 1354 non
1971 1302 2317 1370 occidissent,
2350 1305 2514 1374 iniqui
2547 1307 2619 1360 illi
2650 1321 3016 1372 remanerent;
3047 1312 3139 1362 tibi
3171 1312 3370 1365 Citriin

1773 1393 1949 1460 passio
2000 1409 2103 1447 non
2150 1404 2513 1464 praestaretur.
2568 1391 2746 1450 Voluit
2797 1413 2926 1466 ergo
2975 1401 3149 1452 facere
3181 1403 3376 1469 impius

1773 1492 1827 1534 ut
1868 1482 2247 1550 damnaretur;
2298 1485 2591 1552 permissus
2629 1497 2707 1540 est
2756 1498 2808 1538 ut
2840 1488 2931 1541 tibi
2976 1499 3321 1557 perstaretur
3355 1509 3368 1540 τ

1774 1572 1914 1638 quod
1959 1574 2159 1637 voluit,
2193 1576 2479 1642 imputatur
2523 1576 2784 1645 iniquitati
2830 1576 3012 1646 itnpii;
3055 1579 3194 1648 quod
3247 1596 3362 1649 per-

1776 1677 1968 1717 missus
2008 1673 2110 1730 est,
2157 1665 2446 1733 imputatur
2475 1669 2720 1734 potestati
2751 1669 2866 1722 Dei.
2899 1669 2990 1725 Ille
3022 1686 3149 1740 ergo
3187 1672 3372 1741 inique

1778 1753 1972 1819 voluit;
2004 1754 2141 1808 Deus
2165 1755 2305 1824 juste
2333 1757 2592 1826 permisit.
2616 1758 2816 1828 Itaque,
2844 1760 3032 1815 fratres
3055 1763 3183 1828 mei,
3209 1773 3262 1818 ct
3280 1764 3378 1818 Ju-

1775 1843 1872 1898 das
1893 1846 2153 1914 malignus
2189 1848 2408 1901 traditor
2436 1849 2659 1912 Christi,
2684 1859 2731 1905 et
2759 1863 3128 1919 persecutores
3153 1855 3374 1920 Christi,

1779 1937 1995 2005 maligni
2017 1953 2221 2001 omnes,
2259 1939 2628 2006 impiiomnes,
2650 1940 2813 2011 iniqui
2841 1960 3053 2011 omnes,
3086 1947 3377 2002 damnandi

1778 2041 1967 2080 omnes
1992 2046 2006 2082 :
2027 2038 2080 2082 et
2105 2038 2278 2082 tamen
2310 2031 2467 2084 l’ater
2492 2032 2699 2101 praprio
2726 2033 2862 2087 Filio
2884 2052 2974 2088 suo
2996 2052 3096 2089 non
3123 2040 3376 2108 pepercit;

1778 2120 1867 2170 sed
1905 2135 1996 2188 pro
2019 2119 2160 2172 nobis
2187 2122 2418 2172 omnibus
2439 2122 2650 2174 tradidit
2677 2124 2824 2176 illum
2856 2126 2872 2192 (
2901 2125 3048 2178 liam.
3086 2141 3194 2191 vui,
3238 2128 3308 2182 59.
3331 2131 3375 2200 ).

1771 2208 2032 2276 ’1)ἰςιιυηο,
2057 2210 2100 2262 si
2137 2220 2318 2277 potes;
2365 2211 2631 2283 distingue
2657 2256 2672 2278 ,
2723 2215 2765 2268 si
2814 2228 2966 2284 potes
3005 2236 3018 2272 :
3059 2201 3224 2273 redde
3258 2220 3367 2275 Deo

1783 2308 1901 2352 vota
1931 2312 2038 2364 tua,
2070 2317 2188 2368 qum
2219 2301 2576 2358 distinxerunt
2600 2305 2735 2359 labia
2770 2316 2856 2359 tua
2886 2307 3057 2377 (Ρδαι.
3085 2325 3206 2376 va,
3239 2313 3326 2382 15)
3357 2330 3372 2368 :

1785 2389 1906 2440 vide
1932 2390 2058 2457 quid
2083 2391 2151 2445 ibi
2176 2400 2192 2430 ι
2221 2391 2406 2446 fecerit
2431 2394 2807 2464 iniquus,quid
2826 2397 3024 2464 justus.
3057 2401 3147 2454 Ille
3175 2402 3374 2468 voluit;

1784 2481 1882 2533 iste
1912 2483 2155 2548 permisit
2199 2499 2211 2534 :
2247 2483 2337 2537 ille
2367 2483 2564 2553 injuste
2593 2487 2788 2550 voluit;
2817 2489 2917 2544 istc
2939 2490 3082 2559 justc
3111 2494 3376 2561 permisit.

1785 2570 2043 2625 Voluntas
2068 2573 2263 2641 injusta
2293 2574 2610 2638 damnetur;
2642 2580 2922 2645 permissio
2942 2581 3083 2650 justa
3110 2583 3381 2653 gloriliee-

1787 2673 1891 2715 tur.
1920 2664 2054 2730 Quid
2079 2666 2224 2720 enim
2250 2667 2372 2721 mali
2395 2668 2590 2724 accidit
2616 2670 2850 2730 Christo.
2873 2674 2994 2742 quia
3023 2687 3266 2730 mortuus
3292 2690 3379 2733 est

1784 2755 2069 2812 Christus?
2089 2756 2156 2811 Et
2177 2757 2250 2811 illi
2281 2759 2403 2812 ntali
2431 2770 2575 2821 sunt,
2599 2762 2685 2830 qui
2709 2763 2849 2817 male
2868 2763 3046 2819 facere
3068 2767 3378 2834 voluerunt;

1785 2852 1840 2903 et'
1867 2848 2000 2904 nihil
2029 2849 2151 2902 mali
2177 2864 2364 2918 passus
2388 2861 2490 2911 est,
2521 2853 2603 2906 cui
2633 2852 2900 2908 fecerunt.
2932 2855 3118 2911 Occisa
3144 2869 3226 2912 est
3254 2875 3383 2914 caro

1787 2941 2029 2994 mortalis
2059 2940 2384 2996 interhciens
2409 2954 2636 2998 mortetu
2665 2945 2872 3009 morte,
2894 2934 3138 3016 prtebens
3179 2951 3384 3018 patien-

1790 3031 1877 3085 tia:
1929 3032 2327 3098 documentum,
2388 3037 2716 3103 pta-mittens
2754 3042 3168 3098 resurrectionis
3209 3059 3386 3100 exem-

1792 3125 1964 3192 plum.
2006 3124 2214 3193 Quanta
2248 3128 2382 3180 bona
2413 3126 2548 3183 facta
2577 3141 2699 3183 sttnt
2721 3130 2850 3197 justi
2882 3134 2950 3187 de
2979 3138 3118 3190 tnalo
3159 3137 3379 3207 injusti!

1789 3216 1903 3270 lloc
1928 3227 2010 3271 est
2037 3233 2284 3287 magnum
2316 3221 2336 3251 ³
2358 3220 2472 3284 Dei,
2506 3222 2623 3290 quia
2652 3232 2705 3276 et
2735 3225 2929 3278 bonum
2955 3228 3094 3295 quod
3127 3229 3253 3285 facis
3271 3230 3388 3300 ipse

1794 3308 1887 3362 tibi
1915 3308 2078 3371 dedit,
2098 3309 2236 3364 etde
2261 3313 2403 3365 malo
2428 3321 2518 3365 tuo
2545 3314 2653 3380 ipse
2675 3314 2810 3370 bene
2842 3316 2981 3372 facit.
3002 3320 3120 3374 Noli
3147 3337 3273 3392 ergo
3296 3325 3388 3378 mi-

1793 3401 1898 3454 rari
1927 3418 1942 3464 ;
1969 3403 2225 3469 permittit
2254 3404 2412 3469 Deus,
2441 3415 2494 3458 et
2513 3405 2715 3474 judicio
2756 3412 3013 3477 permittit
3042 3431 3054 3466 :
3095 3416 3384 3482 permittit,

1793 3503 1846 3545 et
1874 3507 2145 3555 mensura,
2194 3509 2436 3550 numero.
2480 3497 2718 3565 pondere
2752 3501 3028 3570 permittit.
3057 3504 3209 3572 Apud
3237 3505 3388 3560 illum

1796 3598 1901 3636 non
1935 3592 2016 3635 est
2046 3582 2314 3652 iniquitas.
2348 3586 2427 3638 Tu
2459 3594 2662 3642 tantum
2693 3589 2757 3643 ad
2787 3605 2906 3644 eum
2941 3595 3165 3661 pertine,
3196 3595 3248 3648 in
3275 3595 3389 3665 ipso

1795 3689 1945 3743 spem
1976 3690 2113 3743 pone
2138 3693 2151 3738 ;
2178 3677 2291 3744 ipse
2321 3679 2388 3730 sit
2415 3678 2626 3747 adjutor
2659 3689 2780 3736 tuus
2802 3723 2814 3743 ,
2843 3683 3078 3738 salutare
3120 3698 3262 3740 tuum
3291 3705 3303 3746 ;
3337 3690 3389 3742 in

1800 3766 1892 3819 illo
1923 3765 1997 3819 sit
2040 3765 2191 3819 locus
2220 3768 2481 3834 munitus,
2537 3772 2699 3824 turris
2739 3773 3096 3840 fortitudinis;
3125 3778 3389 3849 refugium

1800 3864 1948 3909 tuum
1976 3857 2090 3924 ipse
2119 3858 2210 3916 sit.
2242 3867 2296 3911 et
2345 3875 2448 3912 non
2474 3869 2525 3914 te
2546 3862 2682 3916 sinet
2706 3866 2895 3918 tentari
2927 3881 3084 3936 supra
3111 3884 3268 3938 quam
3296 3889 3394 3942 po-

1800 3958 1905 4003 tcst
1929 3950 2065 4003 ferre
2095 3991 2110 4014 ,
2161 3951 2255 4005 sed
2305 3951 2463 4007 faciet
2489 3969 2610 4007 cum
2646 3957 2935 4011 tentatione
2975 3963 3131 4014 etiam
3169 3964 3392 4035 exitum,

1802 4048 1860 4092 ut
1891 4039 2064 4107 possis
2111 4041 2376 4096 suSIinere
2403 4041 2456 4114 (I
2507 4041 2626 4096 Cor.
2661 4061 2713 4108 x,
2746 4045 2853 4119 15)
2890 4065 2904 4100 :
2937 4061 2991 4102 ut
3017 4052 3156 4119 quod
3186 4062 3238 4107 te
3267 4054 3396 4110 sinit

1803 4130 1910 4199 pati
1952 4130 2320 4196 tentationem,
2382 4144 2618 4200 potestas
2663 4136 2781 4204 ejus
2810 4139 3085 4209 sit;quod
3135 4160 3243 4199 non
3270 4148 3399 4203 sinit
3453 4153 3455 4157 ’

1806 4219 1939 4272 ultra
1965 4220 2015 4272 in
2063 4231 2113 4272 te
2140 4219 2254 4274 fieri
2289 4235 2446 4290 quam
2495 4233 2649 4291 potes
2691 4225 2861 4289 ferre,
2892 4232 3255 4289 misericordia
3281 4238 3398 4306 ejus

1805 4311 1912 4363 sit:
1967 4308 2218 4372 Quoniam
2268 4320 2487 4380 potestas
2526 4312 2623 4367 Dei
2647 4326 2740 4381 est,
2782 4329 2828 4370 et
2860 4319 2968 4385 tibi,
3011 4321 3248 4392 Domine,
3301 4329 3400 4382 mi-

1805 4399 2101 4465 sericordia,
2151 4401 2269 4471 quia
2310 4411 2366 4454 tu
2394 4403 2573 4457 reddes
2611 4407 2880 4475 unicuique
2928 4415 3204 4469 secundum
3243 4433 3399 4487 opera

1805 4491 1936 4562 ejus.

1807 4608 1862 4651 Et
1883 4609 1994 4665 post
2015 4603 2712 4682 tractattthdejfsalmowum
2746 4611 3117 4682 mathematiqus
3151 4617 3199 4665 in
3223 4619 3403 4682 populo

2088 4673 2458 4727 monstraretur,
2482 4668 2545 4715 de
2573 4681 2634 4717 eo
2656 4670 2785 4719 idem
2807 4673 2911 4732 ipse
2937 4673 3114 4724 intulit.

1881 4767 1971 4822 25.
2006 4768 2098 4823 llla
2139 4769 2394 4824 Ecclesiae
2425 4773 2540 4826 sitis
2577 4775 2736 4827 etiam
2765 4775 2921 4830 istum
2947 4818 2963 4842 ,
2990 4794 3147 4846 quem
3179 4781 3402 4847 videtis,

1812 4859 1997 4915 bibere
2036 4862 2169 4916 vult.
2197 4863 2368 4916 Simul
2397 4864 2556 4918 etiam
2587 4874 2645 4918 ut
2680 4869 2936 4922 noveritis
2966 4886 3124 4939 quam
3165 4874 3315 4928 multi
3351 4876 3402 4929 in

1812 4953 2193 5011 commixtione
2217 4954 2640 5011 Christianorum
2662 4974 2757 5014 ore
2784 4976 2882 5014 suo
2904 4961 3238 5027 benedicant,
3269 4975 3319 5020 et
3354 4967 3406 5020 iit

1813 5043 1978 5099 corde
2004 5058 2103 5097 suo
2130 5045 2465 5109 maledicam,
2493 5048 2591 5102 iste
2621 5064 2686 5105 ex
2717 5050 3010 5107 christiano
3029 5065 3084 5107 et
3117 5053 3257 5109 fideli
3289 5072 3407 5125 pte-

1815 5133 1992 5189 nitens
2030 5135 2186 5201 redit,
2215 5146 2271 5190 et
2299 5138 2516 5192 territus
2543 5151 2806 5206 potestate
2846 5143 3053 5197 Domini
3081 5146 3412 5200 convertitur

1817 5226 1885 5279 ad
1921 5226 2338 5280 misericordiam
2382 5230 2609 5283 Domini.
2639 5231 2903 5285 Seductus
2929 5235 3069 5289 enim
3099 5238 3167 5291 ab
3196 5236 3412 5292 inimico

1821 5332 1941 5370 cum
1973 5328 2113 5371 esset
2151 5316 2342 5380 fidelis,
2391 5321 2482 5373 diu
2528 5324 2938 5379 mathematicus
2982 5327 3109 5391 fuit;
3163 5329 3414 5392 seductus

1821 5406 2103 5471 sedueens,
2148 5408 2402 5479 deceptus
2431 5410 2725 5479 decipiens,
2761 5414 2949 5482 illexit,
2991 5415 3192 5481 fefellit,
3247 5422 3413 5474 multa

1825 5495 2098 5550 mendacia
2130 5497 2338 5552 locutus
2356 5508 2646 5555 estcontra
2678 5504 2864 5569 Deum,
2894 5499 2981 5574 qui
3014 5507 3162 5560 dedit
3191 5507 3418 5566 homini-

1890 5631 1906 5662 ³
1943 5631 2016 5678 sic
2035 5635 2142 5680 uss.
2169 5637 2224 5680 At
2242 5631 2379 5691 Edd.,
2405 5632 2508 5683 tibi.

1891 5693 1911 5722 ¹
1948 5699 2062 5755 tteg.
2089 5691 2232 5755 liber,
2253 5706 2471 5758 regnum.

2592 5775 3158 5862 (VingtaquatreJ
