3934 6316
483 294 586 351 747

483 410 583 465 bus
628 412 941 476 potestatem
974 399 1197 456 faciendi
1241 396 1382 467 quod
1421 396 1617 449 bonum
1658 402 1761 455 est,
1785 402 1837 447 et
1861 407 1962 444 non
1992 390 2071 441 fa-

481 497 655 554 ciendi
699 495 840 567 quod
868 494 1064 549 malum
1095 502 1196 546 est.
1229 491 1332 545 Iste
1363 488 1570 542 dicebat
1608 486 1731 554 quia
1757 482 2075 537 adulterium

488 605 595 644 non
626 587 851 643 faciebat
881 585 1128 638 voluntas
1171 580 1382 651 propria
1404 619 1424 643 ,
1457 578 1550 632 sed
1581 577 1791 632 Venus:
1825 585 1877 627 et
1904 574 2076 627 homi-

482 680 680 735 cidium
728 693 836 732 non
878 675 1105 730 faciebat
1131 673 1378 725 voluntas
1404 669 1636 738 propria,
1687 665 1778 719 sed
1822 665 2077 727 Mars;et

476 773 684 841 justum
714 785 821 824 non
849 767 1073 820 faciebat
1106 766 1265 827 Deus,
1299 760 1391 815 sed
1422 759 1567 813 Jovis
1589 766 1614 811 ':
1649 768 1702 811 et
1730 757 1828 808 alia
1860 755 2023 808 umlta
2058 753 2074 784 ¹

482 862 742 932 διιεῖ-ἰιρςει
778 876 883 914 non
914 874 1095 928 parva.
1122 854 1291 922 Quam
1336 851 1513 905 multis
1551 864 1671 903 cum
1701 847 1895 915 putatis
1923 845 2076 899 Chri-

482 954 673 1008 stianis
701 965 948 1005 nummos
974 944 1302 1001 abstulisse?
1328 943 1495 1011 Quam
1528 940 1677 993 multi
1706 937 1772 991 ab
1800 938 1889 991 illo
1918 951 2067 990 eme-

483 1052 608 1096 runt
637 1040 994 1102 mendacium,
1018 1037 1211 1105 quibus
1240 1033 1547 1087 dicebamus
1582 1046 1594 1082 :
1626 1028 1742 1082 Filii
1772 1027 2070 1089 hominum,

485 1146 767 1203 usquequo
802 1142 992 1199 graves
1037 1123 1240 1181 corde?
1279 1120 1461 1192 utquid
1493 1118 1708 1186 diligitis
1752 1117 2036 1169 vanitatem
2058 1154 2073 1178 ,

483 1234 537 1277 et
558 1222 797 1293 quaeritis
826 1220 1158 1275 mendacium
1189 1214 1359 1283 (Psal.
1390 1229 1462 1277 tv,
1492 1215 1525 1267 5
1547 1213 1601 1282 )?
1627 1210 1803 1278 Modo,
1845 1210 1981 1264 sicut
2008 1210 2075 1263 de

486 1315 577 1367 illo
607 1312 928 1367 credendum
948 1320 1048 1374 est,
1075 1305 1283 1361 horruit
1308 1301 1669 1365 mendacium,
1698 1309 1752 1354 ct
1777 1299 2071 1353 multorum

483 1393 777 1458 hominum’
810 1402 1101 1455 illectorem
1124 1400 1144 1431 ¹¹
1174 1412 1235 1453 se
1272 1393 1555 1465 aliquando
1597 1409 1627 1447 a
1669 1390 1883 1446 diabolo
1911 1392 2076 1444 sensit

482 1494 760 1559 illectum;
806 1491 1135 1545 convertitur
1171 1487 1238 1539 ad
1271 1485 1436 1539 Deum
1482 1480 1767 1552 ptenitens.
1798 1481 2072 1544 Putamus,

480 1583 693 1647 fratres,
721 1582 789 1637 de
810 1595 1002 1649 magno
1033 1579 1225 1631 timore
1249 1574 1427 1628 cordis
1454 1570 1734 1627 accidisse.
1762 1570 1897 1638 Quid
1929 1570 2075 1625 enim

479 1673 671 1729 dicturi
697 1671 920 1724 sumus?
963 1668 1204 1735 Namque
1248 1665 1291 1717 si
1334 1678 1401 1718 ex
1446 1676 1653 1731 pagano
1677 1668 2076 1715 Converteretur

480 1762 911 1826 mathematicus,
938 1772 1189 1827 magnum
1230 1755 1449 1823 quidem
1490 1761 1634 1807 esset
1670 1749 2071 1820 gaudium;sed

479 1865 655 1909 tamen
676 1864 854 1923 pnsset
873 1850 1039 1905 videri
1067 1848 1191 1918 quia
1212 1847 1256 1899 si
1275 1857 1565 1899 conversus
1578 1852 1740 1907 esset,
1763 1841 2069 1896 clericatum

478 1954 748 2017 qurereret
777 1945 829 1997 in
855 1941 1116 1996 Ecclesia.
1162 1937 1434 1992 l’oénitens
1459 1941 1575 1998 est;
1608 1946 1714 1985 non
1750 1930 1940 2000 quierit
1972 1929 2071 1982 nisi

476 2039 648 2092 solam
707 2031 1147 2089 misericordiam.
1204 2024 1672 2082 Commendandus
1716 2032 1800 2077 est
1844 2035 1975 2089 ergo
2019 2028 2072 2074 et

475 2129 648 2185 oculis
674 2136 727 2183 et
759 2124 1012 2181 cordibus
1038 2121 1246 2175 vestris.
1284 2118 1413 2172 Eum
1471 2130 1626 2183 quem
1671 2112 1864 2165 videtis
1892 2110 2069 2165 cordi«

478 2222 579 2276 bus
603 2228 799 2281 amate.
843 2215 1012 2270 oculis
1049 2211 1333 2265 custodite.
1360 2206 1548 2260 Videte
1588 2204 1756 2265 illum,
1797 2201 1984 2254 scitule
2012 2200 2072 2251 il-

474 2317 607 2380 lum,
635 2323 691 2368 et
718 2321 1055 2380 quacumque
1110 2304 1201 2358 ille
1241 2299 1528 2363 transierit,
1573 2296 1823 2349 fratribus
1862 2292 2072 2347 caeteris

474 2407 567 2476 qui
613 2400 773 2458 modo
802 2401 887 2453 hic
913 2412 1018 2451 non
1049 2406 1208 2456 sunt,
1237 2389 1505 2445 ostendite
1531 2387 1681 2440 illum
1711 2401 1724 2435 :
1755 2390 1808 2437 et
1858 2384 1955 2436 ista
1984 2382 2069 2434 di-

474 2472 691 2565 ligentia
723 2488 1084 2547 misericordia
1117 2492 1234 2547 est,
1273 2495 1340 2536 nc
1381 2480 1471 2535 ille
1501 2478 1754 2533 seductor
1783 2476 2019 2529 retrahat
2046 2472 2065 2503 ³

474 2603 592 2653 cor,
623 2597 676 2641 et
706 2589 994 2652 Oppugnet.
1024 2574 1293 2633 Custodite
1321 2586 1452 2636 vos;
1485 2584 1592 2624 non
1620 2583 1714 2621 vos
1752 2567 1912 2620 lateat
1936 2579 2069 2618 con-

473 2676 708 2733 versatio
753 2674 889 2742 ejus,
940 2671 1022 2723 via
1067 2667 1217 2735 ejus;
1260 2673 1319 2717 ut
1366 2660 1669 2716 testimonio
1697 2665 1877 2711 vestro
1918 2656 2071 2709 nobis

474 2768 821 2825 confirmetur
847 2775 974 2815 vere
1009 2758 1153 2811 illum
1181 2755 1247 2808 ad
1280 2752 1560 2806 Dominum
1586 2763 1706 2803 esse
1724 2758 2067 2802 conversum.

474 2858 591 2915 Non
620 2855 764 2911 enim
791 2851 967 2906 silebit
1005 2850 1142 2901 fama
1169 2847 1234 2897 de
1259 2844 1365 2896 vita
1392 2844 1509 2911 ejus
1530 2879 1545 2905 ,
1578 2838 1789 2907 quando
1811 2837 1889 2890 sie
1917 2836 2071 2889 Vobis
2096 2824 2121 2861 ί

473 2960 530 3006 et
560 2946 821 3002 videndus
849 2950 903 2998 et
928 2937 1263 2993 miserandus
1291 2933 1531 2988 offertur.
1565 2929 1743 2984 Nostis
1768 2929 1819 2982 in
1850 2927 2071 2982 Actibus

474 3037 853 3111 Apostolorum
880 3045 1002 3087 esse
1030 3032 1285 3107 scriptum
1315 3024 1438 3091 quia
1479 3021 1629 3075 multi
1660 3018 1886 3089 perditi,
1912 3017 1960 3071 id
1986 3025 2093 3079 est,

476 3132 661 3189 talium
702 3128 896 3184 artium
941 3122 1220 3187 homines,
1253 3127 1309 3173 et
1336 3115 1696 3171 doctrinarum
1749 3111 2070 3165 nefariarum

475 3207 801 3284 sectatores,
833 3231 1022 3273 omnes
1056 3213 1271 3268 codices
1306 3224 1432 3263 suos
1460 3207 1526 3261 ad
1570 3205 1853 3273 ApostoIOs
1881 3203 2073 3257 attule-

474 3325 633 3377 runt;
664 3322 718 3368 et
735 3308 935 3366 incensi
966 3316 1092 3361 sunt
1123 3303 1241 3357 libri
1273 3311 1378 3356 tam
1409 3298 1583 3365 multi,
1617 3305 1673 3350 ut
1700 3302 1989 3365 pertineret
2005 3293 2071 3347 ad

475 3406 790 3475 scriptorem
818 3397 1231 3475 testimationem
1269 3406 1457 3447 eorum
1500 3389 1697 3451 facere,
1726 3395 1781 3441 et
1808 3400 2071 3439 summam

476 3499 632 3569 pretii
662 3494 1002 3550 conscribere
1030 3488 1179 3558 (Act.
1204 3502 1319 3550 xui,
1359 3484 1482 3551 10).
1512 3480 1625 3536 Hoc
1646 3480 1829 3548 utique
1856 3485 2074 3569 propter

475 3567 697 3661 ploriant
732 3588 858 3648 Dei,
889 3600 955 3637 ne
984 3582 1119 3635 tales
1143 3579 1305 3633 etiam
1345 3574 1538 3643 perditi
1565 3571 1979 3640 desperareutur
2004 3567 2072 3621 ab

478 3686 570 3739 Illo
605 3683 696 3753 qui
724 3676 907 3733 novit"
938 3687 1179 3745 quaarcre
1208 3668 1349 3740 quod
1374 3667 1606 3736 perierat
1644 3663 1799 3734 (Luc.
1843 3677 1929 3722 xv,
1958 3661 2070 3726 '52).

478 3751 719 3831 Perierat
739 3783 870 3839 ergo
896 3768 1034 3827 iste;
1062 3778 1203 3816 nunc
1224 3756 1499 3828 quazsitus,
1523 3754 1790 3817 iuventus,
1810 3751 2071 3805 adductus

478 3872 563 3920 cst
591 3881 605 3914 :
630 3868 807 3931 portat
834 3870 1017 3911 secum
1042 3852 1256 3907 codices
1278 3844 1664 3909 incende-udos,
1689 3859 1783 3913 per
1804 3857 1938 3910 quos
1959 3841 2071 3893 fne-

480 3964 565 4010 rat
594 3948 961 4007 inceadendus
982 3986 998 4011 ,
1031 3952 1091 3997 ut
1115 3942 1217 3996 illis
1248 3942 1298 3993 in
1330 3941 1501 4007 ignem
1529 3936 1727 3999 missis,
1762 3935 1873 4001 ipse
1905 3931 1954 3985 in
1985 3949 2072 3984 re-

480 4045 754 4114 frigerium
785 4047 1043 4094 transeat.
1090 4034 1281 4087 Sciatis
1313 4044 1435 4085 eum
1464 4037 1663 4089 tamen,
1692 4024 1914 4087 fratres,
1946 4023 2072 4075 olim

480 4137 696 4209 pulsare
712 4131 785 4188 ad
811 4127 1104 4184 Ecclesiam
1130 4133 1254 4177 ante
1285 4120 1487 4177 Pascha
1516 4135 1529 4169 :
1558 4126 1683 4172 ante
1707 4114 1911 4169 Pascha
1931 4114 2073 4167 enim

481 4205 647 4297 erepit
673 4234 855 4295 petere
879 4220 948 4275 de
969 4214 1207 4273 Ecclesia
1233 4212 1432 4267 Christi
1467 4209 1803 4263 medicinam.
1831 4205 1935 4261 Sed
1956 4206 2075 4274 quia

482 4296 606 4375 talis
633 4326 715 4372 est.
756 4329 846 4367 ars
873 4313 926 4365 in
971 4324 1074 4379 qua
1104 4305 1424 4361 exercitatus
1461 4312 1610 4363 erat,
1641 4316 1762 4371 qua:
1789 4308 2033 4367 suspecta
2056 4296 2079 4328 ⁸

482 4418 627 4465 esset
650 4408 717 4461 de
744 4400 1025 4459 mendacio
1050 4407 1210 4467 atque
1234 4392 1461 4457 fallacia,
1494 4393 1688 4445 dilatus
1713 4399 1795 4443 est
1816 4405 1882 4443 ne
1908 4398 2077 4441 tenta-

483 4512 600 4565 ret;
632 4509 685 4554 et
705 4493 990 4566 aliquando
1020 4502 1195 4545 tamen
1222 4487 1489 4541 admissus
1514 4494 1618 4549 est,
1643 4498 1710 4535 ne
1734 4481 2079 4551 periculosius

484 4601 798 4648 tentaretur.
831 4585 993 4641 Orate
1022 4595 1117 4651 pro
1146 4581 1237 4633 illo
1256 4577 1384 4649 per‘
1413 4576 1707 4631 Christum.
1738 4574 1964 4627 Prorsus
1985 4572 2083 4625 ho-

483 4684 725 4737 diernam
760 4692 972 4748 precem
1008 4686 1103 4743 pro
1133 4672 1224 4725 illo
1250 4669 1453 4724 fundite
1481 4668 1705 4721 Domino
1734 4666 1843 4720 Deo
1872 4678 2080 4719 nostro.

484 4776 696 4831 Scimus
731 4770 873 4825 enim
917 4776 973 4821 et
998 4764 1130 4819 certi
1172 4778 1356 4817 sumus
1386 4762 1506 4831 quia
1537 4757 1709 4812 oratio
1736 4767 1913 4809 vestra
1942 4756 2084 4811 delet

490 4880 678 4920 omnes
707 4864 1005 4931 impietates
1034 4861 1169 4928 ejus.
1196 4856 1455 4911 Dominus
1482 4852 1779 4906 vobiscum.

502 4979 638 4989 vus—n.-

914 5025 995 5087 ΙΝ
1040 5020 1422 5084 PSALMUM
1465 5018 1639 5079 LXII

1088 5120 1511 5179 ENAliRA'l'IO.

1037 5228 1207 5269 ςεῐωο
1235 5228 1302 5267 ΑΙ)
1332 5226 1535 5265 ριειιεὶι
1545 5251 1558 5265 .

568 5320 617 5369 l.
654 5316 877 5383 Propter
904 5323 999 5364 eos
1027 5308 1119 5376 qui
1161 5304 1297 5358 forte
1327 5303 1487 5357 rudes
1525 5310 1650 5355 sunt
1679 5299 1855 5354 adhuc
1894 5298 1960 5352 ad
1993 5311 2089 5352 no-

555 5430 571 5460 ι
604 5425 834 5487 vicitque
854 5416 1192 5487 uss.._qua-,
1335 5476 1396 5487 ..
1461 5473 1471 5482 .

556 5491 576 5521 '
610 5491 683 5535 sic
706 5478 812 5534 Mss.
833 5491 888 5534 At
909 5481 1041 5538 Edd.,
1064 5478 1310 5527 hominum
1328 5478 1593 5534 interitum,
1618 5484 1687 5532 se,
1709 5478 1809 5522 etc.

562 5551 578 5582 ι
617 5560 634 5593 't
653 5559 735 5595 res
759 5553 883 5608 tua».
910 5543 1079 5591 redeat
1104 5542 1166 5588 ad
1187 5552 1288 5608 cor.

561 5616 577 5640 ι
617 5620 744 5657 unus
763 5614 816 5654 ot
833 5606 958 5654 alter
984 5612 1084 5655 Ms..
1102 5606 1243 5650 venit.

560 5673 583 5704 ⁸
617 5669 804 5731 Aliquot
825 5676 949 5725 atas,
975 5671 1215 5724 suscepta.
1264 5730 1267 5731 ν
1346 5729 1355 5731 ᾼ
1526 5716 1538 5728 ,

560 5732 582 5761 ⁸
614 5714 991 5781 sibilet
1013 5732 1066 5774 Αι
1084 5714 1213 5775 ῶνα
1240 5729 1385 5773 Orate
1408 5731 1498 5789 pro
1519 5716 1603 5771 illo
1623 5714 1887 5770 Christum.

1726 282 1781 335 S.
1827 274 2187 336 .\UGUSTL\'l
2227 276 2525 332 El'lSCOl‘l

3655 275 3757 334 τις

2192 404 2310 443 men
2352 390 2583 452 Christi,
2613 404 2732 459 quia
2770 389 3003 459 nndiqtte
3029 391 3231 462 colligit
3262 392 3353 461 qui
3395 406 3500 462 pro
3523 394 3769 449 omnibus

2183 480 2331 534 dedit
2356 483 2666 551 sanguinem
2700 499 2877 550 suum,
2915 484 3200 539 dicendum
3230 494 3316 539 est.
3340 484 3524 554 paucis
3550 486 3690 555 quod
3718 498 3768 539 et

2185 571 2258 623 illi
2302 570 2531 625 libenter
2582 573 2800 625 audiant
2852 572 2945 641 qui
3000 584 3280 634 noverunt.
3338 583 3391 629 et
3430 574 3638 629 discant
3681 579 3768 646 qui

2184 676 2288 714 non
2344 671 2626 715 noverunt.
2686 663 2880 717 Psalmi
2936 665 3019 716 isti
3074 679 3207 732 quos
3254 674 3567 729 cantamus,
3624 677 3769 719 ante.

2179 766 2338 820 quam
2394 752 2650 805 Dominus
2701 763 2881 807 noster
2927 754 3082 809 Jesus
3127 753 3371 810 Christus
3422 766 3577 809 natus
3627 768 3770 812 es~et

2182 857 2247 894 ex
2310 842 2511 911 virgine
2567 844 2727 896 Maria
2769 885 2781 905 ,
2834 845 3031 911 Spiritu
3096 845 3187 898 Dei
3252 845 3485 899 dictante
3540 845 3665 901 dicti
3717 858 3770 902 et

2180 936 2467 1003 conscripti
2522 938 2667 991 sunt.
2720 935 2837 988 Fuit
2887 938 3028 990 enim
3090 937 3253 992 David
3316 954 3418 992 rex'
3456 938 3508 992 in
3560 938 3769 992 Judae-

2180 1040 2298 1079 rum
2330 1036 2516 1097 gente;
2566 1044 2683 1097 qua:
2724 1044 2856 1098 gens
2888 1045 2988 1081 una
3038 1030 3247 1083 uolebat
3276 1029 3441 1084 Deum
3471 1046 3657 1092 unum,
3680 1034 3767 1099 qui

2182 1118 2308 1171 fecit
2345 1120 2539 1173 coelum
2571 1126 2625 1172 et
2657 1127 2888 1185 terram,
2920 1134 3065 1172 mare
3104 1128 3157 1171 et
3182 1120 3358 1172 omnia
3388 1134 3508 1190 qua:
3548 1120 3598 1173 iu
3641 1121 3694 1189 ip
3726 1122 3769 1176 is

2181 1218 2323 1273 sunt,
2355 1210 2466 1263 sive
2488 1225 2605 1278 qua:
2638 1210 2906 1275 videntur,
2932 1211 3045 1265 sive
3073 1224 3191 1278 qum
3224 1224 3327 1263 non
3360 1211 3627 1266 videntur.
3654 1210 3771 1266 Cze-

2182 1308 2310 1353 tera:
2335 1313 2512 1355 autem
2544 1312 2764 1371 gentes,
2800 1311 2889 1354 aut
2931 1301 3064 1355 idola
3101 1302 3343 1357 colebant
3370 1318 3489 1371 qua
3525 1304 3768 1358 manibus

2181 1391 2292 1443 Suis
2315 1389 2584 1456 fecerant,
2622 1400 2714 1445 aut
2742 1402 3041 1446 creaturam
3072 1392 3186 1457 Dei,
3220 1408 3325 1445 non
3356 1393 3524 1461 ipsum
3550 1394 3769 1449 Creato-

2179 1496 2315 1544 rem,
2350 1480 2400 1535 id
2429 1491 2543 1546 est,
2589 1490 2679 1535 aut
2715 1484 2885 1537 solem
2909 1526 2922 1543 ,
2952 1491 3044 1535 aut
3073 1483 3251 1536 lunam
3275 1523 3289 1545 ,
3315 1493 3407 1536 aut
3432 1482 3615 1539 stellas
3634 1526 3651 1548 ,
3678 1493 3767 1539 aut

2179 1586 2346 1636 mare,
2376 1580 2468 1626 aut
2489 1584 2716 1636 montes,
2739 1581 2829 1626 aut
2852 1573 3093 1626 arbores.
3119 1573 3243 1627 [Lee
3263 1574 3405 1627 enim
3426 1573 3602 1627 omnia
3629 1574 3768 1630 Deus

2180 1660 2333 1726 fecit;
2364 1672 2418 1716 et
2455 1663 2657 1717 laudari
2686 1680 2745 1717 se
2775 1664 2886 1717 vult
2916 1663 2967 1715 in
2999 1663 3130 1727 illis,
3170 1678 3275 1716 non
3311 1662 3400 1717 illa
3427 1664 3530 1718 coli
3561 1678 3659 1732 pro
3683 1678 3763 1720 se.

2177 1752 2322 1821 Ergo
2362 1754 2412 1807 in
2442 1754 2552 1823 ipsa
2581 1764 2739 1822 gente
2763 1753 3071 1807 Judmorum
3104 1754 3271 1807 David
3301 1768 3398 1808 rex
3428 1752 3546 1819 fuit.
3573 1753 3643 1809 de
3670 1769 3765 1809 cun

2171 1841 2260 1909 jus
2296 1843 2501 1897 semine
2540 1853 2694 1896 natus
2722 1850 2806 1897 est
2848 1843 3101 1895 Dominus
3132 1851 3315 1895 noster
3339 1841 3495 1896 Jesus
3520 1842 3767 1897 Christus

2177 1931 2355 2002 (Rom.
2402 1948 2439 1998 t,
2470 1932 2525 2003 5)
2556 1948 2623 1985 ex
2670 1931 2831 1986 Maria
2861 1932 3094 2001 virgine;
3137 1929 3260 2000 quia
3299 1931 3369 1985 de
3409 1932 3499 1985 illo
3539 1933 3765 1988 ducebat

2175 2041 2344 2097 genus
2373 2027 2522 2096 virgo
2542 2026 2704 2079 Maria
2726 2040 2844 2094 qua:
2873 2026 3078 2093 peperit
3100 2022 3373 2078 Christum
3402 2022 3555 2095 (Luc.
3582 2039 3641 2085 tt.
3670 2024 3762 2093 7):

2175 2128 2230 2170 et
2259 2117 2387 2170 dicti
2413 2126 2535 2171 sunt
2565 2116 2649 2170 isti
2672 2116 2889 2181 Psalmi,
2913 2124 2966 2168 et
2985 2114 3402 2183 prophetabatur
3426 2118 3480 2168 in
3506 2116 3587 2169 eis
3606 2114 3762 2169 Chri-

2174 2219 2289 2263 stus
2319 2216 2574 2262 venturus
2595 2215 2716 2275 post
2738 2208 2935 2260 multos
2964 2219 3135 2260 annos
3156 2220 3175 2261 :
3200 2214 3255 2260 et
3274 2206 3549 2261 dicebatur
3567 2206 3639 2261 ab
3664 2207 3765 2263 illis

2176 2297 2478 2366 Prophetis,
2507 2297 2594 2367 qui
2624 2296 2836 2351 fuerunt
2865 2305 3150 2365 antequam
3179 2294 3438 2351 Dominus
3463 2305 3650 2353 uoster
3673 2296 3764 2352 Je-

2175 2406 2266 2443 sus
2304 2390 2551 2444 Christus
2594 2390 2661 2444 de
2707 2389 2870 2444 Maria
2909 2389 3115 2457 virgine
3145 2396 3477 2451 nasceretur,
3506 2390 3768 2460 quidquid

2176 2482 2410 2537 futurum
2451 2490 2567 2537 erat
2602 2482 2933 2552 temporibus
2976 2482 3213 2551 nostris;
3252 2479 3395 2551 quod
3442 2480 3603 2535 modo
3630 2481 3768 2551 legi-

2175 2590 2315 2635 mus,
2340 2584 2392 2627 et
2420 2574 2660 2629 videmus
2693 2590 2706 2626 :
2739 2581 2801 2641 et
2818 2572 3040 2626 multum
3065 2571 3359 2640 gaudemus
3381 2571 3502 2641 quia
3525 2586 3652 2639 spes
3671 2587 3769 2626 tio-

2175 2676 2282 2720 stra
2336 2666 2586 2735 pnedieta
2626 2674 2709 2719 est
2746 2678 2776 2717 a
2820 2663 3053 2725 sanctis,
3082 2661 3172 2732 qui
3206 2661 3331 2717 illud
3374 2678 3480 2716 non
3512 2662 3769 2718 videbant

2176 2756 2485 2826 impletum,
2528 2755 2622 2809 sed
2658 2756 2710 2807 in
2742 2752 2930 2822 spiritu
2971 2753 3205 2806 futurum
3249 2752 3501 2807 videbant
3534 2767 3550 2805 :
3584 2762 3642 2809 et
3670 2765 3767 2809 nos

2174 2850 2336 2904 ntodo
2364 2849 2590 2917 legimus
2624 2859 2676 2901 et
2706 2847 2952 2901 audimus
2992 2862 3021 2898 a
3062 2844 3386 2909 lectoribus;
3436 2844 3769 2915 disputamus

2176 2941 2298 3001 illa;
2327 2951 2379 2994 et
2413 2940 2683 3010 quomodo
2718 2950 2842 2995 sunt
2881 2941 2932 2992 iu
2964 2937 3254 3006 Scripturis
3276 2979 3288 2998 ,
3331 2938 3409 2992 sic
3434 2953 3494 2991 ea
3522 2936 3766 2994 videmus

2176 3033 2384 3104 impleri
2428 3046 2525 3101 per
2562 3042 2729 3087 totum
2769 3032 2954 3086 orbem
2999 3041 3283 3086 terrarum.
3315 3029 3445 3097 Quis
3488 3030 3613 3085 inde
3659 3045 3763 3085 non

2174 3122 2439 3196 gaudeat?
2465 3124 2595 3190 Quis
2620 3138 2725 3187 non
2752 3132 2806 3176 et
2839 3136 2901 3175 ea
2930 3136 3050 3192 qua:
3077 3119 3312 3174 nondum
3339 3129 3605 3174 venerunt
3633 3135 3764 3175 ven-

2140 3222 2143 3225 ’
2178 3227 2291 3272 tura
2320 3226 2517 3286 speret,
2548 3224 2768 3285 propter
2796 3214 2883 3269 illa
2911 3230 3029 3284 qum
3052 3213 3163 3283 jam
3193 3220 3335 3267 tanta
3365 3211 3577 3282 impleta
3606 3211 3767 3267 sunt?

2176 3308 2330 3363 Modo
2376 3309 2539 3369 enim,
2571 3307 2779 3370 fratres,
2808 3306 3001 3360 videtis
3036 3305 3156 3373 quia
3201 3314 3341 3358 tctus
3378 3303 3626 3364 mundus,
3659 3311 3765 3358 tota

2178 3412 2339 3463 terra,
2365 3416 2553 3454 otnnes
2580 3410 2784 3468 gentes,
2812 3413 3003 3453 omnes
3042 3395 3287 3466 regiones
3315 3406 3534 3450 currunt
3560 3394 3627 3449 ad
3666 3410 3765 3449 noo

2177 3510 2298 3547 men
2340 3494 2571 3559 Christi,
2617 3502 2671 3546 et
2715 3491 2941 3545 credunt
2987 3492 3039 3543 in
3078 3490 3369 3543 Christum.
3395 3488 3553 3543 Certe
3577 3486 3769 3542 videtis

2181 3585 2310 3648 huc,
2350 3584 2618 3653 quomodo
2664 3583 2861 3650 ubique
2902 3589 3208 3634 evcrlatttur
3239 3578 3498 3633 vanitates
3526 3577 3767 3647 Pagano-

2178 3692 2294 3729 ruut
2316 3692 2329 3740 ;
2354 3674 2542 3743 videtis
2568 3676 2689 3735 hoc,
2718 3671 3055 3725 manifestum
3091 3678 3175 3724 est
3208 3669 3377 3723 vobis.
3402 3666 3673 3740 Numquid
3712 3675 3770 3722 et

2179 3767 2282 3822 hoc
2323 3768 2390 3821 de
2440 3768 2576 3820 libro
2618 3766 2770 3819 vobis
2815 3765 3057 3833 legimus,
3090 3772 3145 3817 et
3174 3776 3277 3815 non
3315 3770 3439 3816 ante
3466 3760 3651 3815 oculos
3677 3774 3771 3815 ve-

2178 3869 2319 3923 stros
2360 3857 2456 3911 fit?
2486 3858 2597 3910 lloc
2642 3871 2771 3925 ergo
2815 3865 2983 3908 totum
3026 3854 3169 3922 quod
3199 3853 3388 3908 videtis
3425 3862 3550 3907 ante
3584 3852 3771 3906 oculos

2180 3957 2387 4003 vestros
2435 3948 2572 4011 fieri,
2613 3947 2868 4014 scriptum
2918 3956 2999 3997 est
3042 3954 3166 3997 ante
3205 3945 3461 3998 inuuensa
3503 3943 3769 3996 volumina

2178 4052 2442 4090 annorum
2477 4051 2570 4104 per
2608 4036 2737 4088 istos
2765 4048 2897 4102 quos
2929 4034 3089 4088 modo
3135 4033 3378 4102 legimus.
3414 4031 3629 4100 quando
3661 4032 3770 4099 jall

2182 4130 2281 4181 ista
2325 4127 2529 4194 impleri
2561 4126 2825 4180 videmus.
2854 4125 2959 4181 Sed
3008 4126 3257 4194 quoniam
3308 4126 3501 4192 scripta
3550 4135 3678 4177 sunt
3718 4134 3774 4178 et

2184 4220 2271 4274 illa
2300 4236 2417 4289 qum:
2446 4218 2681 4272 nondum
2711 4226 2993 4273 venerunt.
3028 4217 3078 4268 id
3110 4226 3212 4279 est,
3240 4218 3362 4285 quia
3395 4215 3651 4270 Dominus
3680 4230 3777 4269 no-

2183 4322 2295 4364 ster
2322 4311 2476 4364 .lcsns
2504 4309 2747 4363 Christus
2768 4318 3026 4364 venturus
3054 4319 3137 4363 est
3164 4319 3217 4361 ttt
3240 4309 3460 4375 jndicet.
3487 4308 3577 4378 qui
3602 4309 3779 4379 primo

2186 4401 2327 4453 venit
2347 4409 2404 4453 ut
2426 4400 2791 4468 judicaretur;
2821 4400 2967 4453 venit
2994 4398 3136 4452 enim
3168 4400 3339 4467 primo
3370 4399 3604 4464 humilis,
3626 4409 3777 4469 post-

2184 4509 2246 4547 ea
2272 4501 2523 4546 venturus
2548 4502 2629 4545 est
2655 4493 2933 4553 excelsus;
2962 4492 3105 4545 venit
3140 4503 3196 4544 ut
3249 4490 3554 4547 ostenderet
3598 4506 3772 4547 exet!)

2189 4587 2331 4655 plotn
2373 4584 2664 4653 patientia),
2694 4592 2875 4653 postea
2908 4594 3163 4637 venturus
3205 4591 3289 4638 est
3331 4593 3388 4636 ιιι
3432 4596 3529 4652 pro
3577 4584 3780 4639 meritis

2182 4677 2385 4747 judicet
2428 4690 2636 4741 omnes,
2685 4675 2802 4729 sive
2849 4674 3041 4740 bonos,
3090 4674 3203 4728 sive
3250 4672 3611 4740 maloszquia
3653 4686 3783 4743 ergo

2188 4768 2423 4823 nondum
2440 4767 2585 4820 venit
2604 4767 2706 4821 hoc
2720 4766 2863 4836 quod
2886 4780 3184 4835 speramus,
3207 4777 3486 4820 venturum
3507 4766 3782 4822 Christum

2185 4860 2419 4930 judieem
2453 4861 2693 4912 vivorum
2726 4868 2782 4913 et
2824 4867 3179 4921 mortuorum,
3212 4857 3466 4912 debemus
3497 4857 3625 4913 illud
3666 4872 3782 4914 cro-

2189 4956 2335 5005 dere.
2365 4949 2627 5004 Modicum
2655 4949 2797 5017 quod
2828 4956 2995 5005 restat
3019 4956 3301 5021 venturum
3330 4962 3452 5003 esse
3475 4947 3783 5015 credamus,

2190 5039 2403 5111 quando
2444 5040 2553 5109 jam
2602 5039 2841 5092 videmus
2873 5046 3014 5091 tanta
3056 5054 3177 5108 qua:
3224 5048 3348 5092 tunc
3387 5037 3561 5093 futura
3607 5050 3781 5103 erant,

2192 5131 2351 5189 modo
2374 5131 2647 5199 compleri.
2665 5128 2871 5183 Stultus
2898 5140 2977 5184 est
3006 5129 3146 5183 enim
3175 5130 3261 5198 qui
3294 5144 3398 5184 non
3425 5129 3538 5183 vult
3562 5128 3787 5185 credere

2196 5237 2359 5291 pauca
2391 5236 2509 5289 qum
2552 5230 2775 5283 restant,
2818 5233 2937 5273 cum
2984 5219 3157 5273 videat
3201 5231 3307 5273 tam
3356 5219 3520 5274 multa
3570 5221 3786 5289 impleta

2193 5328 2337 5374 esse,
2403 5328 2521 5380 qum
2553 5323 2677 5365 tunc
2718 5325 2823 5363 non
2872 5320 3027 5364 erant
3071 5311 3285 5380 quando
3336 5310 3784 5381 praedicebantur.

2265 5404 2319 5457 ‘2.
2362 5403 2605 5457 Psalmus
2648 5416 2773 5470 ergo
2819 5402 2917 5454 iste
2962 5400 3156 5455 dicitur
3194 5416 3256 5454 ex
3300 5415 3529 5469 persona
3576 5401 3784 5457 Domini

2198 5497 2365 5552 nostri
2401 5493 2527 5547 .lcsu
2566 5494 2760 5547 Christi
2793 5535 2807 5557 ,
2844 5504 2897 5546 et
2946 5494 3134 5563 capitis
3180 5502 3233 5546 et
3278 5492 3661 5548 membrorum.
3676 5492 3784 5549 ωε

2202 5589 2345 5641 enim
2375 5601 2516 5640 unus
2545 5585 2633 5653 qui
2669 5596 2827 5638 natus
2856 5596 2938 5638 est
2969 5585 3037 5639 de
3070 5584 3231 5638 Maria
3255 5627 3267 5647 ,
3299 5594 3349 5639 et
3383 5598 3569 5654 passus
3592 5597 3705 5650 est,
3735 5596 3788 5639 et

2202 5679 2442 5749 sepultus
2470 5687 2583 5743 est,
2616 5687 2669 5734 et
2697 5678 3007 5742 resurrexit,
3044 5686 3096 5732 et
3122 5676 3359 5733 ascendit
3386 5676 3441 5731 in
3472 5675 3668 5733 cadum
3690 5719 3704 5743 ,
3735 5686 3787 5732 et
