3934 6324
274 304 372 362 749

270 419 427 472 modo
458 418 520 472 ad
550 420 823 491 dexteram
846 424 1028 494 Patris
1043 425 1192 480 sedet
1219 436 1272 481 et
1299 426 1607 497 interpellat
1627 444 1725 500 pro
1758 445 1854 483 no-

267 506 377 566 bis,
407 518 568 576 caput
599 522 836 566 nostrum
866 522 968 567 est.
990 515 1044 568 Si
1074 516 1162 569 ille
1191 528 1348 584 caput
1367 528 1470 578 est,
1496 533 1592 573 nos
1615 520 1851 574 membra

267 610 451 649 sumus
484 615 497 651 :
530 608 638 652 tota
683 601 918 656 Ecclesia
957 605 1077 669 ejus
1109 621 1225 672 qiue
1270 605 1466 675 ubique
1505 606 1699 684 diﬂusa
1737 621 1850 675 est,

263 703 460 756 corpus
493 691 658 759 ipsius
699 705 778 747 est
805 737 819 759 ,
863 697 1016 764 cuius
1041 709 1123 751 est
1167 700 1281 768 ipse
1309 710 1487 769 caput.
1516 701 1630 757 Non
1675 704 1851 759 solum

265 787 441 832 autem
474 781 655 836 ﬁdeles
679 786 767 852 qui
802 786 960 840 modo
996 798 1118 840 sunt
1161 789 1254 844 sed
1285 801 1335 844 et
1367 793 1454 860 qui
1483 791 1698 848 fuerunt
1726 805 1853 852 ante

262 882 360 920 nos
380 909 397 933 ,
431 881 483 924 et
513 874 598 941 qui
634 885 750 940 post
783 891 878 927 nos
908 876 1087 940 futuri,
1117 888 1241 933 sunt
1271 895 1437 950 usque
1467 883 1519 935 in
1552 884 1711 938 linem
1744 900 1850 938 SIB-

261 960 387 1023 culi,
420 976 605 1016 omnes
631 965 699 1019 ad
725 982 924 1035 corpus
950 968 1065 1036 eius
1098 972 1395 1038 pertinent;
1429 973 1582 1043 cujus
1607 978 1850 1044 corporis

260 1051 377 1122 ipse
405 1065 564 1123 caput
591 1066 695 1122 est,
723 1060 811 1127 qui
843 1061 1083 1114 ascendit
1116 1063 1168 1114 in
1195 1064 1388 1118 cmlum
1419 1063 1637 1132 (Coloss.
1663 1083 1702 1132 t,
1733 1068 1845 1139 I8).

259 1141 396 1208 Quia
430 1159 560 1212 ergo
584 1146 693 1213 jam
739 1151 983 1202 novimus
1009 1163 1165 1217 caput
1189 1161 1245 1205 et
1270 1168 1498 1221 corpus,
1531 1156 1619 1208 ille
1647 1167 1731 1210 est
1758 1173 1849 1212 ca-

261 1241 398 1298 put,
433 1250 530 1288 nos
551 1251 769 1304 corpus.
796 1238 1020 1305 Quando
1049 1243 1296 1295 audimus
1325 1260 1509 1298 vocem
1556 1247 1722 1314 ipsius
1749 1290 1761 1310 ,
1793 1259 1850 1305 et

257 1334 328 1374 ex
359 1324 533 1391 capite
559 1324 816 1380 debemus
841 1329 1051 1398 audire,
1071 1341 1128 1384 et
1153 1347 1220 1385 ex
1252 1347 1507 1401 corpore;
1540 1338 1661 1406 quia
1688 1338 1846 1407 quid-

257 1413 386 1479 quid
416 1428 607 1481 passus
635 1425 748 1479 est,
783 1418 832 1469 in
865 1419 956 1472 illo
987 1431 1042 1473 et
1080 1437 1179 1475 nos
1205 1425 1344 1490 passi
1387 1441 1610 1490 sumus;
1641 1429 1762 1496 quia
1792 1439 1848 1482 et

252 1519 359 1558 nos
388 1505 530 1572 quod
563 1507 820 1574 patimur,
851 1510 902 1563 in
934 1511 1088 1565 nobis
1116 1521 1170 1564 et
1197 1513 1308 1581 ipse
1329 1517 1547 1584 patitur.
1566 1517 1845 1584 Quomodo

253 1593 299 1647 si
337 1593 537 1662 aliquid
563 1597 794 1663 patiatur
815 1609 1001 1667 caput,
1034 1603 1289 1669 numquid
1321 1615 1494 1671 potest
1519 1606 1699 1663 dicere
1728 1626 1844 1664 ma-

255 1696 359 1736 nus
383 1684 504 1751 quia
532 1700 638 1737 non
681 1687 913 1753 patitur?
940 1697 1032 1742 aut
1071 1690 1116 1744 si
1161 1692 1360 1762 aliquid
1391 1696 1591 1764 patitur
1620 1713 1838 1763 manus,

255 1775 518 1843 numquid
553 1786 730 1846 potest
751 1789 913 1848 caput
940 1779 1121 1836 dicere
1146 1787 1268 1852 quia
1295 1801 1402 1839 non
1427 1788 1660 1855 patitur?
1684 1800 1774 1844 aut
1794 1791 1840 1847 si

254 1863 456 1933 aliquid
481 1868 680 1934 patitur
706 1884 822 1937 pes,
848 1874 1100 1942 numquid
1132 1885 1306 1943 potest
1332 1886 1492 1948 caput
1515 1879 1696 1936 dicere
1719 1885 1839 1952 quia

253 1971 365 2009 non
396 1957 866 2024 patitur?Quando
893 1963 1094 2032 aliquid
1117 1967 1318 2035 patitur
1348 1985 1509 2024 unum
1543 1974 1840 2030 membrum

253 2059 519 2112 nosti-mn,
542 2050 717 2102 omnia
742 2053 977 2106 membra
1005 2066 1243 2121 currunt,
1259 2068 1316 2110 ut
1336 2058 1655 2116 subveniant
1675 2081 1842 2118 mem-

248 2135 504 2205 broqnud
526 2141 741 2206 pati—tur.
765 2143 817 2196 Si
833 2158 963 2212 ergo
981 2145 1199 2200 illecum
1217 2164 1404 2212 passus
1427 2162 1529 2218 est,
1545 2170 1644 2209 nos
1671 2157 1723 2213 in
1749 2159 1840 2214 illo

247 2229 394 2293 passi
415 2244 626 2292 sumus,
647 2241 701 2284 et
725 2232 815 2286 ille
830 2233 936 2301 jam
961 2237 1200 2290 ascendit
1230 2238 1281 2293 in
1302 2241 1516 2306 cmlum,
1533 2253 1584 2298 et
1605 2247 1838 2303 scdctad

251 2315 530 2371 destcmm
562 2318 768 2383 Patris;
813 2323 1064 2391 quidquid
1097 2328 1290 2393 patitur
1324 2329 1561 2384 Ecclesia
1593 2333 1837 2402 ipsius'in

246 2405 688 2472 tribulationibus
704 2409 860 2478 hujus
876 2415 1078 2473 smculi.
1099 2416 1150 2468 in
1169 2420 1569 2485 teutationihus,
1593 2424 1644 2477 in
1660 2441 1842 2482 nece-sn

245 2495 516 2560 sitatibus,
547 2502 602 2552 in
620 2503 875 2570 angustiis
898 2502 1045 2573 (quia
1061 2505 1138 2560 sic
1157 2508 1298 2561 illam
1319 2523 1528 2578 oportet
1543 2517 1761 2581 erudiri,
1780 2531 1838 2574 ut

243 2588 369 2656 igne
393 2599 642 2659 tanquam
673 2608 859 2646 aurum
891 2603 1170 2667 purgetur)
1195 2641 1209 2658 ,
1239 2600 1352 2668 ipse
1380 2604 1597 2672 patitur.
1627 2608 1834 2663 Proba-

241 2693 368 2732 snus
399 2679 520 2744 hoc,
551 2681 672 2748 quia
699 2698 801 2735 nos
831 2685 882 2737 in
912 2686 1002 2739 illo
1031 2690 1170 2754 passi
1203 2705 1421 2758 sumus,
1450 2695 1661 2751 dicente
1687 2702 1835 2768 Apo-

243 2770 420 2824 stolo:
451 2770 514 2825 Si
544 2781 708 2824 autem
739 2777 924 2827 mortui
947 2779 1065 2830 estis
1089 2795 1203 2832 cum
1239 2780 1475 2847 Clu-isto;
1507 2789 1635 2856 quid
1665 2792 1834 2846 adhuc
1894 2827 1902 2837 -

242 2858 377 2911 velut
403 2861 616 2915 virentes
636 2863 699 2916 de
721 2864 814 2916 hoc
832 2867 1018 2918 mundo
1044 2869 1310 2925 decernitis
1344 2873 1452 2945 (Id.
1479 2893 1535 2942 It,
1565 2879 1830 2952 ‘20)?ltem

245 2950 376 3004 dicit
409 2969 426 3004 :
455 2950 587 3016 Quia
612 2963 751 3009 vetus
775 2955 924 3009 homo
951 2969 1118 3013 noster
1137 2964 1288 3016 simul
1313 2968 1592 3036 cruciﬁxus
1619 2981 1693 3025 est
1719 2992 1832 3028 cum

239 3042 354 3108 illo,
381 3052 437 3094 ut
456 3057 783 3100 euacuaretur
807 3065 989 3119 corpus
1015 3056 1208 3119 peccati
1226 3058 1403 3126 (Rom.
1426 3077 1500 3127 vs,
1523 3064 1602 3133 6).
1625 3067 1680 3120 Si
1704 3083 1834 3138 ergo

240 3133 294 3184 in
342 3134 439 3188 illo
485 3137 680 3192 mortui
727 3151 946 3208 smnus,
983 3144 1033 3197 in
1083 3145 1175 3199 illo
1218 3149 1377 3203 etiam
1420 3159 1828 3214 resurrexitnns.
1911 3185 1920 3192 ~

247 3225 388 3278 Dixit
417 3228 558 3280 enim
588 3229 699 3297 ipse
728 3231 1014 3299 Apostolus
1041 3253 1054 3288 :
1083 3235 1145 3291 Si
1161 3249 1328 3292 autem
1357 3248 1696 3302 retiari-existis
1715 3267 1830 3305 cum

238 3316 465 3383 Christo,
485 3327 599 3385 qua:
624 3337 824 3376 sursum
843 3334 958 3377 sunt
975 3328 1156 3393 sapite,
1181 3346 1295 3398 quae
1319 3349 1519 3388 sursum
1543 3350 1660 3390 sunt
1688 3359 1829 3409 qua:-

239 3408 360 3471 rite,
390 3409 479 3461 ubi
507 3409 738 3465 Christus
756 3423 831 3466 est
859 3416 910 3467 in
938 3416 1144 3470 dextera
1171 3417 1265 3473 Dei
1294 3425 1471 3476 sedens
1497 3408 1718 3497 (Colossi.
1750 3448 1825 3495 Ill,

238 3496 315 3563 I).
348 3498 402 3550 Si
437 3514 564 3566 ergo
592 3501 644 3552 in
669 3501 759 3555 illo
785 3506 976 3558 mortui
1007 3522 1216 3574 sumus,
1245 3519 1297 3562 et
1329 3512 1378 3565 in
1410 3514 1502 3567 illo
1528 3523 1828 3574 resurrexi-

239 3601 388 3649 mus;
422 3598 478 3641 et
504 3590 617 3656 ipse
646 3589 696 3643 in
733 3592 889 3646 nobis
919 3598 1140 3649 moritur
1162 3639 1175 3661 ,
1208 3609 1261 3652 et
1298 3601 1348 3653 in
1398 3604 1552 3658 nobis
1601 3613 1827 3680 resurgit

238 3675 382 3741 (ipse
403 3678 418 3707 ¹
441 3686 525 3731 est
545 3680 686 3732 enim
712 3683 884 3736 unitas
904 3686 1093 3753 capitis
1116 3697 1169 3742 et
1189 3693 1450 3762 corporis)
1471 3709 1485 3756 ;
1509 3711 1612 3750 non
1641 3698 1831 3754 imme-

236 3768 338 3820 ritu
373 3784 472 3821 vox
507 3770 674 3838 ipsius
701 3775 860 3828 etiam
893 3785 1073 3832 nostra
1100 3791 1216 3845 est,
1239 3791 1295 3836 et
1320 3799 1420 3838 vox
1452 3798 1630 3842 nostra
1662 3793 1823 3848 etiam

229 3852 401 3926 ipsius
423 3867 530 3915 est.
561 3862 852 3919 Audiamus
890 3881 1019 3936 ergo
1063 3868 1367 3939 Psalmum,
1399 3885 1454 3928 et
1483 3876 1534 3930 in
1566 3893 1635 3933 eo
1665 3878 1823 3937 Chri-

232 3957 371 4000 stum
401 3949 710 4018 loquentem
739 3954 1120 4024 intelligamus.

299 4038 352 4092 5.
383 4037 536 4110 [vers.
560 4039 633 4111 L]
663 4038 892 4098 Titulum
917 4045 1076 4102 habet
1104 4050 1204 4106 iste
1227 4054 1479 4121 psalmus,
1506 4058 1529 4109 Ι
1539 4060 1618 4127 psi
1635 4060 1818 4130 David,

223 4142 341 4179 cum
369 4139 500 4182 esset
526 4132 578 4183 in
607 4132 801 4188 deserto
827 4135 1090 4192 lduomea’.
1120 4143 1222 4211 Per
1247 4143 1490 4201 Idumam:
1518 4167 1708 4206 nomen
1743 4155 1823 4207 in-

231 4220 488 4289 telligitur
512 4224 762 4278 saeculum
785 4227 947 4283 istud.
966 4229 1194 4286 lduma-a
1221 4239 1363 4290 enim
1387 4254 1518 4308 gens
1538 4254 1654 4296 erat
1675 4261 1817 4313 qure-

220 4309 345 4361 dam
383 4312 678 4366 errantium
705 4314 1009 4385 hominum,
1041 4323 1127 4376 ubi
1156 4325 1295 4380 idola
1330 4330 1665 4385 colebantur.
1695 4309 1816 4391 Non

223 4397 277 4452 in
305 4399 448 4455 bono
471 4403 686 4468 ponitur
706 4405 940 4464 Idumzea
973 4412 1091 4466 ista.
1116 4413 1169 4468 Si
1195 4431 1299 4470 non
1329 4418 1378 4471 in
1413 4421 1550 4475 bono
1582 4427 1814 4491 ponitur,

225 4487 628 4560 intelligendum
658 4506 737 4549 est
765 4498 918 4554 istam
942 4502 1124 4567 vitam,
1157 4507 1242 4560 ubi
1275 4511 1506 4577 patimur
1535 4487 1710 4570 tantos
1741 4519 1816 4572 la-

225 4580 378 4636 bores
407 4593 467 4637 et
490 4584 574 4638 ubi
604 4590 766 4643 tantis
794 4593 1198 4652 necessitatibus
1224 4601 1420 4655 subditi
1446 4618 1660 4670 sumus,
1691 4608 1815 4662 ιιι..-

218 4688 369 4726 masc
396 4677 614 4731 nomine
643 4680 948 4748 signiﬁcari.
972 4685 1139 4741 Ethic
1169 4698 1251 4742 est
1269 4691 1541 4747 desertum
1572 4698 1656 4750 ubi
1678 4702 1814 4753 Inul-

220 4771 329 4816 tnm
361 4765 575 4828 sititur,
597 4777 652 4821 et
677 4771 908 4828 audituri
935 4778 1064 4830 estis
1094 4794 1280 4835 vocem
1307 4784 1470 4838 modo
1499 4787 1728 4844 sitientis
1759 4793 1809 4846 in

218 4850 452 4907 deserto.
467 4856 521 4910 Si
536 4870 710 4913 autem
736 4877 1118 4931 cognoscamus
1131 4886 1229 4926 nos
1247 4873 1812 4949 sitientes,eognosce-

215 4957 331 4995 mus
362 4960 461 4997 nos
490 4957 543 4999 et
563 4947 827 5007 bibentes.
853 4954 982 5021 Quia
1009 4961 1097 5026 qui
1123 4963 1234 5015 sitit
1270 4963 1322 5017 in
1365 4965 1466 5020 isto
1505 4947 1731 5037 smeulo,
1756 4973 1808 5028 in
1851 5015 1870 5032 .

215 5030 393 5086 futuro
409 5039 610 5091 sarculo
625 5043 923 5110 satiabitur,
938 5048 1148 5105 dicente
1165 5053 1417 5110 Domino:
1437 5057 1582 5112 Beati
1597 5065 1680 5130 qui
1695 5081 1810 5118 csu—

213 5122 344 5175 riant
372 5135 419 5177 et
448 5127 627 5180 sitiunt
645 5134 920 5200 justitiam,
947 5140 1064 5207 quia
1089 5141 1187 5210 ipsi
1213 5146 1576 5202 saturabuntur
1591 5122 1803 5221 (Matt/4.

211 5223 262 5271 τ,
294 5211 368 5281 6).
390 5214 536 5282 Ergo
563 5216 613 5269 in
653 5218 755 5273 hoc
781 5226 978 5280 satculo
1020 5243 1124 5283 non
1165 5231 1424 5289 debemus
1443 5211 1805 5305 quasiamare

206 5298 468 5367 saginam.
494 5302 592 5358 llic
613 5307 896 5365 sitiendum
925 5325 1033 5380 est;
1070 5319 1194 5372 alibi
1223 5298 1606 5390 saginabiinur.
1645 5329 1803 5386 Modo

209 5398 380 5442 autem
410 5402 468 5444 ut
487 5410 590 5447 non
614 5395 922 5457 deﬁciamus
945 5404 994 5458 in
1016 5407 1116 5462 isto
1136 5408 1369 5478 deserto,
1397 5418 1631 5486 aspergit
1651 5421 1803 5475 nobis

207 5488 380 5534 rorem
402 5483 586 5537 'verbi
617 5489 696 5539 sui
720 5529 734 5553 ,
766 5503 821 5544 et
849 5508 952 5547 non
978 5511 1074 5551 nos
1095 5497 1310 5557 dimittit
1341 5519 1560 5572 prorsus
1586 5525 1802 5567 aresce-

269 5587 285 5658 ξ
318 5592 502 5658 Catian.
529 5599 632 5653 513.,
655 5595 776 5658 ipsa.

263 5648 285 5680 ⁸
318 5657 436 5701 'n-es
460 5661 589 5717 uss,
612 5648 696 5709 nos
715 5673 844 5711 rare.

1367 318 1762 374 ENARRATIO
1793 319 1855 373 IN
1895 319 2214 380 PSALMUM
2257 328 2413 385 LXII.

3453 355 3554 415 τω

1964 462 2118 513 re,ut
2139 471 2242 507 non
2268 459 2333 510 sit
2354 459 2892 533 denohisrcpctitio',
2913 474 3005 526 sed
3038 485 3089 528 ut
3112 478 3186 530 sic
3205 480 3465 547 sitiamus,
3495 499 3552 543 ut

1962 539 2223 597 bibamus.
2262 548 2329 602 Ut
2347 561 2520 604 autem
2547 555 2806 616 bibamus.
2844 554 3016 631 aliqua
3039 567 3203 634 gratia
3224 573 3337 639 ejus
3364 590 3545 642 asper~

1959 634 2158 705 gimur;
2190 649 2363 695 tamen
2390 645 2616 700 sitimus.
2641 651 2842 720 thuid
2866 656 2990 709 dicit
3011 663 3183 713 anima
3208 677 3382 720 nostra
3417 670 3548 725 Deo?

2030 727 2083 780 4.
2106 726 2254 799 [νει-ε.
2270 731 2350 805 2.]
2375 733 2526 800 Deus,
2552 737 2685 793 Deus
2707 760 2862 808 meus,
2880 752 2945 798 ad
2960 759 3004 800 te
3020 751 3080 801 de
3098 753 3204 805 (ure
3219 758 3382 826 vigilo.
3406 759 3541 826 Quid

1958 829 2041 868 eSt
2075 817 2324 888 vigilare?
2355 824 2547 894 Utique
2587 844 2689 881 non
2719 833 2970 887 (Im'lnlrc.
3001 839 3134 904 Quid
3174 855 3252 896 est
3278 846 3545 903 dormire?

1959 904 2054 958 Est
2096 924 2315 966 sunmus
2360 917 2586 982 anima),
2634 932 2714 973 est
2746 937 2964 978 somnus
2989 934 3249 996 corporis.
3288 935 3542 994 Somnum

1957 1001 2196 1065 corporis
2224 1017 2411 1057 omnes
2438 1006 2695 1082 debemus
2724 1011 2948 1078 habere;
2979 1018 3098 1085 quia
3142 1023 3184 1073 si
3215 1041 3317 1077 non
3347 1026 3542 1082 hahea-

1957 1096 2045 1141 tur
2067 1105 2284 1147 somnus
2312 1103 2573 1167 corporis,
2602 1104 2782 1160 deticit
2807 1110 2985 1174 homo,
3017 1111 3193 1167 dulicit
3225 1117 3395 1184 ipsum
3425 1138 3546 1177 cor-

1954 1192 2071 1244 pus.
2098 1179 2214 1236 Nun
2252 1187 2392 1240 enim
2425 1201 2596 1257 potest
2643 1196 2731 1248 diu
2762 1200 3028 1255 suSIincre
3071 1219 3264 1273 Corpus
3305 1222 3542 1273 nostrum

1954 1265 2136 1338 fragile
2163 1274 2392 1328 animam
2429 1281 2730 1348 vigilantem
2763 1298 2815 1340 ct
2845 1289 3096 1345 intentam
3129 1297 3178 1348 in
3202 1301 3499 1357 actionibus
3526 1329 3538 1358 λ

1951 1361 1993 1416 si
2027 1364 2113 1415 diu
2138 1365 2290 1419 fuerit
2321 1371 2518 1426 intenta
2555 1378 2730 1430 anima
2765 1381 2815 1433 in
2842 1376 3146 1438 actionibus
3167 1428 3180 1448 ,
3213 1406 3404 1460 corpus
3432 1396 3538 1448 fra—

1951 1451 2054 1518 gile
2095 1463 2150 1507 et
2176 1465 2445 1513 terrenum
2479 1479 2583 1517 non
2615 1466 2756 1519 illam
2789 1473 2964 1539 capit,
2999 1490 3105 1527 non
3144 1479 3282 1533 illam
3312 1485 3537 1542 sustinet

1950 1553 2210 1611 perpetuo
2236 1562 2502 1618 agentem;
2527 1565 2579 1609 et
2601 1557 2797 1625 delicit,
2830 1573 2884 1616 et
2913 1569 3232 1624 succumbit.
3255 1573 3379 1628 Ideo
3397 1577 3536 1636 Deus

1950 1633 2172 1692 donavit
2191 1655 2435 1696 somnum
2452 1652 2685 1716 corpori,
2703 1669 2812 1719 quo
2832 1670 3147 1723 reparantur
3166 1666 3402 1722 membra
3424 1686 3536 1726 cor-

1950 1725 2094 1792 poris
2116 1768 2130 1793 ,
2164 1738 2221 1782 ut
2255 1733 2461 1799 possint
2487 1737 2787 1806 vigilantem
2817 1748 3043 1800 animam
3073 1755 3358 1814 sustinere.
3400 1761 3534 1820 Illud

1948 1823 2125 1870 autem
2154 1832 2343 1874 cavere
2384 1823 2680 1894 debemus,
2721 1847 2786 1886 ne
2829 1835 2941 1902 ipsa
2970 1840 3145 1894 anima
3185 1856 3367 1909 nostra
3406 1853 3534 1907 dor-

1949 1906 2108 1972 miat;
2144 1911 2313 1965 malus
2336 1916 2477 1968 enim
2510 1929 2592 1980 est
2618 1937 2838 1978 somnus
2867 1930 3078 1985 animm.
3105 1935 3284 1993 Bonus
3315 1957 3533 2000 sunmus

1946 2001 2221 2065 corporis,
2248 2018 2367 2072 quo
2397 2020 2674 2075 reparatur
2710 2014 2961 2072 valetudo
3000 2027 3264 2094 corporis.
3304 2032 3533 2090 Somnus

1947 2098 2125 2141 autem
2155 2090 2346 2146 anima:
2375 2105 2457 2149 est
2486 2097 2724 2155 oblivisci
2769 2105 2934 2161 Deum
2973 2125 3146 2166 suum.
3173 2119 3532 2192 Qumcumque

1946 2178 2122 2232 anima
2154 2181 2313 2236 oblita
2346 2184 2503 2241 fuerit
2543 2191 2707 2245 Deum
2746 2210 2935 2265 suum,
2981 2178 3213 2264 dormit:
3241 2208 3367 2267 Ideo
3403 2178 3532 2270 dicit

1946 2267 2235 2335 Apostolus
2258 2275 2572 2344 quibusdam
2605 2282 2782 2339 oblitis
2804 2289 2971 2345 Deum
2997 2308 3171 2357 suum,
3196 2309 3252 2354 et
3279 2310 3528 2373 tanquam

1945 2357 1996 2410 in
2040 2375 2231 2423 somno
2267 2369 2548 2436 agentibus
2589 2374 2937 2434 deliramenta
2979 2387 3198 2441 cultura:
3243 2389 3526 2456 idolorum,

1946 2451 2035 2506 Sic
2066 2465 2190 2508 sum
2226 2458 2370 2513 enim
2397 2462 2480 2530 qui
2512 2466 2695 2520 colunt
2725 2468 2865 2524 idola
2887 2514 2900 2531 ,
2924 2478 3192 2542 quomodo
3219 2481 3308 2549 qui
3345 2485 3532 2542 vident

1945 2542 1998 2596 in
2025 2549 2226 2602 somnis
2253 2565 2384 2603 vana
2410 2570 2423 2605 :
2455 2555 2498 2607 si
2526 2565 2701 2612 autem
2725 2561 2936 2630 evigilat
2964 2567 3137 2622 anima
3169 2571 3424 2638 ipsorum,
3452 2579 3532 2631 in»

1941 2635 2135 2704 telligit
2159 2653 2188 2691 a
2226 2655 2330 2708 quo
2361 2641 2495 2696 facta
2527 2657 2609 2700 est
2631 2690 2644 2712 ,
2691 2660 2744 2704 et
2772 2667 2874 2705 non
2903 2656 3031 2709 colit
3070 2635 3210 2726 quod
3241 2662 3352 2732 ipsa
3383 2665 3524 2730 fecit,

1947 2724 2082 2778 Dicit
2108 2743 2238 2797 ergo
2267 2732 2582 2799 quihusdam
2621 2739 2909 2806 Apostolus
2951 2763 2962 2796 :
2996 2724 3164 2819 Surge
3187 2724 3275 2821 qui
3302 2724 3526 2820 dormis,

1940 2824 1985 2866 ct
2010 2832 2224 2887 exsurge
2248 2837 2279 2871 (ι
2306 2826 2552 2891 mortuis;
2578 2839 2622 2880 et
2645 2829 2953 2889 illumiuabit
2977 2847 3024 2890 te
3049 2836 3280 2896 Christus
3307 2844 3526 2916 (Epiros.

1940 2919 1998 3006 νζ
2021 2906 2128 2976 Η).
2147 2908 2411 2980 Numquid
2430 2929 2654 2983 corpore
2667 2920 3016 2980 dormientem
3033 2906 3529 3006 cxcitabatiiposto-

2532 2982 2536 2983 ,
3113 2982 3521 3006 ""“""'l"""w

1941 2982 2056 3053 his?
2090 3001 2196 3056 Sed
2239 3007 2503 3061 excitabat
2530 3013 2759 3068 animum
2802 3017 3188 3088 dormientem,
3217 3031 3428 3096 quando
3455 3033 3521 3092 ad

1939 3088 2042 3144 hbe
2073 3108 2189 3146 eam
2223 3097 2488 3152 excitabat
2531 3112 2587 3154 ut
2628 3104 3014 3165 illuminarctur
3050 3130 3079 3166 a
3118 3117 3352 3178 Christo.
3386 3124 3526 3194 Ergo

1937 3185 2228 3239 secundum
2262 3189 2403 3256 ipsas
2431 3193 2637 3262 vigilias
2666 3197 2793 3251 dicit
2825 3201 2922 3257 iste
2947 3223 2960 3258 :
2997 3205 3150 3273 Deus,
3188 3208 3325 3266 Deus
3352 3231 3518 3280 uicus,

1936 3276 2004 3330 ad
2032 3285 2078 3328 te
2107 3275 2168 3328 de
2187 3277 2308 3332 iluce
2334 3280 2504 3351 vigilo.
2525 3283 2639 3340 Non
2669 3291 2808 3343 enim
2837 3294 3084 3361 vigilares
3112 3297 3161 3351 in
3191 3309 3261 3365 te,
3293 3305 3390 3358 nisi
3417 3309 3522 3360 ori,

1935 3366 2082 3417 retur
2113 3365 2200 3418 lux
2233 3363 2316 3421 tua
2340 3412 2352 3430 ,
2383 3387 2500 3440 qua:
2534 3383 2584 3428 te
2625 3377 2688 3431 de
2718 3395 2908 3434 somno
2946 3389 3220 3444 excitaret.
3258 3393 3522 3452 llluminat

1934 3457 2078 3508 enim
2111 3451 2316 3512 animas
2341 3462 2607 3530 Christus,
2652 3481 2706 3522 ct
2735 3470 2856 3526 facit
2883 3492 2973 3530 eas
2996 3480 3253 3549 vigilare:
3279 3489 3517 3545 siautem

1935 3544 2111 3599 lumen
2142 3561 2293 3601 suum
2326 3552 2589 3618 detrahat,
2619 3559 2982 3622 obdorminnt.
3013 3569 3133 3625 Ideo
3162 3577 3304 3631 enim
3329 3580 3402 3634 illi
3431 3584 3514 3634 di-

1932 3633 2070 3688 citur
2097 3636 2146 3688 in
2177 3639 2281 3692 alio
2313 3643 2514 3708 psalmo
2539 3663 2552 3698 :
2576 3645 2822 3703 [Numina
2843 3658 3011 3710 oculos
3035 3678 3186 3724 nteos,
3213 3683 3275 3718 ne
3296 3685 3515 3740 unquam

1893 3749 1897 3753 -
1931 3725 2242 3783 obdormiam
2268 3733 2316 3783 in
2349 3747 2506 3788 morte
2533 3737 2705 3810 (Psal.
2737 3759 2828 3806 xu,
2858 3747 2935 3813 4).
2965 3751 3066 3803 Aut
3091 3754 3132 3806 si
3154 3756 3220 3809 ab
3253 3758 3341 3813 illo
3363 3725 3514 3818 aver-

1931 3829 2004 3870 sa:
2030 3816 2398 3887 obdormiunt,
2427 3840 2662 3894 praesens
2689 3843 2770 3886 est
2797 3835 2896 3888 illis
2925 3839 3102 3894 lumen
3124 3883 3138 3908 ,
3164 3856 3217 3898 et
3247 3865 3350 3903 non
3386 3869 3511 3922 pos-

1929 3916 2054 3960 sunt
2083 3909 2280 3972 videre,
2311 3915 2431 3981 quia
2463 3916 2752 3976 dormiunt.
2788 3925 3064 3990 Quomodo
3090 3944 3143 3986 et
3169 3909 3397 4007 corpore
3424 3950 3513 4013 qui

1929 3994 2127 4050 dormit
2157 4001 2294 4054 inter
2316 4003 2453 4055 diem
2478 4023 2491 4069 ;
2519 4007 2629 4076 jam
2659 4023 2805 4065 ortus
2835 4027 2917 4068 est
2944 4021 3042 4077 sol.
3067 4022 3176 4090 jam
3202 3994 3318 4083 dies
3351 3994 3509 4103 calet,

1927 4097 1980 4140 et
1998 4088 2098 4143 ille
2127 4100 2372 4158 tanquam
2405 4096 2455 4148 in
2478 4109 2633 4153 nocte
2660 4113 2760 4165 est,
2780 4107 2899 4172 quia
2926 4125 3027 4163 non
3059 4112 3234 4182 Vigilat
3262 4128 3318 4172 ut
3339 4107 3513 4182 videat

1923 4177 2032 4244 jam
2063 4189 2239 4233 ortum
2267 4182 2407 4236 diem
2433 4202 2447 4238 :
2481 4189 2558 4242 sic
2591 4193 2904 4258 quibusdam
2929 4198 3037 4264 jam
3069 4177 3330 4270 prasente
3358 4212 3512 4267 Chri-

1925 4277 2028 4330 sto,
2059 4268 2164 4337 jam
2195 4273 2475 4338 prredicata
2506 4280 2746 4345 veritate,
2784 4284 2918 4339 inest
2942 4291 3112 4345 adhuc
3142 4309 3362 4354 somnus
3389 4306 3509 4355 πηί-

1926 4373 2048 4412 mre.
2075 4359 2183 4413 Illis
2205 4376 2334 4430 ergo
2356 4381 2470 4428 vos,
2490 4369 2533 4420 si
2561 4371 2808 4438 vigiletis,
2832 4375 3018 4432 diectis
3041 4386 3309 4444 quotidie:
3337 4389 3513 4463 Surge

1921 4449 2006 4516 qui
2035 4449 2242 4514 dormis,
2269 4462 2314 4505 et
2342 4471 2555 4527 exsurge
2577 4476 2608 4510 a
2632 4465 2874 4529 mortuis;
2891 4477 2939 4519 et
2965 4468 3265 4527 illuminabit
3293 4486 3340 4532 te
3361 4478 3514 4534 Citri-

1921 4547 2048 4591 stus.
2071 4540 2187 4594 Vita
2210 4544 2352 4598 enim
2383 4559 2577 4609 vestra,
2597 4563 2650 4604 et
2672 4569 2846 4609 mores
2874 4561 3032 4613 vestri
3057 4561 3277 4632 vigilare
3303 4567 3507 4626 debent

1921 4629 1973 4684 in
1998 4631 2234 4699 Christo,
2267 4644 2324 4687 ut
2348 4638 2576 4692 sentiant
2597 4642 2717 4707 alii,
2742 4643 2933 4714 Pagani
2974 4629 3321 4723 dormientes,
3351 4669 3404 4714 et
3439 4662 3505 4718 ad

1921 4721 2151 4774 Sonitum
2184 4723 2481 4792 vigiliarum
2515 4742 2806 4786 vestrarum
2839 4740 3159 4803 excitentur,
3193 4753 3248 4798 et
3273 4746 3375 4816 ipsi
3404 4765 3513 4804 exi

1917 4811 2119 4864 cutiant
2147 4827 2415 4881 somnum,
2440 4826 2493 4869 et
2522 4819 2772 4887 incipiant
2801 4827 2849 4877 in
2873 4827 3085 4881 Christo
3116 4811 3386 4902 vobiscum
3411 4843 3495 4896 di-

1914 4915 2072 4955 cere:
2104 4901 2261 4970 Dcus,
2290 4905 2424 4960 Deus
2447 4926 2604 4973 meus,
2633 4919 2700 4966 ad
2728 4926 2772 4966 ιε’
2801 4919 2862 4968 dc
2885 4921 2995 4973 luce
3020 4926 3191 4993 vigilo.

2082 4992 2252 5046 Sitivit
2279 4997 2365 5048 tibi
2391 4999 2558 5052 anima
2585 5020 2715 5058 mm.
2743 5005 2880 5061 Ecce
2910 5010 3034 5063 illud
3071 4991 3341 5074 desertum
3373 5023 3496 5078 Idu-

1914 5096 2084 5136 rmezc.
2117 5083 2300 5144 Videte
2325 5091 2593 5155 quomodo
2619 5093 2704 5147 hic
2734 5097 2841 5149 sitit
2871 5117 2883 5146 :
2919 5101 3011 5154 sed
3042 5104 3217 5162 videte
3253 5113 3380 5180 quid
3416 5115 3501 5171 hic

1915 5170 2111 5226 bonum
2138 5185 2238 5238 est,
2268 5176 2440 5231 Sitiuit
2468 5182 2575 5238 tibi.
2597 5182 2729 5237 Sunt
2758 5189 2895 5241 rnim
2923 5193 3013 5259 qui
3035 5196 3236 5263 sitiunt,
3272 5170 3366 5257 sed
3395 5222 3499 5262 non

1916 5260 2046 5316 Deo.
2070 5262 2257 5320 Omnis
2290 5269 2378 5335 qui
2410 5270 2508 5323 sibi
2538 5274 2649 5326 vult
2683 5275 2880 5343 aliquid
2912 5287 3149 5347 prazstari
3173 5329 3189 5350 ,
3219 5291 3272 5344 in
3308 5296 3500 5353 ardore

1910 5361 1994 5403 est
2022 5352 2270 5408 desiderii
2311 5375 2323 5409 :
2358 5358 2528 5426 ipsum
2561 5362 2882 5419 desiderium
2927 5372 3041 5422 sitis
3077 5385 3157 5428 est
3193 5380 3403 5438 animm.
3436 5387 3498 5444 Fs

1908 5441 2083 5496 videte
2095 5455 2290 5512 quanta
2305 5447 2566 5503 desideria
2581 5451 2751 5507 sintiu
2770 5458 3018 5514 cordibus
3039 5465 3310 5523 hominum
3334 5476 3494 5535 :alius

1911 5531 2181 5593 desiderat
2208 5550 2415 5602 aurum,
2449 5540 2582 5594 alius
2602 5544 2871 5600 desiderat
2900 5564 3173 5621 argentum
3193 5601 3205 5623 ,
3240 5561 3372 5617 alius
3394 5565 3490 5628 die.

1971 5690 1988 5720 ³
2027 5692 2201 5752 negjus
2220 5701 2325 5753 ..\ts.,
2352 5701 2400 5743 ut
2423 5694 2554 5746 nunc
2571 5699 2630 5748 sit
2647 5704 2780 5753 nobis
2799 5709 3040 5769 appetitio.
