3934 6324
457 285 548 342 τε,
682 288 684 290 ν
1682 282 1738 336 S.
1782 278 2146 338 AUGUSTlNl
2183 281 2493 340 Ef‘lSCOPl

454 405 655 457 siderat
678 399 1065 471 possessiones,
1090 399 1226 452 alius
1251 395 1614 458 hzereditates,
1641 398 1775 449 alius
1803 401 2034 462 amplam

449 494 750 564 pecuniam,
769 493 905 545 alius
931 492 1093 544 multa
1116 505 1330 562 pecora,
1353 490 1493 542 alius
1516 486 1736 542 domum
1767 502 2030 555 magnam,

448 584 586 637 alius
615 598 859 647 uxorem,
889 581 1026 634 alius
1056 581 1310 644 honores,
1340 579 1474 633 alius
1508 578 1668 632 filios.
1706 577 1903 631 Videtis
1930 577 2032 630 dc-

449 675 644 730 sideria
689 674 786 728 ista
811 715 827 738 ,
869 672 1139 744 quomodo
1181 681 1306 726 sunt
1345 673 1396 726 in
1437 670 1690 726 cordibus
1731 669 2032 726 hominm.

449 766 655 822 Ardent
698 781 888 820 omnes
932 765 1176 817 homines
1219 762 1515 827 desiderio;
1548 771 1602 818 et
1648 763 1733 816 vix
1769 761 2035 816 invenitur

446 859 535 926 qui
572 857 753 911 dicat:
786 856 956 910 Sitivtt
979 855 1066 908 tibi
1092 854 1263 907 anima
1292 871 1424 909 mea.
1462 853 1657 908 Sitiunt
1683 854 1822 907 enim
1854 854 2030 907 homi—

448 964 545 1003 nes
577 948 810 1011 mulo;
835 956 888 1000 et
913 963 1017 1000 non
1046 962 1104 998 se
1120 943 1429 1015 intelligunt.
1451 947 1506 1000 in
1531 946 1746 1000 deserto
1772 958 1891 1000 esse
1915 944 2031 998 ldu-

448 1056 631 1105 ntteze,
664 1040 750 1095 ttbi
781 1038 940 1093 debet
966 1039 1116 1093 sitire
1145 1039 1318 1091 anima
1351 1040 1583 1106 ipsorum
1623 1039 1748 1091 Deo.
1787 1038 2032 1092 Dicamus

450 1145 579 1199 ergo
605 1145 722 1188 nos.
753 1128 922 1184 Sititu't
944 1127 1032 1181 tibi
1052 1129 1220 1181 anima
1241 1145 1390 1193 mea;
1412 1143 1598 1182 omnes
1625 1127 1879 1191 dicamus,
1904 1128 2026 1198 quia

449 1223 502 1274 in
542 1221 824 1276 concordia
852 1222 1046 1277 Christi
1076 1237 1264 1276 omnes
1303 1239 1404 1276 una
1449 1223 1623 1274 anima
1653 1237 1834 1276 sumus
1864 1238 1877 1273 :
1913 1223 2023 1290 ipsa

444 1314 621 1367 anima
657 1312 799 1365 sitiat
824 1315 874 1365 itt
905 1313 1153 1367 ldlllntl‘a.
1696 1375 1701 1379 ,
1964 1314 1967 1316 ’

515 1404 569 1457 6.
599 1402 764 1457 Sitivit
793 1403 916 1467 tibi,
949 1405 1146 1472 inquit,
1182 1403 1351 1455 anima
1392 1420 1502 1456 mea
1529 1419 1548 1458 :
1583 1420 1733 1471 quam
1779 1405 2021 1473 multipli-

438 1496 564 1546 citer
607 1492 698 1545 tibi
737 1503 786 1546 et
823 1510 940 1546 caro
975 1510 1103 1546 utea.
1145 1493 1334 1546 Parum
1380 1503 1463 1546 est
1496 1498 1617 1562 quia
1657 1493 1822 1547 sitivit
1849 1494 2028 1546 attima

441 1600 581 1648 mea,
611 1585 778 1652 sitivit
804 1595 857 1639 et
886 1601 1010 1639 caro
1043 1601 1181 1639 mea.
1228 1585 1394 1639 Porro
1424 1586 1467 1639 si
1514 1586 1698 1640 anima
1733 1587 1845 1640 sitit
1877 1572 1984 1639 Deo
2007 1627 2021 1650 ,

439 1675 711 1744 quomodo
741 1685 794 1728 et
821 1690 947 1728 caro
975 1675 1087 1728 sitit
1120 1675 1268 1730 lleo?
1293 1663 1517 1742 Quando
1546 1677 1688 1731 enim
1719 1692 1847 1731 caro
1871 1676 1988 1729 sitit
2006 1718 2020 1737 ,

438 1782 630 1836 aquam
666 1766 819 1830 sitit;
855 1767 1066 1834 quando
1098 1767 1273 1821 anima
1327 1767 1459 1829 sitit,
1504 1767 1702 1822 fontem
1750 1769 2023 1839 sapientia:

438 1857 570 1909 sitit.
633 1856 707 1910 De
749 1855 865 1924 ipso
916 1854 1061 1909 fonte
1105 1856 1509 1909 iuehriabuutttr
1560 1856 1754 1911 anima:
1803 1868 2019 1921 nostrae,

437 1946 574 2000 sicut
607 1946 736 1999 dicit
774 1947 909 1999 alius
950 1947 1226 2013 psalmus:
1259 1945 1656 2001 lncltriabuutur
1696 1949 1758 2001 ab
1797 1948 2024 2002 ubertate

437 2036 754 2098 damnatum,
791 2045 839 2088 et
870 2045 1088 2088 torrente
1127 2037 1422 2090 deliciarum
1462 2047 1667 2092 (uarum
1710 2026 1905 2109 potabis
1939 2057 2023 2094 eos

436 2112 771 2197 (Psalmxn
792 2171 807 2195 ,
836 2129 914 2195 9).
963 2129 1198 2183 Sitienda
1229 2138 1312 2184 est
1335 2146 1463 2200 ergo
1487 2134 1766 2200 sapientia,
1795 2134 2018 2188 sitienda

435 2229 517 2271 est
543 2219 769 2292 justitia.
824 2219 936 2278 Neu
963 2235 1021 2270 na
1051 2221 1384 2284 satialtimur,
1425 2237 1530 2275 neu
1563 2239 1622 2276 ea
1652 2225 2014 2294 implehimur,

433 2309 537 2362 nisi
563 2324 683 2362 cum
715 2308 876 2362 fuerit
906 2309 1048 2362 finita
1081 2311 1182 2362 vita
1216 2310 1334 2376 ista,
1368 2322 1421 2365 et
1449 2314 1753 2368 venerimus
1791 2314 1857 2367 ad
1889 2315 2016 2369 illud

431 2401 572 2463 quod
601 2400 843 2469 promisit
867 2400 1030 2455 Deus.
1065 2401 1315 2457 Promisit
1341 2406 1480 2458 enim
1501 2406 1638 2475 Deus
1662 2407 2017 2476 atqualitatem

431 2491 760 2559 Angelorum
790 2489 937 2560 (Luc.
973 2508 1066 2558 xx,
1094 2492 1186 2563 56)
1216 2511 1228 2544 :
1256 2503 1310 2547 et
1358 2494 1519 2548 modo
1558 2497 1746 2565 Augeli
1789 2512 1894 2550 non
1941 2498 2014 2550 si-

432 2587 572 2639 tiunt
598 2586 864 2654 quomodo
895 2601 1011 2647 nos,
1043 2603 1147 2639 uott
1174 2586 1716 2656 esuriunt‘qttomodo
1747 2603 1878 2653 nos;
1922 2591 2014 2644 sed

429 2675 632 2731 habent
652 2676 888 2745 saginam
920 2677 1188 2739 veritatis,
1231 2677 1365 2730 lucis
1397 2718 1411 2742 ,
1453 2679 1772 2732 immortalis
1803 2681 2016 2749 sapien-

436 2768 548 2822 tite.
582 2766 704 2822 Ideo
731 2765 869 2821 beati
899 2775 1025 2820 sunt
1049 2784 1064 2831 ;
1091 2776 1142 2821 et
1167 2767 1234 2821 de
1259 2777 1401 2821 tanta
1431 2768 1781 2836 beatitudine,
1813 2771 1934 2840 quia
1963 2773 2014 2826 itt

431 2858 523 2911 illa
550 2864 676 2912 sunt
695 2855 909 2912 civitate
930 2855 1225 2910 Jerusalem
1267 2856 1492 2920 unlesti,
1541 2858 1681 2913 unde
1724 2876 1822 2914 nos
1855 2863 2015 2916 modo

427 2951 855 3025 peregrinamur,
883 2947 1164 3002 attendunt
1192 2963 1287 3002 nos
1318 2949 1643 3017 peregrinos,
1672 2960 1727 3002 et
1754 2951 2014 3005 miseran-

427 3051 513 3092 tttr
542 3054 656 3105 nos,
687 3050 741 3094 et
763 3038 915 3110 jussu
945 3038 1153 3093 Donthti
1186 3041 1508 3094 auxiliantur
1533 3040 1715 3109 nobis,
1766 3052 1822 3096 ut
1849 3043 1915 3098 ad
1945 3044 2012 3099 il-

426 3133 530 3184 lam
553 3131 776 3201 patriam
813 3145 1151 3184 communem
1184 3129 1470 3198 aliquando
1507 3131 1810 3197 redeamus,
1856 3144 1906 3188 et
1942 3134 2012 3188 ibi

425 3238 545 3276 cum
577 3223 680 3279 illis
719 3221 866 3276 fonte
887 3222 1155 3275 dominico
1183 3223 1420 3276 veritatis
1449 3232 1503 3277 et
1540 3227 1866 3279 ‘wtcrnitatis
1908 3227 2006 3280 ali-

426 3312 635 3384 quando
661 3323 982 3367 saturentur.
1017 3311 1168 3364 .‘llodo
1205 3328 1332 3382 ergo
1363 3314 1509 3368 sitiat
1544 3317 1722 3368 anima
1776 3327 1955 3369 nostra
1991 3335 2004 3371 :

423 3404 564 3460 unde
590 3416 643 3458 et
672 3419 798 3459 caro
831 3414 1008 3458 nostra
1037 3406 1166 3471 sitit,
1214 3417 1268 3460 et
1295 3407 1396 3460 hoc
1424 3408 1825 3477 multipliciter?
1863 3409 2005 3464 Mul-

421 3497 659 3567 tipliriter
678 3495 784 3560 tibi,
819 3497 1007 3566 inquit,
1023 3507 1073 3557 et
1095 3514 1211 3550 caro
1240 3516 1367 3551 tum.
1399 3499 1532 3565 Quia
1559 3510 1612 3554 et
1636 3502 1783 3555 carni
1811 3511 2007 3556 nostra:

423 3569 747 3657 promittitur
770 3590 1112 3643 resurrectio.
1143 3589 1422 3655 Quomodo
1443 3591 1635 3645 anima:
1660 3602 1858 3645 uestra:
1886 3608 2006 3660 pro-

422 3677 647 3731 mittitur
691 3678 984 3744 beatitudo,
1036 3677 1113 3732 sic
1157 3687 1212 3732 et
1249 3678 1395 3733 carni
1438 3689 1634 3734 nostra:
1680 3682 2006 3749 promittitur

419 3770 760 3823 resurrectio.
797 3769 1137 3824 llesurrertio
1170 3772 1346 3824 carnis
1381 3771 1502 3826 talis
1544 3774 1697 3828 nobis
1736 3776 2002 3844 promitti-

421 3873 541 3914 tur:
569 3858 768 3926 :tudlc,
792 3868 846 3914 et
864 3859 1072 3926 discite,
1097 3870 1150 3914 et
1176 3871 1350 3916 tenete
1371 3877 1490 3931 qua:
1510 3863 1581 3918 sit
1600 3878 1725 3934 spes
1748 3864 2004 3922 Christia-

419 3966 632 4016 norum,
661 3966 825 4020 quare
852 3965 1033 4006 smnus
1054 3950 1350 4006 christiani.
1380 3952 1495 4007 Non
1519 3955 1661 4008 enim
1687 3955 1753 4008 ad
1782 3957 1882 4011 hoc
1910 3974 2002 4010 stt-

417 4056 540 4096 tuus
565 4041 860 4108 christiani,
893 4053 948 4096 ut
984 4051 1249 4098 terrenam
1305 4043 1461 4098 nobis
1504 4044 1807 4101 felicitateu
1851 4059 2001 4116 peta-

418 4148 558 4200 tuus,
586 4149 741 4204 quant
776 4134 1086 4204 plerumque
1125 4132 1322 4190 habent
1362 4145 1416 4190 et
1459 4136 1694 4194 latrones
1736 4148 1790 4194 et
1833 4141 2002 4196 scele-

417 4223 538 4278 rati.
570 4221 650 4276 Ad
677 4223 833 4277 aliam
861 4222 1165 4278 felicitatem
1191 4239 1290 4280 nos
1311 4239 1498 4280 sumus
1517 4226 1813 4292 christiani,
1843 4245 1999 4300 quam

417 4325 541 4370 tttnc
565 4317 911 4389 accipiemus,
929 4333 1050 4371 cunt
1069 4316 1173 4371 vita
1201 4318 1300 4371 ista
1324 4318 1482 4388 hujus
1503 4320 1683 4374 szeculi
1702 4330 1807 4376 tota
1824 4332 1998 4377 trans-

413 4407 555 4463 ierit.
590 4408 730 4479 Ergo
761 4408 1086 4479 promittitur
1128 4407 1280 4464 nobis
1322 4419 1376 4465 et
1409 4410 1586 4465 carnis
1632 4415 1997 4480 resurrectio;

413 4509 466 4554 ct
495 4500 612 4555 talis
641 4501 960 4556 resurrectio
981 4500 1160 4555 carnis
1200 4499 1357 4555 nobis
1383 4502 1730 4572 promittitur,
1774 4513 1832 4559 ut
1873 4521 1998 4560 caro

411 4589 624 4660 quidem
659 4591 752 4645 ista
780 4607 936 4661 quant
967 4591 1126 4646 modo
1151 4601 1450 4662 portamus,
1483 4604 1728 4665 resurgat
1767 4596 1820 4650 in
1868 4595 1995 4651 fine.

411 4681 521 4738 Nec
557 4683 867 4737 incredibile
914 4670 1065 4737 vobis
1112 4683 1372 4739 videatur.
1420 4685 1475 4740 Si
1519 4687 1663 4741 enim
1705 4688 1844 4742 Deus
1871 4689 1998 4744 fecit

411 4787 512 4828 nos
539 4773 625 4842 qui
672 4788 774 4826 nun
815 4789 1055 4836 eramus,
1107 4790 1355 4845 maguum
1398 4776 1472 4830 illi
1517 4787 1600 4832 est
1632 4794 1880 4848 reparare
1908 4783 1996 4849 qui

412 4866 667 4919 eramus?
713 4865 853 4935 Ergo
890 4866 992 4921 huc
1029 4869 1176 4921 vobis
1213 4869 1526 4924 incredibile
1575 4886 1680 4924 nun
1733 4873 1994 4938 videatur,

412 4958 535 5028 quia
563 4957 711 5026 quasi
744 4967 1047 5024 putrescere
1076 4967 1315 5012 utertuos
1344 4960 1555 5026 videtis,
1585 4972 1637 5015 et
1667 4964 1744 5018 ire
1776 4967 1825 5016 in
1854 4967 1999 5020 cine-

412 5063 504 5102 t'cs
531 5055 585 5099 et
616 5048 665 5099 in
711 5050 1002 5114 pulverem.
1037 5047 1142 5100 Aut
1182 5048 1224 5100 si
1273 5049 1588 5104 incendatur
1623 5053 1813 5122 aliquis
1857 5072 2000 5110 tuor-

413 5147 556 5200 tttus,
590 5149 680 5190 aut
710 5139 750 5190 si
785 5153 946 5191 Cztltt‘s
972 5137 1229 5192 dilauieut
1277 5153 1424 5208 euut,
1464 5140 1661 5210 putatis
1702 5146 1828 5213 quia
1870 5147 2001 5202 inde

417 5245 523 5282 non
551 5231 648 5284 erit
676 5229 1113 5281 resurrecturus?
1152 5227 1343 5282 Omnia
1377 5245 1497 5299 qua“:
1532 5231 1908 5301 discerpuntur
1944 5247 2000 5289 et

413 5321 466 5375 in
499 5322 703 5374 favillas
733 5320 989 5389 quasdam
1021 5328 1348 5389 putrescunt,
1381 5321 1582 5401 integra
1615 5323 1721 5376 Deo
1752 5339 1894 5379 sant.
1945 5328 1997 5380 ιη

415 5413 500 5467 illa
540 5413 680 5466 cuitu
730 5413 997 5465 eletttettta
1040 5409 1220 5464 mundi
1256 5421 1402 5476 eunt,
1444 5412 1584 5467 unde
1626 5417 1798 5483 primo
1843 5433 1998 5470 vene-

415 5512 562 5567 runt,
608 5501 822 5572 quando
868 5501 988 5554 facti
1037 5516 1266 5554 sumus:
1301 5516 1404 5555 non
1453 5501 1538 5554 illa
1585 5504 1854 5568 videmus;
1898 5507 1994 5561 sed

415 5602 594 5649 tamen
647 5593 784 5645 Deus
831 5592 969 5644 unde
1018 5594 1117 5644 scil
1167 5591 1424 5660 prodttCet
1454 5592 1562 5656 illa,
1603 5595 1725 5662 quia
1755 5607 1809 5649 et
1845 5608 1996 5652 aute-

419 5696 578 5750 quam
605 5698 866 5745 essemus,
897 5682 1034 5737 unde
1051 5682 1250 5735 sciebat
1279 5699 1374 5737 nos
1405 5674 1652 5752 produxit
1699 5686 1841 5742 Talis
1866 5704 1997 5761 ergo

3629 290 3732 347 75'!

2149 398 2471 450 resurrectio
2496 397 2673 450 carnis
2696 397 2851 452 nobis
2878 399 3222 469 promittitur,
3258 408 3317 455 ut
3339 402 3586 472 quamvis
3607 407 3660 472 ip
3677 423 3717 459 ta

2144 484 2213 537 sit
2238 501 2363 540 Caro
2387 503 2543 556 quam
2577 489 2736 542 modo
2763 499 3053 560 portamus,
3079 508 3197 562 qua:
3226 504 3592 550 resurrectura
3615 507 3721 564 est,

2143 583 2319 629 tamen
2350 593 2453 630 non
2481 577 2671 633 habeat
2713 581 3108 652 corruptionem
3137 598 3298 654 quam
3342 585 3508 640 modo
3545 584 3721 641 habet.

2140 664 2295 718 Modo
2323 684 2464 720 enim
2494 683 2558 720 ex
2579 671 2922 738 corruptione
2950 671 3268 743 fragilitatis,
3301 675 3344 729 si
3370 690 3478 731 non
3501 677 3724 733 mandu-

2141 771 2346 822 cemus,
2389 758 2671 814 deficimus
2691 771 2745 815 et
2772 763 3072 829 esurimus;
3105 764 3152 820 si
3180 781 3290 823 non
3329 768 3600 836 bibamus,
3633 771 3726 826 de.

2140 849 2349 905 ﬁcimus
2377 862 2432 906 et
2460 853 2709 918 sitintus;
2760 856 2806 908 si
2851 855 2945 911 diu
2991 857 3294 928 vigilemus,
3347 859 3630 927 deficimus
3671 873 3725 918 et

2139 939 2433 996 dormimus
2460 961 2474 996 :
2502 944 2545 996 si
2583 944 2673 998 diu
2715 945 3063 1014 dormiamus,
3091 948 3407 1017 deficimus;
3443 950 3570 1008 ideo
3595 953 3724 1024 vigi-

2141 1031 2309 1084 lamus
2344 1050 2357 1085 :
2392 1034 2436 1086 si
2485 1034 2575 1086 ditt
2623 1036 3008 1093 manducemus
3055 1049 3110 1093 et
3147 1039 3428 1106 bibamus;
3479 1045 3724 1112 quamvis

2138 1132 2355 1189 propter
2381 1122 2726 1178 refectionem
2769 1127 3150 1183 manducemus
3177 1140 3230 1183 et
3273 1131 3552 1198 bibamus,
3610 1134 3720 1200 ipsa

2136 1211 2385 1266 diuturna
2415 1215 2630 1267 refectio
2650 1215 2878 1292 defectio
2901 1229 2982 1272 est
3015 1238 3028 1273 :
3057 1222 3100 1273 si
3123 1221 3231 1290 diu,
3253 1233 3480 1290 stemus,
3529 1223 3721 1296 fatiga-

2136 1321 2289 1357 ntur:
2325 1306 2443 1360 ideo
2466 1308 2716 1363 sedemus
2748 1328 2761 1364 :
2791 1321 2846 1364 et
2872 1311 2916 1365 si
2943 1311 3033 1366 diu
3077 1313 3377 1379 sedeamus,
3408 1325 3463 1370 et
3490 1317 3561 1371 ibi
3598 1318 3718 1370 lati-

2134 1410 2323 1464 gamur
2345 1437 2360 1462 ,
2383 1406 2439 1451 et
2464 1397 2588 1453 ideo
2615 1401 2903 1470 surgimus.
2955 1404 3152 1459 Deinde
3187 1405 3363 1460 videte
3392 1408 3516 1477 quia
3545 1410 3722 1465 nullus

2133 1498 2216 1542 est
2238 1489 2426 1543 ca'nis
2453 1501 2652 1545 nostras
2672 1502 2884 1547 status:
2911 1496 3162 1564 quoniam
3191 1497 3408 1553 infantia
3447 1501 3628 1554 avolat
3664 1503 3715 1556 itt

2133 1580 2456 1646 pueritiam;
2497 1590 2553 1636 et
2589 1583 2786 1651 qumris
2813 1583 3108 1650 infantiam,
3141 1599 3195 1642 et
3220 1603 3323 1642 nou
3355 1598 3438 1643 est
3460 1590 3715 1658 infantia,

2128 1670 2256 1738 quia
2288 1672 2396 1738 jam
2429 1686 2528 1741 pro
2554 1671 2775 1726 infantia
2823 1676 3046 1743 pueritia
3098 1679 3441 1733 estziterum
3492 1690 3549 1734 et
3599 1682 3712 1752 ipa!

2130 1759 2324 1829 migrat
2351 1762 2403 1814 in
2432 1761 2883 1825 adolescentiam;
2935 1767 3132 1835 quaeris
3163 1769 3476 1836 pueritiam,
3526 1780 3582 1825 et
3608 1787 3712 1825 non

2131 1851 2336 1926 invenis
2366 1870 2380 1906 :
2412 1853 2728 1909 adolescens
2763 1858 2822 1910 lit
2863 1855 3112 1925 juvenis;
3163 1860 3359 1929 quati-is
3399 1861 3714 1916 adolescen-

2137 1949 2238 1995 tem
2261 1983 2276 2007 ,
2306 1951 2360 1996 et
2379 1958 2486 2021 non
2507 1953 2626 1998 est:
2651 1944 2864 2014 juvenis
2891 1947 2947 1999 lit
2979 1963 3144 2002 senex
3169 1964 3186 2013 ;
3217 1951 3412 2018 quaeris
3435 1951 3710 2021 juvenem,

2125 2042 2308 2085 etnon
2339 2019 2548 2089 invenis
2579 2053 2595 2090 :
2620 2045 2675 2090 et
2699 2051 2865 2091 senex
2898 2039 3164 2106 ntoritur;
3201 2043 3398 2110 quaeris
3423 2057 3629 2107 senem,
3657 2055 3712 2100 et

2128 2140 2234 2178 non
2267 2125 2494 2180 invenis.
2545 2126 2661 2180 Non
2687 2137 2796 2181 stat
2820 2143 2948 2198 ergo
2975 2139 3107 2184 mtas
3138 2142 3316 2186 nostra
3348 2149 3363 2186 :
3393 2133 3588 2203 ubique
3628 2136 3709 2188 fa-

2128 2217 2312 2286 tigatio
2334 2227 2434 2283 est,
2483 2217 2679 2289 ubique
2719 2221 2997 2285 lassitudo,
3040 2223 3235 2292 ubique
3273 2227 3546 2294 corruptio
3610 2229 3708 2280 Αι-

2126 2308 2408 2362 tendentes
2435 2309 2652 2378 qualem
2682 2311 2840 2363 nobis
2869 2325 3018 2379 spem
3045 2314 3458 2368 resurrectionis
3486 2316 3709 2385 prmuit—

2125 2408 2199 2452 tat
2229 2401 2387 2466 Deus,
2413 2402 2468 2455 itt
2490 2403 2606 2455 istis
2633 2403 2884 2456 omnibus
2913 2404 3292 2473 multiplicibus
3318 2405 3709 2464 defectiOuibus

2125 2492 2322 2543 nostris
2361 2491 2572 2546 sitimus
2617 2492 2760 2546 illam
2812 2493 3299 2563 incorruptionem;
3347 2507 3402 2551 et
3449 2499 3529 2553 sic
3579 2515 3705 2554 caro

2122 2589 2305 2634 nostra
2349 2580 2713 2651 multipliciter
2748 2582 2861 2636 sitit
2879 2584 3008 2638 Deo.
3031 2584 3088 2639 ltt
3115 2584 3214 2639 ista
3243 2586 3494 2651 ldumata,
3528 2589 3580 2642 in
3603 2590 3703 2645 isto

2121 2671 2356 2736 deserto,
2385 2689 2542 2742 quam
2569 2675 2931 2743 multipliciter
2951 2675 3173 2742 laborat,
3209 2687 3312 2731 tam
3342 2680 3705 2747 multipliciter

2121 2763 2233 2816 sitit
2262 2778 2277 2826 ;
2314 2780 2469 2831 quant
2503 2764 2869 2834 multipliciter
2898 2765 3162 2836 fatigatur,
3196 2778 3302 2822 tam
3343 2771 3704 2841 multipliciter

2119 2853 2233 2907 sitit
2260 2854 2401 2908 illaut
2428 2854 2804 2924 infatigabilem
2833 2857 3306 2927 incorruptionen‘t.

2192 2945 2244 2997 7.
2277 2943 2444 3015 [υιγε.
2475 2943 2555 3017 5.]
2607 2944 2941 3016 Quanquam,
2984 2947 3174 3003 fratres
3220 2951 3345 3013 mei,
3387 2950 3511 3005 boni
3560 2953 3701 3007 chri-

2119 3035 2277 3088 stiani
2309 3048 2364 3088 et
2393 3035 2562 3089 fidelis
2584 3038 2745 3091 etiam
2783 3038 2835 3091 in
2880 3037 2982 3092 hoc
3013 3040 3209 3094 smeulo
3237 3056 3362 3095 caro
3393 3043 3499 3097 Deo
3546 3046 3654 3098 sitit
3680 3063 3694 3099 :

2118 3126 2241 3194 quia
2263 3127 2306 3178 si
2336 3142 2469 3196 opus
2495 3137 2580 3182 est
2612 3128 2761 3182 carni
2790 3145 2944 3198 pane,
2998 3130 3043 3184 si
3066 3146 3200 3199 opus
3223 3144 3304 3185 est
3325 3148 3480 3202 aqua,
3503 3135 3546 3188 si
3565 3151 3696 3206 Opus

2117 3227 2200 3269 est
2227 3217 2367 3280 vino,
2414 3218 2457 3271 si
2501 3235 2634 3287 opus
2662 3229 2761 3273 est
2789 3236 3028 3283 nummo,
3072 3222 3119 3274 si
3161 3237 3294 3292 Opus
3333 3234 3417 3278 est
3450 3224 3695 3294 jumeutu

2115 3309 2260 3360 carni
2304 3308 2447 3378 huic,
2480 3323 2509 3362 a
2533 3310 2642 3365 Deo
2673 3321 2851 3379 petere
2876 3312 3055 3378 debet,
3108 3331 3212 3368 non
3249 3330 3277 3368 a
3310 3315 3609 3384 dmmoniis,
3641 3330 3694 3375 et

2115 3391 2291 3452 idolis,
2337 3403 2388 3445 et
2418 3411 2446 3445 a
2475 3396 2654 3447 nescio
2677 3397 2867 3463 quibus
2899 3400 3244 3464 potestatibus
3295 3398 3453 3469 hujus
3489 3405 3689 3458 saeculi.

2112 3481 2244 3534 Sunt
2297 3484 2437 3536 enim
2475 3483 2600 3552 qtti,
2653 3486 2864 3555 quando
2920 3487 3111 3544 famem
3154 3490 3424 3558 patiuntur
3482 3493 3536 3548 in
3592 3495 3692 3548 isto

2114 3575 2314 3634 sa:-eu_lo
2342 3614 2358 3640 ,
2439 3576 2709 3630 diutittunt
2755 3577 2953 3642 Deum,
2997 3589 3050 3634 et
3088 3570 3274 3651 rogant
3333 3583 3688 3654 Mercurium,

2110 3675 2203 3718 aut
2231 3677 2422 3735 rogant
2448 3667 2632 3722 Jovem
2663 3679 2718 3724 ut
2752 3670 2844 3724 det
2881 3671 3007 3747 illis,
3035 3682 3126 3726 aut
3150 3689 3308 3742 quam
3352 3676 3538 3732 dicunt
3575 3680 3692 3734 (ἶωο

2114 3756 2299 3811 lcstent
2321 3759 2363 3820 ι,
2391 3767 2485 3812 aut
2509 3758 2684 3828 aliqua
2719 3760 2986 3816 dat-monia
3020 3763 3213 3817 similia
3240 3782 3252 3817 :
3279 3781 3386 3819 non
3425 3767 3537 3821 Deo
3581 3769 3690 3823 sitit

2109 3863 2235 3903 eat-0
2258 3850 2513 3918 ipsorum.
2542 3851 2836 3917 Quiautent
2869 3854 2979 3908 Deo
2999 3854 3208 3922 sitiunt,
3233 3857 3462 3926 undique
3494 3859 3689 3914 debent

2109 3940 2279 4005 sitire,
2313 3949 2366 3993 et
2387 3941 2563 3994 anima
2588 3981 2606 4004 ,
2650 3951 2705 3997 et
2731 3958 2892 3998 carne
2925 3947 3086 4014 :quia
3124 3955 3180 4000 et
3209 3948 3398 4002 anima:
3434 3949 3575 4004 Deus
3602 3952 3690 4006 dat

2111 4045 2299 4096 panem
2341 4046 2516 4098 suum,
2547 4033 2598 4085 id
2625 4042 2708 4088 est
2724 4035 2943 4089 verbum
2964 4037 3230 4103 veritatis;
3264 4049 3317 4092 et
3359 4041 3505 4094 carui
3552 4044 3692 4098 Deus

2110 4121 2200 4175 dat
2231 4137 2349 4192 qua:
2377 4126 2676 4179 necessaria
2705 4136 2850 4192 sunt,
2896 4129 3018 4197 quia
3045 4129 3183 4184 Deus
3214 4131 3336 4184 fecit
3366 4142 3418 4186 et
3453 4134 3687 4190 animant

2105 4228 2159 4268 et
2187 4231 2423 4270 carnem.
2468 4215 2696 4286 Propter
2738 4233 2954 4273 earnem
3006 4228 3148 4274 tuam
3181 4237 3340 4294 rogas
3375 4223 3638 4279 dazmonia
3675 4246 3690 4282 :

2108 4308 2363 4378 numquid
2399 4309 2633 4364 animant
2688 4310 2827 4366 Deus
2869 4311 3015 4379 fecit,
3060 4321 3116 4368 et
3153 4329 3369 4369 carnem
3399 4324 3542 4371 tuam
3578 4318 3690 4372 da:-

2107 4399 2282 4453 nmnia
2305 4398 2582 4456 fecerunt?
2622 4401 2726 4470 Qui
2754 4401 2880 4457 fecit
2903 4405 3160 4470 animam,
3192 4406 3306 4474 ipse
3329 4407 3452 4462 fecit
3493 4417 3689 4463 etcar-

2106 4504 2227 4542 nem
2270 4507 2282 4543 :
2323 4490 2410 4559 qui
2455 4491 2579 4545 fecit
2621 4493 2804 4547 ambas
2849 4509 2955 4558 res,
3003 4496 3116 4565 ipse
3155 4497 3331 4566 pascit
3356 4499 3541 4554 ambas
3575 4515 3684 4555 res.

2107 4579 2406 4650 Utrumque
2433 4593 2671 4636 nostrum
2704 4584 2815 4639 Deo
2835 4585 2997 4651 sitiat,
3022 4597 3074 4642 et
3096 4603 3159 4642 ex
3187 4589 3367 4644 labore
3405 4587 3684 4662 multiplici

2105 4672 2421 4741 simpliciter
2448 4674 2692 4728 satietur.

2174 4765 2228 4819 8.
2259 4764 2358 4820 Ubi
2397 4776 2575 4820 autem
2598 4768 2711 4821 sitit
2751 4769 2927 4823 anima
2977 4781 3179 4838 nostra,
3229 4781 3282 4828 ct
3323 4773 3686 4844 multipliciter

2103 4872 2228 4911 caro
2257 4869 2459 4923 nostra,
2484 4875 2587 4914 nou
2617 4863 2952 4931 cuicumque,
2981 4862 3075 4918 sed
3099 4865 3212 4929 tibi,
3234 4865 3492 4935 Domine,
3520 4868 3571 4923 id
3601 4880 3686 4925 est

2105 4949 2218 5004 Deo
2235 4961 2438 5014 nostro;
2465 4951 2550 5005 ubi
2573 4953 2678 5005 sitit
2702 4954 2725 5005 ?
2764 4951 2828 5005 In
2860 4964 2992 5008 terra
3027 4957 3224 5008 deserta
3250 4997 3265 5022 ,
3300 4966 3347 5009 et
3381 4959 3490 5011 sine
3513 4974 3613 5026 tua,
3637 4972 3684 5013 et

2100 5041 2368 5109 sineaqua.
2394 5039 2656 5096 Samnium
2679 5043 2815 5097 istud
2837 5043 3084 5110 diximus;
3105 5047 3214 5114 ipsa
3231 5057 3312 5100 est
3327 5047 3684 5111 lduutma,hoc

2104 5143 2185 5185 cst
2214 5131 2484 5187 desertum
2516 5133 2784 5201 ldumzcar,
2807 5135 2946 5189 unde
2965 5136 3170 5190 titulum
3194 5138 3432 5193 l’salmus
3451 5143 3676 5210 accepit.

2104 5221 2170 5275 In
2199 5233 2333 5276 terra
2353 5225 2568 5278 deserta.
2598 5225 2788 5280 Parum
2815 5237 2915 5290 est,
2945 5229 3170 5295 deserta,
3200 5231 3288 5285 ubi
3311 5232 3485 5289 nullus
3507 5234 3681 5288 humi-

2105 5328 2230 5366 ttuut
2259 5315 2500 5382 habitat;
2528 5316 2764 5387 insuper,
2806 5330 2853 5372 et
2889 5321 2996 5374 sine
3023 5323 3118 5386 via,
3164 5335 3212 5376 et
3235 5326 3342 5378 sine
3369 5341 3518 5395 aqua.
3573 5328 3680 5384 Utt-

2161 5426 2183 5482 ἰ
2223 5448 2459 5520 Edd.,__attt
2481 5464 2622 5520 quem
2641 5451 2806 5502 dicunt
2835 5454 3067 5503 cmleslem
3088 5462 3248 5520 pana.
3274 5458 3446 5516 Abest,
3472 5467 3636 5520 Pana,
3655 5475 3681 5511 a

2105 5517 2209 5561 Mss.
2233 5526 2260 5559 e
2283 5515 2459 5578 quibus
2475 5514 2572 5560 duo
2595 5514 2772 5578 ferunt,
2797 5522 2878 5578 aut
2901 5527 3044 5577 quam
3062 5516 3226 5565 dicunt
3243 5514 3497 5578 Cererem;
3520 5514 3678 5572 catini

2105 5585 2240 5643 vero,
2266 5576 2511 5643 caelestem
2534 5587 2551 5643 ς
2573 5588 2684 5643 quae
2704 5576 2934 5643 nimirum
2960 5578 3299 5643 Atri-s‘paganis
3320 5576 3538 5643 Dea_luit
3561 5595 3678 5643 prte-

2103 5636 2164 5705 ei:
2183 5650 2245 5684 uo
2265 5635 2454 5705 honore
2477 5635 2664 5705 habita:
2688 5636 2750 5684 de
2771 5635 3218 5705 qugjt‘e‘rtulliitnus
3250 5635 3599 5705 inspologeti,
3616 5657 3678 5694 cr.

2108 5695 2168 5744 £5
2193 5705 2244 5747 et
2264 5695 2357 5756 24;
2381 5705 2432 5746 et
2455 5700 2747 5760 sugustinus
2769 5695 2818 5747 iit
2842 5697 2923 5749 lib.
2949 5697 3062 5750 218
3080 5701 3214 5750 Civit.
3233 5701 3338 5764 Dei,
3362 5695 3405 5752 ἱ).
3430 5695 3478 5755 44
