  <div class='ocr_page' id='page_1' title='image "/cluster/home/n/w/nwhite01/storage/ocr_20150623/36/umn.319510024773307/386.png"; bbox 0 0 3934 6342; ppageno 0'>
   <div class='ocr_carea' id='block_1_1' title="bbox 246 439 350 504">
    <p class='ocr_par' dir='ltr' id='par_1_1' title="bbox 246 439 350 504">
     <span class='ocr_line' id='line_1_1' title="bbox 246 439 350 504; baseline 0.01 -1"><span class='ocrx_word' id='word_1_1' title='bbox 246 439 350 504; x_wconf 75' lang='grc'><strong>753</strong></span> 
     </span>
    </p>
   </div>
   <div class='ocr_carea' id='block_1_2' title="bbox 242 584 1839 658">
    <p class='ocr_par' dir='ltr' id='par_1_2' title="bbox 242 584 1839 658">
     <span class='ocr_line' id='line_1_2' title="bbox 242 584 1839 658; baseline 0.006 -21"><span class='ocrx_word' id='word_1_2' title='bbox 242 600 366 638; x_wconf 89' lang='lat' dir='ltr'><strong>nam</strong></span> <span class='ocrx_word' id='word_1_3' title='bbox 396 584 483 641; x_wconf 81' lang='lat' dir='ltr'><strong>vel</strong></span> <span class='ocrx_word' id='word_1_4' title='bbox 515 584 655 641; x_wconf 91' lang='lat' dir='ltr'><strong>viam</strong></span> <span class='ocrx_word' id='word_1_5' title='bbox 680 585 900 642; x_wconf 86' lang='lat' dir='ltr'><strong>haberet</strong></span> <span class='ocrx_word' id='word_1_6' title='bbox 930 587 1102 658; x_wconf 87' lang='lat' dir='ltr'><strong>ipsum</strong></span> <span class='ocrx_word' id='word_1_7' title='bbox 1130 585 1430 645; x_wconf 81' lang='lat' dir='ltr'><strong>desertum!</strong></span> <span class='ocrx_word' id='word_1_8' title='bbox 1482 592 1684 647; x_wconf 99' lang='lat' dir='ltr'><strong>utinam</strong></span> <span class='ocrx_word' id='word_1_9' title='bbox 1713 593 1839 649; x_wconf 89' lang='lat' dir='ltr'><strong>illuc</strong></span> 
     </span>
    </p>
   </div>
   <div class='ocr_carea' id='block_1_3' title="bbox 239 675 1836 751">
    <p class='ocr_par' dir='ltr' id='par_1_3' title="bbox 239 675 1836 751">
     <span class='ocr_line' id='line_1_3' title="bbox 239 675 1836 751; baseline 0.007 -24"><span class='ocrx_word' id='word_1_10' title='bbox 239 675 407 731; x_wconf 91' lang='lat' dir='ltr'><strong>homo</strong></span> <span class='ocrx_word' id='word_1_11' title='bbox 434 677 738 746; x_wconf 86' lang='lat' dir='ltr'><strong>incurrens,</strong></span> <span class='ocrx_word' id='word_1_12' title='bbox 770 679 853 733; x_wconf 85' lang='lat' dir='ltr'><strong>vel</strong></span> <span class='ocrx_word' id='word_1_13' title='bbox 884 689 1065 735; x_wconf 90' lang='lat' dir='ltr'><strong>nosset</strong></span> <span class='ocrx_word' id='word_1_14' title='bbox 1085 695 1186 751; x_wconf 87' lang='lat' dir='ltr'><strong>qua</strong></span> <span class='ocrx_word' id='word_1_15' title='bbox 1214 679 1337 736; x_wconf 90' lang='lat' dir='ltr'><strong>inde</strong></span> <span class='ocrx_word' id='word_1_16' title='bbox 1365 683 1564 737; x_wconf 80' lang='lat' dir='ltr'><strong>exiret!</strong></span> <span class='ocrx_word' id='word_1_17' title='bbox 1610 683 1723 739; x_wconf 84' lang='lat' dir='ltr'><strong>Non</strong></span> <span class='ocrx_word' id='word_1_18' title='bbox 1756 685 1836 738; x_wconf 87' lang='lat' dir='ltr'><strong>vi-</strong></span> 
     </span>
    </p>
   </div>
   <div class='ocr_carea' id='block_1_4' title="bbox 235 769 1837 845">
    <p class='ocr_par' dir='ltr' id='par_1_4' title="bbox 235 769 1837 845">
     <span class='ocr_line' id='line_1_4' title="bbox 235 769 1837 845; baseline 0.006 -22"><span class='ocrx_word' id='word_1_19' title='bbox 235 769 330 824; x_wconf 90' lang='lat' dir='ltr'><strong>det</strong></span> <span class='ocrx_word' id='word_1_20' title='bbox 360 769 632 840; x_wconf 76' lang='lat' dir='ltr'><strong>hominem</strong></span> <span class='ocrx_word' id='word_1_21' title='bbox 669 771 734 825; x_wconf 90' lang='lat' dir='ltr'><strong>ad</strong></span> <span class='ocrx_word' id='word_1_22' title='bbox 759 771 1029 837; x_wconf 76' lang='lat' dir='ltr'><strong>solatium,</strong></span> <span class='ocrx_word' id='word_1_23' title='bbox 1075 788 1180 828; x_wconf 92' lang='lat' dir='ltr'><strong>non</strong></span> <span class='ocrx_word' id='word_1_24' title='bbox 1201 773 1344 829; x_wconf 90' lang='lat' dir='ltr'><strong>videt</strong></span> <span class='ocrx_word' id='word_1_25' title='bbox 1369 775 1506 828; x_wconf 86' lang='lat' dir='ltr'><strong>viam</strong></span> <span class='ocrx_word' id='word_1_26' title='bbox 1533 790 1635 845; x_wconf 88' lang='lat' dir='ltr'><strong>qua</strong></span> <span class='ocrx_word' id='word_1_27' title='bbox 1658 787 1837 832; x_wconf 80' lang='lat' dir='ltr'><strong>careat</strong></span> 
     </span>
    </p>
   </div>
   <div class='ocr_carea' id='block_1_5' title="bbox 234 860 1835 936">
    <p class='ocr_par' dir='ltr' id='par_1_5' title="bbox 234 860 1835 936">
     <span class='ocr_line' id='line_1_5' title="bbox 234 860 1835 936; baseline 0.003 -20"><span class='ocrx_word' id='word_1_28' title='bbox 234 860 481 932; x_wconf 7' lang='lat' dir='ltr'><strong>deserto).</strong></span> <span class='ocrx_word' id='word_1_29' title='bbox 513 862 655 933; x_wconf 85' lang='lat' dir='ltr'><strong>Ergo</strong></span> <span class='ocrx_word' id='word_1_30' title='bbox 671 862 742 916; x_wconf 88' lang='lat' dir='ltr'><strong>ibi</strong></span> <span class='ocrx_word' id='word_1_31' title='bbox 763 862 996 918; x_wconf 90' lang='lat' dir='ltr'><strong>divertit.</strong></span> <span class='ocrx_word' id='word_1_32' title='bbox 1015 862 1228 920; x_wconf 79' lang='lat' dir='ltr'><strong>Utinam</strong></span> <span class='ocrx_word' id='word_1_33' title='bbox 1250 873 1394 920; x_wconf 90' lang='lat' dir='ltr'><strong>esset</strong></span> <span class='ocrx_word' id='word_1_34' title='bbox 1414 865 1495 919; x_wconf 87' lang='lat' dir='ltr'><strong>vel</strong></span> <span class='ocrx_word' id='word_1_35' title='bbox 1511 881 1670 936; x_wconf 91' lang='lat' dir='ltr'><strong>aqua,</strong></span> <span class='ocrx_word' id='word_1_36' title='bbox 1695 868 1835 922; x_wconf 89' lang='lat' dir='ltr'><strong>unde</strong></span> 
     </span>
    </p>
   </div>
   <div class='ocr_carea' id='block_1_6' title="bbox 232 952 1831 1024">
    <p class='ocr_par' dir='ltr' id='par_1_6' title="bbox 232 952 1831 1024">
     <span class='ocr_line' id='line_1_6' title="bbox 232 952 1831 1024; baseline 0.004 -17"><span class='ocrx_word' id='word_1_37' title='bbox 232 952 576 1020; x_wconf 79' lang='lat' dir='ltr'><strong>reﬁceretur,</strong></span> <span class='ocrx_word' id='word_1_38' title='bbox 607 955 696 1023; x_wconf 89' lang='lat' dir='ltr'><strong>qui</strong></span> <span class='ocrx_word' id='word_1_39' title='bbox 721 952 845 1009; x_wconf 90' lang='lat' dir='ltr'><strong>inde</strong></span> <span class='ocrx_word' id='word_1_40' title='bbox 875 958 981 1009; x_wconf 86' lang='lat' dir='ltr'><strong>non</strong></span> <span class='ocrx_word' id='word_1_41' title='bbox 1013 964 1186 1024; x_wconf 88' lang='lat' dir='ltr'><strong>potest</strong></span> <span class='ocrx_word' id='word_1_42' title='bbox 1213 957 1398 1012; x_wconf 79' lang='lat' dir='ltr'><strong>exire!</strong></span> <span class='ocrx_word' id='word_1_43' title='bbox 1430 957 1622 1013; x_wconf 78' lang='lat' dir='ltr'><strong>Malum</strong></span> <span class='ocrx_word' id='word_1_44' title='bbox 1644 957 1831 1014; x_wconf 88' lang='lat' dir='ltr'><strong>deser-</strong></span> 
     </span>
    </p>
   </div>
   <div class='ocr_carea' id='block_1_7' title="bbox 233 1045 1833 1113">
    <p class='ocr_par' dir='ltr' id='par_1_7' title="bbox 233 1045 1833 1113">
     <span class='ocr_line' id='line_1_7' title="bbox 233 1045 1833 1113; baseline 0.004 -14"><span class='ocrx_word' id='word_1_45' title='bbox 233 1055 374 1113; x_wconf 91' lang='lat' dir='ltr'><strong>tum,</strong></span> <span class='ocrx_word' id='word_1_46' title='bbox 403 1045 662 1102; x_wconf 83' lang='lat' dir='ltr'><strong>horribile</strong></span> <span class='ocrx_word' id='word_1_47' title='bbox 690 1057 746 1102; x_wconf 89' lang='lat' dir='ltr'><strong>et</strong></span> <span class='ocrx_word' id='word_1_48' title='bbox 775 1045 1066 1103; x_wconf 89' lang='lat' dir='ltr'><strong>timendum</strong></span> <span class='ocrx_word' id='word_1_49' title='bbox 1090 1049 1105 1102; x_wconf 91' lang='lat'><strong>!</strong></span> <span class='ocrx_word' id='word_1_50' title='bbox 1139 1061 1194 1104; x_wconf 92' lang='lat' dir='ltr'><strong>et</strong></span> <span class='ocrx_word' id='word_1_51' title='bbox 1215 1059 1390 1104; x_wconf 92' lang='lat' dir='ltr'><strong>tamen</strong></span> <span class='ocrx_word' id='word_1_52' title='bbox 1418 1051 1556 1106; x_wconf 87' lang='lat' dir='ltr'><strong>Deus</strong></span> <span class='ocrx_word' id='word_1_53' title='bbox 1583 1051 1833 1107; x_wconf 86' lang='lat' dir='ltr'><strong>misertus</strong></span> 
     </span>
    </p>
   </div>
   <div class='ocr_carea' id='block_1_8' title="bbox 232 1139 1830 1213">
    <p class='ocr_par' dir='ltr' id='par_1_8' title="bbox 232 1139 1830 1213">
     <span class='ocr_line' id='line_1_8' title="bbox 232 1139 1830 1213; baseline 0.003 -19"><span class='ocrx_word' id='word_1_54' title='bbox 232 1149 320 1194; x_wconf 86' lang='lat' dir='ltr'><strong>est</strong></span> <span class='ocrx_word' id='word_1_55' title='bbox 345 1140 540 1207; x_wconf 89' lang='lat' dir='ltr'><strong>nostri,</strong></span> <span class='ocrx_word' id='word_1_56' title='bbox 570 1149 623 1195; x_wconf 91' lang='lat' dir='ltr'><strong>et</strong></span> <span class='ocrx_word' id='word_1_57' title='bbox 651 1139 778 1196; x_wconf 80' lang='lat' dir='ltr'><strong>fecit</strong></span> <span class='ocrx_word' id='word_1_58' title='bbox 813 1141 968 1196; x_wconf 91' lang='lat' dir='ltr'><strong>nobis</strong></span> <span class='ocrx_word' id='word_1_59' title='bbox 999 1142 1136 1195; x_wconf 86' lang='lat' dir='ltr'><strong>viam</strong></span> <span class='ocrx_word' id='word_1_60' title='bbox 1159 1142 1212 1195; x_wconf 93' lang='lat' dir='ltr'><strong>in</strong></span> <span class='ocrx_word' id='word_1_61' title='bbox 1240 1142 1474 1210; x_wconf 89' lang='lat' dir='ltr'><strong>deserto,</strong></span> <span class='ocrx_word' id='word_1_62' title='bbox 1510 1145 1682 1213; x_wconf 89' lang='lat' dir='ltr'><strong>ipsum</strong></span> <span class='ocrx_word' id='word_1_63' title='bbox 1727 1144 1830 1198; x_wconf 89' lang='lat' dir='ltr'><strong>Do-</strong></span> 
     </span>
    </p>
   </div>
   <div class='ocr_carea' id='block_1_9' title="bbox 227 1229 1828 1306">
    <p class='ocr_par' dir='ltr' id='par_1_9' title="bbox 227 1229 1828 1306">
     <span class='ocr_line' id='line_1_9' title="bbox 227 1229 1828 1306; baseline 0.005 -24"><span class='ocrx_word' id='word_1_64' title='bbox 227 1230 438 1284; x_wconf 87' lang='lat' dir='ltr'><strong>minum</strong></span> <span class='ocrx_word' id='word_1_65' title='bbox 469 1242 712 1284; x_wconf 89' lang='lat' dir='ltr'><strong>nostrum</strong></span> <span class='ocrx_word' id='word_1_66' title='bbox 749 1229 930 1286; x_wconf 83' lang='lat' dir='ltr'><strong>Jcsum</strong></span> <span class='ocrx_word' id='word_1_67' title='bbox 977 1231 1246 1286; x_wconf 87' lang='lat' dir='ltr'><strong>Christum</strong></span> <span class='ocrx_word' id='word_1_68' title='bbox 1297 1232 1475 1306; x_wconf 84' lang='lat' dir='ltr'><strong>(Joan.</strong></span> <span class='ocrx_word' id='word_1_69' title='bbox 1501 1249 1609 1299; x_wconf 79' lang='lat' dir='ltr'><strong>xtv,</strong></span> <span class='ocrx_word' id='word_1_70' title='bbox 1638 1235 1734 1306; x_wconf 87' lang='lat'><strong>6);</strong></span> <span class='ocrx_word' id='word_1_71' title='bbox 1773 1244 1828 1292; x_wconf 90' lang='lat' dir='ltr'><strong>et</strong></span> 
     </span>
    </p>
   </div>
   <div class='ocr_carea' id='block_1_10' title="bbox 235 1318 1826 1390">
    <p class='ocr_par' dir='ltr' id='par_1_10' title="bbox 235 1318 1826 1390">
     <span class='ocr_line' id='line_1_10' title="bbox 235 1318 1826 1390; baseline 0.004 -15"><span class='ocrx_word' id='word_1_72' title='bbox 235 1318 368 1375; x_wconf 77' lang='lat' dir='ltr'><strong>fecit</strong></span> <span class='ocrx_word' id='word_1_73' title='bbox 391 1321 549 1376; x_wconf 89' lang='lat' dir='ltr'><strong>nobis</strong></span> <span class='ocrx_word' id='word_1_74' title='bbox 576 1319 998 1377; x_wconf 89' lang='lat' dir='ltr'><strong>consolationem</strong></span> <span class='ocrx_word' id='word_1_75' title='bbox 1026 1323 1078 1377; x_wconf 91' lang='lat' dir='ltr'><strong>in</strong></span> <span class='ocrx_word' id='word_1_76' title='bbox 1102 1322 1338 1390; x_wconf 84' lang='lat' dir='ltr'><strong>deserto,</strong></span> <span class='ocrx_word' id='word_1_77' title='bbox 1369 1324 1631 1380; x_wconf 90' lang='lat' dir='ltr'><strong>mittendo</strong></span> <span class='ocrx_word' id='word_1_78' title='bbox 1646 1325 1710 1381; x_wconf 91' lang='lat' dir='ltr'><strong>ad</strong></span> <span class='ocrx_word' id='word_1_79' title='bbox 1730 1341 1826 1381; x_wconf 91' lang='lat' dir='ltr'><strong>nos</strong></span> 
     </span>
    </p>
   </div>
   <div class='ocr_carea' id='block_1_11' title="bbox 229 1411 1854 1486">
    <p class='ocr_par' dir='ltr' id='par_1_11' title="bbox 229 1411 1854 1486">
     <span class='ocr_line' id='line_1_11' title="bbox 229 1411 1854 1486; baseline 0.004 -20"><span class='ocrx_word' id='word_1_80' title='bbox 229 1411 618 1481; x_wconf 64' lang='lat' dir='ltr'><strong>predieatores</strong></span> <span class='ocrx_word' id='word_1_81' title='bbox 647 1411 795 1468; x_wconf 82' lang='lat' dir='ltr'><strong>verbi</strong></span> <span class='ocrx_word' id='word_1_82' title='bbox 828 1413 908 1468; x_wconf 90' lang='lat' dir='ltr'><strong>sui</strong></span> <span class='ocrx_word' id='word_1_83' title='bbox 936 1430 950 1480; x_wconf 93' lang='lat'><strong>;</strong></span> <span class='ocrx_word' id='word_1_84' title='bbox 982 1422 1033 1468; x_wconf 88' lang='lat' dir='ltr'><strong>et</strong></span> <span class='ocrx_word' id='word_1_85' title='bbox 1062 1412 1212 1469; x_wconf 89' lang='lat' dir='ltr'><strong>dedit</strong></span> <span class='ocrx_word' id='word_1_86' title='bbox 1239 1415 1395 1470; x_wconf 86' lang='lat' dir='ltr'><strong>nobis</strong></span> <span class='ocrx_word' id='word_1_87' title='bbox 1423 1431 1614 1486; x_wconf 88' lang='lat' dir='ltr'><strong>aquam</strong></span> <span class='ocrx_word' id='word_1_88' title='bbox 1642 1416 1694 1471; x_wconf 90' lang='lat' dir='ltr'><strong>in</strong></span> <span class='ocrx_word' id='word_1_89' title='bbox 1731 1417 1824 1472; x_wconf 90' lang='lat' dir='ltr'><strong>de-</strong></span> <span class='ocrx_word' id='word_1_90' title='bbox 1852 1462 1854 1464; x_wconf 48' lang='grc' dir='ltr'><strong><em>τ</em></strong></span> 
     </span>
    </p>
   </div>
   <div class='ocr_carea' id='block_1_12' title="bbox 225 1505 1826 1577">
    <p class='ocr_par' dir='ltr' id='par_1_12' title="bbox 225 1505 1826 1577">
     <span class='ocr_line' id='line_1_12' title="bbox 225 1505 1826 1577; baseline 0.002 -17"><span class='ocrx_word' id='word_1_91' title='bbox 225 1513 400 1571; x_wconf 70' lang='lat' dir='ltr'><strong>serto,</strong></span> <span class='ocrx_word' id='word_1_92' title='bbox 440 1505 669 1576; x_wconf 89' lang='lat' dir='ltr'><strong>implens</strong></span> <span class='ocrx_word' id='word_1_93' title='bbox 695 1505 894 1576; x_wconf 87' lang='lat' dir='ltr'><strong>Spiritu</strong></span> <span class='ocrx_word' id='word_1_94' title='bbox 945 1518 1132 1561; x_wconf 88' lang='lat' dir='ltr'><strong>sancto</strong></span> <span class='ocrx_word' id='word_1_95' title='bbox 1160 1506 1537 1577; x_wconf 66' lang='lat' dir='ltr'><strong>praedicatores</strong></span> <span class='ocrx_word' id='word_1_96' title='bbox 1579 1524 1726 1576; x_wconf 85' lang='lat' dir='ltr'><strong>suos,</strong></span> <span class='ocrx_word' id='word_1_97' title='bbox 1767 1517 1826 1564; x_wconf 89' lang='lat' dir='ltr'><strong>ut</strong></span> 
     </span>
    </p>
   </div>
   <div class='ocr_carea' id='block_1_13' title="bbox 223 1595 1820 1667">
    <p class='ocr_par' dir='ltr' id='par_1_13' title="bbox 223 1595 1820 1667">
     <span class='ocr_line' id='line_1_13' title="bbox 223 1595 1820 1667; baseline 0.003 -18"><span class='ocrx_word' id='word_1_98' title='bbox 223 1595 383 1651; x_wconf 80' lang='lat' dir='ltr'><strong>lieret</strong></span> <span class='ocrx_word' id='word_1_99' title='bbox 406 1597 461 1653; x_wconf 91' lang='lat' dir='ltr'><strong>in</strong></span> <span class='ocrx_word' id='word_1_100' title='bbox 507 1597 587 1652; x_wconf 87' lang='lat' dir='ltr'><strong>eis</strong></span> <span class='ocrx_word' id='word_1_101' title='bbox 629 1597 746 1651; x_wconf 78' lang='lat' dir='ltr'><strong>fons</strong></span> <span class='ocrx_word' id='word_1_102' title='bbox 793 1613 947 1667; x_wconf 68' lang='lat' dir='ltr'><strong>aqure</strong></span> <span class='ocrx_word' id='word_1_103' title='bbox 987 1598 1231 1652; x_wconf 83' lang='lat' dir='ltr'><strong>salientis</strong></span> <span class='ocrx_word' id='word_1_104' title='bbox 1261 1599 1314 1652; x_wconf 91' lang='lat' dir='ltr'><strong>in</strong></span> <span class='ocrx_word' id='word_1_105' title='bbox 1359 1599 1518 1654; x_wconf 88' lang='lat' dir='ltr'><strong>vitam</strong></span> <span class='ocrx_word' id='word_1_106' title='bbox 1564 1607 1820 1654; x_wconf 65' lang='lat' dir='ltr'><strong>aeternam</strong></span> 
     </span>
    </p>
   </div>
   <div class='ocr_carea' id='block_1_14' title="bbox 221 1684 1815 1761">
    <p class='ocr_par' dir='ltr' id='par_1_14' title="bbox 221 1684 1815 1761">
     <span class='ocr_line' id='line_1_14' title="bbox 221 1684 1815 1761; baseline 0.003 -19"><span class='ocrx_word' id='word_1_107' title='bbox 221 1684 342 1758; x_wconf 82' lang='lat' dir='ltr'><strong>(Id.</strong></span> <span class='ocrx_word' id='word_1_108' title='bbox 373 1704 447 1754; x_wconf 89' lang='lat' dir='ltr'><strong>tv,</strong></span> <span class='ocrx_word' id='word_1_109' title='bbox 478 1689 592 1761; x_wconf 74' lang='lat' dir='ltr'><strong>M).</strong></span> <span class='ocrx_word' id='word_1_110' title='bbox 634 1689 701 1744; x_wconf 80' lang='lat' dir='ltr'><strong>Et</strong></span> <span class='ocrx_word' id='word_1_111' title='bbox 744 1704 870 1745; x_wconf 87' lang='lat' dir='ltr'><strong>ecce</strong></span> <span class='ocrx_word' id='word_1_112' title='bbox 901 1689 1156 1745; x_wconf 88' lang='lat' dir='ltr'><strong>habemus</strong></span> <span class='ocrx_word' id='word_1_113' title='bbox 1185 1692 1270 1745; x_wconf 92' lang='lat' dir='ltr'><strong>hic</strong></span> <span class='ocrx_word' id='word_1_114' title='bbox 1311 1692 1522 1757; x_wconf 89' lang='lat' dir='ltr'><strong>omnia;</strong></span> <span class='ocrx_word' id='word_1_115' title='bbox 1572 1693 1667 1746; x_wconf 84' lang='lat' dir='ltr'><strong>sed</strong></span> <span class='ocrx_word' id='word_1_116' title='bbox 1711 1709 1815 1747; x_wconf 89' lang='lat' dir='ltr'><strong>non</strong></span> 
     </span>
    </p>
   </div>
   <div class='ocr_carea' id='block_1_15' title="bbox 221 1779 1821 1853">
    <p class='ocr_par' dir='ltr' id='par_1_15' title="bbox 221 1779 1821 1853">
     <span class='ocr_line' id='line_1_15' title="bbox 221 1779 1821 1853; baseline 0.003 -20"><span class='ocrx_word' id='word_1_117' title='bbox 221 1787 354 1834; x_wconf 85' lang='lat' dir='ltr'><strong>sunt</strong></span> <span class='ocrx_word' id='word_1_118' title='bbox 397 1779 467 1834; x_wconf 93' lang='lat' dir='ltr'><strong>de</strong></span> <span class='ocrx_word' id='word_1_119' title='bbox 512 1779 748 1834; x_wconf 87' lang='lat' dir='ltr'><strong>deserto.</strong></span> <span class='ocrx_word' id='word_1_120' title='bbox 800 1780 942 1851; x_wconf 86' lang='lat' dir='ltr'><strong>Ergo</strong></span> <span class='ocrx_word' id='word_1_121' title='bbox 995 1782 1375 1850; x_wconf 76' lang='lat' dir='ltr'><strong>proprietatem</strong></span> <span class='ocrx_word' id='word_1_122' title='bbox 1424 1782 1621 1836; x_wconf 89' lang='lat' dir='ltr'><strong>deserti</strong></span> <span class='ocrx_word' id='word_1_123' title='bbox 1671 1784 1821 1853; x_wconf 89' lang='lat' dir='ltr'><strong>prius</strong></span> 
     </span>
    </p>
   </div>
   <div class='ocr_carea' id='block_1_16' title="bbox 214 1869 1819 1944">
    <p class='ocr_par' dir='ltr' id='par_1_16' title="bbox 214 1869 1819 1944">
     <span class='ocr_line' id='line_1_16' title="bbox 214 1869 1819 1944; baseline 0.002 -18"><span class='ocrx_word' id='word_1_124' title='bbox 214 1869 619 1926; x_wconf 80' lang='lat' dir='ltr'><strong>commendavit</strong></span> <span class='ocrx_word' id='word_1_125' title='bbox 642 1869 903 1934; x_wconf 88' lang='lat' dir='ltr'><strong>Psalmus,</strong></span> <span class='ocrx_word' id='word_1_126' title='bbox 949 1880 1008 1927; x_wconf 82' lang='lat' dir='ltr'><strong>ut</strong></span> <span class='ocrx_word' id='word_1_127' title='bbox 1034 1881 1088 1925; x_wconf 94' lang='lat' dir='ltr'><strong>et</strong></span> <span class='ocrx_word' id='word_1_128' title='bbox 1111 1881 1165 1925; x_wconf 92' lang='lat' dir='ltr'><strong>tu</strong></span> <span class='ocrx_word' id='word_1_129' title='bbox 1189 1886 1309 1926; x_wconf 92' lang='lat' dir='ltr'><strong>cum</strong></span> <span class='ocrx_word' id='word_1_130' title='bbox 1337 1873 1579 1928; x_wconf 82' lang='lat' dir='ltr'><strong>audisses</strong></span> <span class='ocrx_word' id='word_1_131' title='bbox 1629 1873 1682 1928; x_wconf 93' lang='lat' dir='ltr'><strong>in</strong></span> <span class='ocrx_word' id='word_1_132' title='bbox 1713 1890 1819 1944; x_wconf 90' lang='lat' dir='ltr'><strong>quo</strong></span> 
     </span>
    </p>
   </div>
   <div class='ocr_carea' id='block_1_17' title="bbox 220 1963 1814 2034">
    <p class='ocr_par' dir='ltr' id='par_1_17' title="bbox 220 1963 1814 2034">
     <span class='ocr_line' id='line_1_17' title="bbox 220 1963 1814 2034; baseline 0.002 -16"><span class='ocrx_word' id='word_1_133' title='bbox 220 1965 370 2018; x_wconf 86' lang='lat' dir='ltr'><strong>malo</strong></span> <span class='ocrx_word' id='word_1_134' title='bbox 393 1977 564 2029; x_wconf 87' lang='lat' dir='ltr'><strong>esses,</strong></span> <span class='ocrx_word' id='word_1_135' title='bbox 606 1963 650 2019; x_wconf 90' lang='lat' dir='ltr'><strong>si</strong></span> <span class='ocrx_word' id='word_1_136' title='bbox 698 1977 830 2034; x_wconf 90' lang='lat' dir='ltr'><strong>quas</strong></span> <span class='ocrx_word' id='word_1_137' title='bbox 861 1963 948 2017; x_wconf 91' lang='lat' dir='ltr'><strong>hic</strong></span> <span class='ocrx_word' id='word_1_138' title='bbox 971 1963 1165 2018; x_wconf 90' lang='lat' dir='ltr'><strong>habere</strong></span> <span class='ocrx_word' id='word_1_139' title='bbox 1194 1979 1380 2034; x_wconf 89' lang='lat' dir='ltr'><strong>posses</strong></span> <span class='ocrx_word' id='word_1_140' title='bbox 1401 1965 1814 2032; x_wconf 86' lang='lat' dir='ltr'><strong>consolationes,</strong></span> 
     </span>
    </p>
   </div>
   <div class='ocr_carea' id='block_1_18' title="bbox 220 2055 1814 2126">
    <p class='ocr_par' dir='ltr' id='par_1_18' title="bbox 220 2055 1814 2126">
     <span class='ocr_line' id='line_1_18' title="bbox 220 2055 1814 2126; baseline 0.005 -19"><span class='ocrx_word' id='word_1_141' title='bbox 220 2055 309 2111; x_wconf 86' lang='lat' dir='ltr'><strong>vel</strong></span> <span class='ocrx_word' id='word_1_142' title='bbox 343 2057 631 2113; x_wconf 85' lang='lat' dir='ltr'><strong>sociorum.</strong></span> <span class='ocrx_word' id='word_1_143' title='bbox 682 2056 765 2110; x_wconf 85' lang='lat' dir='ltr'><strong>vel</strong></span> <span class='ocrx_word' id='word_1_144' title='bbox 795 2057 914 2122; x_wconf 71' lang='lat' dir='ltr'><strong>vim,</strong></span> <span class='ocrx_word' id='word_1_145' title='bbox 945 2057 1027 2109; x_wconf 88' lang='lat' dir='ltr'><strong>vel</strong></span> <span class='ocrx_word' id='word_1_146' title='bbox 1056 2072 1232 2126; x_wconf 66' lang='lat' dir='ltr'><strong>aqu-.e,</strong></span> <span class='ocrx_word' id='word_1_147' title='bbox 1275 2073 1382 2112; x_wconf 92' lang='lat' dir='ltr'><strong>non</strong></span> <span class='ocrx_word' id='word_1_148' title='bbox 1424 2057 1689 2113; x_wconf 86' lang='lat' dir='ltr'><strong>tribueres</strong></span> <span class='ocrx_word' id='word_1_149' title='bbox 1717 2057 1814 2115; x_wconf 86' lang='lat' dir='ltr'><strong>de-</strong></span> 
     </span>
    </p>
   </div>
   <div class='ocr_carea' id='block_1_19' title="bbox 218 2147 1808 2218">
    <p class='ocr_par' dir='ltr' id='par_1_19' title="bbox 218 2147 1808 2218">
     <span class='ocr_line' id='line_1_19' title="bbox 218 2147 1808 2218; baseline 0.001 -15"><span class='ocrx_word' id='word_1_150' title='bbox 218 2159 394 2212; x_wconf 75' lang='lat' dir='ltr'><strong>serto,</strong></span> <span class='ocrx_word' id='word_1_151' title='bbox 427 2147 521 2202; x_wconf 88' lang='lat' dir='ltr'><strong>sed</strong></span> <span class='ocrx_word' id='word_1_152' title='bbox 546 2149 619 2201; x_wconf 92' lang='lat' dir='ltr'><strong>illi</strong></span> <span class='ocrx_word' id='word_1_153' title='bbox 652 2149 739 2217; x_wconf 87' lang='lat' dir='ltr'><strong>qtti</strong></span> <span class='ocrx_word' id='word_1_154' title='bbox 771 2157 821 2202; x_wconf 91' lang='lat' dir='ltr'><strong>te</strong></span> <span class='ocrx_word' id='word_1_155' title='bbox 854 2148 1074 2202; x_wconf 82' lang='lat' dir='ltr'><strong>visitare</strong></span> <span class='ocrx_word' id='word_1_156' title='bbox 1098 2149 1345 2218; x_wconf 85' lang='lat' dir='ltr'><strong>dignatus</strong></span> <span class='ocrx_word' id='word_1_157' title='bbox 1370 2159 1450 2203; x_wconf 88' lang='lat' dir='ltr'><strong>est</strong></span> <span class='ocrx_word' id='word_1_158' title='bbox 1490 2148 1540 2203; x_wconf 90' lang='lat' dir='ltr'><strong>in</strong></span> <span class='ocrx_word' id='word_1_159' title='bbox 1573 2149 1808 2204; x_wconf 90' lang='lat' dir='ltr'><strong>deserto.</strong></span> 
     </span>
    </p>
   </div>
   <div class='ocr_carea' id='block_1_20' title="bbox 290 2238 1807 2308">
    <p class='ocr_par' dir='ltr' id='par_1_20' title="bbox 290 2238 1807 2308">
     <span class='ocr_line' id='line_1_20' title="bbox 290 2238 1807 2308; baseline -0.001 -15"><span class='ocrx_word' id='word_1_160' title='bbox 290 2238 349 2294; x_wconf 91' lang='lat'><strong>9.</strong></span> <span class='ocrx_word' id='word_1_161' title='bbox 388 2238 478 2292; x_wconf 86' lang='lat' dir='ltr'><strong>Sic</strong></span> <span class='ocrx_word' id='word_1_162' title='bbox 505 2239 558 2290; x_wconf 88' lang='lat' dir='ltr'><strong>in</strong></span> <span class='ocrx_word' id='word_1_163' title='bbox 582 2247 756 2290; x_wconf 72' lang='lat' dir='ltr'><strong>sancto</strong></span> <span class='ocrx_word' id='word_1_164' title='bbox 776 2239 991 2308; x_wconf 79' lang='lat' dir='ltr'><strong>apparui</strong></span> <span class='ocrx_word' id='word_1_165' title='bbox 1017 2238 1125 2304; x_wconf 76' lang='lat' dir='ltr'><strong>tibi,</strong></span> <span class='ocrx_word' id='word_1_166' title='bbox 1169 2249 1220 2291; x_wconf 81' lang='lat' dir='ltr'><strong>ut</strong></span> <span class='ocrx_word' id='word_1_167' title='bbox 1265 2238 1481 2292; x_wconf 82' lang='lat' dir='ltr'><strong>viderent</strong></span> <span class='ocrx_word' id='word_1_168' title='bbox 1531 2241 1807 2308; x_wconf 85' lang='lat' dir='ltr'><strong>potentiam</strong></span> 
     </span>
    </p>
   </div>
   <div class='ocr_carea' id='block_1_21' title="bbox 216 2328 1813 2397">
    <p class='ocr_par' dir='ltr' id='par_1_21' title="bbox 216 2328 1813 2397">
     <span class='ocr_line' id='line_1_21' title="bbox 216 2328 1813 2397; baseline 0.002 -16"><span class='ocrx_word' id='word_1_169' title='bbox 216 2338 384 2394; x_wconf 80' lang='lat' dir='ltr'><strong>tuam,</strong></span> <span class='ocrx_word' id='word_1_170' title='bbox 433 2339 480 2382; x_wconf 84' lang='lat' dir='ltr'><strong>et</strong></span> <span class='ocrx_word' id='word_1_171' title='bbox 506 2328 722 2397; x_wconf 70' lang='lat' dir='ltr'><strong>glon’am</strong></span> <span class='ocrx_word' id='word_1_172' title='bbox 757 2337 915 2380; x_wconf 82' lang='lat' dir='ltr'><strong>tuum.</strong></span> <span class='ocrx_word' id='word_1_173' title='bbox 964 2328 1144 2382; x_wconf 86' lang='lat' dir='ltr'><strong>Primo</strong></span> <span class='ocrx_word' id='word_1_174' title='bbox 1177 2329 1342 2384; x_wconf 89' lang='lat' dir='ltr'><strong>sitivit</strong></span> <span class='ocrx_word' id='word_1_175' title='bbox 1387 2330 1561 2382; x_wconf 90' lang='lat' dir='ltr'><strong>anima</strong></span> <span class='ocrx_word' id='word_1_176' title='bbox 1591 2345 1731 2393; x_wconf 89' lang='lat' dir='ltr'><strong>mea,</strong></span> <span class='ocrx_word' id='word_1_177' title='bbox 1761 2339 1813 2384; x_wconf 91' lang='lat' dir='ltr'><strong>et</strong></span> 
     </span>
    </p>
   </div>
   <div class='ocr_carea' id='block_1_22' title="bbox 213 2419 1814 2489">
    <p class='ocr_par' dir='ltr' id='par_1_22' title="bbox 213 2419 1814 2489">
     <span class='ocr_line' id='line_1_22' title="bbox 213 2419 1814 2489; baseline 0.001 -15"><span class='ocrx_word' id='word_1_178' title='bbox 213 2435 347 2474; x_wconf 78' lang='lat' dir='ltr'><strong>caro</strong></span> <span class='ocrx_word' id='word_1_179' title='bbox 370 2435 488 2476; x_wconf 80' lang='lat' dir='ltr'><strong>mea</strong></span> <span class='ocrx_word' id='word_1_180' title='bbox 519 2419 883 2489; x_wconf 88' lang='lat' dir='ltr'><strong>multipliciter</strong></span> <span class='ocrx_word' id='word_1_181' title='bbox 911 2421 1002 2473; x_wconf 87' lang='lat' dir='ltr'><strong>tibi</strong></span> <span class='ocrx_word' id='word_1_182' title='bbox 1034 2421 1084 2474; x_wconf 91' lang='lat' dir='ltr'><strong>in</strong></span> <span class='ocrx_word' id='word_1_183' title='bbox 1105 2419 1339 2485; x_wconf 87' lang='lat' dir='ltr'><strong>deserto,</strong></span> <span class='ocrx_word' id='word_1_184' title='bbox 1371 2431 1422 2474; x_wconf 89' lang='lat' dir='ltr'><strong>et</strong></span> <span class='ocrx_word' id='word_1_185' title='bbox 1456 2422 1506 2474; x_wconf 90' lang='lat' dir='ltr'><strong>in</strong></span> <span class='ocrx_word' id='word_1_186' title='bbox 1538 2433 1676 2476; x_wconf 89' lang='lat' dir='ltr'><strong>terra</strong></span> <span class='ocrx_word' id='word_1_187' title='bbox 1699 2424 1814 2476; x_wconf 93' lang='lat' dir='ltr'><strong>sine</strong></span> 
     </span>
    </p>
   </div>
   <div class='ocr_carea' id='block_1_23' title="bbox 213 2511 1814 2582">
    <p class='ocr_par' dir='ltr' id='par_1_23' title="bbox 213 2511 1814 2582">
     <span class='ocr_line' id='line_1_23' title="bbox 213 2511 1814 2582; baseline 0.002 -19"><span class='ocrx_word' id='word_1_188' title='bbox 213 2513 320 2575; x_wconf 82' lang='lat' dir='ltr'><strong>via,</strong></span> <span class='ocrx_word' id='word_1_189' title='bbox 354 2519 408 2566; x_wconf 90' lang='lat' dir='ltr'><strong>et</strong></span> <span class='ocrx_word' id='word_1_190' title='bbox 433 2512 550 2566; x_wconf 88' lang='lat' dir='ltr'><strong>sine</strong></span> <span class='ocrx_word' id='word_1_191' title='bbox 578 2527 748 2581; x_wconf 89' lang='lat' dir='ltr'><strong>aqua;</strong></span> <span class='ocrx_word' id='word_1_192' title='bbox 793 2521 847 2565; x_wconf 94' lang='lat' dir='ltr'><strong>et</strong></span> <span class='ocrx_word' id='word_1_193' title='bbox 867 2511 943 2565; x_wconf 72' lang='lat' dir='ltr'><strong>sic</strong></span> <span class='ocrx_word' id='word_1_194' title='bbox 963 2511 1012 2563; x_wconf 86' lang='lat' dir='ltr'><strong>in</strong></span> <span class='ocrx_word' id='word_1_195' title='bbox 1037 2524 1212 2565; x_wconf 81' lang='lat' dir='ltr'><strong>sancto</strong></span> <span class='ocrx_word' id='word_1_196' title='bbox 1238 2512 1455 2582; x_wconf 79' lang='lat' dir='ltr'><strong>apparni</strong></span> <span class='ocrx_word' id='word_1_197' title='bbox 1484 2513 1592 2576; x_wconf 81' lang='lat' dir='ltr'><strong>tibi,</strong></span> <span class='ocrx_word' id='word_1_198' title='bbox 1639 2522 1694 2564; x_wconf 88' lang='lat' dir='ltr'><strong>ut</strong></span> <span class='ocrx_word' id='word_1_199' title='bbox 1738 2514 1814 2566; x_wconf 79' lang='lat' dir='ltr'><strong>vi-</strong></span> 
     </span>
    </p>
   </div>
   <div class='ocr_carea' id='block_1_24' title="bbox 213 2601 1812 2673">
    <p class='ocr_par' dir='ltr' id='par_1_24' title="bbox 213 2601 1812 2673">
     <span class='ocr_line' id='line_1_24' title="bbox 213 2601 1812 2673; baseline 0.001 -18"><span class='ocrx_word' id='word_1_200' title='bbox 213 2603 389 2656; x_wconf 76' lang='lat' dir='ltr'><strong>derem</strong></span> <span class='ocrx_word' id='word_1_201' title='bbox 413 2601 686 2671; x_wconf 75' lang='lat' dir='ltr'><strong>potentiam</strong></span> <span class='ocrx_word' id='word_1_202' title='bbox 713 2611 872 2666; x_wconf 86' lang='lat' dir='ltr'><strong>tuam,</strong></span> <span class='ocrx_word' id='word_1_203' title='bbox 908 2610 953 2654; x_wconf 89' lang='lat' dir='ltr'><strong>et</strong></span> <span class='ocrx_word' id='word_1_204' title='bbox 975 2601 1190 2672; x_wconf 82' lang='lat' dir='ltr'><strong>gloriam</strong></span> <span class='ocrx_word' id='word_1_205' title='bbox 1218 2613 1376 2655; x_wconf 86' lang='lat' dir='ltr'><strong>luant.</strong></span> <span class='ocrx_word' id='word_1_206' title='bbox 1419 2602 1528 2655; x_wconf 81' lang='lat' dir='ltr'><strong>Nisi</strong></span> <span class='ocrx_word' id='word_1_207' title='bbox 1553 2603 1671 2673; x_wconf 85' lang='lat' dir='ltr'><strong>quis</strong></span> <span class='ocrx_word' id='word_1_208' title='bbox 1701 2605 1812 2673; x_wconf 85' lang='lat' dir='ltr'><strong>pri-</strong></span> 
     </span>
    </p>
   </div>
   <div class='ocr_carea' id='block_1_25' title="bbox 213 2689 1805 2762">
    <p class='ocr_par' dir='ltr' id='par_1_25' title="bbox 213 2689 1805 2762">
     <span class='ocr_line' id='line_1_25' title="bbox 213 2689 1805 2762; baseline 0.001 -17"><span class='ocrx_word' id='word_1_209' title='bbox 213 2707 308 2745; x_wconf 87' lang='lat' dir='ltr'><strong>mo</strong></span> <span class='ocrx_word' id='word_1_210' title='bbox 337 2691 483 2744; x_wconf 89' lang='lat' dir='ltr'><strong>sitiat</strong></span> <span class='ocrx_word' id='word_1_211' title='bbox 525 2689 577 2744; x_wconf 91' lang='lat' dir='ltr'><strong>in</strong></span> <span class='ocrx_word' id='word_1_212' title='bbox 609 2691 712 2744; x_wconf 88' lang='lat' dir='ltr'><strong>isto</strong></span> <span class='ocrx_word' id='word_1_213' title='bbox 739 2690 972 2757; x_wconf 91' lang='lat' dir='ltr'><strong>deserto,</strong></span> <span class='ocrx_word' id='word_1_214' title='bbox 1020 2691 1070 2746; x_wconf 89' lang='lat' dir='ltr'><strong>id</strong></span> <span class='ocrx_word' id='word_1_215' title='bbox 1097 2702 1178 2746; x_wconf 91' lang='lat' dir='ltr'><strong>est</strong></span> <span class='ocrx_word' id='word_1_216' title='bbox 1226 2692 1366 2746; x_wconf 90' lang='lat' dir='ltr'><strong>malo</strong></span> <span class='ocrx_word' id='word_1_217' title='bbox 1412 2693 1461 2745; x_wconf 90' lang='lat' dir='ltr'><strong>in</strong></span> <span class='ocrx_word' id='word_1_218' title='bbox 1508 2709 1614 2762; x_wconf 86' lang='lat' dir='ltr'><strong>quo</strong></span> <span class='ocrx_word' id='word_1_219' title='bbox 1652 2705 1732 2747; x_wconf 80' lang='lat' dir='ltr'><strong>est</strong></span> <span class='ocrx_word' id='word_1_220' title='bbox 1767 2696 1805 2758; x_wconf 76' lang='grc' dir='ltr'><strong>ί,</strong></span> 
     </span>
    </p>
   </div>
   <div class='ocr_carea' id='block_1_26' title="bbox 210 2781 1809 2854">
    <p class='ocr_par' dir='ltr' id='par_1_26' title="bbox 210 2781 1809 2854">
     <span class='ocr_line' id='line_1_26' title="bbox 210 2781 1809 2854; baseline 0.001 -18"><span class='ocrx_word' id='word_1_221' title='bbox 210 2797 488 2852; x_wconf 80' lang='lat' dir='ltr'><strong>nunquam</strong></span> <span class='ocrx_word' id='word_1_222' title='bbox 521 2781 763 2852; x_wconf 78' lang='lat' dir='ltr'><strong>pervenit</strong></span> <span class='ocrx_word' id='word_1_223' title='bbox 788 2781 854 2836; x_wconf 90' lang='lat' dir='ltr'><strong>ad</strong></span> <span class='ocrx_word' id='word_1_224' title='bbox 883 2782 1080 2837; x_wconf 91' lang='lat' dir='ltr'><strong>bonum</strong></span> <span class='ocrx_word' id='word_1_225' title='bbox 1105 2783 1247 2853; x_wconf 88' lang='lat' dir='ltr'><strong>quod</strong></span> <span class='ocrx_word' id='word_1_226' title='bbox 1274 2793 1357 2838; x_wconf 82' lang='lat' dir='ltr'><strong>est</strong></span> <span class='ocrx_word' id='word_1_227' title='bbox 1387 2783 1548 2838; x_wconf 91' lang='lat' dir='ltr'><strong>Deus.</strong></span> <span class='ocrx_word' id='word_1_228' title='bbox 1577 2785 1809 2854; x_wconf 81' lang='lat' dir='ltr'><strong>Apparut’</strong></span> 
     </span>
    </p>
   </div>
   <div class='ocr_carea' id='block_1_27' title="bbox 215 2873 1808 2942">
    <p class='ocr_par' dir='ltr' id='par_1_27' title="bbox 215 2873 1808 2942">
     <span class='ocr_line' id='line_1_27' title="bbox 215 2873 1808 2942; baseline 0.001 -16"><span class='ocrx_word' id='word_1_229' title='bbox 215 2882 401 2927; x_wconf 85' lang='lat' dir='ltr'><strong>autem</strong></span> <span class='ocrx_word' id='word_1_230' title='bbox 429 2873 534 2936; x_wconf 85' lang='lat' dir='ltr'><strong>tibi,</strong></span> <span class='ocrx_word' id='word_1_231' title='bbox 571 2873 762 2942; x_wconf 87' lang='lat' dir='ltr'><strong>inquit,</strong></span> <span class='ocrx_word' id='word_1_232' title='bbox 789 2874 843 2927; x_wconf 87' lang='lat' dir='ltr'><strong>in</strong></span> <span class='ocrx_word' id='word_1_233' title='bbox 888 2884 1085 2928; x_wconf 72' lang='lat' dir='ltr'><strong>sancto.</strong></span> <span class='ocrx_word' id='word_1_234' title='bbox 1134 2874 1250 2928; x_wconf 85' lang='lat' dir='ltr'><strong>Jam</strong></span> <span class='ocrx_word' id='word_1_235' title='bbox 1278 2876 1329 2927; x_wconf 92' lang='lat' dir='ltr'><strong>in</strong></span> <span class='ocrx_word' id='word_1_236' title='bbox 1363 2885 1546 2928; x_wconf 76' lang='lat' dir='ltr'><strong>saneto</strong></span> <span class='ocrx_word' id='word_1_237' title='bbox 1572 2887 1653 2930; x_wconf 86' lang='lat' dir='ltr'><strong>est</strong></span> <span class='ocrx_word' id='word_1_238' title='bbox 1695 2892 1808 2929; x_wconf 84' lang='lat' dir='ltr'><strong>ma-</strong></span> 
     </span>
    </p>
   </div>
   <div class='ocr_carea' id='block_1_28' title="bbox 213 2963 1802 3036">
    <p class='ocr_par' dir='ltr' id='par_1_28' title="bbox 213 2963 1802 3036">
     <span class='ocr_line' id='line_1_28' title="bbox 213 2963 1802 3036; baseline 0.003 -20"><span class='ocrx_word' id='word_1_239' title='bbox 213 2979 321 3034; x_wconf 84' lang='lat' dir='ltr'><strong>gna</strong></span> <span class='ocrx_word' id='word_1_240' title='bbox 352 2963 672 3018; x_wconf 78' lang='lat' dir='ltr'><strong>consolatio.</strong></span> <span class='ocrx_word' id='word_1_241' title='bbox 704 2964 938 3034; x_wconf 81' lang='lat' dir='ltr'><strong>Apparui</strong></span> <span class='ocrx_word' id='word_1_242' title='bbox 963 2963 1072 3026; x_wconf 78' lang='lat' dir='ltr'><strong>tibi,</strong></span> <span class='ocrx_word' id='word_1_243' title='bbox 1090 2964 1216 3036; x_wconf 84' lang='lat' dir='ltr'><strong>quid</strong></span> <span class='ocrx_word' id='word_1_244' title='bbox 1233 2965 1352 3018; x_wconf 81' lang='lat' dir='ltr'><strong>est?</strong></span> <span class='ocrx_word' id='word_1_245' title='bbox 1377 2965 1443 3020; x_wconf 87' lang='lat' dir='ltr'><strong>Ut</strong></span> <span class='ocrx_word' id='word_1_246' title='bbox 1462 2966 1671 3020; x_wconf 82' lang='lat' dir='ltr'><strong>videres</strong></span> <span class='ocrx_word' id='word_1_247' title='bbox 1689 2982 1802 3020; x_wconf 90' lang='lat' dir='ltr'><strong>me:</strong></span> 
     </span>
    </p>
   </div>
   <div class='ocr_carea' id='block_1_29' title="bbox 207 3045 1804 3127">
    <p class='ocr_par' dir='ltr' id='par_1_29' title="bbox 207 3045 1804 3127">
     <span class='ocr_line' id='line_1_29' title="bbox 207 3045 1804 3127; baseline -0.001 -16"><span class='ocrx_word' id='word_1_248' title='bbox 207 3066 268 3111; x_wconf 88' lang='lat' dir='ltr'><strong>et</strong></span> <span class='ocrx_word' id='word_1_249' title='bbox 293 3055 419 3112; x_wconf 88' lang='lat' dir='ltr'><strong>ideo</strong></span> <span class='ocrx_word' id='word_1_250' title='bbox 443 3056 620 3110; x_wconf 85' lang='lat' dir='ltr'><strong>vidisti</strong></span> <span class='ocrx_word' id='word_1_251' title='bbox 659 3073 745 3113; x_wconf 91' lang='lat' dir='ltr'><strong>me</strong></span> <span class='ocrx_word' id='word_1_252' title='bbox 773 3065 830 3111; x_wconf 90' lang='lat' dir='ltr'><strong>ut</strong></span> <span class='ocrx_word' id='word_1_253' title='bbox 855 3045 1093 3112; x_wconf 84' lang='lat' dir='ltr'><strong>viderem</strong></span> <span class='ocrx_word' id='word_1_254' title='bbox 1125 3067 1197 3112; x_wconf 90' lang='lat' dir='ltr'><strong>te.</strong></span> <span class='ocrx_word' id='word_1_255' title='bbox 1243 3057 1474 3127; x_wconf 79' lang='lat' dir='ltr'><strong>Apparut‘</strong></span> <span class='ocrx_word' id='word_1_256' title='bbox 1505 3057 1612 3123; x_wconf 82' lang='lat' dir='ltr'><strong>tibi,</strong></span> <span class='ocrx_word' id='word_1_257' title='bbox 1646 3060 1699 3111; x_wconf 84' lang='lat' dir='ltr'><strong>nl</strong></span> <span class='ocrx_word' id='word_1_258' title='bbox 1729 3059 1804 3110; x_wconf 83' lang='lat' dir='ltr'><strong>vi-</strong></span> 
     </span>
    </p>
   </div>
   <div class='ocr_carea' id='block_1_30' title="bbox 206 3149 1807 3225">
    <p class='ocr_par' dir='ltr' id='par_1_30' title="bbox 206 3149 1807 3225">
     <span class='ocr_line' id='line_1_30' title="bbox 206 3149 1807 3225; baseline -0.001 -21"><span class='ocrx_word' id='word_1_259' title='bbox 206 3149 406 3206; x_wconf 82' lang='lat' dir='ltr'><strong>derem.</strong></span> <span class='ocrx_word' id='word_1_260' title='bbox 442 3149 558 3205; x_wconf 84' lang='lat' dir='ltr'><strong>Non</strong></span> <span class='ocrx_word' id='word_1_261' title='bbox 590 3149 1012 3225; x_wconf 79' lang='lat' dir='ltr'><strong>dixit.A_pparui</strong></span> <span class='ocrx_word' id='word_1_262' title='bbox 1037 3150 1154 3215; x_wconf 92' lang='lat' dir='ltr'><strong>tibi,</strong></span> <span class='ocrx_word' id='word_1_263' title='bbox 1188 3159 1245 3204; x_wconf 92' lang='lat' dir='ltr'><strong>ut</strong></span> <span class='ocrx_word' id='word_1_264' title='bbox 1272 3151 1654 3215; x_wconf 86' lang='lat' dir='ltr'><strong>videres;sed,</strong></span> <span class='ocrx_word' id='word_1_265' title='bbox 1699 3150 1807 3220; x_wconf 81' lang='lat' dir='ltr'><strong>Ap-</strong></span> 
     </span>
    </p>
   </div>
   <div class='ocr_carea' id='block_1_31' title="bbox 208 3241 1800 3314">
    <p class='ocr_par' dir='ltr' id='par_1_31' title="bbox 208 3241 1800 3314">
     <span class='ocr_line' id='line_1_31' title="bbox 208 3241 1800 3314; baseline 0.001 -18"><span class='ocrx_word' id='word_1_266' title='bbox 208 3242 365 3314; x_wconf 70' lang='grc' dir='ltr'><strong>ραι-αἱ</strong></span> <span class='ocrx_word' id='word_1_267' title='bbox 395 3241 503 3308; x_wconf 70' lang='lat' dir='ltr'><strong>tibi,</strong></span> <span class='ocrx_word' id='word_1_268' title='bbox 530 3251 585 3295; x_wconf 83' lang='lat' dir='ltr'><strong>ut</strong></span> <span class='ocrx_word' id='word_1_269' title='bbox 600 3242 822 3297; x_wconf 69' lang='lat' dir='ltr'><strong>riderent</strong></span> <span class='ocrx_word' id='word_1_270' title='bbox 844 3242 1120 3314; x_wconf 77' lang='lat' dir='ltr'><strong>potentiam</strong></span> <span class='ocrx_word' id='word_1_271' title='bbox 1143 3254 1303 3305; x_wconf 86' lang='lat' dir='ltr'><strong>tuam,</strong></span> <span class='ocrx_word' id='word_1_272' title='bbox 1332 3254 1378 3296; x_wconf 83' lang='lat' dir='ltr'><strong>et</strong></span> <span class='ocrx_word' id='word_1_273' title='bbox 1405 3244 1622 3314; x_wconf 82' lang='lat' dir='ltr'><strong>gloriam</strong></span> <span class='ocrx_word' id='word_1_274' title='bbox 1643 3255 1800 3297; x_wconf 85' lang='lat' dir='ltr'><strong>tuam.</strong></span> 
     </span>
    </p>
   </div>
   <div class='ocr_carea' id='block_1_32' title="bbox 208 3332 1802 3407">
    <p class='ocr_par' dir='ltr' id='par_1_32' title="bbox 208 3332 1802 3407">
     <span class='ocr_line' id='line_1_32' title="bbox 208 3332 1802 3407; baseline -0.003 -15"><span class='ocrx_word' id='word_1_275' title='bbox 208 3333 366 3392; x_wconf 85' lang='lat' dir='ltr'><strong>Unde</strong></span> <span class='ocrx_word' id='word_1_276' title='bbox 393 3343 450 3391; x_wconf 91' lang='lat' dir='ltr'><strong>ct</strong></span> <span class='ocrx_word' id='word_1_277' title='bbox 470 3335 761 3407; x_wconf 83' lang='lat' dir='ltr'><strong>Apostolus</strong></span> <span class='ocrx_word' id='word_1_278' title='bbox 794 3353 806 3386; x_wconf 75' lang='grc' dir='ltr'><strong>ε</strong></span> <span class='ocrx_word' id='word_1_279' title='bbox 841 3332 1004 3388; x_wconf 81' lang='lat' dir='ltr'><strong>Nunc</strong></span> <span class='ocrx_word' id='word_1_280' title='bbox 1033 3346 1221 3397; x_wconf 87' lang='lat' dir='ltr'><strong>autem,</strong></span> <span class='ocrx_word' id='word_1_281' title='bbox 1249 3336 1444 3404; x_wconf 87' lang='lat' dir='ltr'><strong>inquit,</strong></span> <span class='ocrx_word' id='word_1_282' title='bbox 1495 3352 1802 3406; x_wconf 79' lang='lat' dir='ltr'><strong>cognoscen-</strong></span> 
     </span>
    </p>
   </div>
   <div class='ocr_carea' id='block_1_33' title="bbox 205 3424 1800 3498">
    <p class='ocr_par' dir='ltr' id='par_1_33' title="bbox 205 3424 1800 3498">
     <span class='ocr_line' id='line_1_33' title="bbox 205 3424 1800 3498; baseline -0.001 -16"><span class='ocrx_word' id='word_1_283' title='bbox 205 3437 282 3482; x_wconf 70' lang='lat' dir='ltr'><strong>tes</strong></span> <span class='ocrx_word' id='word_1_284' title='bbox 312 3425 515 3492; x_wconf 74' lang='lat' dir='ltr'><strong>Deum,</strong></span> <span class='ocrx_word' id='word_1_285' title='bbox 549 3427 653 3481; x_wconf 82' lang='lat' dir='ltr'><strong>imo</strong></span> <span class='ocrx_word' id='word_1_286' title='bbox 675 3426 861 3498; x_wconf 80' lang='lat' dir='ltr'><strong>cogniti</strong></span> <span class='ocrx_word' id='word_1_287' title='bbox 884 3443 914 3479; x_wconf 89' lang='lat' dir='ltr'><strong>a</strong></span> <span class='ocrx_word' id='word_1_288' title='bbox 941 3425 1050 3480; x_wconf 87' lang='lat' dir='ltr'><strong>Deo</strong></span> <span class='ocrx_word' id='word_1_289' title='bbox 1064 3424 1210 3498; x_wconf 82' lang='lat' dir='ltr'><strong>(Gal.</strong></span> <span class='ocrx_word' id='word_1_290' title='bbox 1243 3441 1323 3491; x_wconf 90' lang='lat' dir='ltr'><strong>tv,</strong></span> <span class='ocrx_word' id='word_1_291' title='bbox 1347 3425 1430 3496; x_wconf 88' lang='lat'><strong>9).</strong></span> <span class='ocrx_word' id='word_1_292' title='bbox 1465 3425 1614 3479; x_wconf 81' lang='lat' dir='ltr'><strong>Prius</strong></span> <span class='ocrx_word' id='word_1_293' title='bbox 1656 3427 1800 3480; x_wconf 88' lang='lat' dir='ltr'><strong>enim</strong></span> 
     </span>
    </p>
   </div>
   <div class='ocr_carea' id='block_1_34' title="bbox 206 3516 1802 3588">
    <p class='ocr_par' dir='ltr' id='par_1_34' title="bbox 206 3516 1802 3588">
     <span class='ocr_line' id='line_1_34' title="bbox 206 3516 1802 3588; baseline 0 -18"><span class='ocrx_word' id='word_1_294' title='bbox 206 3517 534 3588; x_wconf 84' lang='lat' dir='ltr'><strong>apparuistis</strong></span> <span class='ocrx_word' id='word_1_295' title='bbox 564 3517 697 3584; x_wconf 92' lang='lat' dir='ltr'><strong>Deo,</strong></span> <span class='ocrx_word' id='word_1_296' title='bbox 729 3524 786 3571; x_wconf 88' lang='lat' dir='ltr'><strong>ttt</strong></span> <span class='ocrx_word' id='word_1_297' title='bbox 807 3517 976 3587; x_wconf 84' lang='lat' dir='ltr'><strong>possit</strong></span> <span class='ocrx_word' id='word_1_298' title='bbox 1027 3517 1179 3571; x_wconf 91' lang='lat' dir='ltr'><strong>vobis</strong></span> <span class='ocrx_word' id='word_1_299' title='bbox 1219 3532 1479 3585; x_wconf 89' lang='lat' dir='ltr'><strong>apparere</strong></span> <span class='ocrx_word' id='word_1_300' title='bbox 1529 3518 1684 3572; x_wconf 87' lang='lat' dir='ltr'><strong>Deus.</strong></span> <span class='ocrx_word' id='word_1_301' title='bbox 1733 3516 1802 3572; x_wconf 88' lang='lat' dir='ltr'><strong>Ut</strong></span> 
     </span>
    </p>
   </div>
   <div class='ocr_carea' id='block_1_35' title="bbox 204 3609 1800 3680">
    <p class='ocr_par' dir='ltr' id='par_1_35' title="bbox 204 3609 1800 3680">
     <span class='ocr_line' id='line_1_35' title="bbox 204 3609 1800 3680; baseline 0 -16"><span class='ocrx_word' id='word_1_302' title='bbox 204 3610 430 3664; x_wconf 64' lang='lat' dir='ltr'><strong>viderem</strong></span> <span class='ocrx_word' id='word_1_303' title='bbox 454 3609 728 3679; x_wconf 81' lang='lat' dir='ltr'><strong>potentiam</strong></span> <span class='ocrx_word' id='word_1_304' title='bbox 755 3619 916 3674; x_wconf 83' lang='lat' dir='ltr'><strong>tuam,</strong></span> <span class='ocrx_word' id='word_1_305' title='bbox 948 3617 995 3663; x_wconf 88' lang='lat' dir='ltr'><strong>et</strong></span> <span class='ocrx_word' id='word_1_306' title='bbox 1021 3609 1236 3680; x_wconf 85' lang='lat' dir='ltr'><strong>gloriam</strong></span> <span class='ocrx_word' id='word_1_307' title='bbox 1284 3619 1442 3662; x_wconf 87' lang='lat' dir='ltr'><strong>tuam.</strong></span> <span class='ocrx_word' id='word_1_308' title='bbox 1497 3609 1700 3662; x_wconf 80' lang='lat' dir='ltr'><strong>Revera</strong></span> <span class='ocrx_word' id='word_1_309' title='bbox 1746 3609 1800 3664; x_wconf 88' lang='lat' dir='ltr'><strong>in</strong></span> 
     </span>
    </p>
   </div>
   <div class='ocr_carea' id='block_1_36' title="bbox 206 3697 1803 3774">
    <p class='ocr_par' dir='ltr' id='par_1_36' title="bbox 206 3697 1803 3774">
     <span class='ocr_line' id='line_1_36' title="bbox 206 3697 1803 3774; baseline -0.001 -21"><span class='ocrx_word' id='word_1_310' title='bbox 206 3699 312 3753; x_wconf 82' lang='lat' dir='ltr'><strong>isto</strong></span> <span class='ocrx_word' id='word_1_311' title='bbox 332 3699 570 3761; x_wconf 86' lang='lat' dir='ltr'><strong>deserto,</strong></span> <span class='ocrx_word' id='word_1_312' title='bbox 601 3698 652 3752; x_wconf 87' lang='lat' dir='ltr'><strong>id</strong></span> <span class='ocrx_word' id='word_1_313' title='bbox 687 3707 770 3754; x_wconf 88' lang='lat' dir='ltr'><strong>est</strong></span> <span class='ocrx_word' id='word_1_314' title='bbox 801 3699 852 3752; x_wconf 93' lang='lat' dir='ltr'><strong>in</strong></span> <span class='ocrx_word' id='word_1_315' title='bbox 882 3699 982 3753; x_wconf 89' lang='lat' dir='ltr'><strong>ista</strong></span> <span class='ocrx_word' id='word_1_316' title='bbox 1007 3709 1214 3762; x_wconf 89' lang='lat' dir='ltr'><strong>eremo,</strong></span> <span class='ocrx_word' id='word_1_317' title='bbox 1244 3698 1288 3752; x_wconf 91' lang='lat' dir='ltr'><strong>si</strong></span> <span class='ocrx_word' id='word_1_318' title='bbox 1313 3708 1558 3768; x_wconf 89' lang='lat' dir='ltr'><strong>tanquam</strong></span> <span class='ocrx_word' id='word_1_319' title='bbox 1588 3697 1654 3751; x_wconf 89' lang='lat' dir='ltr'><strong>ab</strong></span> <span class='ocrx_word' id='word_1_320' title='bbox 1681 3713 1803 3774; x_wconf 62' lang='lat' dir='ltr'><strong>erp-</strong></span> 
     </span>
    </p>
   </div>
   <div class='ocr_carea' id='block_1_37' title="bbox 205 3787 1800 3858">
    <p class='ocr_par' dir='ltr' id='par_1_37' title="bbox 205 3787 1800 3858">
     <span class='ocr_line' id='line_1_37' title="bbox 205 3787 1800 3858; baseline -0.001 -15"><span class='ocrx_word' id='word_1_321' title='bbox 205 3805 299 3843; x_wconf 88' lang='lat' dir='ltr'><strong>mo</strong></span> <span class='ocrx_word' id='word_1_322' title='bbox 316 3787 499 3858; x_wconf 78' lang='lat' dir='ltr'><strong>exigat</strong></span> <span class='ocrx_word' id='word_1_323' title='bbox 517 3788 681 3842; x_wconf 81' lang='lat' dir='ltr'><strong>homo</strong></span> <span class='ocrx_word' id='word_1_324' title='bbox 699 3788 840 3858; x_wconf 91' lang='lat' dir='ltr'><strong>quod</strong></span> <span class='ocrx_word' id='word_1_325' title='bbox 858 3789 959 3844; x_wconf 88' lang='lat' dir='ltr'><strong>sibi</strong></span> <span class='ocrx_word' id='word_1_326' title='bbox 987 3789 1142 3843; x_wconf 87' lang='lat' dir='ltr'><strong>saluti</strong></span> <span class='ocrx_word' id='word_1_327' title='bbox 1169 3797 1272 3854; x_wconf 90' lang='lat' dir='ltr'><strong>est,</strong></span> <span class='ocrx_word' id='word_1_328' title='bbox 1298 3803 1570 3857; x_wconf 82' lang='lat' dir='ltr'><strong>nunquam</strong></span> <span class='ocrx_word' id='word_1_329' title='bbox 1601 3787 1800 3842; x_wconf 87' lang='lat' dir='ltr'><strong>videbit</strong></span> 
     </span>
    </p>
   </div>
   <div class='ocr_carea' id='block_1_38' title="bbox 203 3880 1799 3952">
    <p class='ocr_par' dir='ltr' id='par_1_38' title="bbox 203 3880 1799 3952">
     <span class='ocr_line' id='line_1_38' title="bbox 203 3880 1799 3952; baseline 0.001 -18"><span class='ocrx_word' id='word_1_330' title='bbox 203 3881 503 3952; x_wconf 81' lang='lat' dir='ltr'><strong>potentiam</strong></span> <span class='ocrx_word' id='word_1_331' title='bbox 536 3881 771 3947; x_wconf 87' lang='lat' dir='ltr'><strong>Domini,</strong></span> <span class='ocrx_word' id='word_1_332' title='bbox 796 3889 850 3937; x_wconf 91' lang='lat' dir='ltr'><strong>et</strong></span> <span class='ocrx_word' id='word_1_333' title='bbox 874 3880 1100 3951; x_wconf 80' lang='lat' dir='ltr'><strong>gloriam</strong></span> <span class='ocrx_word' id='word_1_334' title='bbox 1145 3880 1507 3944; x_wconf 87' lang='lat' dir='ltr'><strong>Domini;st</strong></span> <span class='ocrx_word' id='word_1_335' title='bbox 1556 3897 1799 3936; x_wconf 86' lang='lat' dir='ltr'><strong>remane-</strong></span> 
     </span>
    </p>
   </div>
   <div class='ocr_carea' id='block_1_39' title="bbox 203 3974 1798 4041">
    <p class='ocr_par' dir='ltr' id='par_1_39' title="bbox 203 3974 1798 4041">
     <span class='ocr_line' id='line_1_39' title="bbox 203 3974 1798 4041; baseline -0.003 -12"><span class='ocrx_word' id='word_1_336' title='bbox 203 3975 285 4030; x_wconf 85' lang='lat' dir='ltr'><strong>bit</strong></span> <span class='ocrx_word' id='word_1_337' title='bbox 308 3975 401 4030; x_wconf 86' lang='lat' dir='ltr'><strong>siti</strong></span> <span class='ocrx_word' id='word_1_338' title='bbox 433 3974 756 4038; x_wconf 85' lang='lat' dir='ltr'><strong>moriturus;</strong></span> <span class='ocrx_word' id='word_1_339' title='bbox 805 3990 904 4029; x_wconf 91' lang='lat' dir='ltr'><strong>nec</strong></span> <span class='ocrx_word' id='word_1_340' title='bbox 933 3979 1072 4030; x_wconf 87' lang='lat' dir='ltr'><strong>vtam</strong></span> <span class='ocrx_word' id='word_1_341' title='bbox 1102 3974 1359 4041; x_wconf 90' lang='lat' dir='ltr'><strong>inveniet,</strong></span> <span class='ocrx_word' id='word_1_342' title='bbox 1401 3990 1502 4029; x_wconf 90' lang='lat' dir='ltr'><strong>nec</strong></span> <span class='ocrx_word' id='word_1_343' title='bbox 1549 3975 1798 4029; x_wconf 83' lang='lat' dir='ltr'><strong>consola-</strong></span> 
     </span>
    </p>
   </div>
   <div class='ocr_carea' id='block_1_40' title="bbox 201 4066 1795 4139">
    <p class='ocr_par' dir='ltr' id='par_1_40' title="bbox 201 4066 1795 4139">
     <span class='ocr_line' id='line_1_40' title="bbox 201 4066 1795 4139; baseline -0.001 -15"><span class='ocrx_word' id='word_1_344' title='bbox 201 4071 403 4124; x_wconf 81' lang='lat' dir='ltr'><strong>tionem</strong></span> <span class='ocrx_word' id='word_1_345' title='bbox 425 4070 468 4132; x_wconf 77' lang='lat'><strong>‘,</strong></span> <span class='ocrx_word' id='word_1_346' title='bbox 503 4083 603 4124; x_wconf 91' lang='lat' dir='ltr'><strong>nec</strong></span> <span class='ocrx_word' id='word_1_347' title='bbox 625 4083 815 4139; x_wconf 89' lang='lat' dir='ltr'><strong>aquam</strong></span> <span class='ocrx_word' id='word_1_348' title='bbox 848 4083 944 4138; x_wconf 90' lang='lat' dir='ltr'><strong>per</strong></span> <span class='ocrx_word' id='word_1_349' title='bbox 968 4083 1130 4137; x_wconf 89' lang='lat' dir='ltr'><strong>quam</strong></span> <span class='ocrx_word' id='word_1_350' title='bbox 1159 4067 1316 4122; x_wconf 91' lang='lat' dir='ltr'><strong>duret</strong></span> <span class='ocrx_word' id='word_1_351' title='bbox 1349 4069 1399 4120; x_wconf 92' lang='lat' dir='ltr'><strong>in</strong></span> <span class='ocrx_word' id='word_1_352' title='bbox 1429 4083 1632 4122; x_wconf 90' lang='lat' dir='ltr'><strong>eremo.</strong></span> <span class='ocrx_word' id='word_1_353' title='bbox 1662 4066 1795 4122; x_wconf 92' lang='lat' dir='ltr'><strong>Cum</strong></span> 
     </span>
    </p>
   </div>
   <div class='ocr_carea' id='block_1_41' title="bbox 197 4159 1796 4224">
    <p class='ocr_par' dir='ltr' id='par_1_41' title="bbox 197 4159 1796 4224">
     <span class='ocr_line' id='line_1_41' title="bbox 197 4159 1796 4224; baseline 0.001 -10"><span class='ocrx_word' id='word_1_354' title='bbox 197 4169 382 4216; x_wconf 75' lang='lat' dir='ltr'><strong>autem</strong></span> <span class='ocrx_word' id='word_1_355' title='bbox 411 4160 648 4215; x_wconf 82' lang='lat' dir='ltr'><strong>erexerit</strong></span> <span class='ocrx_word' id='word_1_356' title='bbox 676 4174 734 4214; x_wconf 90' lang='lat' dir='ltr'><strong>se</strong></span> <span class='ocrx_word' id='word_1_357' title='bbox 753 4159 820 4214; x_wconf 87' lang='lat' dir='ltr'><strong>ad</strong></span> <span class='ocrx_word' id='word_1_358' title='bbox 847 4159 1036 4224; x_wconf 92' lang='lat' dir='ltr'><strong>Deum,</strong></span> <span class='ocrx_word' id='word_1_359' title='bbox 1075 4169 1133 4214; x_wconf 92' lang='lat' dir='ltr'><strong>ut</strong></span> <span class='ocrx_word' id='word_1_360' title='bbox 1158 4160 1298 4214; x_wconf 90' lang='lat' dir='ltr'><strong>dicat</strong></span> <span class='ocrx_word' id='word_1_361' title='bbox 1339 4160 1409 4214; x_wconf 90' lang='lat' dir='ltr'><strong>illi</strong></span> <span class='ocrx_word' id='word_1_362' title='bbox 1441 4176 1502 4214; x_wconf 82' lang='lat' dir='ltr'><strong>ex</strong></span> <span class='ocrx_word' id='word_1_363' title='bbox 1547 4160 1796 4215; x_wconf 80' lang='lat' dir='ltr'><strong>medullis</strong></span> 
     </span>
    </p>
   </div>
   <div class='ocr_carea' id='block_1_42' title="bbox 198 4251 1800 4324">
    <p class='ocr_par' dir='ltr' id='par_1_42' title="bbox 198 4251 1800 4324">
     <span class='ocr_line' id='line_1_42' title="bbox 198 4251 1800 4324; baseline 0 -17"><span class='ocrx_word' id='word_1_364' title='bbox 198 4253 478 4314; x_wconf 83' lang='lat' dir='ltr'><strong>omnibus.</strong></span> <span class='ocrx_word' id='word_1_365' title='bbox 533 4251 704 4307; x_wconf 80' lang='lat' dir='ltr'><strong>Sitivit</strong></span> <span class='ocrx_word' id='word_1_366' title='bbox 730 4252 818 4305; x_wconf 84' lang='lat' dir='ltr'><strong>tibi</strong></span> <span class='ocrx_word' id='word_1_367' title='bbox 859 4253 1035 4305; x_wconf 87' lang='lat' dir='ltr'><strong>anima</strong></span> <span class='ocrx_word' id='word_1_368' title='bbox 1081 4269 1400 4320; x_wconf 61' lang='lat' dir='ltr'><strong>numquam</strong></span> <span class='ocrx_word' id='word_1_369' title='bbox 1453 4253 1800 4324; x_wconf 82' lang='lat' dir='ltr'><strong>multipliciter</strong></span> 
     </span>
    </p>
   </div>
   <div class='ocr_carea' id='block_1_43' title="bbox 197 4341 1797 4407">
    <p class='ocr_par' dir='ltr' id='par_1_43' title="bbox 197 4341 1797 4407">
     <span class='ocr_line' id='line_1_43' title="bbox 197 4341 1797 4407; baseline 0.002 -10"><span class='ocrx_word' id='word_1_370' title='bbox 197 4342 290 4397; x_wconf 78' lang='lat' dir='ltr'><strong>tibi</strong></span> <span class='ocrx_word' id='word_1_371' title='bbox 314 4352 362 4396; x_wconf 88' lang='lat' dir='ltr'><strong>et</strong></span> <span class='ocrx_word' id='word_1_372' title='bbox 385 4358 507 4396; x_wconf 81' lang='lat' dir='ltr'><strong>caro</strong></span> <span class='ocrx_word' id='word_1_373' title='bbox 527 4358 675 4407; x_wconf 84' lang='lat' dir='ltr'><strong>mea;</strong></span> <span class='ocrx_word' id='word_1_374' title='bbox 698 4357 764 4396; x_wconf 92' lang='lat' dir='ltr'><strong>ne</strong></span> <span class='ocrx_word' id='word_1_375' title='bbox 795 4341 932 4397; x_wconf 82' lang='lat' dir='ltr'><strong>forte</strong></span> <span class='ocrx_word' id='word_1_376' title='bbox 955 4343 1035 4396; x_wconf 88' lang='lat' dir='ltr'><strong>vel</strong></span> <span class='ocrx_word' id='word_1_377' title='bbox 1068 4345 1368 4398; x_wconf 85' lang='lat' dir='ltr'><strong>necessaria</strong></span> <span class='ocrx_word' id='word_1_378' title='bbox 1397 4345 1574 4398; x_wconf 88' lang='lat' dir='ltr'><strong>carnis</strong></span> <span class='ocrx_word' id='word_1_379' title='bbox 1591 4345 1658 4397; x_wconf 85' lang='lat' dir='ltr'><strong>ab</strong></span> <span class='ocrx_word' id='word_1_380' title='bbox 1679 4346 1797 4400; x_wconf 89' lang='lat' dir='ltr'><strong>aliis</strong></span> 
     </span>
    </p>
   </div>
   <div class='ocr_carea' id='block_1_44' title="bbox 197 4433 1794 4504">
    <p class='ocr_par' dir='ltr' id='par_1_44' title="bbox 197 4433 1794 4504">
     <span class='ocr_line' id='line_1_44' title="bbox 197 4433 1794 4504; baseline 0 -17"><span class='ocrx_word' id='word_1_381' title='bbox 197 4443 351 4504; x_wconf 82' lang='lat' dir='ltr'><strong>petat</strong></span> <span class='ocrx_word' id='word_1_382' title='bbox 379 4443 434 4488; x_wconf 93' lang='lat' dir='ltr'><strong>et</strong></span> <span class='ocrx_word' id='word_1_383' title='bbox 477 4447 636 4488; x_wconf 90' lang='lat' dir='ltr'><strong>nona</strong></span> <span class='ocrx_word' id='word_1_384' title='bbox 665 4434 796 4499; x_wconf 90' lang='lat' dir='ltr'><strong>Deo,</strong></span> <span class='ocrx_word' id='word_1_385' title='bbox 844 4445 936 4487; x_wconf 88' lang='lat' dir='ltr'><strong>aut</strong></span> <span class='ocrx_word' id='word_1_386' title='bbox 980 4449 1086 4486; x_wconf 91' lang='lat' dir='ltr'><strong>non</strong></span> <span class='ocrx_word' id='word_1_387' title='bbox 1126 4433 1396 4489; x_wconf 89' lang='lat' dir='ltr'><strong>desideret</strong></span> <span class='ocrx_word' id='word_1_388' title='bbox 1437 4435 1580 4488; x_wconf 88' lang='lat' dir='ltr'><strong>illam</strong></span> <span class='ocrx_word' id='word_1_389' title='bbox 1612 4450 1794 4489; x_wconf 86' lang='lat' dir='ltr'><strong>resur-</strong></span> 
     </span>
    </p>
   </div>
   <div class='ocr_carea' id='block_1_45' title="bbox 195 4523 1790 4593">
    <p class='ocr_par' dir='ltr' id='par_1_45' title="bbox 195 4523 1790 4593">
     <span class='ocr_line' id='line_1_45' title="bbox 195 4523 1790 4593; baseline -0.001 -14"><span class='ocrx_word' id='word_1_390' title='bbox 195 4527 495 4579; x_wconf 84' lang='lat' dir='ltr'><strong>rectionem</strong></span> <span class='ocrx_word' id='word_1_391' title='bbox 524 4523 704 4578; x_wconf 88' lang='lat' dir='ltr'><strong>carnis</strong></span> <span class='ocrx_word' id='word_1_392' title='bbox 746 4538 907 4593; x_wconf 86' lang='lat' dir='ltr'><strong>quam</strong></span> <span class='ocrx_word' id='word_1_393' title='bbox 955 4523 1108 4578; x_wconf 91' lang='lat' dir='ltr'><strong>nobis</strong></span> <span class='ocrx_word' id='word_1_394' title='bbox 1154 4525 1414 4593; x_wconf 88' lang='lat' dir='ltr'><strong>promittit</strong></span> <span class='ocrx_word' id='word_1_395' title='bbox 1454 4525 1594 4579; x_wconf 80' lang='lat' dir='ltr'><strong>Deus</strong></span> <span class='ocrx_word' id='word_1_396' title='bbox 1629 4544 1640 4578; x_wconf 94' lang='lat'>:</span> <span class='ocrx_word' id='word_1_397' title='bbox 1671 4540 1790 4580; x_wconf 91' lang='lat' dir='ltr'><strong>cum</strong></span> 
     </span>
    </p>
   </div>
   <div class='ocr_carea' id='block_1_46' title="bbox 192 4612 1753 4684">
    <p class='ocr_par' dir='ltr' id='par_1_46' title="bbox 192 4612 1753 4684">
     <span class='ocr_line' id='line_1_46' title="bbox 192 4612 1753 4684; baseline -0.001 -16"><span class='ocrx_word' id='word_1_398' title='bbox 192 4629 326 4684; x_wconf 86' lang='lat' dir='ltr'><strong>ergo</strong></span> <span class='ocrx_word' id='word_1_399' title='bbox 351 4628 412 4668; x_wconf 89' lang='lat' dir='ltr'><strong>se</strong></span> <span class='ocrx_word' id='word_1_400' title='bbox 441 4614 695 4679; x_wconf 84' lang='lat' dir='ltr'><strong>erexerit,</strong></span> <span class='ocrx_word' id='word_1_401' title='bbox 736 4612 959 4668; x_wconf 86' lang='lat' dir='ltr'><strong>habebit</strong></span> <span class='ocrx_word' id='word_1_402' title='bbox 986 4628 1090 4666; x_wconf 92' lang='lat' dir='ltr'><strong>non</strong></span> <span class='ocrx_word' id='word_1_403' title='bbox 1125 4630 1313 4684; x_wconf 88' lang='lat' dir='ltr'><strong>parvas</strong></span> <span class='ocrx_word' id='word_1_404' title='bbox 1338 4615 1753 4668; x_wconf 68' lang='lat' dir='ltr'><strong>consolationes.</strong></span> 
     </span>
    </p>
   </div>
   <div class='ocr_carea' id='block_1_47' title="bbox 267 4705 1792 4776">
    <p class='ocr_par' dir='ltr' id='par_1_47' title="bbox 267 4705 1792 4776">
     <span class='ocr_line' id='line_1_47' title="bbox 267 4705 1792 4776; baseline 0.001 -16"><span class='ocrx_word' id='word_1_405' title='bbox 267 4707 358 4760; x_wconf 80' lang='lat' dir='ltr'><strong>to.</strong></span> <span class='ocrx_word' id='word_1_406' title='bbox 387 4705 550 4771; x_wconf 80' lang='lat' dir='ltr'><strong>Ecce,</strong></span> <span class='ocrx_word' id='word_1_407' title='bbox 575 4705 789 4771; x_wconf 78' lang='lat' dir='ltr'><strong>fratres,</strong></span> <span class='ocrx_word' id='word_1_408' title='bbox 824 4707 1096 4776; x_wconf 91' lang='lat' dir='ltr'><strong>quomodo</strong></span> <span class='ocrx_word' id='word_1_409' title='bbox 1138 4722 1266 4760; x_wconf 88' lang='lat' dir='ltr'><strong>caro</strong></span> <span class='ocrx_word' id='word_1_410' title='bbox 1316 4718 1498 4761; x_wconf 90' lang='lat' dir='ltr'><strong>nostra</strong></span> <span class='ocrx_word' id='word_1_411' title='bbox 1537 4709 1792 4776; x_wconf 88' lang='lat' dir='ltr'><strong>quamdiu</strong></span> 
     </span>
    </p>
   </div>
   <div class='ocr_carea' id='block_1_48' title="bbox 199 4796 1791 4868">
    <p class='ocr_par' dir='ltr' id='par_1_48' title="bbox 199 4796 1791 4868">
     <span class='ocr_line' id='line_1_48' title="bbox 199 4796 1791 4868; baseline 0.001 -16"><span class='ocrx_word' id='word_1_412' title='bbox 199 4796 451 4852; x_wconf 75' lang='lat' dir='ltr'><strong>mortalis</strong></span> <span class='ocrx_word' id='word_1_413' title='bbox 476 4806 581 4863; x_wconf 87' lang='lat' dir='ltr'><strong>est,</strong></span> <span class='ocrx_word' id='word_1_414' title='bbox 633 4797 887 4867; x_wconf 86' lang='lat' dir='ltr'><strong>quamdiu</strong></span> <span class='ocrx_word' id='word_1_415' title='bbox 918 4797 1120 4868; x_wconf 82' lang='lat' dir='ltr'><strong>fragilis</strong></span> <span class='ocrx_word' id='word_1_416' title='bbox 1148 4807 1251 4860; x_wconf 91' lang='lat' dir='ltr'><strong>est,</strong></span> <span class='ocrx_word' id='word_1_417' title='bbox 1294 4809 1416 4852; x_wconf 87' lang='lat' dir='ltr'><strong>ante</strong></span> <span class='ocrx_word' id='word_1_418' title='bbox 1440 4800 1579 4851; x_wconf 88' lang='lat' dir='ltr'><strong>illam</strong></span> <span class='ocrx_word' id='word_1_419' title='bbox 1611 4815 1791 4854; x_wconf 86' lang='lat' dir='ltr'><strong>resur-</strong></span> 
     </span>
    </p>
   </div>
   <div class='ocr_carea' id='block_1_49' title="bbox 193 4886 1788 4959">
    <p class='ocr_par' dir='ltr' id='par_1_49' title="bbox 193 4886 1788 4959">
     <span class='ocr_line' id='line_1_49' title="bbox 193 4886 1788 4959; baseline 0.001 -17"><span class='ocrx_word' id='word_1_420' title='bbox 193 4889 496 4944; x_wconf 87' lang='lat' dir='ltr'><strong>rectionem</strong></span> <span class='ocrx_word' id='word_1_421' title='bbox 521 4886 684 4942; x_wconf 85' lang='lat' dir='ltr'><strong>ltabet</strong></span> <span class='ocrx_word' id='word_1_422' title='bbox 710 4887 900 4942; x_wconf 85' lang='lat' dir='ltr'><strong>solatia</strong></span> <span class='ocrx_word' id='word_1_423' title='bbox 931 4888 1029 4942; x_wconf 87' lang='lat' dir='ltr'><strong>ista</strong></span> <span class='ocrx_word' id='word_1_424' title='bbox 1061 4888 1254 4958; x_wconf 86' lang='lat' dir='ltr'><strong>quibus</strong></span> <span class='ocrx_word' id='word_1_425' title='bbox 1283 4889 1531 4955; x_wconf 86' lang='lat' dir='ltr'><strong>vivimus,</strong></span> <span class='ocrx_word' id='word_1_426' title='bbox 1577 4905 1788 4959; x_wconf 74' lang='lat' dir='ltr'><strong>panem,</strong></span> 
     </span>
    </p>
   </div>
   <div class='ocr_carea' id='block_1_50' title="bbox 191 4978 1793 5051">
    <p class='ocr_par' dir='ltr' id='par_1_50' title="bbox 191 4978 1793 5051">
     <span class='ocr_line' id='line_1_50' title="bbox 191 4978 1793 5051; baseline 0.004 -19"><span class='ocrx_word' id='word_1_427' title='bbox 191 4995 412 5050; x_wconf 74' lang='lat' dir='ltr'><strong>aquam,</strong></span> <span class='ocrx_word' id='word_1_428' title='bbox 445 4978 670 5045; x_wconf 76' lang='lat' dir='ltr'><strong>fructus,</strong></span> <span class='ocrx_word' id='word_1_429' title='bbox 696 4979 900 5046; x_wconf 88' lang='lat' dir='ltr'><strong>vinum,</strong></span> <span class='ocrx_word' id='word_1_430' title='bbox 928 4980 1106 5034; x_wconf 90' lang='lat' dir='ltr'><strong>oleum</strong></span> <span class='ocrx_word' id='word_1_431' title='bbox 1149 4979 1166 5051; x_wconf 93' lang='lat'>(</span> <span class='ocrx_word' id='word_1_432' title='bbox 1189 4980 1283 5033; x_wconf 89' lang='lat' dir='ltr'><strong>ista</strong></span> <span class='ocrx_word' id='word_1_433' title='bbox 1311 4981 1488 5034; x_wconf 88' lang='lat' dir='ltr'><strong>omnia</strong></span> <span class='ocrx_word' id='word_1_434' title='bbox 1515 4981 1702 5034; x_wconf 87' lang='lat' dir='ltr'><strong>solatia</strong></span> <span class='ocrx_word' id='word_1_435' title='bbox 1737 4991 1793 5038; x_wconf 81' lang='lat' dir='ltr'><strong>et</strong></span> 
     </span>
    </p>
   </div>
   <div class='ocr_carea' id='block_1_51' title="bbox 187 5070 1790 5142">
    <p class='ocr_par' dir='ltr' id='par_1_51' title="bbox 187 5070 1790 5142">
     <span class='ocr_line' id='line_1_51' title="bbox 187 5070 1790 5142; baseline 0.001 -15"><span class='ocrx_word' id='word_1_436' title='bbox 187 5071 431 5127; x_wconf 80' lang='lat' dir='ltr'><strong>subsidia</strong></span> <span class='ocrx_word' id='word_1_437' title='bbox 460 5071 504 5125; x_wconf 90' lang='lat' dir='ltr'><strong>si</strong></span> <span class='ocrx_word' id='word_1_438' title='bbox 546 5087 644 5126; x_wconf 90' lang='lat' dir='ltr'><strong>nos</strong></span> <span class='ocrx_word' id='word_1_439' title='bbox 673 5070 946 5136; x_wconf 87' lang='lat' dir='ltr'><strong>deserant,</strong></span> <span class='ocrx_word' id='word_1_440' title='bbox 1003 5073 1182 5142; x_wconf 91' lang='lat' dir='ltr'><strong>utique</strong></span> <span class='ocrx_word' id='word_1_441' title='bbox 1216 5071 1410 5126; x_wconf 90' lang='lat' dir='ltr'><strong>durare</strong></span> <span class='ocrx_word' id='word_1_442' title='bbox 1457 5088 1561 5126; x_wconf 91' lang='lat' dir='ltr'><strong>nou</strong></span> <span class='ocrx_word' id='word_1_443' title='bbox 1604 5090 1790 5142; x_wconf 90' lang='lat' dir='ltr'><strong>possu-</strong></span> 
     </span>
    </p>
   </div>
   <div class='ocr_carea' id='block_1_52' title="bbox 191 5163 1784 5235">
    <p class='ocr_par' dir='ltr' id='par_1_52' title="bbox 191 5163 1784 5235">
     <span class='ocr_line' id='line_1_52' title="bbox 191 5163 1784 5235; baseline 0.002 -15"><span class='ocrx_word' id='word_1_444' title='bbox 191 5163 356 5235; x_wconf 88' lang='lat' dir='ltr'><strong>mus)</strong></span> <span class='ocrx_word' id='word_1_445' title='bbox 387 5165 631 5234; x_wconf 79' lang='lat' dir='ltr'><strong>quamvis</strong></span> <span class='ocrx_word' id='word_1_446' title='bbox 653 5164 887 5219; x_wconf 85' lang='lat' dir='ltr'><strong>nondutu</strong></span> <span class='ocrx_word' id='word_1_447' title='bbox 914 5166 1176 5235; x_wconf 87' lang='lat' dir='ltr'><strong>receperit</strong></span> <span class='ocrx_word' id='word_1_448' title='bbox 1197 5180 1324 5220; x_wconf 87' lang='lat' dir='ltr'><strong>cato</strong></span> <span class='ocrx_word' id='word_1_449' title='bbox 1356 5168 1454 5220; x_wconf 83' lang='lat' dir='ltr'><strong>ista</strong></span> <span class='ocrx_word' id='word_1_450' title='bbox 1502 5169 1784 5223; x_wconf 85' lang='lat' dir='ltr'><strong>sanitatem</strong></span> 
     </span>
    </p>
   </div>
   <div class='ocr_carea' id='block_1_53' title="bbox 191 5257 1788 5328">
    <p class='ocr_par' dir='ltr' id='par_1_53' title="bbox 191 5257 1788 5328">
     <span class='ocr_line' id='line_1_53' title="bbox 191 5257 1788 5328; baseline 0 -15"><span class='ocrx_word' id='word_1_451' title='bbox 191 5259 340 5313; x_wconf 86' lang='lat' dir='ltr'><strong>illam</strong></span> <span class='ocrx_word' id='word_1_452' title='bbox 370 5258 683 5327; x_wconf 76' lang='lat' dir='ltr'><strong>perlectam,</strong></span> <span class='ocrx_word' id='word_1_453' title='bbox 727 5257 815 5311; x_wconf 86' lang='lat' dir='ltr'><strong>ubi</strong></span> <span class='ocrx_word' id='word_1_454' title='bbox 839 5259 1034 5312; x_wconf 90' lang='lat' dir='ltr'><strong>nullam</strong></span> <span class='ocrx_word' id='word_1_455' title='bbox 1068 5258 1300 5327; x_wconf 86' lang='lat' dir='ltr'><strong>patietur</strong></span> <span class='ocrx_word' id='word_1_456' title='bbox 1322 5260 1642 5328; x_wconf 82' lang='lat' dir='ltr'><strong>angustiam,</strong></span> <span class='ocrx_word' id='word_1_457' title='bbox 1672 5261 1788 5314; x_wconf 88' lang='lat' dir='ltr'><strong>nul-</strong></span> 
     </span>
    </p>
   </div>
   <div class='ocr_carea' id='block_1_54' title="bbox 189 5350 1784 5420">
    <p class='ocr_par' dir='ltr' id='par_1_54' title="bbox 189 5350 1784 5420">
     <span class='ocr_line' id='line_1_54' title="bbox 189 5350 1784 5420; baseline 0.002 -15"><span class='ocrx_word' id='word_1_458' title='bbox 189 5350 294 5405; x_wconf 88' lang='lat' dir='ltr'><strong>lam</strong></span> <span class='ocrx_word' id='word_1_459' title='bbox 338 5350 683 5420; x_wconf 84' lang='lat' dir='ltr'><strong>indigentiam</strong></span> <span class='ocrx_word' id='word_1_460' title='bbox 715 5367 730 5402; x_wconf 92' lang='lat'><strong>:</strong></span> <span class='ocrx_word' id='word_1_461' title='bbox 764 5351 843 5405; x_wconf 85' lang='lat' dir='ltr'><strong>sic</strong></span> <span class='ocrx_word' id='word_1_462' title='bbox 871 5360 924 5404; x_wconf 91' lang='lat' dir='ltr'><strong>et</strong></span> <span class='ocrx_word' id='word_1_463' title='bbox 946 5351 1121 5404; x_wconf 87' lang='lat' dir='ltr'><strong>anima</strong></span> <span class='ocrx_word' id='word_1_464' title='bbox 1151 5361 1330 5405; x_wconf 90' lang='lat' dir='ltr'><strong>nostra</strong></span> <span class='ocrx_word' id='word_1_465' title='bbox 1357 5368 1478 5406; x_wconf 91' lang='lat' dir='ltr'><strong>cum</strong></span> <span class='ocrx_word' id='word_1_466' title='bbox 1504 5352 1588 5407; x_wconf 91' lang='lat' dir='ltr'><strong>hic</strong></span> <span class='ocrx_word' id='word_1_467' title='bbox 1610 5363 1690 5408; x_wconf 90' lang='lat' dir='ltr'><strong>est</strong></span> <span class='ocrx_word' id='word_1_468' title='bbox 1732 5355 1784 5408; x_wconf 91' lang='lat' dir='ltr'><strong>in</strong></span> 
     </span>
    </p>
   </div>
   <div class='ocr_carea' id='block_1_55' title="bbox 187 5442 1780 5515">
    <p class='ocr_par' dir='ltr' id='par_1_55' title="bbox 187 5442 1780 5515">
     <span class='ocr_line' id='line_1_55' title="bbox 187 5442 1780 5515; baseline 0.003 -19"><span class='ocrx_word' id='word_1_469' title='bbox 187 5442 286 5498; x_wconf 89' lang='lat' dir='ltr'><strong>ista</strong></span> <span class='ocrx_word' id='word_1_470' title='bbox 318 5458 504 5508; x_wconf 87' lang='lat' dir='ltr'><strong>carne,</strong></span> <span class='ocrx_word' id='word_1_471' title='bbox 536 5443 675 5497; x_wconf 90' lang='lat' dir='ltr'><strong>inter</strong></span> <span class='ocrx_word' id='word_1_472' title='bbox 701 5443 1021 5497; x_wconf 88' lang='lat' dir='ltr'><strong>tentationes</strong></span> <span class='ocrx_word' id='word_1_473' title='bbox 1050 5455 1105 5498; x_wconf 88' lang='lat' dir='ltr'><strong>et</strong></span> <span class='ocrx_word' id='word_1_474' title='bbox 1135 5445 1367 5514; x_wconf 90' lang='lat' dir='ltr'><strong>pericula</strong></span> <span class='ocrx_word' id='word_1_475' title='bbox 1394 5447 1573 5500; x_wconf 68' lang='lat' dir='ltr'><strong>sreculi</strong></span> <span class='ocrx_word' id='word_1_476' title='bbox 1606 5447 1780 5515; x_wconf 79' lang='lat' dir='ltr'><strong>huius,</strong></span> 
     </span>
    </p>
   </div>
   <div class='ocr_carea' id='block_1_56' title="bbox 188 5533 1783 5606">
    <p class='ocr_par' dir='ltr' id='par_1_56' title="bbox 188 5533 1783 5606">
     <span class='ocr_line' id='line_1_56' title="bbox 188 5533 1783 5606; baseline 0.001 -17"><span class='ocrx_word' id='word_1_477' title='bbox 188 5535 367 5590; x_wconf 85' lang='lat' dir='ltr'><strong>adhuc</strong></span> <span class='ocrx_word' id='word_1_478' title='bbox 385 5544 471 5590; x_wconf 91' lang='lat' dir='ltr'><strong>est</strong></span> <span class='ocrx_word' id='word_1_479' title='bbox 491 5533 738 5600; x_wconf 88' lang='lat' dir='ltr'><strong>inlirma;</strong></span> <span class='ocrx_word' id='word_1_480' title='bbox 768 5536 928 5590; x_wconf 84' lang='lat' dir='ltr'><strong>habet</strong></span> <span class='ocrx_word' id='word_1_481' title='bbox 953 5537 1112 5590; x_wconf 90' lang='lat' dir='ltr'><strong>etiam</strong></span> <span class='ocrx_word' id='word_1_482' title='bbox 1141 5537 1254 5606; x_wconf 89' lang='lat' dir='ltr'><strong>ipsa</strong></span> <span class='ocrx_word' id='word_1_483' title='bbox 1282 5537 1472 5594; x_wconf 85' lang='lat' dir='ltr'><strong>solatia</strong></span> <span class='ocrx_word' id='word_1_484' title='bbox 1495 5540 1663 5604; x_wconf 89' lang='lat' dir='ltr'><strong>verbi,</strong></span> <span class='ocrx_word' id='word_1_485' title='bbox 1696 5555 1783 5593; x_wconf 84' lang='lat' dir='ltr'><strong>so-</strong></span> 
     </span>
    </p>
   </div>
   <div class='ocr_carea' id='block_1_57' title="bbox 188 5627 1781 5699">
    <p class='ocr_par' dir='ltr' id='par_1_57' title="bbox 188 5627 1781 5699">
     <span class='ocr_line' id='line_1_57' title="bbox 188 5627 1781 5699; baseline 0.003 -17"><span class='ocrx_word' id='word_1_486' title='bbox 188 5628 312 5683; x_wconf 88' lang='lat' dir='ltr'><strong>latia</strong></span> <span class='ocrx_word' id='word_1_487' title='bbox 365 5627 648 5694; x_wconf 88' lang='lat' dir='ltr'><strong>orationis,</strong></span> <span class='ocrx_word' id='word_1_488' title='bbox 698 5628 888 5682; x_wconf 90' lang='lat' dir='ltr'><strong>solatia</strong></span> <span class='ocrx_word' id='word_1_489' title='bbox 939 5628 1356 5699; x_wconf 87' lang='lat' dir='ltr'><strong>disputationis:</strong></span> <span class='ocrx_word' id='word_1_490' title='bbox 1387 5631 1465 5685; x_wconf 91' lang='lat' dir='ltr'><strong>sic</strong></span> <span class='ocrx_word' id='word_1_491' title='bbox 1513 5643 1638 5688; x_wconf 84' lang='lat' dir='ltr'><strong>Sunt</strong></span> <span class='ocrx_word' id='word_1_492' title='bbox 1682 5633 1781 5687; x_wconf 89' lang='lat' dir='ltr'><strong>ista</strong></span> 
     </span>
    </p>
   </div>
   <div class='ocr_carea' id='block_1_58' title="bbox 248 5780 1779 5856">
    <p class='ocr_par' dir='ltr' id='par_1_58' title="bbox 248 5780 1779 5856">
     <span class='ocr_line' id='line_1_58' title="bbox 248 5780 1779 5856; baseline 0.007 -24"><span class='ocrx_word' id='word_1_493' title='bbox 248 5785 279 5856; x_wconf 72' lang='lat'><strong>&#39;_</strong></span> <span class='ocrx_word' id='word_1_494' title='bbox 302 5781 531 5856; x_wconf 69' lang='lat' dir='ltr'><strong>Plerique</strong></span> <span class='ocrx_word' id='word_1_495' title='bbox 554 5790 682 5844; x_wconf 67' lang='lat' dir='ltr'><strong>Mss,</strong></span> <span class='ocrx_word' id='word_1_496' title='bbox 704 5780 755 5834; x_wconf 80' lang='lat' dir='ltr'><strong>in</strong></span> <span class='ocrx_word' id='word_1_497' title='bbox 778 5781 869 5834; x_wconf 77' lang='lat' dir='ltr'><strong>ista</strong></span> <span class='ocrx_word' id='word_1_498' title='bbox 891 5782 1017 5835; x_wconf 90' lang='lat' dir='ltr'><strong>malo</strong></span> <span class='ocrx_word' id='word_1_499' title='bbox 1039 5783 1088 5835; x_wconf 86' lang='lat' dir='ltr'><strong>in</strong></span> <span class='ocrx_word' id='word_1_500' title='bbox 1111 5797 1204 5849; x_wconf 83' lang='lat' dir='ltr'><strong>quo</strong></span> <span class='ocrx_word' id='word_1_501' title='bbox 1225 5791 1296 5837; x_wconf 82' lang='lat' dir='ltr'><strong>est</strong></span> <span class='ocrx_word' id='word_1_502' title='bbox 1323 5797 1342 5836; x_wconf 89' lang='lat'><strong><em>:</em></strong></span> <span class='ocrx_word' id='word_1_503' title='bbox 1359 5799 1452 5838; x_wconf 87' lang='lat' dir='ltr'><strong>nec</strong></span> <span class='ocrx_word' id='word_1_504' title='bbox 1466 5785 1668 5852; x_wconf 84' lang='lat' dir='ltr'><strong>habent,</strong></span> <span class='ocrx_word' id='word_1_505' title='bbox 1693 5789 1779 5842; x_wconf 76' lang='lat' dir='ltr'><strong>de-</strong></span> 
     </span>
    </p>
   </div>
   <div class='ocr_carea' id='block_1_59' title="bbox 187 5846 1028 5971">
    <p class='ocr_par' dir='ltr' id='par_1_59' title="bbox 187 5846 1028 5971">
     <span class='ocr_line' id='line_1_59' title="bbox 187 5846 500 5906; baseline -0.01 -8"><span class='ocrx_word' id='word_1_506' title='bbox 187 5851 325 5906; x_wconf 75' lang='lat' dir='ltr'><strong>amo,</strong></span> <span class='ocrx_word' id='word_1_507' title='bbox 343 5846 397 5896; x_wconf 81' lang='lat' dir='ltr'><strong>id</strong></span> <span class='ocrx_word' id='word_1_508' title='bbox 410 5846 500 5895; x_wconf 77' lang='lat' dir='ltr'><strong>at.</strong></span> 
     </span>
     <span class='ocr_line' id='line_1_60' title="bbox 246 5906 1028 5971; baseline -0.003 -15"><span class='ocrx_word' id='word_1_509' title='bbox 246 5909 267 5939; x_wconf 82' lang='grc'><em>³</em></span> <span class='ocrx_word' id='word_1_510' title='bbox 299 5907 494 5971; x_wconf 69' lang='lat' dir='ltr'><strong>Aliquot</strong></span> <span class='ocrx_word' id='word_1_511' title='bbox 514 5913 645 5967; x_wconf 61' lang='lat' dir='ltr'><strong>Mss,</strong></span> <span class='ocrx_word' id='word_1_512' title='bbox 665 5906 1028 5958; x_wconf 79' lang='lat' dir='ltr'><strong>consolatorem.</strong></span> 
     </span>
    </p>
   </div>
   <div class='ocr_carea' id='block_1_60' title="bbox 1343 455 2401 528">
    <p class='ocr_par' dir='ltr' id='par_1_60' title="bbox 1343 455 2401 528">
     <span class='ocr_line' id='line_1_61' title="bbox 1343 455 2401 528; baseline 0.013 -16"><span class='ocrx_word' id='word_1_513' title='bbox 1343 455 1741 517; x_wconf 77' lang='lat' dir='ltr'><strong>ENARRATIO</strong></span> <span class='ocrx_word' id='word_1_514' title='bbox 1771 461 1838 518; x_wconf 84' lang='lat' dir='ltr'><strong>lN</strong></span> <span class='ocrx_word' id='word_1_515' title='bbox 1877 461 2201 524; x_wconf 75' lang='lat' dir='ltr'><strong>PSALMUM</strong></span> <span class='ocrx_word' id='word_1_516' title='bbox 2241 470 2401 528; x_wconf 76' lang='lat' dir='ltr'><strong>LXII.</strong></span> 
     </span>
    </p>
   </div>
   <div class='ocr_carea' id='block_1_61' title="bbox 3435 493 3542 548">
    <p class='ocr_par' dir='ltr' id='par_1_61' title="bbox 3435 493 3542 548">
     <span class='ocr_line' id='line_1_62' title="bbox 3435 493 3542 548; baseline 0.019 -2"><span class='ocrx_word' id='word_1_517' title='bbox 3435 493 3542 548; x_wconf 66' lang='grc' dir='ltr'><strong>γει</strong></span> 
     </span>
    </p>
   </div>
   <div class='ocr_carea' id='block_1_62' title="bbox 1945 597 3534 678">
    <p class='ocr_par' dir='ltr' id='par_1_62' title="bbox 1945 597 3534 678">
     <span class='ocr_line' id='line_1_63' title="bbox 1945 597 3534 678; baseline 0.017 -27"><span class='ocrx_word' id='word_1_518' title='bbox 1945 597 2138 654; x_wconf 83' lang='lat' dir='ltr'><strong>animae</strong></span> <span class='ocrx_word' id='word_1_519' title='bbox 2165 614 2381 670; x_wconf 71' lang='lat' dir='ltr'><strong>nostrzc,</strong></span> <span class='ocrx_word' id='word_1_520' title='bbox 2408 607 2676 674; x_wconf 88' lang='lat' dir='ltr'><strong>quomodo</strong></span> <span class='ocrx_word' id='word_1_521' title='bbox 2708 611 2795 664; x_wconf 90' lang='lat' dir='ltr'><strong>illa</strong></span> <span class='ocrx_word' id='word_1_522' title='bbox 2828 615 3005 669; x_wconf 85' lang='lat' dir='ltr'><strong>carnis</strong></span> <span class='ocrx_word' id='word_1_523' title='bbox 3032 628 3249 673; x_wconf 67' lang='lat' dir='ltr'><strong>nostrae.</strong></span> <span class='ocrx_word' id='word_1_524' title='bbox 3276 621 3410 676; x_wconf 87' lang='lat' dir='ltr'><strong>Cum</strong></span> <span class='ocrx_word' id='word_1_525' title='bbox 3438 638 3534 678; x_wconf 62' lang='lat' dir='ltr'><strong>au»</strong></span> 
     </span>
    </p>
   </div>
   <div class='ocr_carea' id='block_1_63' title="bbox 1947 696 3545 775">
    <p class='ocr_par' dir='ltr' id='par_1_63' title="bbox 1947 696 3545 775">
     <span class='ocr_line' id='line_1_64' title="bbox 1947 696 3545 775; baseline 0.018 -33"><span class='ocrx_word' id='word_1_526' title='bbox 1947 697 2052 743; x_wconf 89' lang='lat' dir='ltr'><strong>tem</strong></span> <span class='ocrx_word' id='word_1_527' title='bbox 2081 696 2432 749; x_wconf 84' lang='lat' dir='ltr'><strong>resurrexerit</strong></span> <span class='ocrx_word' id='word_1_528' title='bbox 2455 712 2582 752; x_wconf 91' lang='lat' dir='ltr'><strong>caro</strong></span> <span class='ocrx_word' id='word_1_529' title='bbox 2624 714 2825 769; x_wconf 84' lang='lat' dir='ltr'><strong>nostra,</strong></span> <span class='ocrx_word' id='word_1_530' title='bbox 2860 716 2919 759; x_wconf 93' lang='lat' dir='ltr'><strong>ut</strong></span> <span class='ocrx_word' id='word_1_531' title='bbox 2947 707 3060 775; x_wconf 83' lang='lat' dir='ltr'><strong>jam</strong></span> <span class='ocrx_word' id='word_1_532' title='bbox 3093 710 3209 763; x_wconf 91' lang='lat' dir='ltr'><strong>istis</strong></span> <span class='ocrx_word' id='word_1_533' title='bbox 3250 729 3354 766; x_wconf 91' lang='lat' dir='ltr'><strong>non</strong></span> <span class='ocrx_word' id='word_1_534' title='bbox 3388 713 3545 769; x_wconf 91' lang='lat' dir='ltr'><strong>indi—</strong></span> 
     </span>
    </p>
   </div>
   <div class='ocr_carea' id='block_1_64' title="bbox 1941 786 3532 864">
    <p class='ocr_par' dir='ltr' id='par_1_64' title="bbox 1941 786 3532 864">
     <span class='ocr_line' id='line_1_65' title="bbox 1941 786 3532 864; baseline 0.016 -30"><span class='ocrx_word' id='word_1_535' title='bbox 1941 795 2184 851; x_wconf 87' lang='lat' dir='ltr'><strong>geamus,</strong></span> <span class='ocrx_word' id='word_1_536' title='bbox 2241 786 2457 841; x_wconf 87' lang='lat' dir='ltr'><strong>habebit</strong></span> <span class='ocrx_word' id='word_1_537' title='bbox 2501 790 2676 845; x_wconf 90' lang='lat' dir='ltr'><strong>locum</strong></span> <span class='ocrx_word' id='word_1_538' title='bbox 2707 799 2990 864; x_wconf 89' lang='lat' dir='ltr'><strong>quemdam</strong></span> <span class='ocrx_word' id='word_1_539' title='bbox 3037 809 3088 852; x_wconf 92' lang='lat' dir='ltr'><strong>et</strong></span> <span class='ocrx_word' id='word_1_540' title='bbox 3113 810 3308 855; x_wconf 90' lang='lat' dir='ltr'><strong>statum</strong></span> <span class='ocrx_word' id='word_1_541' title='bbox 3352 804 3532 859; x_wconf 80' lang='lat' dir='ltr'><strong>incor-</strong></span> 
     </span>
    </p>
   </div>
   <div class='ocr_carea' id='block_1_65' title="bbox 1943 873 3530 949">
    <p class='ocr_par' dir='ltr' id='par_1_65' title="bbox 1943 873 3530 949">
     <span class='ocr_line' id='line_1_66' title="bbox 1943 873 3530 949; baseline 0.016 -26"><span class='ocrx_word' id='word_1_542' title='bbox 1943 873 2204 941; x_wconf 89' lang='lat' dir='ltr'><strong>ruptionis</strong></span> <span class='ocrx_word' id='word_1_543' title='bbox 2233 891 2343 930; x_wconf 62' lang='lat' dir='ltr'><strong>sure</strong></span> <span class='ocrx_word' id='word_1_544' title='bbox 2375 895 2389 934; x_wconf 87' lang='lat'><strong>:</strong></span> <span class='ocrx_word' id='word_1_545' title='bbox 2417 879 2495 934; x_wconf 91' lang='lat' dir='ltr'><strong>sic</strong></span> <span class='ocrx_word' id='word_1_546' title='bbox 2542 890 2596 935; x_wconf 93' lang='lat' dir='ltr'><strong>et</strong></span> <span class='ocrx_word' id='word_1_547' title='bbox 2634 883 2810 936; x_wconf 88' lang='lat' dir='ltr'><strong>anima</strong></span> <span class='ocrx_word' id='word_1_548' title='bbox 2865 896 3043 940; x_wconf 86' lang='lat' dir='ltr'><strong>nostra</strong></span> <span class='ocrx_word' id='word_1_549' title='bbox 3089 889 3303 945; x_wconf 87' lang='lat' dir='ltr'><strong>habebit</strong></span> <span class='ocrx_word' id='word_1_550' title='bbox 3350 892 3530 949; x_wconf 87' lang='lat' dir='ltr'><strong>cibum</strong></span> 
     </span>
    </p>
   </div>
   <div class='ocr_carea' id='block_1_66' title="bbox 1941 964 3530 1044">
    <p class='ocr_par' dir='ltr' id='par_1_66' title="bbox 1941 964 3530 1044">
     <span class='ocr_line' id='line_1_67' title="bbox 1941 964 3530 1044; baseline 0.016 -31"><span class='ocrx_word' id='word_1_551' title='bbox 1941 976 2119 1028; x_wconf 88' lang='lat' dir='ltr'><strong>suum,</strong></span> <span class='ocrx_word' id='word_1_552' title='bbox 2138 964 2311 1034; x_wconf 89' lang='lat' dir='ltr'><strong>ipsum</strong></span> <span class='ocrx_word' id='word_1_553' title='bbox 2343 965 2573 1023; x_wconf 80' lang='lat' dir='ltr'><strong>Verbum</strong></span> <span class='ocrx_word' id='word_1_554' title='bbox 2609 971 2724 1037; x_wconf 88' lang='lat' dir='ltr'><strong>Dei,</strong></span> <span class='ocrx_word' id='word_1_555' title='bbox 2746 987 2844 1043; x_wconf 92' lang='lat' dir='ltr'><strong>per</strong></span> <span class='ocrx_word' id='word_1_556' title='bbox 2868 977 3009 1044; x_wconf 87' lang='lat' dir='ltr'><strong>quod</strong></span> <span class='ocrx_word' id='word_1_557' title='bbox 3034 976 3170 1032; x_wconf 80' lang='lat' dir='ltr'><strong>facta</strong></span> <span class='ocrx_word' id='word_1_558' title='bbox 3200 988 3323 1035; x_wconf 90' lang='lat' dir='ltr'><strong>sunt</strong></span> <span class='ocrx_word' id='word_1_559' title='bbox 3349 984 3530 1039; x_wconf 80' lang='lat' dir='ltr'><strong>omnia</strong></span> 
     </span>
    </p>
   </div>
   <div class='ocr_carea' id='block_1_67' title="bbox 1944 1051 3532 1136">
    <p class='ocr_par' dir='ltr' id='par_1_67' title="bbox 1944 1051 3532 1136">
     <span class='ocr_line' id='line_1_68' title="bbox 1944 1051 3532 1136; baseline 0.015 -31"><span class='ocrx_word' id='word_1_560' title='bbox 1944 1051 2122 1124; x_wconf 80' lang='lat' dir='ltr'><strong>(Joan.</strong></span> <span class='ocrx_word' id='word_1_561' title='bbox 2153 1073 2192 1124; x_wconf 82' lang='grc' dir='ltr'><strong>ι,</strong></span> <span class='ocrx_word' id='word_1_562' title='bbox 2215 1059 2294 1127; x_wconf 82' lang='grc'><strong>5).</strong></span> <span class='ocrx_word' id='word_1_563' title='bbox 2316 1059 2516 1115; x_wconf 89' lang='lat' dir='ltr'><strong>Tamen</strong></span> <span class='ocrx_word' id='word_1_564' title='bbox 2538 1065 2736 1132; x_wconf 78' lang='lat' dir='ltr'><strong>gratias</strong></span> <span class='ocrx_word' id='word_1_565' title='bbox 2759 1065 2888 1128; x_wconf 87' lang='lat' dir='ltr'><strong>Deo,</strong></span> <span class='ocrx_word' id='word_1_566' title='bbox 2920 1068 3008 1136; x_wconf 93' lang='lat' dir='ltr'><strong>qui</strong></span> <span class='ocrx_word' id='word_1_567' title='bbox 3033 1071 3190 1124; x_wconf 90' lang='lat' dir='ltr'><strong>modo</strong></span> <span class='ocrx_word' id='word_1_568' title='bbox 3216 1072 3266 1126; x_wconf 95' lang='lat' dir='ltr'><strong>in</strong></span> <span class='ocrx_word' id='word_1_569' title='bbox 3287 1072 3387 1127; x_wconf 86' lang='lat' dir='ltr'><strong>hac</strong></span> <span class='ocrx_word' id='word_1_570' title='bbox 3408 1089 3532 1128; x_wconf 78' lang='lat' dir='ltr'><strong>ere-</strong></span> 
     </span>
    </p>
   </div>
   <div class='ocr_carea' id='block_1_68' title="bbox 1940 1150 3533 1230">
    <p class='ocr_par' dir='ltr' id='par_1_68' title="bbox 1940 1150 3533 1230">
     <span class='ocr_line' id='line_1_69' title="bbox 1940 1150 3533 1230; baseline 0.013 -33"><span class='ocrx_word' id='word_1_571' title='bbox 1940 1159 2028 1197; x_wconf 89' lang='lat' dir='ltr'><strong>mo</strong></span> <span class='ocrx_word' id='word_1_572' title='bbox 2055 1161 2158 1201; x_wconf 94' lang='lat' dir='ltr'><strong>non</strong></span> <span class='ocrx_word' id='word_1_573' title='bbox 2188 1165 2284 1203; x_wconf 90' lang='lat' dir='ltr'><strong>nos</strong></span> <span class='ocrx_word' id='word_1_574' title='bbox 2312 1150 2541 1217; x_wconf 85' lang='lat' dir='ltr'><strong>deserit;</strong></span> <span class='ocrx_word' id='word_1_575' title='bbox 2579 1153 2692 1210; x_wconf 88' lang='lat' dir='ltr'><strong>sive</strong></span> <span class='ocrx_word' id='word_1_576' title='bbox 2727 1155 2905 1210; x_wconf 92' lang='lat' dir='ltr'><strong>dando</strong></span> <span class='ocrx_word' id='word_1_577' title='bbox 2934 1158 3087 1214; x_wconf 87' lang='lat' dir='ltr'><strong>nobis</strong></span> <span class='ocrx_word' id='word_1_578' title='bbox 3110 1162 3252 1230; x_wconf 90' lang='lat' dir='ltr'><strong>quod</strong></span> <span class='ocrx_word' id='word_1_579' title='bbox 3281 1179 3533 1219; x_wconf 79' lang='lat' dir='ltr'><strong>necessa-</strong></span> 
     </span>
    </p>
   </div>
   <div class='ocr_carea' id='block_1_69' title="bbox 1937 1234 3532 1318">
    <p class='ocr_par' dir='ltr' id='par_1_69' title="bbox 1937 1234 3532 1318">
     <span class='ocr_line' id='line_1_70' title="bbox 1937 1234 3532 1318; baseline 0.013 -31"><span class='ocrx_word' id='word_1_580' title='bbox 1937 1234 2074 1289; x_wconf 89' lang='lat' dir='ltr'><strong>rium</strong></span> <span class='ocrx_word' id='word_1_581' title='bbox 2097 1246 2178 1291; x_wconf 88' lang='lat' dir='ltr'><strong>est</strong></span> <span class='ocrx_word' id='word_1_582' title='bbox 2199 1239 2368 1305; x_wconf 87' lang='lat' dir='ltr'><strong>carni,</strong></span> <span class='ocrx_word' id='word_1_583' title='bbox 2395 1242 2509 1297; x_wconf 85' lang='lat' dir='ltr'><strong>sive</strong></span> <span class='ocrx_word' id='word_1_584' title='bbox 2533 1243 2714 1298; x_wconf 90' lang='lat' dir='ltr'><strong>dando</strong></span> <span class='ocrx_word' id='word_1_585' title='bbox 2757 1247 2910 1301; x_wconf 91' lang='lat' dir='ltr'><strong>nobis</strong></span> <span class='ocrx_word' id='word_1_586' title='bbox 2941 1249 3081 1318; x_wconf 89' lang='lat' dir='ltr'><strong>quod</strong></span> <span class='ocrx_word' id='word_1_587' title='bbox 3115 1252 3312 1307; x_wconf 66' lang='lat' dir='ltr'><strong>anima:</strong></span> <span class='ocrx_word' id='word_1_588' title='bbox 3345 1269 3532 1310; x_wconf 84' lang='lat' dir='ltr'><strong>neces-</strong></span> 
     </span>
    </p>
   </div>
   <div class='ocr_carea' id='block_1_70' title="bbox 1935 1327 3530 1409">
    <p class='ocr_par' dir='ltr' id='par_1_70' title="bbox 1935 1327 3530 1409">
     <span class='ocr_line' id='line_1_71' title="bbox 1935 1327 3530 1409; baseline 0.014 -31"><span class='ocrx_word' id='word_1_589' title='bbox 1935 1327 2134 1381; x_wconf 86' lang='lat' dir='ltr'><strong>sarium</strong></span> <span class='ocrx_word' id='word_1_590' title='bbox 2164 1338 2359 1390; x_wconf 85' lang='lat' dir='ltr'><strong>est:et</strong></span> <span class='ocrx_word' id='word_1_591' title='bbox 2402 1334 2616 1402; x_wconf 91' lang='lat' dir='ltr'><strong>quando</strong></span> <span class='ocrx_word' id='word_1_592' title='bbox 2664 1351 2761 1391; x_wconf 90' lang='lat' dir='ltr'><strong>nos</strong></span> <span class='ocrx_word' id='word_1_593' title='bbox 2807 1339 3073 1409; x_wconf 87' lang='lat' dir='ltr'><strong>aliquibus</strong></span> <span class='ocrx_word' id='word_1_594' title='bbox 3120 1345 3530 1401; x_wconf 79' lang='lat' dir='ltr'><strong>necessitatibus</strong></span> 
     </span>
    </p>
   </div>
   <div class='ocr_carea' id='block_1_71' title="bbox 1933 1417 3526 1505">
    <p class='ocr_par' dir='ltr' id='par_1_71' title="bbox 1933 1417 3526 1505">
     <span class='ocr_line' id='line_1_72' title="bbox 1933 1417 3526 1505; baseline 0.014 -36"><span class='ocrx_word' id='word_1_595' title='bbox 1933 1417 2130 1484; x_wconf 89' lang='lat' dir='ltr'><strong>erudit,</strong></span> <span class='ocrx_word' id='word_1_596' title='bbox 2155 1421 2264 1474; x_wconf 90' lang='lat' dir='ltr'><strong>vult</strong></span> <span class='ocrx_word' id='word_1_597' title='bbox 2294 1434 2351 1476; x_wconf 89' lang='lat' dir='ltr'><strong>ttt</strong></span> <span class='ocrx_word' id='word_1_598' title='bbox 2379 1426 2609 1495; x_wconf 85' lang='lat' dir='ltr'><strong>amplius</strong></span> <span class='ocrx_word' id='word_1_599' title='bbox 2632 1427 2781 1482; x_wconf 88' lang='lat' dir='ltr'><strong>illum</strong></span> <span class='ocrx_word' id='word_1_600' title='bbox 2816 1427 3134 1500; x_wconf 81' lang='lat' dir='ltr'><strong>diligamus;</strong></span> <span class='ocrx_word' id='word_1_601' title='bbox 3169 1449 3236 1489; x_wconf 92' lang='lat' dir='ltr'><strong>ne</strong></span> <span class='ocrx_word' id='word_1_602' title='bbox 3266 1433 3403 1491; x_wconf 79' lang='lat' dir='ltr'><strong>forte</strong></span> <span class='ocrx_word' id='word_1_603' title='bbox 3432 1451 3526 1505; x_wconf 79' lang='lat' dir='ltr'><strong>per</strong></span> 
     </span>
    </p>
   </div>
   <div class='ocr_carea' id='block_1_72' title="bbox 1933 1509 3527 1583">
    <p class='ocr_par' dir='ltr' id='par_1_72' title="bbox 1933 1509 3527 1583">
     <span class='ocr_line' id='line_1_73' title="bbox 1933 1509 3527 1583; baseline 0.013 -22"><span class='ocrx_word' id='word_1_604' title='bbox 1933 1509 2171 1578; x_wconf 85' lang='lat' dir='ltr'><strong>saginam</strong></span> <span class='ocrx_word' id='word_1_605' title='bbox 2199 1527 2624 1583; x_wconf 88' lang='lat' dir='ltr'><strong>corrumpamur,</strong></span> <span class='ocrx_word' id='word_1_606' title='bbox 2674 1527 2729 1573; x_wconf 91' lang='lat' dir='ltr'><strong>et</strong></span> <span class='ocrx_word' id='word_1_607' title='bbox 2773 1520 3153 1577; x_wconf 86' lang='lat' dir='ltr'><strong>obliviscamur</strong></span> <span class='ocrx_word' id='word_1_608' title='bbox 3197 1540 3340 1578; x_wconf 90' lang='lat' dir='ltr'><strong>cum.</strong></span> <span class='ocrx_word' id='word_1_609' title='bbox 3387 1526 3527 1581; x_wconf 79' lang='lat' dir='ltr'><strong>Sub-</strong></span> 
     </span>
    </p>
   </div>
   <div class='ocr_carea' id='block_1_73' title="bbox 1935 1599 3527 1681">
    <p class='ocr_par' dir='ltr' id='par_1_73' title="bbox 1935 1599 3527 1681">
     <span class='ocr_line' id='line_1_74' title="bbox 1935 1599 3527 1681; baseline 0.014 -31"><span class='ocrx_word' id='word_1_610' title='bbox 1935 1599 2095 1654; x_wconf 87' lang='lat' dir='ltr'><strong>traltit</strong></span> <span class='ocrx_word' id='word_1_611' title='bbox 2124 1601 2280 1658; x_wconf 90' lang='lat' dir='ltr'><strong>nobis</strong></span> <span class='ocrx_word' id='word_1_612' title='bbox 2303 1605 2588 1674; x_wconf 87' lang='lat' dir='ltr'><strong>aliquando</strong></span> <span class='ocrx_word' id='word_1_613' title='bbox 2617 1623 2735 1679; x_wconf 66' lang='lat' dir='ltr'><strong>quae</strong></span> <span class='ocrx_word' id='word_1_614' title='bbox 2762 1614 3060 1666; x_wconf 88' lang='lat' dir='ltr'><strong>necessaria</strong></span> <span class='ocrx_word' id='word_1_615' title='bbox 3084 1624 3231 1681; x_wconf 88' lang='lat' dir='ltr'><strong>sunt,</strong></span> <span class='ocrx_word' id='word_1_616' title='bbox 3264 1626 3318 1670; x_wconf 91' lang='lat' dir='ltr'><strong>et</strong></span> <span class='ocrx_word' id='word_1_617' title='bbox 3346 1618 3527 1672; x_wconf 89' lang='lat' dir='ltr'><strong>atterit</strong></span> 
     </span>
    </p>
   </div>
   <div class='ocr_carea' id='block_1_74' title="bbox 1932 1695 3525 1773">
    <p class='ocr_par' dir='ltr' id='par_1_74' title="bbox 1932 1695 3525 1773">
     <span class='ocr_line' id='line_1_75' title="bbox 1932 1695 3525 1773; baseline 0.014 -30"><span class='ocrx_word' id='word_1_618' title='bbox 1932 1705 2062 1756; x_wconf 87' lang='lat' dir='ltr'><strong>nos;</strong></span> <span class='ocrx_word' id='word_1_619' title='bbox 2095 1699 2150 1746; x_wconf 94' lang='lat' dir='ltr'><strong>ut</strong></span> <span class='ocrx_word' id='word_1_620' title='bbox 2173 1695 2405 1751; x_wconf 78' lang='lat' dir='ltr'><strong>sciamus</strong></span> <span class='ocrx_word' id='word_1_621' title='bbox 2427 1699 2547 1767; x_wconf 89' lang='lat' dir='ltr'><strong>quia</strong></span> <span class='ocrx_word' id='word_1_622' title='bbox 2580 1699 2741 1755; x_wconf 86' lang='lat' dir='ltr'><strong>Pater</strong></span> <span class='ocrx_word' id='word_1_623' title='bbox 2771 1712 2825 1757; x_wconf 91' lang='lat' dir='ltr'><strong>et</strong></span> <span class='ocrx_word' id='word_1_624' title='bbox 2866 1704 3124 1760; x_wconf 90' lang='lat' dir='ltr'><strong>Dominus</strong></span> <span class='ocrx_word' id='word_1_625' title='bbox 3154 1716 3260 1773; x_wconf 85' lang='lat' dir='ltr'><strong>est,</strong></span> <span class='ocrx_word' id='word_1_626' title='bbox 3307 1725 3412 1763; x_wconf 94' lang='lat' dir='ltr'><strong>non</strong></span> <span class='ocrx_word' id='word_1_627' title='bbox 3433 1725 3525 1765; x_wconf 86' lang='lat' dir='ltr'><strong>so-</strong></span> 
     </span>
    </p>
   </div>
   <div class='ocr_carea' id='block_1_75' title="bbox 1929 1779 3523 1864">
    <p class='ocr_par' dir='ltr' id='par_1_75' title="bbox 1929 1779 3523 1864">
     <span class='ocr_line' id='line_1_76' title="bbox 1929 1779 3523 1864; baseline 0.014 -29"><span class='ocrx_word' id='word_1_628' title='bbox 1929 1779 2038 1835; x_wconf 90' lang='lat' dir='ltr'><strong>lum</strong></span> <span class='ocrx_word' id='word_1_629' title='bbox 2068 1783 2362 1850; x_wconf 84' lang='lat' dir='ltr'><strong>blandiens,</strong></span> <span class='ocrx_word' id='word_1_630' title='bbox 2389 1788 2483 1843; x_wconf 90' lang='lat' dir='ltr'><strong>sed</strong></span> <span class='ocrx_word' id='word_1_631' title='bbox 2511 1799 2566 1845; x_wconf 90' lang='lat' dir='ltr'><strong>et</strong></span> <span class='ocrx_word' id='word_1_632' title='bbox 2596 1791 2892 1862; x_wconf 76' lang='lat' dir='ltr'><strong>ﬂagellatis.</strong></span> <span class='ocrx_word' id='word_1_633' title='bbox 2941 1795 3212 1864; x_wconf 69' lang='lat' dir='ltr'><strong>Prmparat</strong></span> <span class='ocrx_word' id='word_1_634' title='bbox 3237 1799 3386 1854; x_wconf 88' lang='lat' dir='ltr'><strong>enim</strong></span> <span class='ocrx_word' id='word_1_635' title='bbox 3421 1817 3523 1857; x_wconf 83' lang='lat' dir='ltr'><strong>nos</strong></span> 
     </span>
    </p>
   </div>
   <div class='ocr_carea' id='block_1_76' title="bbox 1933 1873 3524 1958">
    <p class='ocr_par' dir='ltr' id='par_1_76' title="bbox 1933 1873 3524 1958">
     <span class='ocr_line' id='line_1_77' title="bbox 1933 1873 3524 1958; baseline 0.011 -30"><span class='ocrx_word' id='word_1_636' title='bbox 1933 1873 2145 1929; x_wconf 89' lang='lat' dir='ltr'><strong>cuidam</strong></span> <span class='ocrx_word' id='word_1_637' title='bbox 2179 1875 2476 1934; x_wconf 67' lang='lat' dir='ltr'><strong>haereditati</strong></span> <span class='ocrx_word' id='word_1_638' title='bbox 2506 1881 2893 1952; x_wconf 90' lang='lat' dir='ltr'><strong>incorruptibili</strong></span> <span class='ocrx_word' id='word_1_639' title='bbox 2932 1895 2985 1940; x_wconf 91' lang='lat' dir='ltr'><strong>et</strong></span> <span class='ocrx_word' id='word_1_640' title='bbox 3021 1904 3247 1958; x_wconf 70' lang='lat' dir='ltr'><strong>magum.</strong></span> <span class='ocrx_word' id='word_1_641' title='bbox 3277 1889 3334 1946; x_wconf 90' lang='lat' dir='ltr'><strong>Si</strong></span> <span class='ocrx_word' id='word_1_642' title='bbox 3362 1906 3524 1946; x_wconf 86' lang='lat' dir='ltr'><strong>unam</strong></span> 
     </span>
    </p>
   </div>
   <div class='ocr_carea' id='block_1_77' title="bbox 1927 1974 3517 2050">
    <p class='ocr_par' dir='ltr' id='par_1_77' title="bbox 1927 1974 3517 2050">
     <span class='ocr_line' id='line_1_78' title="bbox 1927 1974 3517 2050; baseline 0.013 -32"><span class='ocrx_word' id='word_1_643' title='bbox 1927 1979 2174 2034; x_wconf 85' lang='lat' dir='ltr'><strong>cuppatn,</strong></span> <span class='ocrx_word' id='word_1_644' title='bbox 2202 1978 2294 2023; x_wconf 88' lang='lat' dir='ltr'><strong>aut</strong></span> <span class='ocrx_word' id='word_1_645' title='bbox 2313 1987 2471 2025; x_wconf 90' lang='lat' dir='ltr'><strong>unam</strong></span> <span class='ocrx_word' id='word_1_646' title='bbox 2500 1974 2690 2027; x_wconf 91' lang='lat' dir='ltr'><strong>cellam</strong></span> <span class='ocrx_word' id='word_1_647' title='bbox 2724 1986 2889 2040; x_wconf 88' lang='lat' dir='ltr'><strong>tuam,</strong></span> <span class='ocrx_word' id='word_1_648' title='bbox 2929 1987 3022 2031; x_wconf 90' lang='lat' dir='ltr'><strong>aut</strong></span> <span class='ocrx_word' id='word_1_649' title='bbox 3043 1981 3085 2032; x_wconf 83' lang='lat' dir='ltr'><strong>si</strong></span> <span class='ocrx_word' id='word_1_650' title='bbox 3116 1981 3240 2050; x_wconf 92' lang='lat' dir='ltr'><strong>quid</strong></span> <span class='ocrx_word' id='word_1_651' title='bbox 3269 1981 3434 2038; x_wconf 87' lang='lat' dir='ltr'><strong>habes</strong></span> <span class='ocrx_word' id='word_1_652' title='bbox 3465 1984 3517 2038; x_wconf 86' lang='lat' dir='ltr'><strong>in</strong></span> 
     </span>
    </p>
   </div>
   <div class='ocr_carea' id='block_1_78' title="bbox 1925 2054 3526 2141">
    <p class='ocr_par' dir='ltr' id='par_1_78' title="bbox 1925 2054 3526 2141">
     <span class='ocr_line' id='line_1_79' title="bbox 1925 2054 3526 2141; baseline 0.012 -33"><span class='ocrx_word' id='word_1_653' title='bbox 1925 2054 2086 2111; x_wconf 88' lang='lat' dir='ltr'><strong>domo</strong></span> <span class='ocrx_word' id='word_1_654' title='bbox 2109 2069 2198 2112; x_wconf 89' lang='lat' dir='ltr'><strong>tua</strong></span> <span class='ocrx_word' id='word_1_655' title='bbox 2226 2100 2241 2125; x_wconf 90' lang='lat'><strong>,</strong></span> <span class='ocrx_word' id='word_1_656' title='bbox 2288 2062 2491 2131; x_wconf 84' lang='lat' dir='ltr'><strong>cogitas</strong></span> <span class='ocrx_word' id='word_1_657' title='bbox 2517 2063 2791 2120; x_wconf 89' lang='lat' dir='ltr'><strong>dimittere</strong></span> <span class='ocrx_word' id='word_1_658' title='bbox 2828 2067 2936 2121; x_wconf 88' lang='lat' dir='ltr'><strong>lilio</strong></span> <span class='ocrx_word' id='word_1_659' title='bbox 2963 2079 3074 2136; x_wconf 89' lang='lat' dir='ltr'><strong>tun,</strong></span> <span class='ocrx_word' id='word_1_660' title='bbox 3118 2080 3173 2124; x_wconf 91' lang='lat' dir='ltr'><strong>et</strong></span> <span class='ocrx_word' id='word_1_661' title='bbox 3220 2087 3288 2127; x_wconf 93' lang='lat' dir='ltr'><strong>ne</strong></span> <span class='ocrx_word' id='word_1_662' title='bbox 3337 2073 3526 2141; x_wconf 84' lang='lat' dir='ltr'><strong>perdat</strong></span> 
     </span>
    </p>
   </div>
   <div class='ocr_carea' id='block_1_79' title="bbox 1927 2145 3520 2232">
    <p class='ocr_par' dir='ltr' id='par_1_79' title="bbox 1927 2145 3520 2232">
     <span class='ocr_line' id='line_1_80' title="bbox 1927 2145 3520 2232; baseline 0.014 -35"><span class='ocrx_word' id='word_1_663' title='bbox 1927 2145 2078 2211; x_wconf 90' lang='lat' dir='ltr'><strong>illud,</strong></span> <span class='ocrx_word' id='word_1_664' title='bbox 2121 2149 2303 2223; x_wconf 82' lang='lat' dir='ltr'><strong>crudis</strong></span> <span class='ocrx_word' id='word_1_665' title='bbox 2347 2167 2491 2220; x_wconf 88' lang='lat' dir='ltr'><strong>eum,</strong></span> <span class='ocrx_word' id='word_1_666' title='bbox 2541 2165 2595 2208; x_wconf 92' lang='lat' dir='ltr'><strong>et</strong></span> <span class='ocrx_word' id='word_1_667' title='bbox 2639 2153 2863 2225; x_wconf 84' lang='lat' dir='ltr'><strong>ﬂagellis</strong></span> <span class='ocrx_word' id='word_1_668' title='bbox 2905 2174 3028 2212; x_wconf 91' lang='lat' dir='ltr'><strong>eum</strong></span> <span class='ocrx_word' id='word_1_669' title='bbox 3077 2159 3142 2212; x_wconf 91' lang='lat' dir='ltr'><strong>ad</strong></span> <span class='ocrx_word' id='word_1_670' title='bbox 3182 2162 3520 2232; x_wconf 87' lang='lat' dir='ltr'><strong>disciplinam</strong></span> 
     </span>
    </p>
   </div>
   <div class='ocr_carea' id='block_1_80' title="bbox 1925 2241 3524 2321">
    <p class='ocr_par' dir='ltr' id='par_1_80' title="bbox 1925 2241 3524 2321">
     <span class='ocr_line' id='line_1_81' title="bbox 1925 2241 3524 2321; baseline 0.011 -29"><span class='ocrx_word' id='word_1_671' title='bbox 1925 2241 2170 2310; x_wconf 87' lang='lat' dir='ltr'><strong>corrigis,</strong></span> <span class='ocrx_word' id='word_1_672' title='bbox 2215 2259 2284 2296; x_wconf 90' lang='lat' dir='ltr'><strong>ne</strong></span> <span class='ocrx_word' id='word_1_673' title='bbox 2315 2243 2504 2313; x_wconf 88' lang='lat' dir='ltr'><strong>perdat</strong></span> <span class='ocrx_word' id='word_1_674' title='bbox 2530 2246 2663 2300; x_wconf 85' lang='lat' dir='ltr'><strong>nihil</strong></span> <span class='ocrx_word' id='word_1_675' title='bbox 2685 2263 2857 2313; x_wconf 80' lang='lat' dir='ltr'><strong>tuum,</strong></span> <span class='ocrx_word' id='word_1_676' title='bbox 2889 2250 3030 2318; x_wconf 89' lang='lat' dir='ltr'><strong>quod</strong></span> <span class='ocrx_word' id='word_1_677' title='bbox 3062 2259 3117 2306; x_wconf 89' lang='lat' dir='ltr'><strong>et</strong></span> <span class='ocrx_word' id='word_1_678' title='bbox 3148 2253 3262 2321; x_wconf 86' lang='lat' dir='ltr'><strong>ipse</strong></span> <span class='ocrx_word' id='word_1_679' title='bbox 3305 2253 3395 2309; x_wconf 84' lang='lat' dir='ltr'><strong>hic</strong></span> <span class='ocrx_word' id='word_1_680' title='bbox 3439 2255 3524 2309; x_wconf 82' lang='lat' dir='ltr'><strong>di-</strong></span> 
     </span>
    </p>
   </div>
   <div class='ocr_carea' id='block_1_81' title="bbox 1926 2331 3522 2402">
    <p class='ocr_par' dir='ltr' id='par_1_81' title="bbox 1926 2331 3522 2402">
     <span class='ocr_line' id='line_1_82' title="bbox 1926 2331 3522 2402; baseline 0.013 -21"><span class='ocrx_word' id='word_1_681' title='bbox 1926 2331 2183 2386; x_wconf 91' lang='lat' dir='ltr'><strong>missurus</strong></span> <span class='ocrx_word' id='word_1_682' title='bbox 2211 2343 2313 2395; x_wconf 83' lang='lat' dir='ltr'><strong>est,</strong></span> <span class='ocrx_word' id='word_1_683' title='bbox 2339 2337 2477 2389; x_wconf 90' lang='lat' dir='ltr'><strong>sicut</strong></span> <span class='ocrx_word' id='word_1_684' title='bbox 2496 2345 2550 2389; x_wconf 91' lang='lat' dir='ltr'><strong>et</strong></span> <span class='ocrx_word' id='word_1_685' title='bbox 2579 2345 2676 2402; x_wconf 79' lang='lat' dir='ltr'><strong>tu;</strong></span> <span class='ocrx_word' id='word_1_686' title='bbox 2707 2351 2812 2392; x_wconf 86' lang='lat' dir='ltr'><strong>nun</strong></span> <span class='ocrx_word' id='word_1_687' title='bbox 2835 2341 2913 2393; x_wconf 86' lang='lat' dir='ltr'><strong>vis</strong></span> <span class='ocrx_word' id='word_1_688' title='bbox 2933 2350 2990 2394; x_wconf 93' lang='lat' dir='ltr'><strong>ut</strong></span> <span class='ocrx_word' id='word_1_689' title='bbox 3014 2356 3111 2397; x_wconf 91' lang='lat' dir='ltr'><strong>nos</strong></span> <span class='ocrx_word' id='word_1_690' title='bbox 3128 2343 3338 2398; x_wconf 90' lang='lat' dir='ltr'><strong>erudiat</strong></span> <span class='ocrx_word' id='word_1_691' title='bbox 3359 2345 3522 2401; x_wconf 81' lang='lat' dir='ltr'><strong>Pater</strong></span> 
     </span>
    </p>
   </div>
   <div class='ocr_carea' id='block_1_82' title="bbox 1923 2423 3520 2495">
    <p class='ocr_par' dir='ltr' id='par_1_82' title="bbox 1923 2423 3520 2495">
     <span class='ocr_line' id='line_1_83' title="bbox 1923 2423 3520 2495; baseline 0.011 -22"><span class='ocrx_word' id='word_1_692' title='bbox 1923 2431 2105 2475; x_wconf 89' lang='lat' dir='ltr'><strong>noster</strong></span> <span class='ocrx_word' id='word_1_693' title='bbox 2135 2425 2185 2476; x_wconf 93' lang='lat' dir='ltr'><strong>in</strong></span> <span class='ocrx_word' id='word_1_694' title='bbox 2221 2423 2443 2495; x_wconf 85' lang='lat' dir='ltr'><strong>ﬂagellis</strong></span> <span class='ocrx_word' id='word_1_695' title='bbox 2469 2429 2628 2482; x_wconf 83' lang='lat' dir='ltr'><strong>ctiam</strong></span> <span class='ocrx_word' id='word_1_696' title='bbox 2671 2430 3051 2485; x_wconf 71' lang='lat' dir='ltr'><strong>necessitatum</strong></span> <span class='ocrx_word' id='word_1_697' title='bbox 3091 2444 3182 2487; x_wconf 93' lang='lat' dir='ltr'><strong>aut</strong></span> <span class='ocrx_word' id='word_1_698' title='bbox 3217 2435 3520 2490; x_wconf 76' lang='lat' dir='ltr'><strong>tribulatio-</strong></span> 
     </span>
    </p>
   </div>
   <div class='ocr_carea' id='block_1_83' title="bbox 1922 2518 3512 2598">
    <p class='ocr_par' dir='ltr' id='par_1_83' title="bbox 1922 2518 3512 2598">
     <span class='ocr_line' id='line_1_84' title="bbox 1922 2518 3512 2598; baseline 0.011 -31"><span class='ocrx_word' id='word_1_699' title='bbox 1922 2530 2070 2576; x_wconf 88' lang='lat' dir='ltr'><strong>num,</strong></span> <span class='ocrx_word' id='word_1_700' title='bbox 2102 2518 2190 2586; x_wconf 91' lang='lat' dir='ltr'><strong>qui</strong></span> <span class='ocrx_word' id='word_1_701' title='bbox 2213 2518 2366 2572; x_wconf 90' lang='lat' dir='ltr'><strong>nobis</strong></span> <span class='ocrx_word' id='word_1_702' title='bbox 2397 2519 2556 2574; x_wconf 86' lang='lat' dir='ltr'><strong>talem</strong></span> <span class='ocrx_word' id='word_1_703' title='bbox 2598 2521 2963 2578; x_wconf 62' lang='lat' dir='ltr'><strong>[nereditatem</strong></span> <span class='ocrx_word' id='word_1_704' title='bbox 3003 2525 3225 2580; x_wconf 89' lang='lat' dir='ltr'><strong>daturus</strong></span> <span class='ocrx_word' id='word_1_705' title='bbox 3255 2537 3359 2593; x_wconf 88' lang='lat' dir='ltr'><strong>est,</strong></span> <span class='ocrx_word' id='word_1_706' title='bbox 3390 2544 3512 2598; x_wconf 72' lang='lat' dir='ltr'><strong>quas</strong></span> 
     </span>
    </p>
   </div>
   <div class='ocr_carea' id='block_1_84' title="bbox 1920 2605 3516 2677">
    <p class='ocr_par' dir='ltr' id='par_1_84' title="bbox 1920 2605 3516 2677">
     <span class='ocr_line' id='line_1_85' title="bbox 1920 2605 3516 2677; baseline 0.011 -20"><span class='ocrx_word' id='word_1_707' title='bbox 1920 2605 2149 2661; x_wconf 86' lang='lat' dir='ltr'><strong>transire</strong></span> <span class='ocrx_word' id='word_1_708' title='bbox 2174 2623 2277 2661; x_wconf 87' lang='lat' dir='ltr'><strong>non</strong></span> <span class='ocrx_word' id='word_1_709' title='bbox 2311 2610 2521 2677; x_wconf 73' lang='lat' dir='ltr'><strong>possit?</strong></span> <span class='ocrx_word' id='word_1_710' title='bbox 2549 2610 2927 2668; x_wconf 67' lang='lat' dir='ltr'><strong>ll-Jveditatetn</strong></span> <span class='ocrx_word' id='word_1_711' title='bbox 2958 2617 3098 2669; x_wconf 88' lang='lat' dir='ltr'><strong>enim</strong></span> <span class='ocrx_word' id='word_1_712' title='bbox 3148 2619 3302 2672; x_wconf 85' lang='lat' dir='ltr'><strong>nobis</strong></span> <span class='ocrx_word' id='word_1_713' title='bbox 3364 2617 3516 2675; x_wconf 86' lang='lat' dir='ltr'><strong>dabit</strong></span> 
     </span>
    </p>
   </div>
   <div class='ocr_carea' id='block_1_85' title="bbox 1917 2695 3515 2782">
    <p class='ocr_par' dir='ltr' id='par_1_85' title="bbox 1917 2695 3515 2782">
     <span class='ocr_line' id='line_1_86' title="bbox 1917 2695 3515 2782; baseline 0.01 -32"><span class='ocrx_word' id='word_1_714' title='bbox 1917 2695 2151 2762; x_wconf 84' lang='lat' dir='ltr'><strong>seipsum</strong></span> <span class='ocrx_word' id='word_1_715' title='bbox 2185 2698 2343 2767; x_wconf 88' lang='lat' dir='ltr'><strong>Deus,</strong></span> <span class='ocrx_word' id='word_1_716' title='bbox 2374 2709 2429 2753; x_wconf 94' lang='lat' dir='ltr'><strong>ut</strong></span> <span class='ocrx_word' id='word_1_717' title='bbox 2451 2699 2623 2770; x_wconf 90' lang='lat' dir='ltr'><strong>ipsum</strong></span> <span class='ocrx_word' id='word_1_718' title='bbox 2652 2703 3044 2774; x_wconf 83' lang='lat' dir='ltr'><strong>possideamus,</strong></span> <span class='ocrx_word' id='word_1_719' title='bbox 3080 2719 3133 2761; x_wconf 90' lang='lat' dir='ltr'><strong>et</strong></span> <span class='ocrx_word' id='word_1_720' title='bbox 3155 2708 3223 2763; x_wconf 90' lang='lat' dir='ltr'><strong>ab</strong></span> <span class='ocrx_word' id='word_1_721' title='bbox 3245 2709 3362 2782; x_wconf 88' lang='lat' dir='ltr'><strong>ipso</strong></span> <span class='ocrx_word' id='word_1_722' title='bbox 3387 2725 3515 2782; x_wconf 83' lang='lat' dir='ltr'><strong>pos-</strong></span> 
     </span>
    </p>
   </div>
   <div class='ocr_carea' id='block_1_86' title="bbox 1917 2785 2578 2844">
    <p class='ocr_par' dir='ltr' id='par_1_86' title="bbox 1917 2785 2578 2844">
     <span class='ocr_line' id='line_1_87' title="bbox 1917 2785 2578 2844; baseline 0.009 -7"><span class='ocrx_word' id='word_1_723' title='bbox 1917 2785 2187 2840; x_wconf 89' lang='lat' dir='ltr'><strong>sideamur</strong></span> <span class='ocrx_word' id='word_1_724' title='bbox 2216 2787 2270 2842; x_wconf 87' lang='lat' dir='ltr'><strong>in</strong></span> <span class='ocrx_word' id='word_1_725' title='bbox 2297 2799 2578 2844; x_wconf 68' lang='lat' dir='ltr'><strong>mternum.</strong></span> 
     </span>
    </p>
   </div>
   <div class='ocr_carea' id='block_1_87' title="bbox 1989 2876 3517 2958">
    <p class='ocr_par' dir='ltr' id='par_1_87' title="bbox 1989 2876 3517 2958">
     <span class='ocr_line' id='line_1_88' title="bbox 1989 2876 3517 2958; baseline 0.01 -29"><span class='ocrx_word' id='word_1_726' title='bbox 1989 2876 2076 2930; x_wconf 81' lang='lat' dir='ltr'><strong>ll.</strong></span> <span class='ocrx_word' id='word_1_727' title='bbox 2108 2877 2248 2948; x_wconf 85' lang='lat' dir='ltr'><strong>Ergo</strong></span> <span class='ocrx_word' id='word_1_728' title='bbox 2287 2879 2340 2933; x_wconf 94' lang='lat' dir='ltr'><strong>in</strong></span> <span class='ocrx_word' id='word_1_729' title='bbox 2376 2891 2562 2935; x_wconf 87' lang='lat' dir='ltr'><strong>sancto</strong></span> <span class='ocrx_word' id='word_1_730' title='bbox 2590 2896 2943 2951; x_wconf 88' lang='lat' dir='ltr'><strong>appareamus</strong></span> <span class='ocrx_word' id='word_1_731' title='bbox 2985 2885 3126 2946; x_wconf 89' lang='lat' dir='ltr'><strong>Deo,</strong></span> <span class='ocrx_word' id='word_1_732' title='bbox 3163 2897 3219 2940; x_wconf 89' lang='lat' dir='ltr'><strong>ut</strong></span> <span class='ocrx_word' id='word_1_733' title='bbox 3259 2900 3517 2958; x_wconf 83' lang='lat' dir='ltr'><strong>appareat</strong></span> 
     </span>
    </p>
   </div>
   <div class='ocr_carea' id='block_1_88' title="bbox 1915 2966 3512 3050">
    <p class='ocr_par' dir='ltr' id='par_1_88' title="bbox 1915 2966 3512 3050">
     <span class='ocr_line' id='line_1_89' title="bbox 1915 2966 3512 3050; baseline 0.009 -31"><span class='ocrx_word' id='word_1_734' title='bbox 1915 2966 2106 3031; x_wconf 88' lang='lat' dir='ltr'><strong>nobis;</strong></span> <span class='ocrx_word' id='word_1_735' title='bbox 2139 2983 2488 3040; x_wconf 85' lang='lat' dir='ltr'><strong>appareamus</strong></span> <span class='ocrx_word' id='word_1_736' title='bbox 2520 2971 2592 3026; x_wconf 92' lang='lat' dir='ltr'><strong>illi</strong></span> <span class='ocrx_word' id='word_1_737' title='bbox 2624 2972 2675 3026; x_wconf 89' lang='lat' dir='ltr'><strong>in</strong></span> <span class='ocrx_word' id='word_1_738' title='bbox 2708 2983 2894 3028; x_wconf 86' lang='lat' dir='ltr'><strong>sancto</strong></span> <span class='ocrx_word' id='word_1_739' title='bbox 2923 2975 3224 3042; x_wconf 75' lang='lat' dir='ltr'><strong>desiderio,</strong></span> <span class='ocrx_word' id='word_1_740' title='bbox 3259 2989 3316 3033; x_wconf 88' lang='lat' dir='ltr'><strong>ut</strong></span> <span class='ocrx_word' id='word_1_741' title='bbox 3344 2996 3512 3050; x_wconf 80' lang='lat' dir='ltr'><strong>appa-</strong></span> 
     </span>
    </p>
   </div>
   <div class='ocr_carea' id='block_1_89' title="bbox 1915 3058 3509 3133">
    <p class='ocr_par' dir='ltr' id='par_1_89' title="bbox 1915 3058 3509 3133">
     <span class='ocr_line' id='line_1_90' title="bbox 1915 3058 3509 3133; baseline 0.011 -25"><span class='ocrx_word' id='word_1_742' title='bbox 1915 3066 2028 3110; x_wconf 89' lang='lat' dir='ltr'><strong>reat</strong></span> <span class='ocrx_word' id='word_1_743' title='bbox 2060 3058 2211 3111; x_wconf 89' lang='lat' dir='ltr'><strong>nobis</strong></span> <span class='ocrx_word' id='word_1_744' title='bbox 2243 3059 2300 3113; x_wconf 91' lang='lat' dir='ltr'><strong>in</strong></span> <span class='ocrx_word' id='word_1_745' title='bbox 2332 3062 2566 3129; x_wconf 89' lang='lat' dir='ltr'><strong>potentia</strong></span> <span class='ocrx_word' id='word_1_746' title='bbox 2597 3073 2651 3117; x_wconf 92' lang='lat' dir='ltr'><strong>et</strong></span> <span class='ocrx_word' id='word_1_747' title='bbox 2687 3063 2852 3133; x_wconf 78' lang='lat' dir='ltr'><strong>gloria</strong></span> <span class='ocrx_word' id='word_1_748' title='bbox 2886 3062 3133 3122; x_wconf 87' lang='lat' dir='ltr'><strong>FiliiDei.</strong></span> <span class='ocrx_word' id='word_1_749' title='bbox 3162 3067 3338 3123; x_wconf 81' lang='lat' dir='ltr'><strong>Multis</strong></span> <span class='ocrx_word' id='word_1_750' title='bbox 3365 3071 3509 3126; x_wconf 91' lang='lat' dir='ltr'><strong>enim</strong></span> 
     </span>
    </p>
   </div>
   <div class='ocr_carea' id='block_1_90' title="bbox 1913 3149 3510 3225">
    <p class='ocr_par' dir='ltr' id='par_1_90' title="bbox 1913 3149 3510 3225">
     <span class='ocr_line' id='line_1_91' title="bbox 1913 3149 3510 3225; baseline 0.011 -26"><span class='ocrx_word' id='word_1_751' title='bbox 1913 3161 2018 3200; x_wconf 89' lang='lat' dir='ltr'><strong>non</strong></span> <span class='ocrx_word' id='word_1_752' title='bbox 2041 3149 2318 3217; x_wconf 74' lang='lat' dir='ltr'><strong>apparuit;</strong></span> <span class='ocrx_word' id='word_1_753' title='bbox 2345 3150 2452 3204; x_wconf 91' lang='lat' dir='ltr'><strong>sint</strong></span> <span class='ocrx_word' id='word_1_754' title='bbox 2482 3152 2532 3205; x_wconf 92' lang='lat' dir='ltr'><strong>in</strong></span> <span class='ocrx_word' id='word_1_755' title='bbox 2561 3162 2767 3220; x_wconf 82' lang='lat' dir='ltr'><strong>sancto,</strong></span> <span class='ocrx_word' id='word_1_756' title='bbox 2790 3161 2850 3208; x_wconf 90' lang='lat' dir='ltr'><strong>ut</strong></span> <span class='ocrx_word' id='word_1_757' title='bbox 2872 3167 3126 3225; x_wconf 84' lang='lat' dir='ltr'><strong>appareat</strong></span> <span class='ocrx_word' id='word_1_758' title='bbox 3147 3167 3200 3212; x_wconf 87' lang='lat' dir='ltr'><strong>et</strong></span> <span class='ocrx_word' id='word_1_759' title='bbox 3225 3159 3348 3214; x_wconf 91' lang='lat' dir='ltr'><strong>illis.</strong></span> <span class='ocrx_word' id='word_1_760' title='bbox 3374 3160 3510 3217; x_wconf 85' lang='lat' dir='ltr'><strong>Natu</strong></span> 
     </span>
    </p>
   </div>
   <div class='ocr_carea' id='block_1_91' title="bbox 1912 3237 3509 3320">
    <p class='ocr_par' dir='ltr' id='par_1_91' title="bbox 1912 3237 3509 3320">
     <span class='ocr_line' id='line_1_92' title="bbox 1912 3237 3509 3320; baseline 0.009 -30"><span class='ocrx_word' id='word_1_761' title='bbox 1912 3237 2063 3291; x_wconf 91' lang='lat' dir='ltr'><strong>multi</strong></span> <span class='ocrx_word' id='word_1_762' title='bbox 2095 3247 2281 3308; x_wconf 90' lang='lat' dir='ltr'><strong>putant</strong></span> <span class='ocrx_word' id='word_1_763' title='bbox 2305 3241 2450 3295; x_wconf 92' lang='lat' dir='ltr'><strong>illum</strong></span> <span class='ocrx_word' id='word_1_764' title='bbox 2479 3244 2844 3298; x_wconf 79' lang='lat' dir='ltr'><strong>tantummodo</strong></span> <span class='ocrx_word' id='word_1_765' title='bbox 2871 3243 3142 3300; x_wconf 78' lang='lat' dir='ltr'><strong>hominem</strong></span> <span class='ocrx_word' id='word_1_766' title='bbox 3173 3247 3359 3314; x_wconf 78' lang='lat' dir='ltr'><strong>fuisse,</strong></span> <span class='ocrx_word' id='word_1_767' title='bbox 3387 3251 3509 3320; x_wconf 86' lang='lat' dir='ltr'><strong>quia</strong></span> 
     </span>
    </p>
   </div>
   <div class='ocr_carea' id='block_1_92' title="bbox 1911 3329 3504 3408">
    <p class='ocr_par' dir='ltr' id='par_1_92' title="bbox 1911 3329 3504 3408">
     <span class='ocr_line' id='line_1_93' title="bbox 1911 3329 3504 3408; baseline 0.009 -28"><span class='ocrx_word' id='word_1_768' title='bbox 1911 3329 2231 3398; x_wconf 69' lang='lat' dir='ltr'><strong>prtedicatur</strong></span> <span class='ocrx_word' id='word_1_769' title='bbox 2259 3341 2417 3386; x_wconf 89' lang='lat' dir='ltr'><strong>natus</strong></span> <span class='ocrx_word' id='word_1_770' title='bbox 2455 3347 2519 3386; x_wconf 81' lang='lat' dir='ltr'><strong>ex</strong></span> <span class='ocrx_word' id='word_1_771' title='bbox 2561 3331 2803 3398; x_wconf 80' lang='lat' dir='ltr'><strong>homine,</strong></span> <span class='ocrx_word' id='word_1_772' title='bbox 2836 3338 3118 3391; x_wconf 80' lang='lat' dir='ltr'><strong>cruciﬁxus</strong></span> <span class='ocrx_word' id='word_1_773' title='bbox 3149 3348 3201 3392; x_wconf 89' lang='lat' dir='ltr'><strong>ct</strong></span> <span class='ocrx_word' id='word_1_774' title='bbox 3230 3348 3504 3408; x_wconf 88' lang='lat' dir='ltr'><strong>mortuus,</strong></span> 
     </span>
    </p>
   </div>
   <div class='ocr_carea' id='block_1_93' title="bbox 1911 3420 3504 3491">
    <p class='ocr_par' dir='ltr' id='par_1_93' title="bbox 1911 3420 3504 3491">
     <span class='ocr_line' id='line_1_94' title="bbox 1911 3420 3504 3491; baseline 0.008 -19"><span class='ocrx_word' id='word_1_775' title='bbox 1911 3420 2214 3479; x_wconf 86' lang='lat' dir='ltr'><strong>ambulasse</strong></span> <span class='ocrx_word' id='word_1_776' title='bbox 2244 3421 2294 3474; x_wconf 91' lang='lat' dir='ltr'><strong>in</strong></span> <span class='ocrx_word' id='word_1_777' title='bbox 2331 3428 2490 3488; x_wconf 86' lang='lat' dir='ltr'><strong>terra,</strong></span> <span class='ocrx_word' id='word_1_778' title='bbox 2524 3423 2870 3478; x_wconf 87' lang='lat' dir='ltr'><strong>manducasse</strong></span> <span class='ocrx_word' id='word_1_779' title='bbox 2896 3436 2950 3480; x_wconf 91' lang='lat' dir='ltr'><strong>et</strong></span> <span class='ocrx_word' id='word_1_780' title='bbox 2983 3425 3200 3491; x_wconf 85' lang='lat' dir='ltr'><strong>bibisse,</strong></span> <span class='ocrx_word' id='word_1_781' title='bbox 3233 3439 3285 3484; x_wconf 92' lang='lat' dir='ltr'><strong>et</strong></span> <span class='ocrx_word' id='word_1_782' title='bbox 3314 3438 3504 3484; x_wconf 77' lang='lat' dir='ltr'><strong>cretera</strong></span> 
     </span>
    </p>
   </div>
   <div class='ocr_carea' id='block_1_94' title="bbox 1909 3511 3507 3584">
    <p class='ocr_par' dir='ltr' id='par_1_94' title="bbox 1909 3511 3507 3584">
     <span class='ocr_line' id='line_1_95' title="bbox 1909 3511 3507 3584; baseline 0.008 -23"><span class='ocrx_word' id='word_1_783' title='bbox 1909 3511 2104 3580; x_wconf 78' lang='lat' dir='ltr'><strong>egisse,</strong></span> <span class='ocrx_word' id='word_1_784' title='bbox 2129 3526 2247 3582; x_wconf 67' lang='lat' dir='ltr'><strong>qua:</strong></span> <span class='ocrx_word' id='word_1_785' title='bbox 2277 3523 2400 3566; x_wconf 87' lang='lat' dir='ltr'><strong>sunt</strong></span> <span class='ocrx_word' id='word_1_786' title='bbox 2427 3513 2692 3572; x_wconf 88' lang='lat' dir='ltr'><strong>humana:</strong></span> <span class='ocrx_word' id='word_1_787' title='bbox 2720 3525 2774 3569; x_wconf 92' lang='lat' dir='ltr'><strong>et</strong></span> <span class='ocrx_word' id='word_1_788' title='bbox 2801 3527 2986 3584; x_wconf 89' lang='lat' dir='ltr'><strong>putant</strong></span> <span class='ocrx_word' id='word_1_789' title='bbox 3017 3517 3164 3570; x_wconf 88' lang='lat' dir='ltr'><strong>illum</strong></span> <span class='ocrx_word' id='word_1_790' title='bbox 3192 3519 3350 3574; x_wconf 90' lang='lat' dir='ltr'><strong>talem</strong></span> <span class='ocrx_word' id='word_1_791' title='bbox 3379 3520 3507 3574; x_wconf 78' lang='lat' dir='ltr'><strong>fuis-</strong></span> 
     </span>
    </p>
   </div>
   <div class='ocr_carea' id='block_1_95' title="bbox 1906 3602 3504 3672">
    <p class='ocr_par' dir='ltr' id='par_1_95' title="bbox 1906 3602 3504 3672">
     <span class='ocr_line' id='line_1_96' title="bbox 1906 3602 3504 3672; baseline 0.006 -16"><span class='ocrx_word' id='word_1_792' title='bbox 1906 3615 1986 3665; x_wconf 84' lang='lat' dir='ltr'><strong>se,</strong></span> <span class='ocrx_word' id='word_1_793' title='bbox 2013 3602 2197 3672; x_wconf 81' lang='lat' dir='ltr'><strong>quales</strong></span> <span class='ocrx_word' id='word_1_794' title='bbox 2227 3611 2350 3658; x_wconf 89' lang='lat' dir='ltr'><strong>sunt</strong></span> <span class='ocrx_word' id='word_1_795' title='bbox 2375 3604 2553 3659; x_wconf 67' lang='lat' dir='ltr'><strong>caeteri</strong></span> <span class='ocrx_word' id='word_1_796' title='bbox 2585 3604 2849 3660; x_wconf 87' lang='lat' dir='ltr'><strong>homines.</strong></span> <span class='ocrx_word' id='word_1_797' title='bbox 2880 3607 3118 3660; x_wconf 77' lang='lat' dir='ltr'><strong>Audistis</strong></span> <span class='ocrx_word' id='word_1_798' title='bbox 3140 3618 3316 3664; x_wconf 88' lang='lat' dir='ltr'><strong>autem</strong></span> <span class='ocrx_word' id='word_1_799' title='bbox 3343 3610 3504 3665; x_wconf 86' lang='lat' dir='ltr'><strong>modo</strong></span> 
     </span>
    </p>
   </div>
   <div class='ocr_carea' id='block_1_96' title="bbox 1905 3693 3504 3766">
    <p class='ocr_par' dir='ltr' id='par_1_96' title="bbox 1905 3693 3504 3766">
     <span class='ocr_line' id='line_1_97' title="bbox 1905 3693 3504 3766; baseline 0.007 -20"><span class='ocrx_word' id='word_1_800' title='bbox 1905 3709 2027 3746; x_wconf 91' lang='lat' dir='ltr'><strong>cum</strong></span> <span class='ocrx_word' id='word_1_801' title='bbox 2072 3693 2416 3764; x_wconf 87' lang='lat' dir='ltr'><strong>Evangelium</strong></span> <span class='ocrx_word' id='word_1_802' title='bbox 2462 3694 2762 3764; x_wconf 81' lang='lat' dir='ltr'><strong>legeretur,</strong></span> <span class='ocrx_word' id='word_1_803' title='bbox 2801 3697 3070 3766; x_wconf 88' lang='lat' dir='ltr'><strong>quomodo</strong></span> <span class='ocrx_word' id='word_1_804' title='bbox 3109 3701 3504 3757; x_wconf 86' lang='lat' dir='ltr'><strong>commendavit</strong></span> 
     </span>
    </p>
   </div>
   <div class='ocr_carea' id='block_1_97' title="bbox 1908 3783 3497 3861">
    <p class='ocr_par' dir='ltr' id='par_1_97' title="bbox 1908 3783 3497 3861">
     <span class='ocr_line' id='line_1_98' title="bbox 1908 3783 3497 3861; baseline 0.005 -24"><span class='ocrx_word' id='word_1_805' title='bbox 1908 3784 2237 3850; x_wconf 67' lang='lat' dir='ltr'><strong>maiestatem</strong></span> <span class='ocrx_word' id='word_1_806' title='bbox 2292 3799 2441 3838; x_wconf 89' lang='lat' dir='ltr'><strong>suam</strong></span> <span class='ocrx_word' id='word_1_807' title='bbox 2476 3801 2488 3838; x_wconf 92' lang='lat'><strong>:</strong></span> <span class='ocrx_word' id='word_1_808' title='bbox 2524 3783 2634 3855; x_wconf 81' lang='lat' dir='ltr'><strong>Ego</strong></span> <span class='ocrx_word' id='word_1_809' title='bbox 2669 3795 2717 3838; x_wconf 85' lang='lat' dir='ltr'><strong>et</strong></span> <span class='ocrx_word' id='word_1_810' title='bbox 2747 3784 2905 3839; x_wconf 87' lang='lat' dir='ltr'><strong>Pater</strong></span> <span class='ocrx_word' id='word_1_811' title='bbox 2944 3803 3101 3840; x_wconf 86' lang='lat' dir='ltr'><strong>unum</strong></span> <span class='ocrx_word' id='word_1_812' title='bbox 3137 3805 3311 3844; x_wconf 71' lang='lat' dir='ltr'><strong>suntut</strong></span> <span class='ocrx_word' id='word_1_813' title='bbox 3371 3789 3497 3861; x_wconf 82' lang='lat' dir='ltr'><strong>(Id.</strong></span> 
     </span>
    </p>
   </div>
   <div class='ocr_carea' id='block_1_98' title="bbox 1911 3875 3501 3951">
    <p class='ocr_par' dir='ltr' id='par_1_98' title="bbox 1911 3875 3501 3951">
     <span class='ocr_line' id='line_1_99' title="bbox 1911 3875 3501 3951; baseline 0.006 -22"><span class='ocrx_word' id='word_1_814' title='bbox 1911 3893 1938 3929; x_wconf 68' lang='grc' dir='ltr'><strong>ς</strong></span> <span class='ocrx_word' id='word_1_815' title='bbox 1960 3917 1976 3941; x_wconf 82' lang='grc'>,</span> <span class='ocrx_word' id='word_1_816' title='bbox 2008 3875 2148 3946; x_wconf 68' lang='lat'><strong>&#39;50).“</strong></span> <span class='ocrx_word' id='word_1_817' title='bbox 2167 3877 2306 3931; x_wconf 85' lang='lat' dir='ltr'><strong>Ecce</strong></span> <span class='ocrx_word' id='word_1_818' title='bbox 2343 3886 2538 3947; x_wconf 89' lang='lat' dir='ltr'><strong>quanta</strong></span> <span class='ocrx_word' id='word_1_819' title='bbox 2582 3877 2866 3946; x_wconf 87' lang='lat' dir='ltr'><strong>majestas,</strong></span> <span class='ocrx_word' id='word_1_820' title='bbox 2907 3888 2960 3932; x_wconf 91' lang='lat' dir='ltr'><strong>et</strong></span> <span class='ocrx_word' id='word_1_821' title='bbox 2996 3888 3189 3948; x_wconf 88' lang='lat' dir='ltr'><strong>quanta</strong></span> <span class='ocrx_word' id='word_1_822' title='bbox 3224 3885 3501 3951; x_wconf 78' lang='lat' dir='ltr'><strong>:equalitas</strong></span> 
     </span>
    </p>
   </div>
   <div class='ocr_carea' id='block_1_99' title="bbox 1905 3965 3501 4039">
    <p class='ocr_par' dir='ltr' id='par_1_99' title="bbox 1905 3965 3501 4039">
     <span class='ocr_line' id='line_1_100' title="bbox 1905 3965 3501 4039; baseline 0.005 -18"><span class='ocrx_word' id='word_1_823' title='bbox 1905 3966 2078 4021; x_wconf 84' lang='lat' dir='ltr'><strong>Patris</strong></span> <span class='ocrx_word' id='word_1_824' title='bbox 2108 3965 2384 4022; x_wconf 87' lang='lat' dir='ltr'><strong>descendit</strong></span> <span class='ocrx_word' id='word_1_825' title='bbox 2419 3967 2487 4022; x_wconf 90' lang='lat' dir='ltr'><strong>ad</strong></span> <span class='ocrx_word' id='word_1_826' title='bbox 2521 3983 2735 4022; x_wconf 82' lang='lat' dir='ltr'><strong>carnem</strong></span> <span class='ocrx_word' id='word_1_827' title='bbox 2769 3978 2986 4039; x_wconf 87' lang='lat' dir='ltr'><strong>prepter</strong></span> <span class='ocrx_word' id='word_1_828' title='bbox 3016 3970 3375 4027; x_wconf 74' lang='lat' dir='ltr'><strong>infirmitatem</strong></span> <span class='ocrx_word' id='word_1_829' title='bbox 3403 3990 3501 4028; x_wconf 80' lang='lat' dir='ltr'><strong>no-</strong></span> 
     </span>
    </p>
   </div>
   <div class='ocr_carea' id='block_1_100' title="bbox 1904 4059 3496 4134">
    <p class='ocr_par' dir='ltr' id='par_1_100' title="bbox 1904 4059 3496 4134">
     <span class='ocr_line' id='line_1_101' title="bbox 1904 4059 3496 4134; baseline 0.005 -21"><span class='ocrx_word' id='word_1_830' title='bbox 1904 4060 2098 4115; x_wconf 82' lang='lat' dir='ltr'><strong>stram!</strong></span> <span class='ocrx_word' id='word_1_831' title='bbox 2130 4059 2268 4115; x_wconf 85' lang='lat' dir='ltr'><strong>Ecce</strong></span> <span class='ocrx_word' id='word_1_832' title='bbox 2297 4069 2549 4129; x_wconf 87' lang='lat' dir='ltr'><strong>quantum</strong></span> <span class='ocrx_word' id='word_1_833' title='bbox 2576 4059 2752 4115; x_wconf 89' lang='lat' dir='ltr'><strong>dilecti</strong></span> <span class='ocrx_word' id='word_1_834' title='bbox 2781 4076 2986 4128; x_wconf 90' lang='lat' dir='ltr'><strong>sumus,</strong></span> <span class='ocrx_word' id='word_1_835' title='bbox 3014 4075 3297 4134; x_wconf 88' lang='lat' dir='ltr'><strong>antequam</strong></span> <span class='ocrx_word' id='word_1_836' title='bbox 3334 4066 3496 4121; x_wconf 90' lang='lat' dir='ltr'><strong>Deum</strong></span> 
     </span>
    </p>
   </div>
   <div class='ocr_carea' id='block_1_101' title="bbox 1904 4153 3496 4226">
    <p class='ocr_par' dir='ltr' id='par_1_101' title="bbox 1904 4153 3496 4226">
     <span class='ocr_line' id='line_1_102' title="bbox 1904 4153 3496 4226; baseline 0.005 -21"><span class='ocrx_word' id='word_1_837' title='bbox 1904 4153 2278 4218; x_wconf 81' lang='lat' dir='ltr'><strong>diligeremusl</strong></span> <span class='ocrx_word' id='word_1_838' title='bbox 2309 4155 2363 4208; x_wconf 93' lang='lat' dir='ltr'><strong>Si</strong></span> <span class='ocrx_word' id='word_1_839' title='bbox 2391 4166 2674 4226; x_wconf 85' lang='lat' dir='ltr'><strong>antequam</strong></span> <span class='ocrx_word' id='word_1_840' title='bbox 2705 4157 2869 4210; x_wconf 92' lang='lat' dir='ltr'><strong>Deum</strong></span> <span class='ocrx_word' id='word_1_841' title='bbox 2897 4155 3264 4226; x_wconf 84' lang='lat' dir='ltr'><strong>diligeretnus,</strong></span> <span class='ocrx_word' id='word_1_842' title='bbox 3292 4168 3496 4213; x_wconf 89' lang='lat' dir='ltr'><strong>tantum</strong></span> 
     </span>
    </p>
   </div>
   <div class='ocr_carea' id='block_1_102' title="bbox 1904 4244 3498 4317">
    <p class='ocr_par' dir='ltr' id='par_1_102' title="bbox 1904 4244 3498 4317">
     <span class='ocr_line' id='line_1_103' title="bbox 1904 4244 3498 4317; baseline 0.005 -21"><span class='ocrx_word' id='word_1_843' title='bbox 1904 4244 1970 4298; x_wconf 90' lang='lat' dir='ltr'><strong>ab</strong></span> <span class='ocrx_word' id='word_1_844' title='bbox 2003 4245 2090 4298; x_wconf 90' lang='lat' dir='ltr'><strong>illo</strong></span> <span class='ocrx_word' id='word_1_845' title='bbox 2119 4244 2295 4300; x_wconf 81' lang='lat' dir='ltr'><strong>dileCti</strong></span> <span class='ocrx_word' id='word_1_846' title='bbox 2335 4262 2554 4313; x_wconf 88' lang='lat' dir='ltr'><strong>sumus,</strong></span> <span class='ocrx_word' id='word_1_847' title='bbox 2585 4258 2642 4300; x_wconf 91' lang='lat' dir='ltr'><strong>ut</strong></span> <span class='ocrx_word' id='word_1_848' title='bbox 2675 4248 2934 4317; x_wconf 58' lang='lat' dir='ltr'><strong>aequalem</strong></span> <span class='ocrx_word' id='word_1_849' title='bbox 2974 4247 3074 4302; x_wconf 89' lang='lat' dir='ltr'><strong>sibi</strong></span> <span class='ocrx_word' id='word_1_850' title='bbox 3117 4247 3309 4302; x_wconf 88' lang='lat' dir='ltr'><strong>Filium</strong></span> <span class='ocrx_word' id='word_1_851' title='bbox 3340 4264 3498 4304; x_wconf 90' lang='lat' dir='ltr'><strong>suum</strong></span> 
     </span>
    </p>
   </div>
   <div class='ocr_carea' id='block_1_103' title="bbox 1905 4336 3496 4412">
    <p class='ocr_par' dir='ltr' id='par_1_103' title="bbox 1905 4336 3496 4412">
     <span class='ocr_line' id='line_1_104' title="bbox 1905 4336 3496 4412; baseline 0.004 -23"><span class='ocrx_word' id='word_1_852' title='bbox 1905 4336 2173 4391; x_wconf 89' lang='lat' dir='ltr'><strong>hominem</strong></span> <span class='ocrx_word' id='word_1_853' title='bbox 2206 4340 2403 4395; x_wconf 78' lang='lat' dir='ltr'><strong>faceret</strong></span> <span class='ocrx_word' id='word_1_854' title='bbox 2432 4349 2649 4410; x_wconf 91' lang='lat' dir='ltr'><strong>propter</strong></span> <span class='ocrx_word' id='word_1_855' title='bbox 2677 4355 2808 4405; x_wconf 87' lang='lat' dir='ltr'><strong>nos;</strong></span> <span class='ocrx_word' id='word_1_856' title='bbox 2841 4339 2968 4410; x_wconf 91' lang='lat' dir='ltr'><strong>quid</strong></span> <span class='ocrx_word' id='word_1_857' title='bbox 2995 4341 3149 4395; x_wconf 82' lang='lat' dir='ltr'><strong>nobis</strong></span> <span class='ocrx_word' id='word_1_858' title='bbox 3177 4352 3355 4396; x_wconf 89' lang='lat' dir='ltr'><strong>servat</strong></span> <span class='ocrx_word' id='word_1_859' title='bbox 3386 4343 3496 4412; x_wconf 85' lang='lat' dir='ltr'><strong>jam</strong></span> 
     </span>
    </p>
   </div>
   <div class='ocr_carea' id='block_1_104' title="bbox 1902 4429 3503 4504">
    <p class='ocr_par' dir='ltr' id='par_1_104' title="bbox 1902 4429 3503 4504">
     <span class='ocr_line' id='line_1_105' title="bbox 1902 4429 3503 4504; baseline 0.003 -22"><span class='ocrx_word' id='word_1_860' title='bbox 1902 4429 2242 4500; x_wconf 79' lang='lat' dir='ltr'><strong>diligentibus</strong></span> <span class='ocrx_word' id='word_1_861' title='bbox 2268 4430 2363 4484; x_wconf 70' lang='lat' dir='ltr'><strong>se?</strong></span> <span class='ocrx_word' id='word_1_862' title='bbox 2391 4432 2528 4501; x_wconf 87' lang='lat' dir='ltr'><strong>Ergo</strong></span> <span class='ocrx_word' id='word_1_863' title='bbox 2558 4431 2707 4485; x_wconf 89' lang='lat' dir='ltr'><strong>multi</strong></span> <span class='ocrx_word' id='word_1_864' title='bbox 2737 4431 2917 4486; x_wconf 90' lang='lat' dir='ltr'><strong>nescio</strong></span> <span class='ocrx_word' id='word_1_865' title='bbox 2942 4431 3068 4501; x_wconf 88' lang='lat' dir='ltr'><strong>quid</strong></span> <span class='ocrx_word' id='word_1_866' title='bbox 3099 4433 3375 4488; x_wconf 87' lang='lat' dir='ltr'><strong>minimum</strong></span> <span class='ocrx_word' id='word_1_867' title='bbox 3403 4451 3503 4504; x_wconf 72' lang='lat' dir='ltr'><strong>pu-</strong></span> 
     </span>
    </p>
   </div>
   <div class='ocr_carea' id='block_1_105' title="bbox 1904 4521 3498 4593">
    <p class='ocr_par' dir='ltr' id='par_1_105' title="bbox 1904 4521 3498 4593">
     <span class='ocr_line' id='line_1_106' title="bbox 1904 4521 3498 4593; baseline 0.004 -20"><span class='ocrx_word' id='word_1_868' title='bbox 1904 4530 2015 4574; x_wconf 89' lang='lat' dir='ltr'><strong>tant</strong></span> <span class='ocrx_word' id='word_1_869' title='bbox 2039 4521 2348 4591; x_wconf 89' lang='lat' dir='ltr'><strong>apparuisse</strong></span> <span class='ocrx_word' id='word_1_870' title='bbox 2377 4521 2428 4575; x_wconf 92' lang='lat' dir='ltr'><strong>in</strong></span> <span class='ocrx_word' id='word_1_871' title='bbox 2463 4532 2600 4576; x_wconf 88' lang='lat' dir='ltr'><strong>terra</strong></span> <span class='ocrx_word' id='word_1_872' title='bbox 2631 4522 2824 4577; x_wconf 90' lang='lat' dir='ltr'><strong>Filium</strong></span> <span class='ocrx_word' id='word_1_873' title='bbox 2856 4523 2982 4586; x_wconf 92' lang='lat' dir='ltr'><strong>Dei;</strong></span> <span class='ocrx_word' id='word_1_874' title='bbox 3010 4525 3132 4593; x_wconf 90' lang='lat' dir='ltr'><strong>quia</strong></span> <span class='ocrx_word' id='word_1_875' title='bbox 3159 4539 3265 4578; x_wconf 91' lang='lat' dir='ltr'><strong>non</strong></span> <span class='ocrx_word' id='word_1_876' title='bbox 3291 4533 3417 4578; x_wconf 91' lang='lat' dir='ltr'><strong>sunt</strong></span> <span class='ocrx_word' id='word_1_877' title='bbox 3442 4525 3498 4580; x_wconf 91' lang='lat' dir='ltr'><strong>in</strong></span> 
     </span>
    </p>
   </div>
   <div class='ocr_carea' id='block_1_106' title="bbox 1901 4612 3496 4685">
    <p class='ocr_par' dir='ltr' id='par_1_106' title="bbox 1901 4612 3496 4685">
     <span class='ocr_line' id='line_1_107' title="bbox 1901 4612 3496 4685; baseline 0.003 -19"><span class='ocrx_word' id='word_1_878' title='bbox 1901 4623 2121 4681; x_wconf 90' lang='lat' dir='ltr'><strong>sancto,</strong></span> <span class='ocrx_word' id='word_1_879' title='bbox 2169 4631 2273 4668; x_wconf 91' lang='lat' dir='ltr'><strong>non</strong></span> <span class='ocrx_word' id='word_1_880' title='bbox 2322 4615 2400 4670; x_wconf 89' lang='lat' dir='ltr'><strong>eis</strong></span> <span class='ocrx_word' id='word_1_881' title='bbox 2446 4623 2667 4683; x_wconf 68' lang='lat' dir='ltr'><strong>apparet</strong></span> <span class='ocrx_word' id='word_1_882' title='bbox 2716 4613 2948 4684; x_wconf 90' lang='lat' dir='ltr'><strong>potentia</strong></span> <span class='ocrx_word' id='word_1_883' title='bbox 2993 4612 3200 4684; x_wconf 89' lang='lat' dir='ltr'><strong>ipsius,</strong></span> <span class='ocrx_word' id='word_1_884' title='bbox 3238 4625 3293 4669; x_wconf 92' lang='lat' dir='ltr'><strong>et</strong></span> <span class='ocrx_word' id='word_1_885' title='bbox 3329 4615 3496 4685; x_wconf 81' lang='lat' dir='ltr'><strong>gloria</strong></span> 
     </span>
    </p>
   </div>
   <div class='ocr_carea' id='block_1_107' title="bbox 1902 4703 3492 4775">
    <p class='ocr_par' dir='ltr' id='par_1_107' title="bbox 1902 4703 3492 4775">
     <span class='ocr_line' id='line_1_108' title="bbox 1902 4703 3492 4775; baseline 0.003 -19"><span class='ocrx_word' id='word_1_886' title='bbox 1902 4705 2066 4773; x_wconf 85' lang='lat' dir='ltr'><strong>ipsius</strong></span> <span class='ocrx_word' id='word_1_887' title='bbox 2091 4722 2105 4760; x_wconf 91' lang='lat'><strong>:</strong></span> <span class='ocrx_word' id='word_1_888' title='bbox 2134 4703 2183 4758; x_wconf 88' lang='lat' dir='ltr'><strong>id</strong></span> <span class='ocrx_word' id='word_1_889' title='bbox 2210 4714 2312 4772; x_wconf 86' lang='lat' dir='ltr'><strong>est,</strong></span> <span class='ocrx_word' id='word_1_890' title='bbox 2335 4706 2455 4775; x_wconf 85' lang='lat' dir='ltr'><strong>quia</strong></span> <span class='ocrx_word' id='word_1_891' title='bbox 2480 4705 2714 4759; x_wconf 90' lang='lat' dir='ltr'><strong>nondum</strong></span> <span class='ocrx_word' id='word_1_892' title='bbox 2740 4703 3126 4759; x_wconf 72' lang='lat' dir='ltr'><strong>sanctificatum</strong></span> <span class='ocrx_word' id='word_1_893' title='bbox 3157 4705 3353 4760; x_wconf 92' lang='lat' dir='ltr'><strong>habent</strong></span> <span class='ocrx_word' id='word_1_894' title='bbox 3376 4721 3492 4773; x_wconf 88' lang='lat' dir='ltr'><strong>cor,</strong></span> 
     </span>
    </p>
   </div>
   <div class='ocr_carea' id='block_1_108' title="bbox 1900 4797 3495 4868">
    <p class='ocr_par' dir='ltr' id='par_1_108' title="bbox 1900 4797 3495 4868">
     <span class='ocr_line' id='line_1_109' title="bbox 1900 4797 3495 4868; baseline 0.001 -17"><span class='ocrx_word' id='word_1_895' title='bbox 1900 4797 2042 4852; x_wconf 89' lang='lat' dir='ltr'><strong>unde</strong></span> <span class='ocrx_word' id='word_1_896' title='bbox 2071 4798 2367 4866; x_wconf 79' lang='lat' dir='ltr'><strong>intelligant</strong></span> <span class='ocrx_word' id='word_1_897' title='bbox 2394 4798 2738 4853; x_wconf 90' lang='lat' dir='ltr'><strong>eminentiam</strong></span> <span class='ocrx_word' id='word_1_898' title='bbox 2771 4798 2979 4851; x_wconf 85' lang='lat' dir='ltr'><strong>virtutis</strong></span> <span class='ocrx_word' id='word_1_899' title='bbox 3011 4797 3154 4852; x_wconf 85' lang='lat' dir='ltr'><strong>illius</strong></span> <span class='ocrx_word' id='word_1_900' title='bbox 3173 4840 3188 4864; x_wconf 89' lang='lat'><strong>,</strong></span> <span class='ocrx_word' id='word_1_901' title='bbox 3215 4805 3272 4853; x_wconf 89' lang='lat' dir='ltr'><strong>et</strong></span> <span class='ocrx_word' id='word_1_902' title='bbox 3298 4799 3495 4868; x_wconf 85' lang='lat' dir='ltr'><strong>gratias</strong></span> 
     </span>
    </p>
   </div>
   <div class='ocr_carea' id='block_1_109' title="bbox 1898 4888 3493 4960">
    <p class='ocr_par' dir='ltr' id='par_1_109' title="bbox 1898 4888 3493 4960">
     <span class='ocr_line' id='line_1_110' title="bbox 1898 4888 3493 4960; baseline 0.003 -18"><span class='ocrx_word' id='word_1_903' title='bbox 1898 4899 2057 4959; x_wconf 88' lang='lat' dir='ltr'><strong>agant</strong></span> <span class='ocrx_word' id='word_1_904' title='bbox 2100 4890 2210 4943; x_wconf 89' lang='lat' dir='ltr'><strong>Deo</strong></span> <span class='ocrx_word' id='word_1_905' title='bbox 2248 4888 2370 4960; x_wconf 90' lang='lat' dir='ltr'><strong>quia</strong></span> <span class='ocrx_word' id='word_1_906' title='bbox 2419 4899 2636 4959; x_wconf 88' lang='lat' dir='ltr'><strong>propter</strong></span> <span class='ocrx_word' id='word_1_907' title='bbox 2675 4889 2820 4956; x_wconf 81' lang='lat' dir='ltr'><strong>ipsos</strong></span> <span class='ocrx_word' id='word_1_908' title='bbox 2854 4899 3031 4944; x_wconf 89' lang='lat' dir='ltr'><strong>tantus</strong></span> <span class='ocrx_word' id='word_1_909' title='bbox 3068 4903 3176 4958; x_wconf 91' lang='lat' dir='ltr'><strong>quo</strong></span> <span class='ocrx_word' id='word_1_910' title='bbox 3209 4891 3388 4956; x_wconf 89' lang='lat' dir='ltr'><strong>venit,</strong></span> <span class='ocrx_word' id='word_1_911' title='bbox 3424 4891 3493 4946; x_wconf 87' lang='lat' dir='ltr'><strong>ad</strong></span> 
     </span>
    </p>
   </div>
   <div class='ocr_carea' id='block_1_110' title="bbox 1897 4981 3495 5052">
    <p class='ocr_par' dir='ltr' id='par_1_110' title="bbox 1897 4981 3495 5052">
     <span class='ocr_line' id='line_1_111' title="bbox 1897 4981 3495 5052; baseline 0.003 -18"><span class='ocrx_word' id='word_1_912' title='bbox 1897 4997 2054 5052; x_wconf 89' lang='lat' dir='ltr'><strong>quam</strong></span> <span class='ocrx_word' id='word_1_913' title='bbox 2087 4982 2416 5036; x_wconf 82' lang='lat' dir='ltr'><strong>nativitatem</strong></span> <span class='ocrx_word' id='word_1_914' title='bbox 2435 5023 2449 5045; x_wconf 93' lang='lat'><strong>,</strong></span> <span class='ocrx_word' id='word_1_915' title='bbox 2479 4981 2544 5034; x_wconf 88' lang='lat' dir='ltr'><strong>ad</strong></span> <span class='ocrx_word' id='word_1_916' title='bbox 2574 4997 2732 5050; x_wconf 79' lang='lat' dir='ltr'><strong>quam</strong></span> <span class='ocrx_word' id='word_1_917' title='bbox 2767 4981 3099 5049; x_wconf 72' lang='lat' dir='ltr'><strong>pauiOuem;</strong></span> <span class='ocrx_word' id='word_1_918' title='bbox 3135 4996 3241 5036; x_wconf 94' lang='lat' dir='ltr'><strong>non</strong></span> <span class='ocrx_word' id='word_1_919' title='bbox 3268 4989 3495 5052; x_wconf 87' lang='lat' dir='ltr'><strong>possunt</strong></span> 
     </span>
    </p>
   </div>
   <div class='ocr_carea' id='block_1_111' title="bbox 1897 5075 3129 5145">
    <p class='ocr_par' dir='ltr' id='par_1_111' title="bbox 1897 5075 3129 5145">
     <span class='ocr_line' id='line_1_112' title="bbox 1897 5075 3129 5145; baseline -0.001 -17"><span class='ocrx_word' id='word_1_920' title='bbox 1897 5075 2076 5130; x_wconf 81' lang='lat' dir='ltr'><strong>videre</strong></span> <span class='ocrx_word' id='word_1_921' title='bbox 2102 5075 2324 5145; x_wconf 86' lang='lat' dir='ltr'><strong>gloriam</strong></span> <span class='ocrx_word' id='word_1_922' title='bbox 2354 5076 2520 5144; x_wconf 90' lang='lat' dir='ltr'><strong>ipsius</strong></span> <span class='ocrx_word' id='word_1_923' title='bbox 2549 5085 2602 5129; x_wconf 92' lang='lat' dir='ltr'><strong>et</strong></span> <span class='ocrx_word' id='word_1_924' title='bbox 2629 5077 2917 5144; x_wconf 88' lang='lat' dir='ltr'><strong>potentiam</strong></span> <span class='ocrx_word' id='word_1_925' title='bbox 2947 5077 3129 5144; x_wconf 87' lang='lat' dir='ltr'><strong>ipsius.</strong></span> 
     </span>
    </p>
   </div>
   <div class='ocr_carea' id='block_1_112' title="bbox 1970 5165 3494 5239">
    <p class='ocr_par' dir='ltr' id='par_1_112' title="bbox 1970 5165 3494 5239">
     <span class='ocr_line' id='line_1_113' title="bbox 1970 5165 3494 5239; baseline 0.002 -18"><span class='ocrx_word' id='word_1_926' title='bbox 1970 5168 2056 5221; x_wconf 69' lang='lat'><strong>1&#39;2.</strong></span> <span class='ocrx_word' id='word_1_927' title='bbox 2103 5165 2254 5238; x_wconf 81' lang='lat' dir='ltr'><strong>[vers.</strong></span> <span class='ocrx_word' id='word_1_928' title='bbox 2297 5165 2374 5239; x_wconf 73' lang='grc'><strong>4.]</strong></span> <span class='ocrx_word' id='word_1_929' title='bbox 2408 5165 2660 5234; x_wconf 84' lang='lat' dir='ltr'><strong>Quoniam</strong></span> <span class='ocrx_word' id='word_1_930' title='bbox 2699 5167 2878 5220; x_wconf 75' lang='lat' dir='ltr'><strong>melior</strong></span> <span class='ocrx_word' id='word_1_931' title='bbox 2915 5176 2987 5220; x_wconf 82' lang='lat' dir='ltr'><strong>est</strong></span> <span class='ocrx_word' id='word_1_932' title='bbox 3023 5167 3369 5222; x_wconf 72' lang='lat' dir='ltr'><strong>misericordia</strong></span> <span class='ocrx_word' id='word_1_933' title='bbox 3402 5179 3494 5224; x_wconf 75' lang='lat' dir='ltr'><strong>tua</strong></span> 
     </span>
    </p>
   </div>
   <div class='ocr_carea' id='block_1_113' title="bbox 1893 5258 3490 5329">
    <p class='ocr_par' dir='ltr' id='par_1_113' title="bbox 1893 5258 3490 5329">
     <span class='ocr_line' id='line_1_114' title="bbox 1893 5258 3490 5329; baseline 0.001 -15"><span class='ocrx_word' id='word_1_934' title='bbox 1893 5277 2044 5329; x_wconf 72' lang='lat' dir='ltr'><strong>super</strong></span> <span class='ocrx_word' id='word_1_935' title='bbox 2065 5262 2209 5314; x_wconf 80' lang='lat' dir='ltr'><strong>vitas.</strong></span> <span class='ocrx_word' id='word_1_936' title='bbox 2235 5259 2408 5312; x_wconf 77' lang='lat' dir='ltr'><strong>Multa:</strong></span> <span class='ocrx_word' id='word_1_937' title='bbox 2438 5269 2559 5314; x_wconf 85' lang='lat' dir='ltr'><strong>sunt</strong></span> <span class='ocrx_word' id='word_1_938' title='bbox 2583 5259 2704 5313; x_wconf 74' lang='lat' dir='ltr'><strong>vita:</strong></span> <span class='ocrx_word' id='word_1_939' title='bbox 2732 5258 3012 5323; x_wconf 68' lang='lat' dir='ltr'><strong>humanm;</strong></span> <span class='ocrx_word' id='word_1_940' title='bbox 3041 5259 3134 5314; x_wconf 80' lang='lat' dir='ltr'><strong>sed</strong></span> <span class='ocrx_word' id='word_1_941' title='bbox 3163 5259 3304 5315; x_wconf 84' lang='lat' dir='ltr'><strong>Deus</strong></span> <span class='ocrx_word' id='word_1_942' title='bbox 3329 5276 3490 5315; x_wconf 86' lang='lat' dir='ltr'><strong>unam</strong></span> 
     </span>
    </p>
   </div>
   <div class='ocr_carea' id='block_1_114' title="bbox 1895 5350 3493 5421">
    <p class='ocr_par' dir='ltr' id='par_1_114' title="bbox 1895 5350 3493 5421">
     <span class='ocr_line' id='line_1_115' title="bbox 1895 5350 3493 5421; baseline 0.001 -17"><span class='ocrx_word' id='word_1_943' title='bbox 1895 5353 2055 5406; x_wconf 87' lang='lat' dir='ltr'><strong>vitam</strong></span> <span class='ocrx_word' id='word_1_944' title='bbox 2088 5353 2381 5421; x_wconf 85' lang='lat' dir='ltr'><strong>promittit;</strong></span> <span class='ocrx_word' id='word_1_945' title='bbox 2414 5361 2466 5405; x_wconf 91' lang='lat' dir='ltr'><strong>et</strong></span> <span class='ocrx_word' id='word_1_946' title='bbox 2493 5367 2598 5405; x_wconf 90' lang='lat' dir='ltr'><strong>non</strong></span> <span class='ocrx_word' id='word_1_947' title='bbox 2627 5350 2770 5405; x_wconf 88' lang='lat' dir='ltr'><strong>illam</strong></span> <span class='ocrx_word' id='word_1_948' title='bbox 2798 5351 2888 5405; x_wconf 89' lang='lat' dir='ltr'><strong>dat</strong></span> <span class='ocrx_word' id='word_1_949' title='bbox 2915 5351 3067 5405; x_wconf 83' lang='lat' dir='ltr'><strong>nobis</strong></span> <span class='ocrx_word' id='word_1_950' title='bbox 3095 5352 3243 5420; x_wconf 78' lang='lat' dir='ltr'><strong>quasi</strong></span> <span class='ocrx_word' id='word_1_951' title='bbox 3272 5362 3493 5421; x_wconf 83' lang='lat' dir='ltr'><strong>propter</strong></span> 
     </span>
    </p>
   </div>
   <div class='ocr_carea' id='block_1_115' title="bbox 1894 5440 3489 5512">
    <p class='ocr_par' dir='ltr' id='par_1_115' title="bbox 1894 5440 3489 5512">
     <span class='ocr_line' id='line_1_116' title="bbox 1894 5440 3489 5512; baseline 0.001 -16"><span class='ocrx_word' id='word_1_952' title='bbox 1894 5443 2082 5496; x_wconf 89' lang='lat' dir='ltr'><strong>merita</strong></span> <span class='ocrx_word' id='word_1_953' title='bbox 2109 5452 2313 5506; x_wconf 87' lang='lat' dir='ltr'><strong>nostra,</strong></span> <span class='ocrx_word' id='word_1_954' title='bbox 2340 5441 2434 5496; x_wconf 91' lang='lat' dir='ltr'><strong>sed</strong></span> <span class='ocrx_word' id='word_1_955' title='bbox 2463 5451 2683 5512; x_wconf 82' lang='lat' dir='ltr'><strong>propter</strong></span> <span class='ocrx_word' id='word_1_956' title='bbox 2707 5440 3126 5496; x_wconf 89' lang='lat' dir='ltr'><strong>misericordiam</strong></span> <span class='ocrx_word' id='word_1_957' title='bbox 3153 5455 3324 5496; x_wconf 90' lang='lat' dir='ltr'><strong>suam.</strong></span> <span class='ocrx_word' id='word_1_958' title='bbox 3350 5441 3489 5510; x_wconf 85' lang='lat' dir='ltr'><strong>Quid</strong></span> 
     </span>
    </p>
   </div>
   <div class='ocr_carea' id='block_1_116' title="bbox 1893 5530 3490 5603">
    <p class='ocr_par' dir='ltr' id='par_1_116' title="bbox 1893 5530 3490 5603">
     <span class='ocr_line' id='line_1_117' title="bbox 1893 5530 3490 5603; baseline 0.001 -15"><span class='ocrx_word' id='word_1_959' title='bbox 1893 5533 2033 5588; x_wconf 89' lang='lat' dir='ltr'><strong>enim</strong></span> <span class='ocrx_word' id='word_1_960' title='bbox 2066 5532 2189 5587; x_wconf 92' lang='lat' dir='ltr'><strong>boui</strong></span> <span class='ocrx_word' id='word_1_961' title='bbox 2217 5533 2444 5602; x_wconf 88' lang='lat' dir='ltr'><strong>egimus,</strong></span> <span class='ocrx_word' id='word_1_962' title='bbox 2473 5541 2532 5587; x_wconf 93' lang='lat' dir='ltr'><strong>ut</strong></span> <span class='ocrx_word' id='word_1_963' title='bbox 2556 5531 2680 5586; x_wconf 90' lang='lat' dir='ltr'><strong>illud</strong></span> <span class='ocrx_word' id='word_1_964' title='bbox 2707 5530 3071 5587; x_wconf 79' lang='lat' dir='ltr'><strong>mereremur?</strong></span> <span class='ocrx_word' id='word_1_965' title='bbox 3090 5541 3181 5586; x_wconf 91' lang='lat' dir='ltr'><strong>aut</strong></span> <span class='ocrx_word' id='word_1_966' title='bbox 3203 5547 3320 5603; x_wconf 71' lang='lat' dir='ltr'><strong>qua:</strong></span> <span class='ocrx_word' id='word_1_967' title='bbox 3347 5532 3490 5590; x_wconf 83' lang='lat' dir='ltr'><strong>bona</strong></span> 
     </span>
    </p>
   </div>
   <div class='ocr_carea' id='block_1_117' title="bbox 1892 5621 3488 5692">
    <p class='ocr_par' dir='ltr' id='par_1_117' title="bbox 1892 5621 3488 5692">
     <span class='ocr_line' id='line_1_118' title="bbox 1892 5621 3488 5692; baseline 0.001 -16"><span class='ocrx_word' id='word_1_968' title='bbox 1892 5622 2026 5677; x_wconf 78' lang='lat' dir='ltr'><strong>facta</strong></span> <span class='ocrx_word' id='word_1_969' title='bbox 2049 5632 2228 5676; x_wconf 90' lang='lat' dir='ltr'><strong>nostra</strong></span> <span class='ocrx_word' id='word_1_970' title='bbox 2251 5630 2661 5692; x_wconf 73' lang='lat' dir='ltr'><strong>prmcesserunt,</strong></span> <span class='ocrx_word' id='word_1_971' title='bbox 2681 5631 2738 5675; x_wconf 91' lang='lat' dir='ltr'><strong>ut</strong></span> <span class='ocrx_word' id='word_1_972' title='bbox 2761 5621 2900 5676; x_wconf 88' lang='lat' dir='ltr'><strong>Deus</strong></span> <span class='ocrx_word' id='word_1_973' title='bbox 2920 5621 3073 5676; x_wconf 88' lang='lat' dir='ltr'><strong>nobis</strong></span> <span class='ocrx_word' id='word_1_974' title='bbox 3093 5622 3314 5692; x_wconf 87' lang='lat' dir='ltr'><strong>gratiam</strong></span> <span class='ocrx_word' id='word_1_975' title='bbox 3334 5636 3488 5679; x_wconf 84' lang='lat' dir='ltr'><strong>suam</strong></span> 
     </span>
    </p>
   </div>
   <div class='ocr_carea' id='block_1_118' title="bbox 1889 5711 3492 5782">
    <p class='ocr_par' dir='ltr' id='par_1_118' title="bbox 1889 5711 3492 5782">
     <span class='ocr_line' id='line_1_119' title="bbox 1889 5711 3492 5782; baseline -0.001 -14"><span class='ocrx_word' id='word_1_976' title='bbox 1889 5713 2078 5769; x_wconf 86' lang='lat' dir='ltr'><strong>daret?</strong></span> <span class='ocrx_word' id='word_1_977' title='bbox 2113 5713 2377 5782; x_wconf 81' lang='lat' dir='ltr'><strong>Numquid</strong></span> <span class='ocrx_word' id='word_1_978' title='bbox 2421 5713 2621 5767; x_wconf 89' lang='lat' dir='ltr'><strong>invenit</strong></span> <span class='ocrx_word' id='word_1_979' title='bbox 2655 5711 2887 5782; x_wconf 82' lang='lat' dir='ltr'><strong>justitias</strong></span> <span class='ocrx_word' id='word_1_980' title='bbox 2917 5725 3050 5782; x_wconf 85' lang='lat' dir='ltr'><strong>quas</strong></span> <span class='ocrx_word' id='word_1_981' title='bbox 3085 5721 3402 5778; x_wconf 89' lang='lat' dir='ltr'><strong>coronaret,</strong></span> <span class='ocrx_word' id='word_1_982' title='bbox 3432 5723 3492 5767; x_wconf 88' lang='lat' dir='ltr'><strong>et</strong></span> 
     </span>
    </p>
   </div>
   <div class='ocr_carea' id='block_1_119' title="bbox 1890 5804 3489 5877">
    <p class='ocr_par' dir='ltr' id='par_1_119' title="bbox 1890 5804 3489 5877">
     <span class='ocr_line' id='line_1_120' title="bbox 1890 5804 3489 5877; baseline -0.001 -15"><span class='ocrx_word' id='word_1_983' title='bbox 1890 5824 1994 5862; x_wconf 88' lang='lat' dir='ltr'><strong>non</strong></span> <span class='ocrx_word' id='word_1_984' title='bbox 2023 5808 2211 5862; x_wconf 90' lang='lat' dir='ltr'><strong>delicta</strong></span> <span class='ocrx_word' id='word_1_985' title='bbox 2241 5824 2360 5877; x_wconf 68' lang='lat' dir='ltr'><strong>qua:</strong></span> <span class='ocrx_word' id='word_1_986' title='bbox 2390 5807 2654 5862; x_wconf 80' lang='lat' dir='ltr'><strong>donaret?</strong></span> <span class='ocrx_word' id='word_1_987' title='bbox 2683 5805 2874 5876; x_wconf 86' lang='lat' dir='ltr'><strong>Utique</strong></span> <span class='ocrx_word' id='word_1_988' title='bbox 2903 5804 3094 5860; x_wconf 86' lang='lat' dir='ltr'><strong>delicta</strong></span> <span class='ocrx_word' id='word_1_989' title='bbox 3123 5820 3241 5876; x_wconf 71' lang='lat' dir='ltr'><strong>qua:</strong></span> <span class='ocrx_word' id='word_1_990' title='bbox 3268 5805 3489 5860; x_wconf 87' lang='lat' dir='ltr'><strong>donavit</strong></span> 
     </span>
    </p>
   </div>
   <div class='ocr_carea' id='block_1_120' title="bbox 1889 5897 3507 5972">
    <p class='ocr_par' dir='ltr' id='par_1_120' title="bbox 1889 5897 3507 5972">
     <span class='ocr_line' id='line_1_121' title="bbox 1889 5897 3507 5972; baseline -0.001 -17"><span class='ocrx_word' id='word_1_991' title='bbox 1889 5899 1936 5955; x_wconf 79' lang='lat' dir='ltr'><strong>si</strong></span> <span class='ocrx_word' id='word_1_992' title='bbox 1966 5901 2154 5972; x_wconf 88' lang='lat' dir='ltr'><strong>punire</strong></span> <span class='ocrx_word' id='word_1_993' title='bbox 2187 5899 2382 5968; x_wconf 84' lang='lat' dir='ltr'><strong>vellet,</strong></span> <span class='ocrx_word' id='word_1_994' title='bbox 2416 5916 2520 5955; x_wconf 89' lang='lat' dir='ltr'><strong>non</strong></span> <span class='ocrx_word' id='word_1_995' title='bbox 2555 5909 2698 5955; x_wconf 86' lang='lat' dir='ltr'><strong>esset</strong></span> <span class='ocrx_word' id='word_1_996' title='bbox 2735 5899 3008 5970; x_wconf 72' lang='lat' dir='ltr'><strong>injustam.</strong></span> <span class='ocrx_word' id='word_1_997' title='bbox 3041 5897 3176 5966; x_wconf 85' lang='lat' dir='ltr'><strong>Quid</strong></span> <span class='ocrx_word' id='word_1_998' title='bbox 3204 5899 3348 5953; x_wconf 79' lang='lat' dir='ltr'><strong>enim</strong></span> <span class='ocrx_word' id='word_1_999' title='bbox 3379 5909 3507 5953; x_wconf 75' lang='lat' dir='ltr'><strong>tam.</strong></span> 
     </span>
    </p>
   </div>
  </div>
