3934 6326
445 418 552 481 755

431 534 666 605 justum,
698 551 855 605 quam
885 545 938 589 ut
975 536 1218 605 puniatur
1257 536 1540 606 peccator?
1566 531 1698 588 Cum
1731 536 1931 604 justum
1962 536 2032 589 sit

435 633 496 678 ut
547 626 795 694 puniatur
851 635 1136 695 peccator,
1187 627 1439 694 pertinuit
1489 624 1557 679 ad
1608 623 2029 679 misericordiam

436 714 603 784 ipsius
631 731 735 768 non
770 716 959 784 punire
998 726 1360 790 peccatoiem,
1391 715 1484 769 sed
1521 715 1848 784 justiﬁcare,
1880 725 1934 769 et
1961 713 2030 769 de

433 815 717 871 peccatore
761 806 934 859 facere
975 806 1210 873 justum,
1243 818 1296 860 et
1335 804 1403 859 de
1444 806 1605 875 impio
1648 806 1821 860 facere
1860 806 2023 874 pium.

432 888 573 964 Ergo
599 896 944 948 misericordia
971 896 1135 963 ipsius
1161 897 1336 949 melior
1354 913 1506 965 super
1527 897 1670 950 vitae.
1693 897 1836 963 Quas
1861 894 2029 949 vitas?

432 985 577 1052 Quas
616 986 716 1039 sibi
758 985 1005 1040 homines
1037 987 1330 1054 elegerunt.
1365 985 1516 1041 Arius
1544 987 1702 1057 elegit
1733 987 1830 1040 sibi
1863 984 2024 1039 vitam

431 1075 769 1142 negatiandi,
803 1077 939 1131 alius
974 1078 1134 1130 vitam
1172 1077 1455 1131 rusticandi
1476 1113 1491 1144 ,
1519 1079 1651 1131 alius
1683 1079 1842 1131 vitam
1873 1075 2022 1132 fene-

434 1166 608 1229 raudi,
638 1167 775 1220 alius
805 1169 964 1221 vitam
999 1169 1293 1233 militandi;
1325 1169 1462 1222 alius
1497 1169 1662 1235 illam,
1693 1169 1828 1224 alius
1856 1169 2021 1223 illam.

437 1258 670 1314 Diversa:
699 1270 823 1313 sunt
852 1262 992 1326 vitm,
1025 1261 1116 1314 sed
1146 1263 1321 1314 melior
1347 1271 1420 1315 est
1447 1260 1789 1314 misericordia
1817 1271 1904 1314 tua
1932 1277 2020 1314 stt-

431 1367 521 1417 per
545 1350 670 1403 vita;
699 1360 928 1404 nostras.
958 1349 1144 1404 Melius
1169 1360 1251 1406 est
1275 1349 1418 1421 quod
1443 1350 1539 1404 das
1559 1350 1834 1415 correctis,
1861 1366 2020 1418 qnam

424 1442 568 1510 quod
596 1443 798 1511 eligunt
829 1443 1084 1510 perversi.
1123 1443 1289 1497 Unam
1323 1443 1481 1496 vitam
1513 1442 1701 1507 donas,
1730 1458 1848 1512 qum
1879 1458 2020 1512 pra:-

425 1542 650 1599 ponatur
675 1515 927 1588 omnibus
955 1536 1150 1586 nostris
1171 1574 1185 1597 ,
1218 1549 1580 1603 quascumque
1609 1534 1660 1587 in
1689 1531 1888 1586 mundo
1916 1531 2019 1587 eli-

420 1636 547 1690 gere
577 1623 926 1691 potuerimus.
961 1625 1216 1692 Quoniam
1250 1625 1426 1678 melior
1453 1633 1529 1677 est
1558 1623 1903 1676 misericordia
1931 1633 2020 1676 tua

419 1729 572 1782 super
605 1715 764 1779 ritas,
794 1715 928 1768 labia
966 1732 1076 1768 mea
1111 1713 1390 1767 laudabunt
1421 1724 1485 1767 te.
1514 1713 1628 1769 Non
1661 1723 1714 1768 te
1741 1713 2020 1768 laudarent

423 1804 560 1857 labia
582 1819 723 1868 mea,
755 1805 852 1858 nisi
881 1820 967 1859 me
993 1805 1320 1874 prmcederet
1346 1803 1711 1859 misericordia
1735 1813 1840 1858 tua.
1869 1803 2017 1858 Dono

422 1905 515 1950 tuo
546 1905 596 1950 te
625 1895 817 1963 laudo,
849 1911 943 1965 per
972 1895 1390 1950 misericordiam
1425 1906 1566 1948 tuam
1599 1905 1651 1949 te
1689 1896 1865 1949 laudo.
1899 1895 2012 1950 Non

418 1985 561 2040 enim
600 2001 700 2054 ego
744 2001 954 2054 possem
1001 1986 1217 2040 laudare
1261 1987 1423 2057 Deum
1448 2027 1461 2049 ,
1497 1986 1594 2039 nisi
1635 1985 1763 2039 mihi
1792 1987 2014 2040 donaret

417 2076 635 2133 laudare
661 2094 718 2132 se
749 2093 925 2147 posse.
960 2077 1210 2144 Quoniam
1241 2077 1418 2131 melior
1447 2085 1522 2130 est
1558 2076 1902 2130 misericordia
1926 2088 2017 2131 tua

416 2188 570 2242 super
594 2170 739 2234 vitae,
768 2170 903 2224 labia
930 2186 1041 2223 mea
1069 2168 1346 2222 laudabunt
1372 2180 1436 2222 te.

488 2263 576 2317 i3.
607 2260 756 2335 [verm
793 2259 871 2333 5.]
903 2261 992 2316 Sic
1021 2260 1312 2314 benedicam
1337 2269 1384 2312 te
1410 2261 1464 2312 in
1489 2260 1588 2312 vita
1614 2275 1744 2325 mea,
1772 2267 1818 2312 et
1843 2257 1893 2311 in
1919 2273 2012 2311 no-

415 2357 548 2408 mine
583 2368 669 2408 tuo
704 2355 876 2408 levabo
915 2370 1095 2406 manus
1125 2369 1280 2405 meas.
1316 2350 1405 2406 Sic
1433 2349 1724 2404 benedicam
1753 2351 1877 2404 tein
1907 2350 2011 2402 vita

412 2463 526 2501 utea
553 2466 571 2501 :
593 2447 703 2516 jam
733 2447 783 2502 in
813 2446 920 2500 vita
949 2461 1064 2498 mea
1090 2460 1248 2514 quam
1276 2442 1404 2497 mihi
1435 2441 1676 2505 donasti;
1707 2457 1809 2494 non
1843 2441 1892 2495 in
1922 2441 2008 2496 illa

412 2551 573 2606 quam
601 2555 701 2608 ego
730 2539 864 2608 elegi
895 2537 1188 2592 scentulum
1220 2535 1473 2590 tnundmn
1500 2550 1620 2588 cum
1651 2535 1860 2588 ezcteris
1879 2575 1894 2599 ,
1923 2533 2009 2586 iu-

415 2642 496 2682 ter
535 2629 730 2682 multas
763 2629 922 2691 vitas,
959 2628 1052 2682 sed
1082 2643 1239 2696 quam
1271 2626 1461 2680 dedisti
1495 2625 1623 2679 mihi
1666 2640 1761 2694 per
1797 2625 2006 2678 miseri-

411 2719 648 2771 cordiam
690 2727 832 2770 tuam
855 2758 868 2778 ,
903 2727 960 2770 ut
994 2725 1046 2771 te
1088 2715 1381 2769 laudarem.
1422 2714 1510 2769 Sic
1545 2711 1837 2769 benedicam
1870 2723 1918 2767 te
1953 2715 2006 2768 in

411 2812 520 2863 vita.
541 2826 669 2864 mea.
702 2809 837 2876 Quid
869 2818 970 2873 est,
1000 2808 1113 2862 sic?
1142 2806 1206 2862 Ut
1236 2807 1614 2862 misericordia:
1643 2817 1745 2861 tuze
1775 2806 2004 2862 tribuam

409 2903 573 2957 vitam
605 2917 776 2955 meam
805 2901 856 2954 in
884 2916 988 2971 qua
1012 2909 1061 2953 te
1088 2900 1278 2964 laudo;
1305 2915 1410 2953 non
1445 2897 1650 2954 meritis
1678 2900 1832 2954 meis.
1856 2895 1928 2952 Et
1952 2900 2004 2953 in

409 2993 614 3045 nomine
654 3002 740 3044 tuo
781 2993 952 3046 levabo
989 3007 1169 3046 manus
1208 3007 1362 3056 ineas.
1399 2991 1535 3045 cha
1567 3005 1696 3059 ergo
1733 3006 1921 3046 manus
1950 2992 2001 3048 in

408 3083 670 3137 oratione.
697 3081 918 3139 Levavit
942 3098 1039 3152 pro
1064 3083 1220 3140 nobis
1247 3082 1501 3136 Dominus
1527 3091 1707 3136 noster
1732 3097 1922 3135 manus
1948 3083 2000 3135 in

406 3186 602 3236 erucc.
632 3183 686 3228 et
723 3181 955 3228 extensa:
996 3182 1121 3227 sunt
1162 3188 1348 3226 manus
1385 3173 1500 3242 ejus
1538 3187 1635 3242 pro
1671 3171 1846 3227 nobis.
1877 3172 2001 3227 Ideo

405 3274 638 3316 extensa:
667 3272 788 3316 sunt
820 3278 1008 3316 manus
1039 3261 1152 3331 ejus
1183 3263 1235 3316 in
1265 3277 1454 3328 cruce,
1488 3271 1544 3314 ut
1581 3276 1770 3315 manus
1803 3271 2000 3315 nostra:

403 3355 761 3410 extendantur
788 3352 840 3408 in
875 3354 1010 3408 bona
1038 3369 1237 3422 opera;
1266 3354 1385 3422 quia
1421 3368 1552 3406 crux
1593 3353 1758 3421 ipsius
1791 3351 1999 3406 miseri-

404 3447 644 3501 cordiam
684 3446 838 3500 nobis
879 3445 1121 3514 prmbuit.
1157 3445 1294 3500 Ecce
1335 3444 1528 3497 levavit
1570 3444 1656 3496 ille
1693 3459 1913 3505 manus,
1946 3452 2000 3495 et

400 3539 594 3593 obtulit
621 3553 717 3608 pro
737 3536 890 3592 nobis
914 3536 1232 3590 sacrificium
1259 3536 1366 3588 Deo
1386 3535 1642 3601 seipsum,
1666 3543 1720 3586 et
1748 3548 1840 3602 per
1868 3531 1996 3586 illud

401 3629 719 3683 sacrificium
754 3629 928 3682 deleta
967 3612 1093 3681 sunt
1126 3627 1303 3681 omnia
1341 3634 1552 3693 peccata
1592 3633 1790 3677 nostra.
1826 3621 1994 3678 Leve-

401 3736 522 3774 mus
545 3727 600 3774 et
625 3734 720 3772 nos
747 3733 938 3772 manus
964 3725 1175 3771 nostras
1201 3715 1266 3769 ad
1302 3717 1465 3769 Deum
1498 3715 1547 3767 in
1583 3730 1740 3784 prere
1763 3731 1777 3780 ;
1807 3723 1863 3769 et
1891 3729 1994 3767 nou

401 3810 794 3865 eontundentur
821 3823 1010 3862 manus
1036 3816 1234 3862 nostra:
1260 3807 1447 3860 levata:
1474 3805 1538 3859 ad
1569 3807 1754 3869 Deum,
1779 3803 1821 3857 si
1844 3820 1996 3859 exer-

403 3910 625 3956 ceantur
664 3901 714 3952 iu
754 3898 908 3953 bonis
934 3897 1206 3968 operibus.
1235 3896 1372 3964 Quid
1403 3895 1542 3949 enim
1581 3894 1704 3948 facit
1731 3889 1820 3962 qui
1858 3895 1997 3948 levat

403 3994 635 4048 manus?
664 3991 814 4048 Unde
845 3999 1168 4060 przeccptum
1197 3999 1278 4043 est
1306 3998 1361 4041 ut
1389 3987 1574 4042 levatis
1603 3987 1845 4039 manibus
1871 4002 1995 4041 ore-

356 4065 358 4067 i
403 4099 522 4139 mus
549 4083 615 4137 ad
642 4082 850 4138 Deum?
873 4081 1165 4152 Apostolus
1192 4080 1333 4132 enim
1362 4079 1492 4132 dicit
1523 4096 1536 4131 :
1567 4075 1809 4131 Levanter
1842 4093 1995 4146 puras

403 4191 606 4237 manus,
639 4175 747 4227 sine
772 4173 852 4226 ira
879 4182 926 4226 et
954 4170 1314 4241 disceptatione
1344 4165 1388 4240 (Ι
1416 4167 1546 4222 Tim.
1577 4183 1633 4233 tt,
1665 4167 1744 4240 8).
1775 4166 1845 4222 Ut
1871 4181 1993 4222 Cum

404 4266 550 4319 levas
577 4277 767 4318 manus
794 4265 860 4317 ad
892 4263 1060 4318 Deum
1083 4304 1098 4327 ,
1131 4262 1345 4315 veniant
1372 4259 1461 4312 tibi
1490 4260 1541 4312 in
1572 4268 1806 4312 mentem
1832 4273 1995 4327 opera

403 4368 512 4413 tua.
539 4358 671 4425 Quia
699 4357 840 4410 οιιίιη
871 4371 1059 4408 manus
1090 4355 1205 4407 ista:
1231 4353 1474 4408 levantur
1497 4361 1553 4404 ut
1579 4351 1830 4418 impetres
1852 4348 1995 4418 quod

403 4451 512 4515 vis,
546 4451 687 4519 ipsas
719 4464 908 4503 manus
935 4448 1135 4516 cogitas
1163 4445 1215 4498 in
1245 4445 1400 4500 bonis
1429 4440 1679 4512 operibus
1703 4455 1956 4496 exercere
1975 4479 1993 4507 ,

401 4557 471 4596 ue
508 4542 828 4595 erubescant
859 4539 1021 4593 levari
1060 4539 1126 4592 ad
1169 4537 1356 4591 Deum.
1390 4533 1456 4587 In
1483 4535 1684 4588 nomine
1711 4543 1796 4586 tuo
1825 4531 1996 4586 levabo

403 4649 584 4684 uternis
611 4649 765 4684 meas.
801 4631 918 4685 ista:
948 4645 1135 4699 preces
1162 4640 1356 4681 nostra:
1385 4636 1508 4680 sunt
1536 4626 1586 4678 in
1615 4625 1715 4678 hac
1745 4624 1992 4690 ldumaza,

404 4723 457 4775 iu
488 4724 586 4776 hoc
612 4721 825 4775 deserto
847 4762 860 4780 .
890 4721 942 4773 in
986 4729 1124 4774 terra
1164 4719 1279 4772 sine
1318 4734 1451 4786 aqua
1474 4753 1489 4782 ,
1519 4725 1575 4771 et
1607 4716 1724 4771 sine
1761 4718 1877 4776 via,
1907 4714 1996 4770 ubi

405 4814 559 4868 nobis
582 4811 826 4866 Christus
857 4821 939 4864 est
965 4812 1046 4864 via
1078 4808 1255 4879 (Joan.
1288 4825 1396 4870 xw,
1429 4809 1521 4876 6);
1557 4807 1650 4862 sed
1680 4822 1787 4860 non
1821 4807 1902 4859 via
1927 4805 1997 4861 de
2029 4847 2033 4854 .

406 4907 505 4960 hac
535 4915 696 4960 terra.
727 4903 792 4956 ln
824 4905 1026 4958 nomine
1053 4912 1140 4956 tuo
1172 4896 1342 4954 levabo
1369 4918 1547 4954 manus
1572 4917 1727 4953 meas.

477 4997 564 5051 H.
608 4993 757 5066 [vers
791 4991 870 5065 6.]
903 4993 968 5046 Et
1006 4989 1130 5059 quid
1171 4991 1340 5044 dicam
1363 5033 1376 5049 ,
1413 5007 1534 5043 cum
1579 4991 1767 5043 levabo
1807 5003 1996 5043 manus

406 5101 555 5139 meas
583 5085 633 5138 iu
663 5085 878 5138 nomine
906 5083 1033 5136 tuo?
1055 5081 1178 5149 quid
1213 5081 1423 5148 petam?
1452 5080 1561 5144 ltiti,
1591 5080 1799 5139 fratres,
1827 5095 1997 5148 quan-

405 5175 475 5230 do
505 5175 692 5230 levatis
725 5190 946 5240 manus,
971 5173 1194 5241 qua-rite
1221 5171 1347 5240 quid
1392 5171 1612 5238 petatis;
1645 5170 1713 5223 ab
1736 5169 1995 5237 Omnipod

407 5277 552 5321 tente
575 5266 720 5320 enim
751 5265 948 5333 petitis.
981 5262 1190 5332 Aliquid
1224 5276 1470 5330 magnum
1510 5262 1704 5329 petite;
1733 5275 1835 5313 non
1862 5275 1996 5328 qua-

407 5361 475 5415 lia
521 5368 705 5427 petuut
748 5359 836 5427 qui
888 5355 1120 5411 nondum
1171 5353 1531 5408 crediderunt.
1581 5351 1780 5404 Videtis
1821 5351 1995 5418 qualia

407 5451 603 5504 dentur
639 5460 692 5503 et
732 5448 926 5518 impiis.
964 5445 1231 5500 Petiturus
1256 5457 1315 5497 es
1344 5457 1373 5495 a
1404 5443 1513 5495 Deo
1550 5447 1640 5495 tuo
1683 5440 1998 5509 pecuniam?

407 5530 673 5610 Numquid
703 5558 808 5596 non
829 5541 991 5594 donat
1013 5553 1132 5592 eam
1157 5547 1210 5592 et
1236 5534 1509 5592 sceleratis
1532 5533 1622 5604 qui
1644 5533 1696 5587 in
1724 5533 1866 5589 illum
1891 5548 1998 5588 non

407 5633 669 5686 credunt?
696 5632 834 5700 Quid
861 5641 989 5700 ergo
1016 5644 1264 5698 magnum
1294 5627 1554 5696 petiturus
1582 5641 1641 5681 es
1667 5624 1812 5695 quod
1837 5625 2000 5679 donat

409 5731 462 5778 et
495 5724 683 5776 malis?
713 5721 820 5775 Sed
861 5737 966 5775 non
999 5717 1091 5774 tibi
1119 5717 1428 5787 displiceat,
1461 5715 1583 5785 quia
1610 5729 1730 5784 quae
1757 5713 1920 5768 donat
1946 5723 2001 5768 et

411 5814 564 5866 malis
591 5823 696 5867 tam
724 5811 910 5867 frivola
939 5820 1083 5875 sunt,
1113 5819 1170 5863 ut
1194 5819 1248 5864 et
1275 5807 1428 5864 malis
1453 5805 1637 5862 donari
1666 5805 1825 5876 digna
1850 5805 1994 5862 sint:

1689 422 1746 477 S.
1789 420 2164 478 AUGUSTINI
2198 421 2500 480 EPISCOPI

3625 431 3724 495 156

2139 551 2207 592 ne
2239 537 2330 592 tibi
2360 541 2508 609 quasi
2539 557 2726 613 magna
2757 544 3034 602 videantur
3059 563 3178 618 qua:
3207 559 3430 619 possunt
3455 548 3642 605 donari
3665 561 3720 605 et

2135 627 2308 684 malis.
2331 628 2422 684 Dei
2447 632 2661 702 quidem
2681 645 2804 688 sunt
2827 647 2881 691 et
2904 638 3080 692 omnia
3101 639 3240 695 dona
3262 651 3470 696 terrena
3491 658 3505 705 ;
3528 641 3620 696 sed
3643 644 3717 697 vi-

2132 716 2254 772 dete
2277 721 2399 788 quia
2422 737 2541 790 qua:
2567 723 2724 778 donat
2753 737 2804 780 et
2828 727 2980 781 malis
3007 743 3114 782 non
3140 744 3237 798 pro
3261 745 3451 800 magno
3478 731 3717 786 habenda

2132 820 2273 861 sunt.
2291 808 2384 863 Est
2399 811 2541 865 aliud
2558 812 2696 882 quod
2715 815 2867 870 nobis
2879 828 3076 872 servat.
3089 817 3392 888 Cogitemus
3407 830 3580 875 autem
3599 839 3716 890 qua:

2130 897 2294 953 donat
2320 909 2375 954 et
2404 902 2591 967 malis,
2621 913 2674 957 et
2713 905 2835 960 hinc
2871 906 3222 978 intelligamus
3250 911 3379 980 quid
3405 923 3582 967 servet
3613 914 3708 969 bo-

2131 987 2233 1042 nis.
2260 987 2389 1054 Quze
2413 989 2574 1046 donat
2596 994 2748 1047 malis
2773 995 2946 1052 videte
2969 1015 2983 1051 :
3005 998 3168 1053 donat
3195 997 3294 1055 illis
3321 1001 3494 1057 lucem
3521 1004 3674 1058 istam
3695 1021 3709 1066 ;

2129 1077 2306 1134 videte
2333 1081 2454 1150 quia
2491 1083 2671 1137 vident
2710 1085 2854 1138 illam
2895 1087 3018 1140 boui
3045 1099 3100 1144 et
3128 1090 3249 1144 mali
3280 1106 3295 1144 :
3333 1091 3564 1161 pluviam
3593 1110 3712 1164 qua:

2129 1168 2402 1226 descendit
2430 1189 2589 1242 snper
2619 1185 2850 1243 terram;
2878 1186 2930 1232 et
2957 1179 3078 1235 hinc
3102 1193 3294 1252 quanta
3322 1181 3457 1236 bona
3485 1200 3711 1239 nascun-

2129 1264 2247 1317 tur!
2281 1261 2346 1318 Et
2373 1265 2524 1321 malis
2549 1267 2670 1323 inde
2698 1281 2995 1340 prastatur,
3024 1283 3076 1327 et
3104 1272 3275 1340 bonis,
3301 1274 3508 1329 dicente
3539 1275 3709 1330 Evano

2124 1353 2264 1422 gelio
2295 1373 2310 1410 :
2341 1356 2442 1423 Qui
2459 1358 2614 1412 solem
2639 1377 2784 1414 suum
2809 1363 2931 1416 oriri
2953 1365 3076 1434 facit
3099 1381 3247 1434 super
3272 1364 3424 1419 bonos
3444 1377 3491 1419 et
3517 1367 3710 1430 malos;

2126 1456 2173 1498 et
2213 1445 2338 1512 pluit
2375 1465 2527 1518 super
2549 1451 2709 1516 iustos
2743 1463 2788 1505 et
2819 1452 3031 1523 injustas
3062 1453 3286 1524 (Matt/1.
3316 1471 3370 1518 ν,
3397 1455 3465 1510 ιδ
3488 1456 3524 1524 ).
3562 1457 3707 1510 Domi

2124 1550 2252 1604 ergo
2282 1535 2379 1588 ista
2410 1554 2527 1607 qu:e
2557 1553 2864 1607 nascuntur,
2895 1543 2975 1596 vel
3004 1544 3069 1597 de
3107 1545 3278 1614 pluvia
3300 1584 3315 1610 ,
3344 1546 3426 1599 vel
3460 1545 3526 1600 de
3554 1547 3701 1607 sole.

2121 1640 2151 1674 ει
2185 1623 2407 1678 Domino
2435 1627 2646 1698 quidem
2692 1641 2874 1685 nostro
2916 1642 3097 1701 petere
3130 1632 3384 1688 debemus
3403 1677 3418 1700 ,
3447 1649 3567 1688 eum
3596 1635 3705 1689 sint

2123 1715 2451 1781 necessaria;
2482 1718 2572 1772 sed
2606 1735 2716 1776 non,
2743 1721 2836 1774 ista
2867 1723 2999 1787 sola,
3032 1723 3152 1793 quia
3183 1723 3280 1780 ista
3310 1725 3500 1778 dantur
3523 1734 3576 1779 et
3602 1725 3702 1780 bo-

2121 1803 2204 1855 nis
2231 1813 2283 1859 et
2312 1806 2486 1860 malis.
2519 1807 2658 1874 Quid
2686 1825 2812 1879 ergo
2844 1811 3100 1866 debemus
3137 1822 3353 1884 petere,
3385 1813 3596 1883 quando
3623 1815 3700 1869 leo

2120 1908 2305 1947 vanius
2332 1900 2558 1951 manus?
2585 1898 2716 1967 Quia
2747 1902 3013 1969 quomodo
3042 1905 3213 1972 potuit
3241 1903 3372 1959 dixit
3397 1903 3524 1958 illud
3552 1904 3703 1960 Psalo

2119 1998 2258 2038 mus.
2285 1984 2420 2050 Quid
2449 1998 2528 2041 est
2554 1988 2692 2056 quod
2720 1989 2864 2056 dixi,
2896 1994 3159 2060 quomodo
3191 1995 3400 2062 putuit?
3421 1993 3700 2062 Quomodo

2118 2079 2284 2144 potuit
2328 2094 2390 2131 os
2436 2078 2721 2135 lnttnauum
2761 2084 2977 2137 auribus
3019 2085 3283 2140 humanis.
3319 2087 3448 2154 Quia
3485 2103 3578 2156 per
3604 2105 3696 2142 ora

2118 2170 2345 2221 humana
2375 2169 2470 2222 ista
2503 2171 2638 2225 dicta
2667 2184 2821 2236 sunt,
2850 2184 2904 2227 et
2932 2191 3023 2243 per
3046 2177 3299 2245 quasdam
3328 2178 3697 2233 similitudines

2112 2256 2252 2311 dicta
2294 2270 2418 2314 sunt
2438 2302 2451 2320 .
2479 2265 2745 2330 quomodo
2774 2257 2965 2332 capere
2997 2278 3209 2333 possent
3242 2282 3429 2322 omnes
3467 2270 3691 2334 infirmi,

2113 2363 2300 2403 omnes
2334 2351 2558 2418 parvuli.
2590 2353 2724 2421 Quid
2758 2356 2928 2411 dixit?
2957 2358 3080 2426 quid
3112 2359 3334 2428 petivit?
3359 2358 3425 2412 In
3461 2362 3692 2430 nomine,

2113 2436 2302 2508 inquit,
2321 2450 2410 2521 tuo
2434 2440 2609 2498 levabo
2637 2461 2816 2499 manus
2841 2462 2996 2500 meas.
3019 2447 3159 2516 Quid
3185 2435 3534 2519 accepturus?
3558 2450 3697 2506 Tan.

2110 2545 2261 2600 quam
2298 2531 2449 2602 adipe
2473 2542 2522 2588 et
2561 2534 2862 2604 pinguedine
2888 2540 3142 2607 repleatur
3167 2540 3338 2592 animo
3365 2557 3490 2594 mea.
3531 2540 3690 2597 Puta-

2112 2623 2179 2676 tis
2215 2623 2445 2678 aliouam
2483 2626 2855 2697 pinguedinem
2893 2630 3066 2684 carnis
3101 2630 3433 2704 desiderasse
3460 2635 3691 2690 animant

2111 2714 2288 2779 istam,
2319 2715 2507 2771 fratres
2535 2718 2680 2773 mei?
2707 2718 2822 2774 Non
2851 2722 2993 2775 enim
3019 2720 3122 2777 hoc
3151 2738 3246 2792 pro
3271 2737 3458 2794 magno
3483 2724 3694 2781 deside.

2107 2807 2262 2871 ravit,
2296 2817 2352 2860 ut
2380 2809 2598 2879 pingues
2626 2809 2840 2876 arietes,
2874 2820 2928 2868 ut
2960 2815 3177 2884 pingues
3201 2815 3346 2885 porci
3384 2815 3458 2870 illi
3489 2829 3689 2872 macta-

2107 2910 2323 2962 rentur;
2345 2908 2436 2952 aut
2456 2901 2660 2955 veniret
2680 2901 2746 2956 ad
2769 2903 2999 2973 aliquam
3021 2905 3289 2974 popinam,
3316 2904 3402 2960 ubi
3429 2905 3693 2963 inveniret

2105 2986 2325 3041 obsonia
2360 2989 2603 3060 pinguia,
2638 2990 2778 3046 unde
2811 3000 3154 3047 saturaretur.
3186 2993 3242 3050 Si
3273 2995 3376 3048 hoc
3399 2995 3689 3051 crediderio

2106 3092 2224 3130 mus
2244 3117 2257 3138 ,
2287 3077 2430 3146 digni
2469 3093 2654 3134 sumus
2675 3080 2691 3112 ¹
2722 3081 2812 3150 qui
2856 3083 2952 3136 ista
2988 3081 3284 3138 audiamus.
3314 3083 3455 3153 Ergo
3489 3085 3683 3156 aliquid

2102 3167 2378 3234 spirituale
2415 3168 2670 3226 debemus
2708 3170 3022 3241 intelligere.
3054 3171 3222 3229 liabet
3248 3173 3534 3242 quamdam
3565 3175 3683 3246 pin-

2101 3257 2382 3325 guedinem
2404 3260 2580 3313 anima
2602 3269 2802 3315 nostra.
2827 3261 2920 3316 Est
2937 3263 3176 3331 quedam
3203 3267 3452 3319 saturitas
3477 3266 3684 3336 pinguis
3749 3325 3754 3328 _

2102 3348 2395 3414 sapientiae.
2435 3351 2702 3419 Sapientia
2747 3352 2889 3406 enim
2934 3352 3032 3407 ista
3076 3355 3269 3408 anima:
3305 3369 3428 3424 qua!
3462 3365 3680 3420 carem,

2102 3449 2469 3507 marcescunt;
2497 3451 2551 3496 et
2578 3443 2797 3496 omnino
2831 3441 3103 3498 ita'exiies
3132 3443 3262 3498 fiunt
3283 3488 3296 3508 ,
3329 3455 3389 3499 ut
3422 3446 3478 3500 in
3506 3447 3680 3500 omni.

2058 3600 2062 3605 ι
2101 3528 2200 3582 bus
2232 3530 2382 3583 bonis
2407 3533 2658 3600 operibus
2680 3533 2788 3588 cito
2811 3533 3076 3589 deficiant.
3103 3535 3279 3604 Quare
3303 3537 3409 3591 cito
3434 3537 3682 3593 deﬁciunt

2100 3620 2153 3673 in
2183 3621 2430 3677 omnibus
2457 3623 2608 3676 bonis
2636 3623 2926 3692 operibus?
2950 3625 3081 3693 Quia
3111 3641 3216 3680 non
3245 3626 3440 3681 habent
3469 3629 3683 3697 pingue-

2099 3709 2278 3765 dinem
2309 3714 2600 3767 saturitatis
2635 3727 2767 3769 suae.
2807 3715 2942 3769 Audi
2981 3715 3292 3786 Apostolum
3322 3717 3586 3773 dicentem
3614 3719 3683 3774 de

2101 3803 2277 3874 pingui
2317 3807 2492 3858 anima
2513 3846 2528 3870 ,
2570 3805 2960 3876 praecipientem
2988 3808 3290 3876 utquisque
3323 3808 3457 3863 bene
3486 3825 3682 3878 opere~

2101 3904 2201 3947 tur.
2235 3895 2368 3960 Quid
2408 3896 2516 3948 ait?
2551 3894 2782 3950 Hilarem
2820 3899 3046 3950 datorem
3083 3898 3244 3969 diligit
3284 3898 3416 3953 Deus
3450 3899 3536 3969 (ll?
3563 3901 3678 3961 Car,

2099 4002 2175 4050 ιχ,
2208 3987 2284 4058 7).
2312 3988 2528 4057 Pinguis
2554 3986 2728 4043 anima
2771 3990 2908 4044 unde
2937 3999 3079 4044 esset
3111 3990 3348 4060 pinguis,
3380 3992 3479 4045 nisi
3511 4008 3539 4046 a
3572 3993 3680 4048 Do.

2099 4081 2244 4134 mino
2272 4080 2641 4135 saturaretur?
2662 4079 2730 4134 Et
2751 4092 2925 4136 tamen
2953 4083 3337 4152 quantumlibet
3363 4083 3446 4137 hic
3471 4085 3536 4138 sit
3566 4087 3685 4154 pin-

2098 4171 2215 4239 guis
2234 4213 2246 4234 ,
2280 4171 2405 4239 quid
2432 4172 2533 4223 erit
2562 4171 2614 4224 in
2642 4171 2731 4225 illo
2761 4171 2938 4225 futuro
2976 4171 3205 4235 saaculu,
3234 4187 3338 4240 quo
3378 4187 3475 4226 nos
3504 4185 3686 4242 pascet

2102 4260 2275 4314 Deus?
2295 4259 2507 4314 interim
2531 4263 2581 4314 in
2606 4262 2703 4314 hac
2725 4262 3167 4330 peregrinatione,
3190 4262 3314 4331 quid
3337 4263 3536 4317 erimus
3557 4273 3684 4318 tunc

2098 4366 2198 4406 nec
2229 4352 2332 4406 dici
2370 4362 2561 4420 potest.
2600 4353 2664 4406 Et
2700 4352 2921 4406 fortasse
2961 4353 3126 4422 ipsam
3167 4355 3494 4408 saturitatem
3524 4365 3684 4424 opta-

2099 4458 2218 4498 mus
2247 4445 2350 4509 hic,
2379 4445 2590 4514 quando
2619 4446 2854 4499 levamus
2881 4460 3070 4499 manus
3097 4453 3322 4511 nostras,
3351 4445 3437 4498 ubi
3467 4448 3686 4517 pingue-

2098 4535 2223 4590 dine
2247 4536 2324 4591 sic
2349 4537 2726 4600 saturabimur,
2757 4545 2813 4589 ut
2838 4537 3054 4589 omnino
3079 4535 3253 4588 omnis
3279 4534 3564 4604 indigentia
3590 4553 3686 4589 ηυ-

2099 4637 2206 4682 stra
2233 4629 2476 4692 intereat,
2505 4636 2559 4680 et
2583 4626 2710 4680 nihil
2733 4627 3127 4681 desideremus:
3151 4627 3272 4694 quia
3300 4635 3464 4678 totum
3491 4638 3686 4692 prmsto

2099 4720 2253 4774 nobis
2279 4721 2380 4774 erit
2405 4719 2657 4788 quidquid
2687 4719 2771 4772 hic
2794 4719 3182 4780 desideramus,
3207 4717 3458 4786 quidquid
3483 4717 3570 4771 hic
3591 4732 3681 4784 prc

2100 4829 2292 4882 magno
2319 4827 2579 4866 amamus.
2608 4811 2724 4866 Jam
2753 4821 2930 4880 patres
2959 4813 3123 4864 nostri
3149 4812 3340 4865 mortui
3367 4819 3521 4873 sunt;
3547 4810 3688 4866 Deus

2099 4914 2274 4958 autem
2298 4904 2462 4957 vivit:
2489 4919 2591 4958 non
2615 4901 2702 4956 hic
2725 4903 2992 4973 potuimus
3011 4917 3226 4969 semper
3248 4900 3444 4955 habere
3471 4909 3682 4970 patres;

2103 4997 2172 5050 ibi
2215 5003 2392 5048 autem
2434 5009 2647 5062 semper
2684 4993 2993 5047 habebimus
3032 4991 3207 5043 vivum
3244 5005 3402 5044 unum
3437 4989 3684 5056 Patrem,

2103 5087 2358 5141 habentes
2383 5084 2606 5156 patriam
2634 5096 2870 5138 uestram
2895 5102 2909 5137 :
2933 5099 3279 5152 qna-cumque
3307 5090 3514 5136 terrena
3539 5092 3626 5136 est
3640 5085 3683 5145 ',

2101 5195 2314 5249 semper
2342 5179 2413 5232 ibi
2443 5192 2565 5233 esse
2591 5194 2695 5232 non
2732 5191 3047 5246 possumus;
3075 5187 3129 5229 et
3163 5189 3382 5229 necesse
3407 5183 3490 5228 est
3516 5181 3574 5226 ut
3598 5173 3685 5226 alii

2102 5281 2408 5337 nascantur,
2437 5281 2489 5326 et
2519 5271 2585 5326 ad
2614 5271 2714 5323 hoc
2741 5279 3028 5323 nascantur
3052 5269 3140 5320 lilii
3168 5268 3366 5321 civium
3394 5267 3603 5320 iliomm
3632 5274 3690 5318 at

2102 5363 2384 5418 excludant
2423 5361 2546 5416 inde
2586 5371 2829 5430 parentes
2858 5373 3002 5412 suos.
3036 5357 3116 5411 Ad
3155 5357 3255 5410 hoc
3283 5356 3423 5409 enim
3454 5355 3689 5409 nascitur

2105 5471 2257 5525 puer,
2285 5463 2344 5508 ut
2370 5453 2511 5506 dicat
2537 5451 2722 5520 majori
2757 5467 2768 5502 :
2797 5449 2932 5517 Quid
2973 5449 3061 5503 hic
3090 5447 3239 5517 agis?
3265 5445 3497 5501 Necesse
3524 5453 3608 5500 est
3633 5452 3689 5499 ut

2103 5547 2193 5616 qui
2222 5543 2531 5606 succedunt,
2561 5553 2614 5596 et
2638 5541 2728 5611 qui
2757 5549 3062 5600 nascuntur,
3090 5536 3376 5592 excludant
3399 5549 3493 5590 eos
3517 5535 3609 5612 qui
3631 5549 3690 5590 se

2105 5641 2513 5708 praecesserunt.
2539 5633 2613 5688 lbi
2640 5647 2828 5686 omnes
2853 5632 3048 5700 pariter
3073 5627 3346 5711 vivemus;
3371 5643 3477 5684 non
3500 5628 3570 5684 ibi
3591 5628 3692 5684 erit

2170 5752 2186 5782 ι
2225 5749 2414 5811 Aliquot
2433 5753 2562 5804 Mss,
2787 5756 2966 5794 unua.

2171 5813 2192 5844 ³
2225 5813 2296 5862 sic
2314 5808 2422 5860 itas.
2443 5815 2498 5858 At
2519 5816 2614 5870 t-;r.,
2639 5811 2843 5857 terrente
2865 5813 2990 5855 sunt.
3016 5809 3146 5867 ων..
3161 5809 3358 5853 terrena
3375 5808 3501 5852 stuic.
