3934 6346
148 436 241 496 πυτ

149 559 411 608 successor
429 544 554 617 quia
571 541 758 599 auitas
779 540 1054 599 decessor.
1075 539 1261 606 Qualis
1286 537 1370 593 illa
1394 535 1602 607 patria?
1626 533 1732 589 Sed

150 641 345 697 divitias
364 636 455 692 hic
479 633 665 691 amas?
691 634 811 706 Ipse
837 632 980 687 Deus
1007 631 1100 686 tibi
1126 630 1231 684 erit
1252 627 1451 684 divitia:
1478 637 1601 682 tute.
1627 622 1735 680 Sed

149 748 286 791 amas
312 730 514 787 fontem
542 724 786 784 bonum!
814 725 966 794 Quid
985 724 1288 796 przeclarius
1317 721 1408 776 illa
1438 717 1736 789 sapientia?

151 821 264 892 quid
290 818 556 875 lucidius?
585 815 853 886 Quidquid
885 815 972 869 hic
1005 821 1178 884 potest
1204 811 1406 874 amari,
1438 826 1533 879 pro
1557 807 1735 862 omni-

151 912 241 968 bus
269 912 358 967 tibi
374 911 494 965 erit
518 907 613 980 qui
643 906 773 964 fecit
812 906 1011 962 omnia.
1061 903 1322 973 Tanquam
1360 901 1510 968 adipe
1537 907 1585 952 ct
1618 898 1736 968 pin-

149 1005 348 1078 guedine
371 1002 632 1072 repleatur
654 1000 825 1053 anima
847 1013 954 1050 mea
975 1013 994 1062 ;
1019 1005 1065 1049 et
1091 995 1225 1048 labia
1248 990 1600 1046 exsultationis
1625 989 1736 1042 lau-

149 1097 328 1150 dabant
364 1109 550 1147 nomen
593 1102 753 1145 tuum.
799 1090 854 1144 in
902 1088 1001 1141 hac
1042 1100 1260 1149 eremo,
1299 1084 1350 1136 in
1391 1083 1606 1134 nomine
1645 1088 1738 1132 tuo

150 1188 323 1242 levabo
359 1200 552 1240 manus
593 1195 741 1237 meas
773 1199 788 1236 :
818 1178 1090 1248 impleatur
1130 1175 1301 1228 anima
1344 1188 1456 1225 mea
1497 1181 1739 1239 tanquam

151 1280 289 1350 adipe
309 1286 354 1331 et
379 1274 716 1347 pinguedine;
737 1281 785 1327 el
806 1271 942 1325 labia
970 1266 1319 1322 ea‘sultationis
1343 1262 1621 1317 laudabunt
1648 1276 1742 1314 no-

153 1388 254 1424 men
273 1379 430 1423 tuum.
466 1367 624 1422 Modo
651 1365 794 1422 enim
821 1362 1012 1424 oratio,
1044 1359 1298 1430 quamdiu
1329 1357 1479 1418 sitis;
1507 1370 1629 1410 eum
1660 1355 1740 1406 si-

154 1462 212 1513 tis
241 1459 528 1520 transierit,
563 1455 750 1512 transit
778 1456 972 1518 oratio,
997 1461 1052 1506 et
1079 1450 1317 1505 succedit
1350 1447 1582 1503 laudatio
1614 1464 1629 1502 :
1661 1444 1731 1499 Et

152 1554 274 1608 labia
296 1550 646 1606 exsultationis
669 1546 949 1602 laudabunt
980 1560 1160 1597 nomen
1190 1552 1352 1594 tuum.

214 1645 298 1700 15.
321 1641 473 1716 Iners.
504 1642 557 1704 7,
589 1638 670 1713 8.]
705 1638 767 1694 Si
805 1644 1110 1691 memoratus
1146 1637 1259 1688 sunt
1299 1631 1374 1684 tui
1410 1645 1564 1700 super
1603 1637 1739 1684 stra-

152 1747 249 1792 tum
283 1749 447 1789 meum
469 1775 482 1798 ,
525 1734 580 1787 in
613 1731 852 1785 diluculis
879 1727 1157 1783 meditabar
1178 1725 1195 1756 ί
1219 1723 1275 1784 in
1301 1732 1387 1785 te;
1422 1721 1542 1790 quia
1575 1720 1740 1789 [actus

149 1845 198 1881 es
223 1826 422 1896 adjutor
450 1839 615 1877 nitus.
647 1820 884 1876 Stratum
925 1831 1079 1872 suum
1119 1815 1352 1885 quietem
1397 1825 1546 1866 suam
1588 1809 1737 1864 dicit.

151 1913 358 1983 Quando
394 1912 593 1982 aliquis
629 1910 840 1980 quietus
868 1917 986 1972 est,
1021 1918 1229 1961 memor
1258 1903 1329 1958 sit
1366 1900 1495 1964 Dei;
1527 1897 1742 1968 quando

153 2006 328 2075 aliquis
363 2005 580 2075 quietus
620 2013 735 2064 est,
780 2017 886 2073 pun
933 2013 1028 2070 per
1066 1997 1300 2068 quietem
1336 1994 1659 2049 dissolvatur
1687 1999 1742 2046 et

153 2094 482 2150 obliviscatur
508 2093 716 2157 Deum;
747 2091 792 2147 si
824 2104 1032 2145 memor
1061 2098 1140 2145 est
1170 2089 1262 2142 Dei
1289 2085 1502 2157 quando
1529 2084 1742 2154 quietus

154 2193 260 2250 est,
291 2185 342 2239 in
377 2184 676 2239 actionibus
714 2182 828 2238 suis
867 2182 919 2235 in
966 2181 1131 2235 Deum
1176 2179 1482 2232 meditatur.
1527 2175 1742 2230 Dilucu-

154 2276 254 2332 lum
285 2278 426 2333 enim
463 2277 601 2331 dixit
635 2276 906 2340 actiones,
938 2273 1060 2342 quia
1099 2273 1276 2327 omnis
1315 2271 1475 2324 homo
1507 2269 1743 2324 diluculo

155 2370 326 2439 incipit
365 2367 568 2438 aliquid
609 2381 786 2438 agere.
819 2364 956 2433 Quid
992 2377 1120 2435 ergo
1146 2360 1319 2417 dixit?
1348 2359 1410 2415 Si
1440 2375 1638 2412 memor
1667 2357 1745 2426 fui

156 2461 223 2513 tui
254 2461 306 2512 in
343 2468 508 2512 strato
551 2473 694 2522 meo,
720 2465 782 2510 et
819 2456 872 2508 in
912 2452 1151 2508 diluculis
1191 2450 1470 2504 meditabar
1501 2448 1556 2502 in
1591 2458 1655 2501 te.
1687 2448 1742 2502 Si

156 2567 272 2622 ergo
300 2567 403 2605 non
445 2549 522 2604 fui
561 2564 768 2605 memor
805 2549 858 2601 in
901 2554 1070 2600 strato
1112 2559 1233 2617 meo
1257 2584 1274 2610 ,
1318 2550 1372 2596 et
1412 2541 1462 2596 in
1507 2538 1744 2594 diluculo

159 2657 253 2695 non
282 2639 581 2697 meditabar
609 2640 662 2692 in
693 2648 763 2693 te.
790 2637 892 2704 Qui
922 2635 1136 2706 quando
1163 2633 1364 2687 otiosus
1393 2640 1475 2685 est
1513 2645 1616 2684 non
1653 2643 1744 2682 co-

157 2733 275 2801 gitat
303 2731 494 2796 Deum,
524 2731 576 2783 in
601 2727 900 2782 actionibus
925 2725 1039 2780 suis
1064 2724 1301 2793 cogitare
1327 2728 1504 2791 potest
1528 2719 1694 2772 Deum
1720 2717 1743 2770 ?

157 2823 249 2890 Qui
268 2832 444 2877 autem
471 2819 818 2893 memogejus
833 2826 920 2871 est
943 2814 1158 2886 quando
1178 2814 1392 2883 quietus
1417 2820 1518 2874 est,
1549 2811 1598 2864 iu
1628 2811 1745 2878 ipso

159 2912 436 2969 meditatur
460 2926 588 2967 cum
613 2911 743 2981 agit,
775 2924 843 2964 ne
871 2908 923 2960 in
953 2907 1164 2962 actione
1191 2904 1428 2960 deﬁciat.
1465 2902 1592 2957 ideo
1615 2900 1743 2971 quid

161 3004 375 3074 adjecit?
401 3003 472 3058 Et
496 3003 550 3057 in
572 3001 815 3057 diluculis
841 2999 1125 3054 meditabar
1147 2997 1204 3052 in
1233 3006 1311 3060 te;
1346 2997 1468 3068 quia
1497 2997 1665 3066 factus
1692 3010 1746 3047 es

160 3097 351 3167 παλαια
375 3111 540 3150 meus.
571 3092 785 3148 Etenim
830 3091 932 3145 nisi
964 3090 1103 3145 Deus
1131 3088 1348 3158 adjuvet
1395 3086 1535 3140 bona
1579 3098 1746 3154 opera

161 3195 354 3252 nostra,
383 3185 594 3258 impleri
625 3199 654 3237 a
686 3181 842 3238 nobis
867 3195 973 3236 non
1005 3188 1250 3250 possunt.
1283 3178 1352 3233 Et
1380 3177 1540 3247 digna
1571 3175 1742 3230 debe-

165 3294 273 3335 mus
300 3278 549 3351 aperari;
574 3276 626 3332 id
651 3285 734 3331 est
760 3283 1009 3345 tanquam
1036 3274 1089 3345 iu
1121 3273 1260 3336 luce,
1293 3269 1507 3340 quando
1530 3265 1747 3323 Christo

163 3370 556 3426 demonstrante
586 3382 896 3438 operamur.
919 3364 1251 3433 Quicumque
1291 3369 1546 3431 operatur
1571 3357 1707 3412 mala
1726 3396 1744 3423 ,

164 3459 210 3516 in
235 3470 385 3517 nocte
404 3466 683 3532 operatur,
709 3471 818 3512 non
848 3456 900 3510 in
929 3453 1182 3517 diluculo,
1213 3450 1468 3522 Apostolo
1493 3448 1744 3503 dicente:

160 3554 256 3620 Qui
275 3547 611 3619 inebriantstr,
633 3559 777 3606 nocte
797 3547 1147 3611 inebriantur;
1171 3554 1216 3599 et
1235 3544 1322 3615 qui
1349 3542 1630 3606 dormiunt,
1653 3555 1748 3594 no-

165 3657 232 3703 cte
256 3648 510 3702 dormiunt
533 3660 554 3700 :
579 3659 670 3699 nos
697 3643 786 3714 qui
808 3641 910 3696 diei
934 3655 1106 3695 sumus
1123 3681 1137 3703 ,
1174 3636 1328 3692 sobrii
1352 3636 1525 3689 simus.
1557 3632 1750 3688 Horta-

166 3750 242 3794 tur
289 3753 385 3794 nos
437 3748 498 3792 ut
550 3734 844 3792 secundum
893 3732 1039 3786 diem
1087 3727 1423 3783 ambulemus
1477 3725 1745 3779 honeste:

167 3830 298 3887 Sicut
324 3833 376 3885 in
401 3831 506 3895 die,
540 3829 741 3898 inquit,
773 3826 979 3880 honeste
1019 3820 1334 3875 ambulemus
1377 3817 1573 3886 (Rom.
1616 3828 1707 3868 xm
1731 3855 1748 3876 ,

165 3923 270 3993 15).
303 3923 363 3978 Et
394 3923 628 3976 iterum:
671 3916 807 3980 Vos,
851 3914 1054 3984 inquit,
1097 3910 1193 3981 ﬁlii
1233 3909 1367 3964 lucis
1396 3906 1546 3967 estis.
1574 3915 1620 3958 et
1655 3904 1751 3973 ﬁlii

164 4013 288 4075 diei;
316 4011 414 4066 non
445 4026 622 4066 sumus
660 4007 820 4062 noctis
847 4019 1006 4073 neque
1048 4000 1366 4056 tenebrarum
1403 3997 1446 4070 (ι
1474 3995 1659 4051 Thess.
1694 4009 1748 4058 v,

165 4106 312 4176 5:8).
335 4103 440 4173 Qui
469 4110 598 4159 sunt
627 4101 719 4155 lilii
748 4099 956 4162 noctis,
999 4103 1054 4158 et
1103 4093 1193 4146 lilii
1243 4086 1624 4146 tenebrarum?
1649 4087 1750 4154 Qui

167 4201 333 4255 omnia
359 4181 504 4254 mala
532 4201 845 4266 Operantur.
873 4190 1051 4260 Usque
1081 4186 1216 4242 adeo
1245 4185 1338 4240 lilii
1379 4183 1551 4239 noctis
1589 4188 1714 4236 sunt
1733 4221 1748 4243 ,

170 4305 223 4348 ut
245 4293 465 4348 timeant
481 4287 650 4344 videri
670 4301 790 4360 qua:
817 4292 1107 4355 operantur
1131 4299 1143 4335 :
1166 4289 1222 4336 et
1247 4293 1364 4349 qua:
1388 4275 1596 4347 publice
1618 4288 1755 4346 ope-

171 4394 344 4439 rantur
368 4382 534 4449 mala,
564 4379 684 4434 ideo
709 4377 922 4450 publice
944 4381 1256 4444 operantur,
1289 4371 1411 4440 quia
1457 4367 1612 4422 multi
1659 4366 1751 4421 illa

171 4484 488 4546 aperaatur;
516 4487 637 4544 quas
663 4469 819 4541 pauci
847 4476 1160 4538 operantur,
1186 4463 1239 4517 in
1276 4460 1594 4516 abscondito
1621 4473 1752 4529 cpe-

174 4580 368 4622 rautur.
394 4564 498 4634 Qui
522 4573 699 4618 autem
731 4560 856 4615 talia
884 4557 1094 4630 publice
1139 4561 1450 4624 operantur,
1484 4557 1608 4603 sunt
1634 4548 1756 4619 qui-

175 4663 284 4715 dem
310 4661 362 4715 in
390 4661 511 4714 luce
539 4657 669 4712 solis
692 4694 706 4716 ,
739 4653 834 4709 sed
859 4653 912 4709 in
946 4649 1181 4705 tenebris
1207 4643 1409 4701 cordis.
1434 4641 1604 4698 Nemo
1629 4654 1758 4710 ergo

175 4756 223 4810 iu
246 4753 476 4810 diluculo
502 4759 776 4822 operatur,
801 4745 902 4802 nisi
925 4745 1014 4816 qui
1040 4743 1094 4797 in
1119 4740 1334 4795 Christo
1357 4745 1628 4807 operatur.
1649 4731 1758 4788 Sed

176 4849 255 4918 qui
283 4847 488 4902 otiosus
512 4857 722 4898 memor
751 4847 833 4895 est
858 4835 1052 4892 Christi
1081 4876 1096 4898 ,
1140 4833 1192 4886 itt
1233 4831 1350 4900 ipso
1378 4827 1665 4883 meditatur
1704 4825 1757 4878 in

176 4915 413 4992 omnibus
438 4932 743 4989 actiOuibus
787 4929 930 4992 suis;
976 4931 1032 4979 et
1072 4931 1155 4978 est
1185 4921 1260 4975 illi
1285 4919 1498 4989 adjutor
1538 4917 1589 4970 in
1618 4915 1764 4970 bono

177 5044 348 5099 opere,
378 5043 447 5083 ne
471 5041 566 5096 per
588 5021 950 5078 infirmitatem
981 5030 1130 5071 suam
1156 5012 1391 5068 deﬁciat.
1416 5009 1478 5065 Si
1504 5025 1757 5061 memora-

173 5130 252 5173 tus
273 5135 383 5174 sum
410 5118 486 5170 tui
508 5130 660 5188 super
683 5120 895 5167 stratum
920 5123 1107 5170 meum,
1134 5105 1186 5158 in
1215 5102 1458 5157 diluculis
1481 5100 1762 5153 meditabar

181 5212 227 5265 in
255 5221 332 5276 te;
358 5210 481 5280 quia
510 5202 677 5278 factus
703 5223 755 5259 es
781 5203 990 5273 adjutor
1014 5214 1176 5252 meus.

246 5302 332 5356 16.
374 5300 441 5356 Et
482 5300 537 5354 in
578 5298 856 5351 velamento
895 5306 1174 5362 pennarum
1214 5297 1420 5341 tuarum
1466 5284 1747 5340 ersullubo.

183 5388 447 5448 llilaresco
477 5392 531 5445 in
564 5387 719 5444 bonis
758 5385 1033 5456 operibus,
1061 5382 1181 5452 quia
1210 5395 1371 5449 super
1400 5394 1485 5432 me
1513 5387 1593 5431 est
1619 5376 1765 5428 vela-

186 5499 297 5538 men
342 5495 638 5554 pennarum
681 5487 912 5533 tuarum.
965 5474 1018 5530 Si
1075 5489 1162 5526 me
1203 5487 1307 5524 non
1359 5480 1604 5541 protegas
1643 5467 1762 5535 quia

188 5575 351 5646 pullus
391 5589 534 5637 sum,
573 5571 767 5628 milvus
805 5583 892 5622 me
934 5565 1123 5635 rapiet.
1167 5565 1300 5618 Dicit
1345 5562 1488 5616 enim
1533 5560 1762 5630 quodam

185 5667 297 5724 loco
338 5669 452 5738 ipse
492 5662 750 5720 Dominus
801 5668 982 5714 noster
1020 5658 1086 5712 ad
1123 5654 1437 5717 Jerusalem,
1477 5651 1765 5723 quamdam

189 5756 445 5814 civitatem
471 5755 640 5821 illam,
671 5752 757 5807 ubi
779 5749 1064 5804 cruciﬁxus
1088 5758 1171 5802 est
1196 5764 1210 5800 :
1235 5744 1542 5810 Jerusalem,
1575 5743 1762 5813 inquit,

247 5871 267 5906 ⁸
296 5869 485 5935 Aliquot
507 5876 634 5930 Mss,
650 5863 938 5918 meditabor.

1202 420 1608 480 ENARRATIO
1644 417 1710 478 IN
1751 417 2076 479 PSALMUU
2114 417 2276 480 LX".

3335 421 3440 484 758

1842 530 2152 606 Jerusalem,
2192 531 2387 600 quoties
2439 530 2576 587 volui
2619 530 2755 599 ﬁlios
2789 539 2901 590 lues
2939 545 3266 606 congregare,
3317 543 3438 588 (απ.

1842 637 1992 690 quant
2011 620 2205 692 gallina
2227 618 2395 691 pullos
2424 636 2563 682 suos,
2587 630 2634 675 et
2658 620 2865 678 noluisti
2890 618 3101 691 (Matth.
3125 638 3282 691 xm],
3304 623 3432 696 57)!

1844 710 2052 766 Parvuli
2084 725 2270 764 sumus
2298 727 2311 762 :
2340 724 2470 780 ergo
2497 718 2744 780 protegat
2787 724 2886 763 nos
2917 711 3052 766 Deus
3081 713 3181 766 sub
3209 712 3433 768 umbra-

1841 803 1965 856 culo
1992 803 2194 861 alarum
2237 816 2481 856 suarum.
2520 801 2658 868 Quid
2686 816 2807 856 cum
2842 802 3073 870 majores
3109 803 3235 859 {acti
3269 802 3438 860 fueri-

1843 893 1997 948 mus?
2017 894 2222 948 Bonum
2243 903 2328 948 est
2356 893 2512 947 nobis
2536 901 2592 946 ut
2615 901 2670 946 et
2698 901 2823 946 tunc
2851 903 3095 962 protegat
3118 910 3237 964 nos,
3260 905 3317 950 ut
3336 895 3439 951 sub

1845 985 1938 1038 illo
1962 984 2166 1053 majore
2198 999 2412 1053 semper
2441 999 2540 1040 nos
2561 984 2690 1054 pulli
2717 984 2905 1038 simus.
2936 985 3158 1054 Semper
3183 987 3436 1042 enimille

1845 1075 2018 1145 major
2039 1085 2146 1141 est,
2173 1085 2669 1144 quantumcumque
2696 1075 3044 1130 creverituus.
3077 1073 3246 1132 Nemo
3270 1077 3437 1140 dicat,

1845 1166 2094 1236 Protegat
2125 1183 2233 1232 me,
2264 1182 2384 1220 cum
2407 1168 2662 1236 parvulus
2687 1182 2805 1219 sum
2839 1184 2852 1216 :
2884 1165 3040 1235 quasi
3061 1167 3353 1238 aliquando
3375 1168 3444 1222 ad

1846 1265 2045 1310 tantam
2079 1257 2496 1328 magnitudinem
2524 1257 2694 1326 possit
2716 1257 3018 1326 pervenire,
3047 1274 3168 1328 qua:
3194 1257 3292 1313 sibi
3322 1259 3442 1312 suf-

1847 1350 2006 1403 ticiat.
2039 1350 2166 1405 Sine
2196 1349 2528 1418 protectione
2559 1349 2652 1402 Dei
2702 1348 2834 1402 nihil
2863 1363 2943 1403 es.
2987 1347 3213 1418 Semper
3249 1348 3317 1404 ab
3347 1348 3443 1404 illo

1846 1443 2048 1514 protegi
2079 1443 2302 1497 velimus
2335 1458 2349 1496 :
2383 1450 2508 1496 tunc
2533 1456 2747 1511 semper
2775 1441 2827 1495 in
2857 1441 2948 1494 illo
2985 1441 3160 1512 magni
3191 1455 3312 1499 esse
3340 1456 3440 1512 po-

1846 1534 2089 1598 terimus,
2113 1534 2157 1587 si
2186 1549 2400 1603 semper
2425 1534 2530 1588 sub
2556 1533 2644 1587 illo
2672 1531 2873 1602 parvuli
2901 1532 3088 1586 simus.
3123 1531 3189 1586 Et
3215 1533 3268 1586 in
3297 1534 3440 1586 vela-

1845 1633 2011 1679 mento
2032 1641 2318 1695 pennarum
2347 1635 2549 1678 tuarum
2575 1622 2857 1676 multabo.
2963 1626 2969 1632 ’

1916 1718 2004 1770 17.
2046 1713 2196 1788 [rem
2241 1711 2321 1788 9.]
2360 1714 2689 1786 Agglutinata
2725 1723 2796 1768 est
2841 1711 3012 1765 anima
3051 1728 3160 1764 mea
3203 1719 3315 1780 post
3355 1722 3424 1771 te.

1815 1804 2606 1873 Videtedesiderantetn,videte
2647 1803 2939 1869 sitientem,
2969 1801 3148 1856 videte
3174 1801 3443 1872 quomodo

1847 1898 2014 1952 haeret
2051 1897 2181 1952 Deo.
2210 1895 2469 1952 Nascatur
2511 1896 2567 1950 in
2608 1893 2761 1949 vobis
2804 1894 2903 1948 istc
2951 1892 3196 1947 affectus.
3238 1893 3293 1948 Si
3331 1891 3445 1964 jam

1843 1986 2130 2057 germinat,
2157 1987 2516 2057 compluatur,
2564 1995 2620 2040 et
2656 1995 2864 2040 crescat
2893 2003 2907 2037 :
2939 1982 3218 2056 perveniat
3245 1985 3311 2039 ad
3341 1985 3446 2040 tale

1847 2078 2010 2132 robur
2035 2087 2174 2133 utet
2202 2093 2300 2134 vos
2329 2077 2517 2132 dicatis
2551 2092 2617 2132 ex
2650 2085 2762 2131 toto
2785 2076 2970 2140 corde,
3012 2076 3343 2147 Agglutiuata
3365 2087 3449 2134 .rst

1844 2171 2018 2224 animo
2045 2187 2155 2224 mea
2184 2181 2296 2240 post
2327 2173 2393 2224 te.
2426 2168 2522 2224 Ubi
2550 2178 2634 2224 est
2659 2169 2832 2238 ipsum
2863 2168 3083 2238 gluten?
3113 2168 3288 2237 Ipsum
3323 2169 3447 2240 glu-

1851 2273 1937 2318 ten
1968 2263 2202 2319 cbaritas
2228 2272 2331 2318 est.
2358 2261 2687 2318 Charitatem
2716 2260 2872 2324 habe,
2904 2277 3010 2330 quo
3038 2261 3236 2329 glutine
3264 2263 3448 2332 agglu-

1849 2362 2047 2411 tinetur
2067 2357 2244 2410 anima
2271 2364 2358 2409 tua
2390 2363 2510 2424 post
2535 2355 2723 2408 Deum.
2749 2352 3013 2408 Noncum
3041 2352 3173 2418 Deo,
3201 2351 3296 2408 sed
3322 2361 3447 2422 post

1850 2450 2054 2513 Deum;
2095 2457 2157 2502 ut
2183 2448 2275 2502 ille
2305 2447 2593 2517 prmcedat,
2626 2457 2681 2500 tu
2726 2445 2988 2516 sequaris.
3037 2444 3138 2510 Qui
3167 2445 3308 2500 enim
3348 2461 3447 2502 vo-

1847 2539 2007 2594 luerit
2034 2538 2200 2593 Deum
2247 2537 2590 2598 antecedere,
2637 2537 2865 2591 consilio
2894 2551 2993 2588 suo
3023 2537 3135 2589 vult
3160 2537 3360 2601 vivere,
3392 2545 3450 2592 et

1851 2650 1957 2687 non
1987 2633 2095 2686 vult
2127 2631 2276 2700 sequi
2299 2639 2564 2701 praecepta
2593 2629 2705 2684 Dei.
2737 2629 3025 2697 Propterea
3056 2637 3111 2683 et
3139 2628 3330 2684 Petrus
3355 2643 3447 2684 re-

1850 2725 2035 2796 pulsus
2063 2734 2164 2788 est,
2197 2723 2410 2792 quando
2433 2721 2599 2777 voluit
2623 2721 2906 2777 consilium
2931 2719 3062 2776 dare
3085 2719 3302 2779 Christo
3329 2736 3451 2790 pas-

1850 2831 1978 2872 suro
2005 2830 2103 2886 pro
2131 2814 2303 2869 nobis.
2337 2813 2526 2868 Adhuc
2565 2813 2709 2868 enim
2739 2811 2984 2868 inﬁrmus
3008 2819 3126 2866 erat
3154 2811 3363 2876 Petrus,
3393 2821 3452 2866 et

1851 2915 2051 2977 quanta
2101 2905 2306 2961 utilitas
2355 2911 2504 2960 esset
2551 2903 2765 2972 generis
2809 2901 3034 2957 humani
3079 2902 3130 2956 in
3186 2903 3451 2972 sanguine

1851 2996 2052 3053 Christi
2069 3011 2177 3050 non
2194 3003 2414 3050 noverat
2441 3013 2454 3046 :
2478 2995 2740 3048 Dominus
2765 3002 2941 3048 autem
2965 2994 3053 3062 qui
3081 3002 3302 3049 venerat
3326 2992 3452 3048 red-

1852 3090 2020 3144 imerc
2061 3102 2204 3154 nos,
2253 3095 2312 3143 et
2357 3085 2485 3141 dare
2527 3085 2756 3154 pretium
2797 3098 2895 3154 pro
2936 3083 3092 3138 nobis
3134 3084 3451 3155 sanguinem

1853 3195 2032 3247 suum,
2061 3179 2227 3250 coepit
2247 3177 2538 3248 prtedicare
2555 3177 2865 3249 passionem
2894 3190 3068 3231 suam.
3085 3175 3318 3245 Expavit
3341 3175 3450 3231 Pe-

1854 3283 1970 3329 trus
2008 3272 2160 3343 quasi
2203 3271 2520 3326 moriturum
2560 3269 2866 3335 Dominum,
2912 3284 3072 3339 quem
3106 3268 3322 3324 volebat
3365 3269 3452 3322 hic

1853 3381 2068 3437 semper
2098 3365 2281 3420 vivere
2318 3362 2588 3435 quomodo
2615 3363 2764 3418 illum
2789 3361 3026 3426 videbat,
3057 3363 3181 3433 quia
3216 3360 3452 3417 carnali-

1849 3458 1954 3514 bus
1978 3458 2152 3515 oculis
2178 3457 2411 3524 deditus,
2443 3456 2645 3512 carnali
2669 3455 2860 3511 allecto
2885 3455 3028 3511 circa
3061 3453 3344 3510 Dominum
3368 3464 3450 3510 te-

1854 3553 2114 3617 nebatur;
2147 3559 2202 3606 et
2224 3550 2301 3605 ait
2334 3549 2411 3605 illi
2434 3567 2447 3603 :
2469 3549 2612 3602 Absit
2640 3557 2765 3616 ate,
2789 3546 3008 3602 Domine
3025 3562 3045 3613 ;
3071 3545 3321 3616 propitius
3348 3553 3452 3600 esto

1855 3645 1965 3699 tibi.
1993 3644 2062 3698 Et
2105 3643 2406 3698 Dominus:
2445 3639 2574 3695 Redi
2613 3648 2728 3711 post
2769 3655 2868 3704 me,
2897 3647 3137 3702 satanas;
3181 3649 3283 3691 non
3319 3636 3456 3692 enim

1853 3739 1993 3807 sapis
2009 3750 2123 3808 qua:
2149 3737 2246 3792 Dei
2269 3744 2408 3798 sunt,
2431 3733 2520 3789 sed
2537 3750 2654 3806 qua:
2671 3741 2788 3787 sunt
2813 3732 3073 3786 hominum
3094 3729 3312 3803 (Matth.
3337 3745 3452 3797 xw,

1855 3827 1947 3892 2‘2,
1977 3827 2092 3898 25).
2124 3827 2324 3895 Quare,
2363 3840 2478 3896 qua:
2497 3832 2615 3878 sunt
2638 3821 2945 3877 hominum?
2972 3820 3109 3888 Quia
3134 3820 3456 3876 antecedere

1859 3933 1945 3972 nte
1972 3919 2071 3983 vis,
2098 3917 2207 3971 redi
2233 3925 2345 3988 post
2370 3931 2467 3980 me,
2493 3922 2549 3968 ut
2577 3913 2818 3983 sequaris
2849 3925 2936 3966 me
2968 3928 2982 3964 :
3012 3917 3069 3963 ut
3087 3910 3200 3979 jam
3225 3923 3456 3978 sequens

1856 4008 2130 4062 Christum
2157 4007 2382 4072 diceret,
2426 4004 2757 4077 Agglutinata
2797 4010 2869 4057 est
2897 4002 3071 4055 anima
3097 4016 3210 4054 mea
3235 4009 3350 4073 post
3387 4009 3456 4055 te.

1859 4097 2048 4152 Merito
2077 4096 2349 4152 annectit:
2380 4094 2468 4150 Me
2513 4093 2732 4165 suscepit
2755 4093 2963 4147 dextera
2987 4104 3098 4149 tua.
3126 4089 3461 4163 Agglutinata

1860 4199 1933 4243 est
1958 4198 2070 4259 post
2101 4199 2148 4242 te
2189 4187 2362 4240 anima
2399 4202 2546 4248 mea;
2575 4201 2656 4238 me
2689 4184 2904 4254 suscepit
2935 4181 3142 4236 dextera
3174 4191 3286 4235 tua.
3318 4181 3462 4236 Dixit

1863 4281 1964 4334 hoc
1991 4280 2234 4336 Christus
2275 4278 2326 4333 iu
2374 4278 2531 4334 nobis
2561 4296 2575 4331 :
2606 4276 2657 4332 id
2701 4286 2802 4338 est,
2837 4275 2889 4329 in
2919 4273 3135 4329 homine
3172 4289 3333 4344 quem
3360 4288 3458 4344 ge-

1861 4375 2036 4431 stabat
2060 4388 2157 4442 pro
2185 4371 2360 4436 nobis,
2383 4385 2539 4440 quem
2569 4368 2827 4424 oﬁ'erebat
2855 4381 2952 4437 pro
2976 4365 3152 4429 nobis,
3175 4363 3311 4418 dixit
3332 4365 3460 4420 hoc.

1863 4469 2002 4522 Dicit
2029 4466 2130 4520 hoc
2153 4473 2207 4519 et
2233 4463 2474 4518 Ecclesia
2519 4463 2570 4515 in
2611 4459 2847 4524 Christo,
2874 4458 3006 4513 dicit
3034 4458 3086 4511 in
3116 4458 3290 4526 capite
3321 4471 3457 4522 suo;

1863 4559 1987 4628 quia
2013 4565 2067 4610 et
2110 4555 2222 4624 ipsa
2254 4568 2407 4621 passa
2450 4561 2533 4607 est
2575 4550 2662 4605 hic
2694 4548 3096 4618 persecutiones
3125 4560 3364 4617 magnas,
3403 4555 3463 4604 et

1863 4649 2175 4720 singillatim
2203 4646 2366 4701 etiam
2408 4644 2568 4698 modo
2603 4641 2821 4712 patitur.
2849 4640 2979 4707 Quis
3014 4639 3157 4693 enim
3189 4637 3463 4708 pertinens

1864 4742 1931 4797 ad
1965 4741 2263 4801 Christum,
2319 4751 2429 4790 non
2477 4735 2636 4790 variis
2681 4732 3065 4788 tentationibus
3111 4729 3361 4799 agitatur,
3407 4736 3464 4789 et

1853 4830 2106 4903 quotidie
2130 4829 2236 4899 agit
2256 4845 2376 4882 cun:
2407 4827 2501 4881 illo
2535 4825 2777 4879 diabolus
2806 4829 2864 4878 et
2887 4821 3061 4891 angeli
3088 4821 3227 4890 ejus,
3253 4830 3312 4875 ut
3337 4833 3463 4889 per-

1865 4934 2106 4980 vertatur
2151 4921 2386 4992 qualibet
2433 4917 2744 4989 cupiditate,
2801 4914 3037 4985 qualibet
3097 4911 3462 4982 suggestione,

1868 5027 1960 5074 aut
1983 5014 2338 5088 promissione
2366 5011 2518 5076 lucri,
2539 5010 2621 5065 Vel
2645 5019 2854 5063 terrore
2882 5005 3086 5069 dannti,
3115 5005 3200 5058 vel
3227 5003 3462 5073 promis-

1868 5111 2020 5165 sione
2047 5107 2190 5172 vitaz,
2220 5105 2304 5158 vel
2352 5112 2558 5156 terrore
2602 5100 2814 5162 mortis,
2860 5105 2952 5151 aut
2979 5095 3203 5165 alicujus
3229 5095 3465 5164 potentis

1871 5197 2183 5261 inimicitiis,
2215 5203 2308 5250 aut
2349 5193 2574 5262 alicujus
2613 5190 2846 5261 potentis
2891 5187 3172 5242 amicitiis?
3201 5184 3464 5240 Omnibus

1871 5291 2043 5347 modis
2069 5291 2230 5342 instat
2256 5285 2522 5346 diabolus,
2555 5279 3003 5351 quemadmodum
3036 5278 3286 5346 dejieiat;
3329 5283 3384 5330 et
3409 5277 3467 5335 in

1872 5379 2335 5452 persecutionibus
2356 5375 2604 5436 vivimus,
2624 5382 2677 5426 et
2696 5371 2952 5424 habemus
2970 5377 3256 5438 perpetuos
3281 5366 3463 5420 inimi-

1871 5490 1985 5538 cos,
2014 5472 2281 5527 diabolum
2322 5477 2375 5523 et
2421 5466 2638 5536 angelos
2685 5464 2845 5531 ejus:
2875 5461 2967 5516 sed
3015 5475 3120 5514 non
3158 5458 3464 5512 timeamus.

1871 5566 1960 5622 Sic
1986 5573 2109 5619 sunt
2137 5560 2382 5616 diabolus
2410 5566 2466 5613 et
2491 5555 2665 5626 angeli
2692 5555 2825 5623 ejus,
2859 5552 3006 5622 quasi
3053 5549 3199 5604 milvi
3229 5567 3242 5602 :
3271 5547 3372 5603 sub
3397 5547 3466 5603 iis

1874 5657 1978 5711 lius
2000 5655 2209 5727 gallinae
2235 5650 2333 5706 alis
2351 5663 2560 5713 sumus,
2591 5656 2645 5702 et
2671 5661 2774 5699 non
2803 5657 2898 5698 nos
2920 5651 3092 5713 potest
3120 5641 3466 5710 contingere;

1871 5751 2064 5820 gallina
2090 5747 2232 5802 enim
2259 5759 2379 5814 qua:
2408 5756 2504 5796 nos
2542 5739 2793 5810 protegit,
2838 5734 2992 5790 fortis
3015 5743 3115 5790 est.
3144 5730 3358 5788 inﬁrma
3381 5743 3466 5788 est.

1878 5851 2095 5914 propter
2121 5855 2253 5903 nos;
2285 5835 2378 5891 sed
2419 5834 2568 5889 fortis
2595 5843 2676 5888 est
2704 5833 2758 5885 in
2795 5843 2851 5884 se
2880 5826 3134 5882 Dominus
3161 5831 3350 5881 noster
3380 5823 3470 5881 Je-
