3934 6316
545 420 649 478 759

541 552 632 591 sus
656 535 920 603 Christus,
970 536 1086 607 ipsa
1129 535 1391 608 sapientia
1430 536 1547 593 Del.
1582 534 1726 606 Ergo
1754 534 1885 591 dicit
1931 533 2035 590 hoc
2078 544 2134 589 et

540 626 780 683 Ecclesia
805 646 819 682 :
849 627 1179 699 Agglutinata
1202 638 1276 682 est
1305 628 1477 681 anima
1513 643 1626 681 mea
1661 636 1774 697 post
1801 635 1884 691 te;
1910 642 1990 680 me
2017 643 2133 680 sus-

540 720 674 789 cepit
699 718 907 774 dextera
925 728 1035 773 tua.

615 810 701 866 l8.
743 808 896 883 [uera
931 807 1045 880 10.]
1084 805 1196 880 Ipsi
1233 824 1350 862 vero
1375 808 1427 862 in
1469 824 1655 862 vanum
1678 808 1984 878 quaesierunt
2023 806 2135 859 ani-

540 920 679 956 mam
713 919 894 955 meum.
923 900 1061 968 Quid
1104 899 1231 954 mihi
1272 898 1514 954 fecerunt
1553 899 1642 969 qui
1671 898 1994 967 qua‘sicrunt
2022 897 2136 950 auio

542 1010 687 1050 mam
733 1008 909 1048 meam
960 991 1226 1062 perdere?
1280 991 1493 1047 Utinam
1546 998 1851 1055 qumrerent
1901 990 2131 1042 animam

542 1101 742 1150 meam,
785 1094 844 1139 ut
880 1083 1163 1138 crederent
1212 1082 1460 1137 mecum!
1501 1080 1606 1135 Sed
1646 1080 1973 1150 quaesierunt
2014 1078 2132 1132 ani—

542 1191 686 1230 mam
712 1189 884 1229 meam
908 1183 963 1227 ut
990 1172 1271 1242 perderent
1298 1187 1406 1225 me.
1429 1169 1565 1238 Quid
1594 1169 1823 1224 facturi?
1849 1168 1963 1224 Non
1990 1170 2137 1223 enim

543 1266 747 1336 rapturi
774 1273 927 1321 erant
953 1266 1155 1336 gluten,
1187 1278 1294 1332 quo
1314 1263 1537 1317 adhazsit
1558 1262 1735 1315 anima
1764 1276 1879 1315 mea
1913 1269 2032 1331 post
2059 1272 2130 1315 te.

551 1361 677 1427 Quis
696 1360 828 1413 enim
854 1374 947 1411 nos
976 1355 1229 1427 separabit
1257 1372 1289 1408 a
1317 1356 1564 1408 cltarttate
1589 1352 1777 1407 Christi
1801 1353 1824 1406 ?
1851 1351 2130 1417 tribulatio,

544 1468 614 1505 an
653 1450 910 1521 angustia,
939 1465 1005 1501 an
1043 1444 1340 1515 perserutio,
1381 1462 1449 1497 an
1478 1443 1654 1507 fames,
1700 1459 1768 1497 an
1808 1443 2034 1497 auditas.
2066 1459 2133 1495 an

538 1540 744 1611 gladius
765 1539 942 1612 (Rom.
968 1554 1058 1597 vn.
1090 1536 1219 1605 ἤδη
1247 1535 1476 1590 Dextera
1495 1544 1582 1587 tua
1604 1543 1823 1603 susceptt
1860 1549 1957 1587 me.
1992 1533 2132 1603 Ergo

537 1643 756 1704 propter
780 1630 908 1686 illud
934 1631 1113 1702 gluten
1145 1638 1199 1685 et
1237 1636 1455 1698 propter
1481 1626 1904 1696 potentissimam
1942 1624 2134 1680 dexte-

539 1738 655 1779 ram
692 1733 859 1786 tuam,
882 1721 933 1775 in
962 1736 1144 1773 uanum
1166 1718 1473 1789 quaesierunt
1498 1718 1723 1771 animam
1747 1731 1930 1771 meant.
1961 1715 2133 1784 Quot-

541 1824 675 1886 quot
702 1812 968 1884 persecuti
990 1821 1134 1875 sunt,
1168 1812 1247 1865 vel
1280 1809 1526 1880 persequi
1561 1808 1779 1880 cupiunt
1810 1807 2130 1873 Ecclesiam,

540 1914 720 1975 potest
747 1903 815 1959 de
836 1903 922 1958 his
952 1903 1056 1957 hoc
1094 1901 1317 1970 intelligi
1353 1919 1368 1956 :
1399 1900 1630 1954 maxime
1659 1898 1758 1953 hoc
1785 1906 1961 1953 tamen
1988 1899 2132 1952 acci-

539 1994 751 2065 piamus
794 1992 861 2048 de
898 1991 1116 2053 Judmis.
1159 1990 1249 2061 qui
1286 1988 1618 2059 quzesicrunt
1662 1988 1893 2041 animam
1931 1986 2132 2043 Christi

541 2085 789 2155 perdere,
821 2092 876 2138 et
902 2082 955 2137 in
1000 2083 1117 2154 ipso
1146 2081 1322 2150 capite
1350 2088 1533 2135 nostro
1559 2078 1699 2148 quod
1727 2078 2130 2143 crucifixerunt,

543 2186 600 2232 et
623 2176 675 2231 in
703 2173 979 2245 discipulis
997 2173 1113 2243 ejus
1139 2186 1274 2241 quos
1301 2179 1484 2240 postea
1516 2169 1781 2238 persecuti
1808 2176 1949 2222 sunt.
1978 2169 2129 2234 Quteo

541 2266 733 2320 sierunt
768 2264 991 2318 animam
1034 2279 1217 2316 meam.
1261 2259 1553 2314 lntroibunt
1589 2261 1641 2313 in
1676 2260 1922 2332 inferiora
1963 2270 2129 2314 teme.

540 2359 765 2415 Terram
785 2356 1012 2428 perdere
1033 2355 1340 2419 noluerunt,
1365 2362 1423 2408 ut
1436 2352 1810 2421 cruciﬁgerent
1828 2351 2095 2405 Christum
2115 2369 2129 2404 :

543 2452 596 2506 in
626 2449 875 2506 inferiora
907 2459 1065 2503 terra!
1103 2447 1298 2502 ierunt.
1327 2444 1458 2512 Quae
1505 2453 1629 2498 sunt
1657 2443 1902 2512 inferiora
1942 2442 2134 2496 terra?

540 2545 793 2601 Terrenm
821 2539 1159 2611 cupiditates.
1204 2536 1395 2593 Melius
1420 2545 1503 2591 est
1536 2548 1701 2590 carne
1737 2533 2017 2588 ambulare
2044 2549 2136 2587 su-

540 2651 641 2702 per
669 2645 889 2696 terram,
918 2647 1077 2702 quam
1121 2629 1414 2700 cupiditate
1443 2626 1522 2681 ire
1561 2625 1662 2682 sub
1700 2637 1916 2680 terram.
1946 2624 2134 2681 Omnis

540 2725 684 2782 enim
733 2723 823 2794 qui
871 2730 1055 2776 contra
1092 2721 1316 2774 salutem
1362 2732 1512 2773 suam
1560 2716 1708 2785 cupit
1748 2727 1982 2782 terrena,
2034 2714 2134 2771 sub

541 2828 687 2873 terra
716 2826 832 2871 est:
863 2814 985 2885 quia
1016 2823 1212 2868 terram
1260 2810 1361 2865 sibi
1400 2807 1712 2879 pratposuit,
1748 2817 1944 2862 terram
1972 2821 2135 2877 super

541 2928 600 2965 se
629 2909 828 2982 posuit,
851 2917 904 2962 et
932 2920 992 2960 se
1018 2904 1201 2959 subter
1225 2901 1370 2959 fecit.
1400 2902 1476 2956 Illi
1504 2917 1632 2971 ergo
1656 2900 1908 2955 timentes
1935 2909 2130 2954 terram

541 3001 789 3071 perdere,
820 2999 941 3070 quid
967 2996 1217 3052 dixerunt
1238 2996 1308 3051 de
1335 2994 1558 3049 Domino
1584 2992 1713 3048 Jesu
1744 2993 1978 3059 Christo,
2004 3007 2127 3047 cum

541 3094 788 3150 viderent
816 3092 1010 3145 multas
1041 3091 1223 3145 turbas
1254 3090 1331 3143 ire
1371 3095 1492 3156 post
1517 3087 1685 3152 illum,
1715 3086 1837 3156 quia
1865 3085 2131 3140 mirabilia

542 3183 810 3239 faciebat?
833 3182 903 3237 Si
921 3182 1066 3235 illunt
1095 3180 1432 3234 dimiserimus
1462 3179 1644 3242 vivum,
1667 3177 1865 3231 venient
1886 3175 2127 3243 Romani,

542 3286 590 3330 et
618 3276 793 3329 tollent
819 3273 962 3327 nobis
989 3283 1032 3325 et
1064 3270 1255 3335 locum,
1282 3278 1328 3324 et
1352 3279 1548 3342 gentem
1574 3268 1753 3336 (Joan.
1779 3285 1858 3333 x1,
1890 3268 2009 3338 48).
2047 3268 2131 3322 Ti.

541 3374 792 3422 iuuerunt
816 3362 1047 3435 perdere
1076 3370 1294 3427 terram,
1338 3369 1393 3415 et
1430 3362 1606 3416 ierunt
1634 3359 1733 3414 sub
1763 3369 1962 3414 terram
1997 3377 2011 3412 :
2042 3374 2132 3413 ac-

539 3457 671 3510 cidit
716 3457 796 3511 eis
837 3466 889 3510 et
930 3455 1068 3524 quod
1131 3454 1444 3507 timuerunt.
1499 3451 1629 3505 Nam
1683 3450 1805 3505 ideo
1848 3452 2132 3506 voluerunt

539 3548 806 3603 Christum
833 3545 1101 3611 occidere,
1124 3560 1192 3599 ne
1219 3554 1414 3599 terram
1445 3542 1759 3613 perderent;
1790 3553 1844 3597 et
1870 3542 1992 3598 ideo
2020 3553 2131 3598 ter-

538 3656 651 3696 ram
682 3638 1049 3708 perdiderunt,
1096 3637 1216 3706 quia
1255 3634 1524 3690 Christum
1567 3634 1896 3689 occiderunt.
1938 3634 2131 3691 Occiso

539 3731 683 3789 enim
711 3727 947 3794 Christo,
983 3727 1104 3797 quia
1134 3724 1340 3781 dixerat
1370 3724 1471 3778 illis
1514 3724 1628 3792 ipse
1658 3724 1937 3789 Dominus,
1971 3725 2130 3795 Aufe-

538 3833 677 3877 retur
713 3838 744 3874 η
771 3819 907 3876 vobis
946 3834 1175 3890 regnum,
1227 3827 1272 3871 et
1298 3806 1533 3870 tradetur
1571 3817 1707 3887 genti
1749 3816 1951 3884 facienti
1967 3816 2127 3885 justi-

541 3913 663 3966 riam
692 3909 907 3981 (Matth.
942 3925 1057 3973 ut,
1087 3906 1204 3979 4'5),
1236 3916 1434 3963 secutae
1463 3915 1585 3961 sunt
1612 3906 1730 3960 illos
1753 3921 1958 3975 magnae
1981 3908 2127 3960 cala-

539 4005 750 4059 mitates
803 4001 1256 4071 persecutionum.
1310 3999 1568 4054 Viderunt
1614 4000 1733 4054 illos
1778 4001 2128 4070 imperatores

539 4095 788 4160 Romani,
814 4103 869 4149 et
906 4107 1058 4162 reges
1083 4093 1320 4162 gentium
1347 4108 1359 4143 :
1385 4091 1588 4145 exclusi
1625 4102 1746 4147 sunt
1775 4091 1843 4146 de
1873 4092 1988 4162 ipso
2010 4095 2127 4147 loco

537 4191 627 4245 ubi
656 4189 1034 4244 crucilixerunt
1050 4186 1356 4253 Christum;
1388 4193 1442 4242 ct
1466 4184 1627 4240 modo
1646 4186 1795 4241 locus
1825 4188 1913 4241 ille
1938 4188 2125 4256 plenus

538 4292 620 4340 est
651 4279 1017 4335 laudatoribus
1042 4277 1369 4341 christianis,
1408 4275 1613 4331 nullum
1642 4276 1886 4331 Judaeum
1930 4279 2121 4345 habet;

536 4373 711 4429 caruit
755 4371 985 4427 inimicis
1034 4368 1269 4431 Christi,
1322 4368 1570 4438 impletus
1623 4379 1704 4422 est
1758 4368 2124 4425 laudatoribus

537 4465 755 4521 Christi.
798 4464 936 4519 Ecce
990 4460 1333 4532 perdiderunt
1388 4475 1417 4513 a
1456 4460 1711 4515 Romanis
1748 4460 1945 4526 locum,
1998 4463 2122 4532 quia

536 4556 810 4612 Christum
831 4550 1160 4610 occiderunt,
1190 4550 1278 4619 qui
1310 4557 1587 4618 propterea
1610 4549 1920 4605 occiderunt
1949 4568 2016 4606 ne
2046 4553 2123 4605 lo-

535 4663 657 4700 cum
698 4661 727 4698 a
772 4642 1025 4699 Romanis
1069 4641 1372 4711 perderent.
1404 4638 1567 4710 Ergo,
1614 4640 1890 4694 introibant
1928 4642 1981 4694 in
2020 4643 2122 4696 ima

535 4751 703 4794 teme.

611 4830 697 4888 l9.
738 4827 889 4899 Iners.
926 4823 1037 4898 ll.]
1077 4824 1366 4880 Tradentur
1407 4822 1461 4878 in
1498 4841 1677 4879 manus
1705 4820 1887 4896 gladii.
1915 4825 2121 4882 Revera

536 4924 617 4978 sic
645 4920 750 4975 illis
775 4918 1054 4973 visibilitcr
1091 4916 1312 4985 contigit
1338 4930 1353 4979 ;
1403 4915 1688 4986 expugnati
1717 4926 1841 4970 sunt
1873 4916 2125 4971 irruenti-

537 5018 635 5068 bus
655 5011 919 5067 hostibus.
948 5006 1126 5060 Partes
1150 5006 1376 5075 vulpium
1399 5015 1559 5059 erunt.
1593 5005 1790 5075 Vulpes
1814 5006 1941 5060 dicit
1969 5019 2121 5075 reges

535 5105 737 5170 saciili,
766 5102 857 5174 qui
885 5112 1011 5154 tunc
1034 5100 1247 5153 fuerunt
1266 5096 1479 5166 quando
1505 5097 1769 5152 debellata
1799 5107 1882 5150 est
1910 5096 2118 5151 ludrea.

529 5197 750 5260 Audite,
788 5204 847 5247 ut
892 5191 1149 5245 noveritis
1189 5199 1243 5243 et
1290 5188 1597 5256 intclligatis
1641 5187 1763 5255 quia
1804 5187 1949 5255 ipSos
1993 5187 2123 5242 dicit

538 5292 739 5358 vulpes.
769 5284 1033 5342 Herodem
1092 5292 1278 5350 regem
1316 5281 1431 5348 ipse
1486 5279 1741 5332 Dominus
1766 5278 1981 5346 vulpem
2028 5293 2121 5347 ap-

535 5382 743 5452 pellavit
773 5397 786 5433 :
818 5376 912 5437 Ite.
942 5375 1130 5444 inquit.
1156 5384 1200 5426 et
1230 5372 1379 5424 dicite
1398 5370 1536 5441 vulpi
1561 5371 1635 5422 illi
1666 5368 1821 5437 (Luc.
1853 5386 1964 5433 xui,
1995 5369 2114 5439 32).

537 5469 740 5535 Videte,
790 5477 847 5524 et
884 5465 1161 5528 attendite,
1216 5461 1404 5515 fratres
1450 5460 1549 5513 mei
1580 5458 1886 5513 :Christum
1936 5475 2117 5530 regem

534 5565 729 5619 habere
775 5560 1078 5619 noluerunt,
1122 5564 1176 5608 et
1222 5561 1401 5623 partes
1437 5552 1677 5620 vulpium
1752 5549 1877 5605 facti
1931 5554 2115 5606 suut'.

532 5650 755 5725 Quande
778 5647 920 5708 enim
942 5644 1142 5707 Pilatus
1168 5658 1389 5707 υτωερε.
1418 5644 1470 5697 in
1499 5641 1680 5700 .ludzca
1710 5641 1937 5711 legatus,
1970 5642 2116 5697 occi-

531 5743 609 5797 clit
623 5742 895 5798 Christum
917 5755 982 5796 ex
1000 5743 1217 5794 vocibus
1233 5733 1559 5799 Iudaeorum,
1580 5734 1711 5789 dixit
1732 5734 1861 5804 ipsis
1879 5731 2079 5789 Iudicis
2100 5751 2112 5786 :

596 5899 613 5927 ι
650 5902 746 5946 Hoc
766 5896 869 5947 loco
886 5906 1055 5944 omnes
1076 5899 1181 5941 Mss.
1227 5892 1523 5942 scalisaut.

1781 414 1839 479 S.
1881 419 2245 477 AUGUSTINI
2286 420 2586 479 EPISCOPI

3726 438 3833 497 πθ

2244 534 2435 606 Regem
2480 546 2697 591 uestrum
2736 540 3078 611 cruciﬁgitur!
3115 541 3247 609 Quia
3285 543 3564 602 dicebatur
3602 564 3699 604 rex
3725 549 3823 605 Ju-

2238 626 2498 695 diuorum,
2527 638 2582 683 et
2621 645 2780 687 verus
2808 648 2899 688 rex
2927 632 3063 703 ipse.
3111 635 3178 689 Et
3203 634 3278 691 illi
3322 640 3645 708 repellentes
3668 641 3821 697 Chri-

2232 728 2399 785 atum,
2430 720 2677 775 dixerunt
2707 737 2722 775 :
2761 720 2874 778 Nos
2912 740 3013 778 non
3051 724 3290 781 habemus
3326 744 3494 799 regem
3520 731 3623 785 nisi
3650 732 3818 788 Casa-

2236 825 2343 861 rem
2382 806 2561 878 (Joan.
2592 826 2714 873 xu.
2744 813 2856 872 15).
2904 812 3229 885 Rejccerunt
3260 832 3492 888 agnum;
3539 819 3817 892 elegerunt

2239 896 2450 965 vulpem
2477 914 2493 963 ;
2521 900 2713 953 merito
2740 912 2919 969 partes
2945 903 3178 973 vulpium
3210 905 3330 961 facti
3356 918 3503 961 sunt.

2307 988 2398 1043 9.0.
2440 986 2589 1060 [νει-ε.
2641 988 2752 1063 12.]
2821 992 2934 1047 Rea:
2986 995 3295 1051 vero:ideo
3340 997 3410 1052 ita
3459 1000 3694 1067 positum
3739 1013 3821 1058 est

2239 1078 2360 1148 quia
2412 1078 2487 1133 illi
2515 1079 2727 1150 vulpem
2770 1081 3069 1152 elegerunt,
3117 1099 3297 1155 regem
3337 1102 3465 1143 vero
3513 1090 3822 1146 noluerunt.

2238 1166 2354 1222 Rex
2374 1185 2492 1223 vero
2514 1183 2540 1224 :
2570 1169 2619 1223 id
2649 1181 2735 1226 est
2760 1186 2921 1227 verus
2941 1188 3063 1239 rex,
3086 1175 3169 1230 cui
3194 1176 3376 1233 titulus
3404 1179 3697 1249 inscriptus
3715 1193 3820 1246 est,

2237 1258 2451 1327 quando
2479 1274 2666 1328 passus
2695 1271 2800 1316 est.
2846 1262 2976 1317 Nam
3018 1264 3221 1319 Pilatus
3256 1267 3397 1323 hunc
3422 1269 3635 1325 titulum
3663 1265 3827 1341 super

2236 1357 2397 1415 caput
2421 1348 2538 1418 ejus
2558 1350 2871 1420 inscriptum
2905 1356 3101 1421 posuit,
3136 1355 3247 1410 Rea:
3264 1355 3583 1427 Iudaeorum,
3610 1362 3825 1419 δεδι-ωε

2238 1438 2436 1508 lingua,
2466 1454 2662 1511 graeca.
2686 1451 2740 1497 et
2772 1442 2933 1498 latina
2965 1462 2979 1497 :
3008 1456 3063 1499 ut
3086 1460 3273 1502 omnes
3301 1450 3392 1519 qui
3423 1453 3719 1508 transirent
3747 1454 3825 1510 le-

2236 1541 2425 1596 gerent
2450 1533 2671 1601 gloriam
2706 1537 2867 1605 regis,
2891 1546 2945 1590 et
2972 1537 3316 1607 ignominiam
3346 1541 3580 1611 ipsorum
3604 1543 3827 1602 Iudaeo

2235 1636 2376 1687 rum,
2403 1624 2493 1691 qui
2522 1624 2824 1694 rejieieutes
2845 1643 3034 1683 verum
3075 1644 3280 1700 regem,
3308 1631 3588 1704 elegerunt
3610 1636 3825 1707 vulpem

2236 1712 2523 1768 Cursarem.
2570 1713 2686 1770 Rea:
2729 1732 2844 1771 vero
2878 1719 3132 1775 (stabitur
3167 1721 3223 1775 in
3253 1721 3380 1777 Deo.
3428 1725 3507 1780 llli
3538 1726 3664 1782 facti
3703 1740 3827 1783 sunt

2236 1813 2419 1872 partes
2437 1804 2671 1874 vulpium
2701 1823 2715 1860 :
2749 1806 2860 1863 Res
2886 1824 3003 1863 vero
3028 1810 3277 1865 (elabitur
3297 1813 3349 1867 in
3378 1812 3503 1870 Deo.
3527 1816 3701 1883 Quem
3726 1818 3828 1874 sibi

2238 1895 2335 1950 visi
2387 1906 2518 1954 sunt
2552 1899 2704 1968 quasi
2760 1915 3045 1971 superasse
3091 1918 3213 1957 cum
3254 1904 3653 1977 cruciﬁgerent,
3705 1920 3828 1966 tunc

2235 1984 2523 2041 cruciﬁxus
2563 1988 2694 2042 ludit
2724 1991 2951 2060 pretium
2992 2008 3100 2064 quo
3134 1995 3264 2049 emit
3307 1997 3491 2051 orbem
3536 2007 3827 2056 terrarum.

2238 2076 2352 2132 Rex
2377 2096 2493 2132 vero
2515 2080 2772 2135 laetabitur
2801 2083 2853 2137 in
2883 2082 2989 2138 Deo
3011 2100 3032 2139 :
3062 2086 3352 2142 laudabin
3376 2092 3539 2144 omnis
3566 2091 3657 2162 qui
3680 2094 3828 2162 jurat

2236 2170 2290 2222 in
2326 2170 2459 2239 ipso.
2506 2170 2703 2238 Quare,
2735 2174 3027 2229 laudabitur
3075 2178 3238 2232 omnis
3285 2180 3374 2249 qui
3398 2180 3545 2253 jurat
3584 2183 3640 2235 in
3678 2183 3828 2254 ipso!

2237 2262 2369 2327 Quia
2412 2262 2512 2315 sibi
2534 2263 2694 2332 elegit
2722 2263 3016 2332 Christum,
3050 2282 3157 2322 non
3180 2268 3427 2338 vulpem;
3458 2271 3581 2340 quia
3612 2274 3827 2343 quando

2237 2351 2312 2406 iili
2335 2352 2500 2408 Jndzei
2530 2354 2939 2421 insultaverunt,
2974 2367 3101 2414 tunc
3125 2360 3274 2415 dedit
3303 2361 3392 2416 ille
3417 2363 3560 2419 unde
3590 2365 3826 2422 redime—

2236 2460 2439 2498 remur.
2468 2446 2547 2501 Ad
2580 2448 2756 2516 ipsum
2801 2465 2930 2521 ergo
2959 2452 3292 2522 pertinemus
3320 2452 3414 2524 qui
3446 2471 3548 2511 nos
3575 2456 3825 2524 redemit,

2236 2534 2324 2602 qui
2358 2550 2455 2604 pro
2481 2535 2637 2593 nobis
2677 2539 2932 2593 mundum
2962 2540 3104 2606 vicit,
3143 2557 3247 2597 non
3278 2557 3482 2600 armato
3510 2545 3706 2611 milite,
3734 2548 3827 2602 sed

2238 2622 2390 2676 irrisa
2428 2639 2611 2680 cruce.
2660 2627 2773 2682 Rea:
2818 2644 2936 2683 vero
2980 2629 3235 2685 lwtabitur
3273 2631 3325 2686 in
3368 2632 3827 2691 Deo:laudabitur

2236 2716 2401 2769 omnis
2426 2717 2515 2785 qui
2530 2718 2677 2786 jurat
2702 2720 2754 2773 in
2775 2721 2909 2788 ipso.
2932 2721 3063 2787 Quis
3085 2716 3232 2791 )drat
3258 2723 3314 2777 in
3342 2724 3446 2781 eo?
3472 2725 3574 2794 Qui
3602 2728 3826 2797 pollice-

2236 2812 2323 2857 tur
2358 2805 2406 2858 ei
2446 2806 2606 2859 vitam
2647 2822 2821 2873 suam,
2867 2812 2957 2881 qui
2996 2820 3152 2866 vovet
3201 2811 3276 2866 illi
3306 2820 3361 2868 et
3393 2816 3605 2882 reddit,
3645 2818 3829 2886 quifit

2212 2894 2600 2951 ‘christianus:
2637 2899 2737 2954 hoc
2772 2910 2853 2955 est
2893 2902 3033 2971 quod
3064 2902 3157 2963 ait.
3191 2903 3509 2959 Laudabitur
3544 2909 3716 2963 omnis
3739 2910 3825 2978 qui

2225 2987 2373 3056 jurat
2410 2988 2461 3042 in
2490 2989 2621 3059 ipso.
2653 2990 2907 3056 Quoniam
2943 2996 3227 3066 appilatum
3272 3007 3347 3051 est
3385 3015 3443 3052 os
3494 3000 3826 3072 loquentium

2235 3076 2427 3147 iniqua.
2450 3077 2658 3146 Quanta
2689 3084 3043 3153 iniqualocuti
3076 3095 3200 3142 sunt
3220 3085 3429 3143 Judaei?
3450 3090 3658 3158 Quanta
3688 3094 3824 3146 mala

2234 3169 2508 3237 dixerunt,
2542 3187 2648 3227 non
2688 3175 2861 3229 solum
2891 3174 3081 3244 Judaei,
3131 3177 3227 3233 sed
3263 3187 3319 3234 et
3355 3194 3545 3236 omnes
3572 3184 3663 3252 qui
3697 3199 3825 3252 pro-

2236 3270 2356 3331 pter
2382 3262 2519 3317 idola
2549 3262 2883 3321 Christianos
2910 3270 3178 3337 persecuti
3200 3271 3362 3325 sunt?
3387 3270 3613 3339 Quando
3635 3276 3827 3330 stevie-

2236 3351 2367 3407 bant
2414 3352 2466 3407 iu
2519 3352 2876 3423 Christianos,
2925 3360 3183 3428 putabant
3224 3359 3366 3432 quod
3406 3372 3628 3432 possent
3667 3366 3829 3421 linire

2234 3444 2565 3501 Christianos
2585 3465 2600 3501 :
2620 3440 2741 3503 cum
2767 3450 3022 3517 putabant
3045 3450 3185 3520 quod
3214 3462 3433 3522 possent
3459 3454 3636 3519 linire,
3661 3455 3819 3511 Chri-

2235 3536 2393 3589 stiani
2422 3547 2724 3603 creverunt,
2759 3550 2816 3595 et
2843 3541 2941 3609 ipsi
2978 3540 3112 3596 finiti
3154 3553 3302 3599 sunt.
3330 3543 3629 3614 Oppilatum
3654 3559 3729 3601 est
3764 3566 3825 3603 os

2234 3626 2545 3695 loquentium
2585 3629 2781 3700 iniqua.
2828 3630 3000 3687 Nemo
3043 3632 3206 3688 audet
3241 3634 3400 3689 modo
3432 3636 3641 3705 publice
3674 3637 3820 3709 loqui

2233 3729 2420 3773 contra
2475 3718 2789 3778 Christum:
2841 3723 2951 3792 jam
3008 3738 3197 3779 omnes
3254 3726 3442 3781 timent
3500 3727 3818 3784 Christum:

2236 3807 2490 3875 Quoniam
2514 3813 2796 3881 appilatum
2822 3824 2896 3867 est
2922 3830 2979 3868 os
3009 3813 3316 3886 loquentium
3369 3816 3562 3888 iniqua.
3594 3819 3821 3888 Quando

2234 3902 2286 3956 in
2330 3903 2638 3959 inﬁrmitate
2691 3906 2875 3974 Agnus
2922 3916 3058 3966 erat.
3113 3908 3273 3963 etiam
3320 3910 3507 3979 vulpes
3550 3912 3823 3968 audebant

2231 4003 2415 4049 contra
2440 3996 2669 4065 Agnum.
2702 3996 2841 4051 \‘icit
2869 3996 2981 4052 Leo
3006 3997 3074 4051 de
3103 3998 3245 4053 tribu
3272 3998 3405 4053 Juda
3442 4000 3627 4073 (Apoc.
3657 4018 3709 4069 ν,
3738 4005 3823 4070 5).

2231 4096 2287 4139 et
2328 4085 2588 4141 siluerunt
2628 4086 2859 4157 vulpes:
2890 4088 3143 4155 Quoniam
3184 4090 3467 4160 oppilatunt
3504 4102 3577 4146 est
3606 4110 3693 4147 eos
3737 4096 3816 4148 lo-

2229 4176 2487 4252 quentium
2516 4176 2709 4246 iniqua.

2667 4389 2749 4451 ΙΝ
2796 4386 2883 4451 PS
2894 4386 3178 4448 ALMUM
3206 4387 3408 4449 LX111

2827 4535 2964 4593 ENA
2975 4532 3252 4589 RRATIO.

2756 4684 2929 4724 δειωο
2953 4685 3021 4724 ΑΒ
3047 4679 3276 4723 ιἰειιει.

2303 4784 2355 4837 l.
2402 4782 2673 4838 Passionis
2723 4791 3029 4837 sanctorum
3098 4789 3393 4851 martyrum
3456 4775 3599 4831 diem
3663 4777 3823 4834 hodie

2231 4872 2423 4928 festum
2452 4873 2729 4938 habentes,
2759 4871 2811 4925 in
2838 4886 3022 4927 eorum
3050 4870 3425 4928 recordatione
3450 4867 3780 4942 gaudeamus
3801 4912 3817 4937 ,

2231 4965 2527 5021 recolentes
2555 4964 2679 5033 quid
2711 4963 3068 5031 patiebantur,
3097 4971 3150 5017 et
3189 4962 3552 5032 intelligentes
3580 4962 3707 5033 quid
3735 4963 3820 5017 in-

2228 5055 2531 5110 tuebantur.
2563 5054 2840 5123 Nunquam
2869 5054 3011 5109 enim
3056 5060 3232 5108 tantas
3259 5054 3631 5109 tribulationes
3659 5070 3820 5109 carne

2230 5148 2550 5211 tolerarent,
2589 5145 2689 5199 nisi
2708 5160 2952 5214 magnam
2979 5144 3213 5215 quietem
3240 5156 3423 5200 mente
3449 5146 3816 5216 conciperent.

2229 5237 2380 5292 Hunc
2406 5238 2583 5304 itaque
2610 5236 2871 5305 psalmum
2892 5251 2985 5304 pro
3010 5236 3122 5304 ipsa
3152 5236 3492 5292 solemnitate
3517 5253 3814 5291 curramus.

2232 5330 2495 5386 llesterno
2524 5328 2666 5383 enim
2706 5328 2793 5383 die
2844 5329 3006 5382 multa
3052 5329 3257 5383 audivit
3300 5328 3542 5384 Charitas
3604 5340 3813 5396 vestra,

2225 5436 2329 5477 nec
2378 5420 2537 5474 hodie
2588 5426 2765 5472 tamen
2813 5417 2938 5474 huic
2990 5418 3259 5474 festivitati
3307 5436 3499 5490 negare
3548 5420 3815 5490 potuimus

2226 5523 2464 5570 nostram
2489 5516 2823 5568 servitutem.
2854 5512 3035 5582 Itaque
3061 5514 3311 5584 quoniam
3344 5514 3574 5568 maxime
3601 5513 3809 5568 Domini

2226 5607 2406 5678 passio
2444 5605 2852 5660 commendatur
2882 5606 2933 5659 in
2965 5606 3066 5661 hoc
3096 5607 3302 5675 psalmo
3324 5647 3338 5667 .
3384 5622 3483 5661 nec
3526 5615 3787 5676 potuerat.

2226 5713 2347 5753 esse
2374 5696 2538 5752 fortes
2565 5707 2850 5768 martyres,
2880 5697 2981 5751 nisi
3008 5697 3340 5751 intuerentur
3354 5712 3474 5751 eum
3496 5698 3585 5766 qui
3613 5697 3812 5766 primus

2227 5804 2417 5859 passus
2458 5798 2570 5851 est;
2617 5802 2717 5842 nec
2748 5785 2868 5841 talia
2909 5787 3235 5841 sustinerent
3258 5788 3309 5841 in
3338 5788 3610 5858 passione,
3635 5788 3811 5858 qualia

2231 5882 2340 5947 ille,
2371 5879 2472 5935 nisi
2502 5879 2622 5935 talia
2650 5889 2930 5950 sperarent
2958 5879 3012 5935 in
3041 5881 3433 5939 resurrectione
3453 5925 3467 5948 ,
3493 5882 3667 5955 qualia
3700 5882 3809 5953 ipse
