3934 6340
207 509 293 564 761
1303 501 1697 561 ΕΝᾹΒΒΑΤΙΟ
1736 499 1788 553 iu

1897 499 2164 561 SALMUM
2205 504 2382 561 LXIII.

205 621 272 676 de
315 637 376 676 se
413 620 795 675 demonstravit
849 633 864 670 :
920 616 1068 670 novit
1110 625 1283 670 autem
1309 614 1574 669 Sanctitas
1603 611 1790 666 Vestra

207 723 362 780 caput
408 723 648 766 nostrum
686 725 805 764 esse
851 707 1131 761 Dominum
1167 713 1406 760 nostrum
1432 704 1613 758 .lesum
1641 703 1794 757 Chri-

205 815 343 858 stum
368 844 384 866 ,
428 817 720 870 omnesque
763 800 835 853 illi
882 799 1213 851 cohaerentes
1243 795 1481 849 membra
1512 809 1630 847 esse
1655 793 1796 846 illius

207 896 427 965 capitis;
457 893 677 963 ejusque
704 906 885 945 vocem
912 889 1021 959 jam
1053 888 1257 942 habetis
1280 886 1635 951 notissimam,
1661 899 1786 954 quo-

207 989 350 1042 niam
375 1002 479 1040 nou
503 1002 567 1039 ex
595 985 710 1039 solo
739 982 930 1050 capite.
960 980 1052 1035 sed
1084 979 1245 1034 etiam
1275 993 1340 1032 ex
1365 991 1591 1044 corpore
1616 976 1790 1044 loqui-

206 1088 328 1143 tur;
352 1093 619 1145 vocesque
637 1075 753 1144 ejus
770 1090 873 1128 non
897 1082 1099 1125 tantum
1118 1071 1290 1141 ipsum
1309 1068 1587 1123 Dominum
1609 1066 1789 1122 Jesum

202 1169 497 1231 Christum,
530 1169 616 1236 qui
645 1165 753 1235 jam
779 1163 1018 1218 ascendit
1048 1162 1097 1215 in
1125 1161 1318 1217 ccelum
1340 1201 1355 1224 ,
1388 1159 1471 1214 vel
1497 1159 1794 1229 signiﬁcant

203 1259 290 1312 vel
319 1258 632 1328 pra-dicant,
658 1257 750 1309 sed
769 1255 928 1308 etiam
955 1253 1070 1321 ejus
1092 1253 1326 1305 membra
1344 1260 1500 1317 caput
1522 1249 1792 1317 proprium

201 1358 452 1405 secutura
484 1367 496 1401 :
529 1361 876 1416 agnoscamus
919 1346 1002 1397 hic
1047 1359 1150 1396 non
1190 1343 1363 1395 solum
1399 1341 1537 1395 illius
1567 1354 1749 1392 vocem
1776 1380 1791 1404 ,

201 1439 298 1494 sed
332 1449 388 1494 et
428 1449 686 1497 nostram.
722 1437 786 1491 Et
829 1451 985 1490 nemo
1018 1435 1157 1488 dicat
1185 1433 1324 1504 quod
1353 1432 1511 1485 hodie
1541 1432 1592 1485 in
1625 1432 1793 1484 ll‘ibtl-

202 1530 407 1584 latione
435 1529 736 1598 passionum
770 1542 874 1580 non
901 1541 1103 1580 sumus.
1129 1523 1352 1593 Semper
1375 1524 1546 1577 'enim
1576 1521 1796 1574 audistis

201 1621 329 1685 hoc,
361 1621 482 1690 quia
514 1619 619 1673 illis
649 1618 974 1686 tenuioribus
1019 1616 1252 1670 Ecclesia
1299 1613 1447 1684 quasi
1494 1623 1600 1665 tota
1635 1610 1794 1664 simul

200 1715 602 1784 lmpellebatur,
631 1726 770 1767 nunc
789 1721 964 1764 autem
993 1725 1087 1779 per
1112 1709 1348 1778 singulos
1378 1715 1629 1760 tentatur.
1660 1704 1792 1757 Alli-

199 1816 363 1874 gatus
384 1816 466 1858 est
494 1803 708 1874 quidem
739 1802 1000 1866 diabolus,
1031 1818 1095 1854 ne
1126 1799 1283 1853 faciat
1312 1805 1567 1867 tpntntum
1600 1803 1792 1863 potest,

199 1913 276 1952 ne
306 1897 465 1951 faciat
492 1905 745 1966 quantum
783 1895 927 1957 vult;
969 1903 1145 1946 tamen
1187 1901 1388 1945 tantum
1421 1899 1627 1943 tentare
1660 1887 1794 1941 sini-

204 2000 318 2052 tur.
334 2000 589 2059 quantum
605 1987 818 2058 expedit
839 1986 1253 2056 proﬁcientibus.
1276 1984 1390 2038 Non
1411 1983 1563 2053 nobis
1583 1982 1796 2050 expedit

201 2095 330 2135 esse
368 2084 484 2134 sine
517 2079 895 2134 tentationibus
927 2094 941 2131 :
973 2091 1071 2130 nec
1100 2088 1348 2144 rogemus
1390 2075 1554 2127 Deum
1597 2083 1653 2125 ut
1691 2086 1794 2127 non

203 2182 498 2236 tentemur,
527 2171 620 2226 sed
647 2180 706 2226 ut
732 2186 834 2225 non
857 2167 1170 2222 inducamur
1199 2165 1250 2219 in
1279 2165 1646 2220 temationem.

274 2264 334 2316 2.
367 2261 517 2335 [νει-ε.
545 2259 626 2334 2.]
656 2262 899 2315 Dicamus
927 2274 1054 2327 ergo
1078 2267 1132 2310 et
1159 2272 1256 2310 nos
1286 2275 1300 2310 :
1335 2254 1538 2308 Exaudi
1561 2293 1577 2317 ,
1609 2253 1749 2326 Deus
1775 2295 1791 2318 ,

202 2353 488 2406 orationem
513 2367 696 2415 meam,
729 2350 851 2403 dunt
871 2348 1082 2402 tribulor
1102 2349 1122 2379 ³
1153 2363 1168 2400 :
1197 2363 1229 2399 a
1255 2348 1434 2398 timore
1461 2344 1655 2397 inimici
1681 2359 1799 2396 erue

200 2446 432 2498 animam
473 2459 654 2497 meam.
695 2441 991 2496 vaierunt
1022 2437 1220 2492 inimici
1263 2437 1315 2490 in
1345 2446 1638 2504 martyres;
1671 2433 1797 2502 quid

201 2538 394 2590 orabat
423 2536 522 2589 ista
551 2549 653 2589 vox
679 2535 921 2604 corporis
947 2531 1177 2587 Christi?
1202 2530 1314 2585 Hoc
1333 2529 1539 2594 orabat,
1565 2536 1623 2582 ut
1641 2542 1790 2581 erue-

201 2641 394 2685 rentur
419 2629 488 2684 ab
515 2627 768 2690 inimicis,
821 2635 876 2680 et
912 2641 1016 2679 non
1043 2639 1139 2685 eos
1167 2632 1382 2691 possent
1415 2619 1662 2674 occidere
1690 2618 1794 2672 ini-

202 2722 353 2775 mici.
398 2721 535 2788 Ergo
560 2717 791 2773 exauditi
825 2731 928 2771 non
958 2728 1121 2778 sunt,
1161 2714 1284 2784 quia
1332 2712 1493 2767 occisi
1538 2720 1696 2776 sunt;
1742 2719 1798 2764 et

199 2811 438 2866 deseruit
473 2811 612 2864 Deus
635 2809 892 2863 contritas
919 2807 1083 2863 corde
1111 2820 1294 2860 servos
1322 2821 1469 2872 suos,
1497 2813 1553 2858 et
1577 2819 1796 2872 speran-

200 2913 283 2957 tes
321 2902 376 2957 in
419 2918 478 2957 se
516 2901 791 2971 despexit?
819 2901 988 2954 Absit.
1023 2898 1148 2963 Quis
1173 2899 1306 2951 enim
1335 2897 1580 2950 invocavit
1618 2894 1798 2948 Domi-

199 3011 346 3060 num,
371 3005 417 3047 et
441 2995 707 3046 derelictus
734 2992 843 3046 est?
867 2993 979 3060 quis
1007 2994 1226 3057 speravit
1253 2991 1305 3041 in
1329 3005 1464 3054 eum,
1497 2997 1541 3041 et
1571 2987 1795 3040 desertus

197 3093 271 3139 at
296 3084 362 3137 ab
388 3099 448 3136 eo
481 3081 670 3152 (Eceli.
702 3097 760 3148 tt,
797 3082 879 3143 ll,
916 3081 1051 3148 1‘2)?
1081 3077 1516 3134 Exaudiebantur
1544 3092 1670 3145 ergo
1693 3115 1711 3141 ,
1741 3087 1794 3129 et

196 3175 620 3236 occidebantur;
650 3184 707 3227 et
731 3183 908 3226 tamen
949 3172 1018 3224 ab
1059 3170 1286 3244 inimicis
1314 3168 1658 3223 emebantur.
1690 3168 1793 3222 Alii

199 3268 456 3319 timentes
482 3264 907 3327 consentiebant,
936 3273 988 3318 et
1015 3262 1289 3326 vivebant;
1321 3271 1375 3316 et
1401 3271 1575 3314 tamen
1601 3259 1698 3328 ipsi
1727 3259 1796 3314 ab

195 3359 434 3412 inimicis
471 3357 913 3411 absorbebantur.
950 3353 1123 3410 Occisi
1157 3354 1504 3419 eruehantur,
1549 3355 1794 3407 viventes

194 3451 642 3505 absorbebantur.
677 3449 805 3504 lnde
848 3439 932 3503 est
982 3457 1037 3503 et
1084 3447 1174 3501 illa
1219 3461 1318 3500 vox
1358 3438 1737 3514 gratulationis
1777 3463 1792 3500 :

198 3542 442 3596 Forsitan
468 3542 602 3595 vivos
620 3540 986 3594 altsorbuissent
1014 3555 1106 3592 nos
1135 3537 1303 3607 (Psal.
1323 3552 1502 3593 cxxut.
1533 3538 1608 3606 5).
1644 3535 1793 3590 Multi

192 3633 460 3703 absorpti,
491 3640 546 3687 et
574 3632 675 3685 vivi
708 3631 973 3698 absorpti;
1007 3631 1154 3683 multi
1183 3629 1375 3683 mortui
1407 3628 1663 3696 absorpti.
1690 3627 1790 3694 Qui

192 3733 521 3796 putaverunt
552 3723 762 3776 inanem
793 3736 913 3775 esse
953 3720 1111 3774 ﬁdem
1147 3718 1490 3773 christianam
1524 3760 1539 3783 ,
1597 3718 1792 3771 mortui

190 3815 438 3883 absorpti
460 3812 720 3881 suntzqui
742 3819 919 3864 autem
948 3811 1178 3864 scientes
1200 3810 1474 3862 veritatem
1503 3823 1626 3863 esse
1656 3823 1795 3876 prai-

189 3907 520 3961 dicatiooem
536 3900 1113 3973 Evangelii,Christum
1139 3915 1260 3954 eSse
1292 3899 1479 3953 Filium
1499 3899 1588 3952 Dei
1611 3899 1790 3952 scien-

191 4008 294 4064 tes,
322 4009 380 4052 et
400 3996 503 4052 hoc
528 3995 830 4056 credentes,
849 3993 1026 4048 ethoc
1052 3993 1193 4047 intus
1223 3999 1484 4053 tenentes,
1514 4001 1792 4045 cesserunt

190 4099 378 4144 tamen
398 4088 696 4148 doloribus,
711 4097 762 4140 et
782 4085 936 4139 idolis
961 4084 1415 4146 sacrificaverunt,
1434 4083 1534 4136 vivi
1553 4081 1786 4150 absorpti

185 4193 341 4236 sunt.
365 4179 447 4235 llli
473 4178 710 4248 absorpti
747 4186 891 4242 sunt,
930 4178 1052 4246 quia
1081 4175 1311 4236 mortui;
1340 4175 1414 4228 illi
1443 4182 1618 4228 autem
1664 4175 1785 4242 quia

184 4269 693 4342 absorpti,mortui.
715 4269 828 4323 Non
847 4268 990 4323 enim
1012 4266 1246 4334 absorpti
1274 4264 1453 4319 vivere
1482 4272 1786 4334 potuerunt.

184 4364 444 4433 quamvis
469 4361 571 4416 vivi
601 4360 1036 4414 absorberentur.
1065 4357 1205 4425 Ergo
1237 4355 1337 4408 hoc
1367 4365 1484 4408 orat
1513 4370 1612 4407 vox
1642 4369 1786 4408 mar—

186 4469 398 4529 tyrum,
432 4457 471 4507 Λ
501 4453 680 4506 timore
701 4452 890 4504 inimici
923 4466 1036 4503 erue
1072 4449 1293 4500 animam
1334 4463 1494 4498 meam
1533 4461 1551 4498 :
1595 4462 1701 4499 non
1731 4455 1788 4499 ut

182 4565 273 4604 me
306 4563 420 4602 non
459 4545 668 4600 occidat
705 4541 970 4602 inimicus,
1004 4540 1099 4595 sed
1133 4550 1189 4592 ut
1240 4554 1343 4592 non
1395 4539 1608 4590 timeam
1639 4539 1784 4591 occi-

182 4641 412 4696 dentem
441 4637 734 4690 inimicum.
767 4634 878 4688 Hoc
901 4641 1020 4688 erat
1040 4632 1090 4684 in
1112 4631 1320 4685 Psalmo
1338 4628 1544 4697 impleri
1573 4642 1783 4691 servus,

179 4735 331 4804 quod
364 4730 528 4787 modo
549 4728 766 4798 j'ubehat
797 4728 848 4780 in
871 4725 1161 4793 Evangelia
1180 4722 1453 4776 Dominus.
1471 4720 1605 4786 Quid
1626 4720 1784 4774 modo

174 4828 412 4900 jubehat
432 4822 717 4877 Dominus?
737 4816 910 4874 Nolite
928 4819 1098 4871 timere
1113 4833 1195 4870 eos
1215 4816 1299 4886 qui
1318 4831 1503 4884 corpus
1523 4814 1777 4876 occidunt,

175 4923 418 4975 animam
445 4927 612 4971 autem
649 4931 749 4968 non
790 4919 998 4982 possunt
1036 4908 1298 4970 occidere;
1339 4907 1427 4959 sed
1455 4923 1570 4959 eum
1617 4905 1784 4974 potius

177 5015 354 5066 timete
381 5009 473 5079 qui
502 5011 648 5060 habet
679 5012 989 5076 potestatem,
1018 5010 1064 5053 et
1090 5001 1332 5058 animant,
1376 5007 1420 5050 et
1459 5014 1645 5064 corpus
1686 5012 1776 5048 oc-

172 5106 351 5158 cidere
398 5102 454 5154 in
489 5099 717 5170 gehenna
745 5096 874 5166 ignis
901 5093 1113 5163 (Matth.
1147 5107 1179 5144 x
1199 5133 1214 5156 ,
1244 5091 1359 5155 ‘28).
1397 5091 1460 5142 Et
1488 5090 1732 5157 repetivit
1762 5106 1775 5140 :

173 5196 262 5250 Ita
302 5195 430 5247 dico
463 5190 635 5254 vobis;
662 5205 776 5241 eum
808 5187 974 5238 timete
1003 5183 1152 5254 (Luc.
1190 5199 1280 5243 xtl.
1311 5184 1386 5250 5).
1419 5181 1516 5245 Qui
1543 5191 1665 5233 sunt
1691 5180 1777 5248 qui

171 5303 380 5358 corpus
413 5281 695 5339 occidunt?
724 5277 946 5332 Inimici.
980 5275 1114 5343 Quid
1138 5276 1351 5343 juhehat
1385 5272 1675 5326 Dominus?
1703 5272 1777 5325 Ne

173 5386 526 5437 timerentnr.
561 5373 756 5430 Oretur
783 5385 913 5440 ergo
961 5379 1016 5422 ut
1067 5377 1278 5437 prmstet
1335 5366 1474 5435 quod
1517 5366 1685 5433 juht-t.
1733 5366 1776 5417 Α

171 5481 360 5530 timore
391 5468 586 5524 inimici
613 5483 730 5520 erue
753 5464 975 5517 animam
1003 5477 1180 5513 meam.
1218 5459 1356 5513 Erue
1391 5472 1476 5512 me
1515 5472 1542 5509 τι
1587 5457 1776 5511 timore

171 5567 410 5629 inimici,
462 5573 520 5617 et
559 5560 726 5614 subde
771 5555 946 5610 timori
991 5562 1103 5607 tuo.
1143 5552 1256 5606 Non
1289 5552 1502 5605 timeam
1532 5566 1653 5604 eum
1681 5550 1768 5619 qui
1815 5611 1818 5615 ,

169 5674 379 5730 corpus
411 5652 640 5715 occidit;
670 5649 765 5706 sed
804 5651 1018 5701 timeam
1049 5660 1170 5699 eum
1201 5645 1289 5714 qui
1333 5643 1492 5697 habet
1537 5651 1769 5712 potesta-

235 5844 248 5872 ι
287 5838 368 5885 sic
391 5840 497 5880 Mss.
524 5828 724 5887 sitadd,
747 5837 914 5888 supra.
1322 5879 1332 5888 .
1446 5885 1454 5888 Α
1491 5878 1501 5888 .

231 5905 251 5933 ι
289 5876 569 5953 ἐλῖἆξξῖιατι
590 5876 839 5953 “apricos
871 5895 919 5937 tt
951 5895 1125 5935 omnes
1147 5888 1275 5943 Mss,
1298 5879 1416 5931 dum
1438 5876 1636 5930 tribulor
1670 5889 1688 5931 :
1721 5887 1772 5928 et

165 5961 235 6015 sic
259 5960 474 6026 legebat
497 5952 717 6004 Hilarius.

3379 512 3484 571 7G!

1905 627 2009 672 tem
2039 630 2086 674 et
2119 635 2314 689 corpus
2367 629 2422 676 ct
2451 622 2678 676 animam
2705 624 2947 680 occidere
2974 625 3026 680 in
3053 624 3294 696 gebenna
3319 626 3480 694 ignis.

1902 711 2014 765 Non
2044 714 2184 766 enim
2214 728 2245 768 a
2277 715 2467 768 timore
2493 716 2616 768 volo
2645 730 2763 770 esse
2794 716 3075 780 immunis;
3107 718 3202 773 sed
3231 734 3260 771 a
3294 720 3484 774 timore

1901 799 2098 855 inimici
2130 802 2283 864 liber,
2314 803 2415 857 sub
2446 805 2636 857 timore
2663 806 2870 860 Domini
2899 823 3104 862 servus.

1971 892 2023 944 3.
2055 888 2205 962 (vers.
2234 889 2314 965 3.]
2338 892 2614 948 Protexisti
2647 910 2726 948 me
2743 912 2776 948 a
2803 907 3046 950 conventu
3066 898 3480 966 malignantium.

1899 995 1933 1031 a
1962 981 2280 1034 multitudine
2307 984 2623 1056 operantium
2647 986 2976 1055 iniquitatem.
2993 985 3107 1040 Jam
3132 988 3302 1055 ipsum
3325 998 3485 1056 caput

1902 1084 2142 1127 nostrum
2174 1074 2494 1130 intueamur.
2525 1076 2673 1130 Multi
2704 1088 2965 1146 martyres
2998 1079 3116 1132 talia
3147 1079 3286 1149 passi
3313 1090 3437 1133 sunt
3467 1096 3483 1132 :

1900 1163 1992 1218 sed
2035 1164 2166 1218 nihil
2205 1166 2281 1220 sic
2315 1167 2491 1221 elucet
2527 1169 2795 1236 quomodo
2836 1179 2995 1240 caput
3045 1174 3372 1240 martyrum:
3416 1169 3487 1224 ibi

1901 1255 2093 1310 melius
2113 1257 2381 1311 intuemur
2399 1258 2538 1326 quod
2572 1259 2643 1311 illi
2677 1261 2883 1328 experti
2925 1270 3066 1314 sunt.
3098 1262 3375 1316 Protectus
3403 1271 3488 1316 est

1900 1360 1930 1398 a
1969 1346 2308 1403 multitudine
2357 1349 2794 1417 malignantium,
2855 1361 3164 1422 protegente
3220 1368 3282 1406 se
3330 1354 3436 1406 Deo
3461 1391 3484 1420 θ

1901 1447 2210 1506 protegente
2248 1455 2464 1493 carnem
2513 1456 2660 1493 suam
2693 1444 2807 1509 ipso
2837 1441 2973 1496 Filio
3002 1453 3053 1496 et
3083 1442 3299 1498 homine
3324 1459 3482 1512 quem

1899 1528 2118 1597 gerebat
2148 1547 2161 1581 :
2191 1530 2311 1598 quia
2357 1529 2516 1583 Filius
2553 1531 2777 1584 hominis
2816 1541 2928 1595 est,
2959 1533 3012 1586 e't
3043 1531 3206 1585 Filius
3235 1533 3326 1587 Dei
3351 1543 3434 1586 est
3463 1548 3482 1599 ;

1902 1617 2069 1672 Filius
2092 1619 2183 1673 Dei
2212 1629 2426 1688 propter
2449 1619 2670 1674 fortnam
2698 1623 2807 1677 Dei.
2831 1616 3242 1677 Filiushominis
3271 1632 3487 1692 prOpter

1901 1708 2126 1763 formam
2151 1711 2290 1764 servi
2324 1710 2578 1782 (Philipp.
2613 1729 2669 1774 ll,
2688 1713 2850 1782 6et7)
2877 1731 2889 1767 :
2921 1713 3118 1768 habens
3149 1714 3201 1768 in
3225 1723 3485 1782 potestate

1902 1815 2103 1871 ponere
2127 1800 2356 1854 animam
2383 1818 2554 1863 suam.
2587 1810 2641 1856 et
2668 1805 2904 1874 recipere
2930 1820 3046 1858 eam
3076 1804 3254 1874 (Joan.
3283 1821 3338 1866 ς,
3374 1804 3481 1873 18).

1900 1891 2038 1959 Quid
2065 1891 2112 1944 ei
2142 1902 2430 1960 po:uerunt
2453 1890 2629 1945 facere
2657 1892 2897 1946 inimici?
2922 1875 3243 1954 O't'ciderunt
3269 1909 3483 1963 corpus;

1902 1983 2132 2038 animam
2173 2001 2277 2038 non
2313 1986 2642 2040 occiderunt.
2673 1987 2952 2041 intendite.
2986 1988 3176 2042 Parnm
3207 2002 3336 2059 ergo
3368 1997 3486 2042 erat

1903 2072 2130 2129 Domino
2156 2076 2353 2130 hortari
2386 2088 2646 2148 martyres
2674 2079 2862 2144 verba,
2895 2080 2994 2132 nisi
3039 2079 3271 2133 firmaret
3299 2093 3486 2133 exem-

1902 2163 2009 2232 plo.
2042 2163 2219 2219 Nostis
2243 2167 2332 2235 qui
2359 2177 2655 2221 conventus
2682 2179 2797 2222 erat
2825 2170 3223 2238 malignantium
3268 2169 3510 2223 .luda:o-'

1902 2273 2041 2322 rum,
2072 2268 2128 2312 et
2148 2271 2267 2326 qua:
2298 2260 2580 2314 multitudo
2609 2271 2724 2315 erat
2765 2260 3099 2329 operantium
3132 2261 3482 2330 iniquitatem.

1902 2347 2073 2412 Quam
2101 2349 2466 2417 iniquitatem?
2486 2350 2597 2418 Qua
2624 2353 2903 2405 Voluerunt
2934 2351 3176 2405 occidere
3205 2353 3483 2405 Demittunt

1901 2438 2082 2493 Iesum
2131 2439 2419 2496 Christum.
2455 2441 2622 2494 Tanta
2671 2458 2825 2509 opera
2863 2443 3012 2507 bona,
3055 2442 3241 2508 inquit,
3289 2441 3484 2495 ostendi

1901 2531 2036 2585 vobis
2061 2546 2080 2583 :
2110 2541 2311 2601 prapter
2348 2532 2482 2599 quod
2525 2532 2705 2585 horum
2732 2549 2810 2583 me
2857 2533 3002 2585 vultis
3048 2532 3271 2584 occidere
3294 2529 3483 2601 (lbid.,

1901 2621 2030 2692 5'2)?
2068 2622 2293 2676 Pertulit
2329 2638 2514 2676 omnes
2533 2623 2785 2678 .intirmos
2823 2640 3030 2689 eorum,
3065 2625 3268 2678 curavit
3297 2639 3485 2678 omnes

1902 2712 2178 2778 languidos
2207 2728 2428 2778 eorum,
2457 2715 2765 2782 pnudicavit
2804 2731 3022 2783 regnum
3062 2716 3316 2769 caelorum
3335 2757 3349 2780 ,
3380 2732 3485 2769 non

1903 2805 2065 2857 tacuit
2093 2805 2216 2867 vitia
2248 2820 2454 2868 eorum,
2484 2816 2539 2857 ut
2567 2805 2679 2874 ipsa
2712 2807 2884 2874 potius
2902 2808 2978 2859 eis
2997 2806 3483 2873 tlisplit‘crent,tmtt

1900 2897 2137 2950 medicus
2164 2913 2193 2949 a
2224 2913 2329 2967 quo
2350 2897 2672 2952 sanabantur
2700 2914 2713 2950 :
2748 2899 2828 2951 his
2849 2898 3096 2952 omnibus
3115 2899 3479 2952 curationibus

1899 2989 2013 3057 ejus
2043 2990 2254 3068 ingrati,
2288 3001 2535 3061 tanquam
2584 2992 2746 3045 multa
2797 2990 2928 3045 febri
2977 2991 3292 3061 phrenetici,
3337 2991 3482 3045 insa-

1901 3084 2107 3138 nientes
2139 3084 2189 3136 in
2219 3083 2482 3138 medicum
2511 3084 2601 3153 qui
2632 3092 2851 3138 venerat
2887 3099 3077 3136 curare
3119 3097 3234 3148 eos,
3263 3081 3484 3150 excogi.

1901 3182 2143 3227 taverunt
2173 3173 2455 3228 consilium
2508 3173 2760 3243 perdendi
2811 3188 2967 3238 eum;
3001 3183 3252 3243 tanquam
3287 3173 3357 3226 ibi
3391 3189 3483 3227 νος

1900 3264 2070 3318 lentes
2101 3265 2328 3333 probare
2353 3275 2528 3319 utrum
2557 3277 2681 3320 vere
2710 3264 2872 3319 homo
2897 3266 2966 3318 sit
2990 3265 3080 3334 qui
3118 3263 3252 3318 mori
3276 3265 3483 3334 possit,

1897 3371 1965 3410 an
2002 3356 2196 3426 aliquid
2237 3372 2396 3426 super
2431 3355 2676 3411 homines
2703 3358 2805 3422 sit,
2838 3365 2893 3417 et
2934 3356 3070 3410 mori
3109 3372 3168 3410 se
3211 3370 3316 3410 non
3368 3371 3484 3424 per-

1905 3446 2097 3499 mittat.
2155 3446 2384 3500 Verbum
2436 3447 2670 3515 ipsorum
2716 3447 3052 3516 agnoscimus
3109 3447 3162 3500 in
3212 3447 3483 3514 Sapientia

1897 3537 2202 3593 Salomonis
2227 3555 2239 3590 :
2275 3537 2442 3592 Morte
2464 3538 2780 3607 turpissima,
2809 3539 3074 3608 inquiunt,
3098 3540 3484 3592 condemnemus

1896 3645 2028 3682 eum.
2062 3626 2440 3699 latet-rogemus
2471 3646 2622 3692 eum;
2650 3630 2745 3682 erit
2770 3630 2902 3682 enim
2928 3640 3180 3699 respectus
3205 3631 3257 3682 in
3282 3647 3480 3683 sermo-

1897 3719 2041 3771 nibus
2069 3717 2210 3772 illius
2233 3736 2252 3772 .'
2275 3721 2318 3773 si
2341 3721 2474 3772 enim
2516 3737 2629 3773 vere
2675 3720 2842 3773 Filius
2881 3719 2976 3773 Dei
3018 3731 3125 3787 est,
3168 3721 3338 3774 liberet
3365 3740 3480 3777 eum

1898 3807 2048 3878 (Sap.
2085 3826 2143 3872 ιι,
2169 3809 2377 3880 18-20).
2412 3810 2696 3864 Videamus
2721 3826 2850 3878 ergo
2877 3811 2998 3878 quid
3027 3810 3220 3864 factum
3252 3813 3341 3865 sit.

1915 3966 1918 3969 _
1967 3902 2018 3954 4.
2055 3900 2203 3972 (vers.
2249 3902 2300 3966 4,
2352 3899 2431 3973 5.]
2478 3902 2610 3967 Quia
2648 3912 2954 3955 exaruerunt
2985 3914 3223 3971 tanquam
3249 3905 3480 3973 gladium

1895 3993 2094 4063 linguas
2117 4009 2255 4045 suae.
2293 3991 2416 4045 Filii
2439 3993 2696 4046 hominum
2713 4035 2729 4056 ,
2769 3993 2938 4047 dentes
2963 4010 3132 4046 eorum
3160 4011 3303 4049 arma
3330 4004 3376 4050 et
3399 4014 3484 4051 sa-

1894 4084 2032 4154 gith
2054 4125 2070 4151 ,
2109 4091 2154 4137 et
2186 4081 2360 4154 lingua
2390 4100 2561 4137 eorum
2590 4084 2791 4153 gladius
2818 4097 2994 4139 acutus
3021 4085 3192 4155 (Peal.
3223 4103 3306 4142 ινι
3329 4128 3346 4151 ,
3383 4088 3478 4159 5),

1894 4176 2036 4246 quod
2074 4175 2201 4230 dicit
2238 4186 2292 4228 et
2332 4175 2464 4229 alius
2511 4177 2744 4245 psalmus
2772 4194 2784 4229 :
2817 4176 2892 4230 sic
2921 4186 2973 4229 et
3000 4176 3085 4230 hic
3106 4217 3122 4241 ,
3156 4177 3481 4232 Exacuerunt

1895 4277 2132 4332 tanquam
2161 4266 2387 4334 gladium
2407 4266 2611 4336 linguas
2631 4283 2768 4320 suas.
2794 4266 2906 4320 Non
2928 4267 3107 4320 dicant
3125 4267 3294 4323 Juda'i
3319 4287 3333 4322 :
3359 4268 3476 4323 Non

1893 4356 2186 4410 occidimus
2212 4354 2502 4409 Christum.
2532 4354 2743 4410 Etenim
2763 4367 3040 4425 propterea
3067 4372 3186 4411 eum
3213 4357 3478 4413 dederunt

1889 4447 2055 4518 judiei
2079 4449 2269 4514 Pilato,
2313 4457 2370 4502 ut
2408 4448 2557 4517 quasi
2601 4448 2700 4516 ipsi
2741 4463 2769 4500 a
2820 4458 2991 4502 morte
3018 4449 3132 4518 ejus
3167 4450 3480 4506 viderentur

1894 4540 2179 4596 itnmunes.
2202 4541 2332 4595 Nam
2354 4556 2474 4595 cum
2507 4540 2727 4594 dixisset
2755 4541 2834 4595 eis
2858 4541 3077 4606 Pilatus,
3112 4540 3212 4594 Vos
3237 4559 3350 4595 eum
3386 4559 3478 4597 oc-

1891 4632 2059 4695 cidite,
2103 4630 2495 4700 responderunt
2525 4649 2538 4684 :
2570 4629 2733 4684 Nobis
2767 4648 2865 4683 non
2897 4633 3008 4686 licet
3037 4632 3263 4686 occidere
3305 4649 3479 4703 quem-

1889 4738 2041 4791 quam
2071 4720 2250 4788 (Joan.
2284 4737 2433 4787 xvttt,
2465 4721 2577 4790 5i).
2621 4719 2956 4790 lniquitatem
3006 4720 3258 4777 facinoris
3300 4725 3380 4778 sui
3424 4724 3475 4777 in

1886 4816 2119 4884 judicent
2144 4816 2411 4870 hominem
2451 4813 2735 4868 refundere
2775 4813 3062 4866 volebant:
3097 4815 3189 4874 sed
3223 4816 3475 4884 nutnqnid

1893 4910 2055 4962 Deum
2095 4907 2328 4977 judicem
2361 4905 2816 4973 fallebant?Quod
2869 4905 2992 4958 fecit
3035 4906 3253 4970 Pilatus,
3304 4909 3351 4959 in
3407 4924 3474 4961 eo

1890 5001 2005 5068 ipso
2034 4999 2174 5069 quod
2207 4998 2364 5063 fecit,
2412 4997 2737 5067 aliquantum
2786 4997 3055 5065 particeps
3099 4997 3230 5060 fuit;
3278 4998 3370 5051 sed
3422 4999 3473 5051 in

1888 5093 2284 5161 comparatione
2322 5091 2528 5144 illorum
2563 5089 2730 5142 multo
2754 5088 2864 5156 ipse
2904 5089 3253 5141 innocentior.
3284 5089 3474 5142 institit.

1886 5185 2028 5239 enim
2057 5193 2310 5252 quantum
2339 5183 2526 5250 potuit,
2562 5191 2616 5233 ut
2660 5180 2802 5232 illutn
2829 5196 2892 5232 ex
2927 5194 3110 5232 eorum
3137 5181 3379 5234 mauilms
3412 5181 3474 5232 li--

1887 5276 2121 5330 beraret.
2150 5272 2282 5327 Nam
2326 5281 2602 5341 pt'Oplel‘ca
2633 5271 2953 5338 ﬂagellatam
2986 5269 3235 5335 produxit
3263 5270 3327 5322 ad
3356 5287 3469 5326 eos.

1885 5366 2000 5422 Non
2034 5364 2397 5436 persequendo
2428 5364 2704 5416 Dominum
2738 5361 3036 5428 ﬂagellavit,
3061 5359 3154 5413 sed
3177 5376 3360 5413 eorum
3387 5361 3465 5414 fu-

1884 5461 1992 5514 rori
2018 5457 2322 5513 satisfacere
2351 5455 2555 5518 volens,
2587 5465 2641 5505 ut
2666 5454 2744 5505 vel
2779 5453 2855 5505 sic
2879 5453 2987 5518 jam
3020 5451 3360 5504 mitescet-ent
3380 5494 3394 5517 ,
3417 5468 3461 5506 et

1883 5554 2188 5608 desinerent
2218 5550 2352 5604 velle
2381 5547 2656 5608 occidere,
2701 5561 2819 5598 cum
2870 5545 3185 5613 ﬂagellatum
3230 5545 3462 5602 viderent

1883 5645 1995 5714 (Id.
2027 5660 2134 5708 xix,
2164 5641 2283 5706 1-5)
2317 5657 2329 5691 :
2358 5638 2480 5692 fecit
2504 5647 2555 5691 et
2583 5637 2704 5689 hoc.
2736 5639 2805 5688 At
2835 5635 2919 5687 ubi
2963 5646 3459 5702 perseveraverunt,

1883 5735 2050 5790 nostis
2095 5733 2241 5787 illum
2278 5730 2469 5782 lavisse
2498 5741 2707 5791 manus,
2741 5734 2794 5777 et
2822 5724 3019 5778 dixisse
3051 5723 3188 5792 quod
3218 5723 3328 5789 ipse
3359 5740 3464 5781 non

1879 5828 2111 5891 fecisset,
2131 5823 2386 5879 mundum
2417 5835 2476 5874 se
2501 5835 2619 5873 esse
2643 5834 2671 5872 a
2702 5828 2872 5872 mortc
2899 5818 3040 5870 illius
3067 5815 3462 5886 (Maximum,

1876 5923 1972 5993 24)
2007 5939 2018 5976 :
2051 5918 2174 5975 fecit
2204 5926 2408 5972 tamen.
2430 5913 2536 5970 Sed
2573 5914 2620 5967 si
2657 5927 2777 5967 reus
2803 5912 2923 5982 quia
2955 5909 3080 5965 fecit
3107 5910 3182 5967 vel
3219 5908 3415 5966 invtttts
3441 5926 3463 5978 ;
