3934 6380
464 475 571 533 765

465 591 540 646 illi
573 591 887 645 innocentes
910 589 1000 661 qui
1025 594 1325 659 coegerunt
1351 594 1407 643 ut
1437 584 1675 642 taceret?
1698 578 2060 641 Nullomodo.

464 683 570 739 Sed
600 684 687 738 ille
708 683 843 737 dixit
868 683 919 736 in
942 697 1068 738 eum
1099 679 1446 745 sententiain,
1473 688 1526 736 et
1552 677 1712 748 jussit
1741 691 1866 732 eum
1893 674 2064 730 eruci-

467 774 578 843 ﬁgi,
602 783 656 827 et
683 772 832 841 quasi
866 774 979 841 ipse
1008 772 1239 836 occidit;
1270 781 1324 824 et
1350 784 1468 833 vos,
1494 786 1529 823 ο
1552 766 1741 833 Judaei,
1771 765 2060 821 occidistis.

471 865 621 922 Unde
649 866 957 921 occidistis?
994 863 1184 919 Gladio
1237 864 1429 933 lingua:
1470 860 1731 916 :acuistis
1771 860 1911 913 enim
1957 860 2063 912 lin-

465 975 599 1029 guas
646 967 872 1013 vestras.
920 957 987 1012 Et
1017 957 1232 1028 quando
1283 957 1647 1027 percussistis.
1705 954 1804 1010 nisi
1850 953 2064 1021 quando

466 1050 761 1112 clainastis,
792 1048 1061 1119 Cruci/ige,
1093 1048 1335 1119 cruci/ige
1360 1046 1509 1118 (an.
1537 1062 1720 1109 χχχιιι,
1751 1045 1885 1113 2i)?

536 1144 592 1197 5.
619 1142 904 1211 Propterea
931 1142 1072 1195 enim
1110 1156 1215 1196 non
1249 1150 1332 1195 est
1359 1138 1872 1213 pneteriiiitteudum
1893 1179 1913 1203 ,
1940 1136 2062 1203 quia

463 1237 613 1291 venit
647 1238 698 1290 in
741 1245 972 1291 mentem
993 1278 1008 1302 ,
1048 1250 1117 1290 ne
1154 1237 1293 1290 forte
1317 1234 1550 1304 aliquem
1583 1232 1859 1301 perturbet
1906 1229 2063 1284 lectio

463 1328 764 1382 divinorum
805 1327 1088 1383 Libromm
1127 1344 1142 1379 :
1171 1326 1387 1397 quidam
1418 1325 1744 1393 evangelista
1772 1323 1904 1378 dicit
1928 1322 2061 1376 hora

461 1427 611 1473 sexta
630 1418 940 1474 crucifixum
965 1418 1249 1472 Dominum
1269 1417 1449 1488 (Joan.
1479 1433 1588 1479 χιχ,
1628 1416 1737 1487 li),
1766 1426 1821 1470 et
1845 1414 2060 1484 quidam

462 1509 599 1565 hora
625 1510 778 1565 tertia
807 1507 997 1581 (Marc.
1021 1525 1112 1575 xv,
1138 1508 1233 1581 ‘25)
1264 1528 1277 1563 :
1308 1509 1409 1565 nisi
1441 1508 1820 1577 intelligamus,
1854 1514 2057 1575 pertur-

460 1604 670 1658 hamur.
699 1604 766 1659 Et
795 1604 905 1674 jam
955 1602 1246 1674 incipiente
1285 1612 1434 1658 sexta
1464 1603 1595 1657 hora
1624 1602 1820 1657 dicitur
1858 1600 2061 1656 Pilatus

458 1696 666 1751 sedisse
693 1711 794 1768 pro
835 1696 1121 1762 tribunali;
1174 1704 1231 1751 et
1277 1711 1467 1751 revera
1505 1695 1720 1765 quando
1748 1696 1953 1749 levatus
1976 1702 2061 1750 est

461 1788 720 1842 Dominus
746 1788 800 1843 in
828 1788 991 1857 ligno.
1026 1788 1156 1843 hora
1185 1799 1335 1843 sexta
1366 1798 1499 1843 erat.
1531 1788 1639 1844 Sed
1664 1789 1800 1843 alius
1824 1804 2056 1858 evange-

460 1878 579 1932 lista
610 1878 822 1933 intuens
848 1879 1085 1933 animum
1130 1877 1476 1944 Judmorum,
1523 1880 1644 1948 quia
1700 1877 1953 1933 volebant
1998 1891 2062 1935 se

458 1967 731 2024 immunes
749 1969 918 2024 videri
944 1984 975 2023 a
1004 1979 1177 2024 morte
1201 1969 1431 2027 Domini.
1463 1970 1735 2024 narrando
1756 1985 1850 2024 eos
1870 1978 2053 2024 osten~

458 2057 541 2112 dit
568 2073 723 2124 reos,
766 2058 951 2114 dicens
1001 2060 1282 2114 Dominum
1331 2060 1461 2115 hora
1516 2060 1669 2115 tertia
1717 2061 2052 2115 crucilixum.

450 2148 879 2206 Considerantes
907 2160 1086 2206 autem
1129 2166 1343 2206 omnem
1379 2152 1833 2207 circumstantiam
1865 2153 2055 2208 lectio-

456 2240 563 2304 uis,
585 2252 783 2311 quanta
808 2243 891 2311 agi
922 2245 1210 2312 potuerint,
1239 2257 1359 2298 cum
1382 2244 1521 2313 apud
1546 2244 1772 2298 Pilatum
1796 2244 2055 2300 Dominus

454 2344 821 2402 accusaretur,
845 2343 903 2390 ut
928 2336 1363 2406 cruciﬁgeretur;
1398 2338 1707 2394 invenimus
1730 2338 1917 2392 horam
1944 2348 2055 2394 ter-

452 2423 583 2477 tiam
609 2439 731 2479 esse
753 2425 1010 2495 potuisse,
1035 2426 1248 2497 quando
1271 2427 1346 2480 illi
1370 2428 1762 2492 clamaveruut,
1783 2426 2054 2500 Cruciﬁge,

447 2515 715 2584 cruciﬁge.
762 2517 905 2587 Ergo
943 2518 1123 2572 verius
1170 2518 1245 2572 illi
1303 2529 1427 2573 tunc
1472 2519 1805 2580 occiderunt.
1837 2520 2055 2588 quando

450 2604 843 2660 clamaverunt.
872 2607 1219 2676 Apparitores
1240 2609 1520 2677 potestatis
1544 2608 1673 2663 hora
1702 2619 1851 2663 sexta
1880 2610 2055 2664 cruci-

456 2695 722 2761 ﬁxerunt;
755 2698 1194 2767 prmvaricatores
1232 2699 1389 2769 chis
1419 2698 1550 2754 hora
1594 2700 1746 2755 tertia
1784 2700 2054 2756 clamave‘

446 2800 579 2846 runt
618 2807 633 2845 :
663 2789 805 2860 quod
838 2790 913 2847 illi
941 2791 1188 2845 manibus
1218 2792 1350 2846 liora
1379 2800 1552 2855 sexta.
1592 2793 1696 2847 hoc
1739 2793 1815 2847 illi
1874 2792 2053 2863 lingua

455 2883 589 2937 hora
616 2883 792 2937 tertia.
831 2882 929 2938 Rei
970 2885 1139 2954 magis
1169 2884 1253 2937 isti
1277 2885 1367 2954 qui
1396 2884 1681 2939 clamando
1706 2885 2002 2940 saeviebant
2031 2925 2046 2951 ,

452 2987 614 3042 quam
647 2972 719 3027 illi
761 2974 849 3043 qui
880 2973 1304 3045 obtemperando
1350 2974 1816 3031 administrabant.
1874 2976 2050 3046 Ipsum

451 3073 538 3117 est
582 3072 752 3119 totum
795 3080 1019 3120 acumen
1087 3064 1429 3132 Judmorum;
1486 3067 1589 3122 hoc
1632 3074 1717 3122 est
1765 3066 1907 3135 quod
1954 3082 2052 3137 pro

447 3169 650 3224 magno
674 3157 1003 3225 quaesierunt
1029 3172 1044 3212 :
1075 3155 1427 3223 Occidamus,
1459 3167 1516 3213 et
1558 3172 1663 3212 non
1703 3158 2049 3228 occidamns;

451 3242 535 3301 sic
556 3245 890 3311 occidamus,
922 3257 979 3301 ut
1003 3262 1107 3302 non
1139 3248 1238 3317 ipsi
1265 3247 1527 3304 occidisse
1548 3247 1874 3319 iudicemur.
1911 3250 2053 3306 Exa-

449 3348 663 3391 eueruut
688 3348 927 3409 tanquam
950 3339 1179 3411 gladium
1206 3340 1408 3410 linguas
1427 3356 1571 3395 suae.

522 3431 577 3487 6.
632 3429 965 3486 Intenderunt
993 3449 1199 3498 arcum,
1247 3450 1354 3488 rem
1396 3449 1646 3487 amaram.
1698 3434 1894 3491 Arcum
1921 3434 2051 3491 dicit

450 3521 694 3579 insidias.
740 3524 841 3593 Qui
892 3527 1037 3581 enim
1084 3526 1261 3597 gladio
1300 3527 1547 3582 cominus
1592 3540 1812 3599 pugnet.
1862 3541 2051 3600 aperte

449 3626 653 3685 pugnat
704 3635 717 3670 :
762 3616 854 3686 qui
896 3619 1142 3687 sagittam
1193 3618 1375 3683 mittit,
1414 3619 1548 3674 fallit
1579 3629 1638 3674 ut
1678 3619 1852 3675 feriat.
1895 3622 2051 3679 Prius

450 3705 596 3759 enim
634 3706 825 3776 sagitta
877 3707 1143 3775 percutit,
1173 3722 1332 3778 quam
1379 3708 1565 3764 vmire
1591 3709 1656 3764 ad
1686 3710 1877 3765 vulnus
1904 3726 2047 3780 pra:—

448 3796 712 3853 videatur.
742 3795 849 3852 Sed
875 3811 1034 3866 quem
1069 3796 1296 3852 laterent
1326 3798 1534 3853 insidia:
1562 3799 1743 3855 cordis
1782 3800 1999 3857 humani
2025 3803 2048 3857 'l

449 3885 708 3956 numquid
748 3895 805 3941 et
841 3886 1126 3941 Dominum
1166 3896 1409 3943 nostrum
1436 3889 1617 3944 Jesum
1640 3890 1934 3957 Christum,
1961 3895 2049 3962 qui

443 3991 552 4030 non
580 3992 709 4044 opus
733 3977 947 4031 habebat
973 3988 1029 4031 ut
1053 3978 1099 4032 ei
1121 3980 1460 4033 testimonium
1488 3982 1751 4051 quisquam
1768 3983 2049 4053 perhiberet

442 4067 515 4121 de
558 4067 801 4123 Itontine.’
841 4066 964 4137 Ipse
1008 4069 1142 4123 enim
1188 4070 1376 4125 sciebat
1411 4070 1537 4141 quid
1562 4082 1690 4127 esset
1714 4073 1769 4127 in
1796 4064 2001 4129 homine
2026 4118 2044 4141 ,

447 4160 587 4214 sicut
614 4160 939 4231 evangelista
969 4169 1196 4217 testatur
1218 4160 1401 4232 (Joan.
1427 4178 1484 4228 ιι,
1501 4163 1617 4235 25).
1636 4164 1839 4221 Tamen
1862 4166 2049 4223 audia-

449 4266 567 4307 mus
593 4267 709 4317 eos,
736 4264 790 4307 et
820 4254 1121 4309 intueamur
1160 4268 1257 4310 eos
1301 4257 1453 4326 quasi
1504 4257 1778 4314 nesciente
1821 4259 2048 4315 Domino

449 4341 625 4399 facere
651 4343 793 4413 quod
826 4345 1139 4399 moliuntur.
1174 4345 1513 4401 lntenderunt
1542 4346 1742 4412 arcum,
1770 4367 1877 4405 rem
1902 4368 2050 4406 ama-

444 4450 579 4499 ram,
632 4444 688 4488 ut
712 4437 1009 4507 sagittarent
1047 4438 1102 4491 in
1138 4439 1433 4494 abscondito
1458 4441 1861 4497 immaculatum.
1890 4443 2046 4511 Quod

446 4526 614 4591 dixit,
663 4526 996 4582 Intenderunt
1042 4546 1257 4595 arcum;
1315 4530 1417 4587 hoc
1465 4542 1567 4594 est,
1610 4533 1666 4587 in
1700 4534 2046 4604 abscondito;

447 4621 596 4687 quasi
638 4619 884 4675 fallentes
928 4622 1155 4676 insidiis.
1187 4621 1369 4679 Nostis
1397 4623 1542 4679 enim
1580 4625 1774 4695 quibus
1811 4626 1948 4681 dolis
1990 4628 2046 4685 id

444 4714 686 4783 egerint;
735 4714 1184 4782 quemadmodum
1229 4715 1547 4786 discipulum
1583 4718 1631 4772 ei
1684 4718 2042 4777 cohaerentem

447 4805 672 4875 pecunia
701 4809 1061 4876 corruperint,
1097 4816 1153 4862 ut
1181 4808 1280 4863 sibi
1319 4808 1621 4865 traderetur
1651 4809 1862 4879 (Matth.
1894 4830 2040 4881 xxw,

446 4900 535 4961 M,
564 4899 651 4968 13)
675 4898 979 4968 ;quomodo
1005 4898 1165 4952 l‘alsos
1187 4908 1350 4955 testes
1376 4903 1779 4969 procuraverint
1804 4921 1817 4966 ;
1850 4904 2043 4974 quibus

444 4988 651 5043 insidiis
680 4998 735 5044 et
758 4989 896 5045 dolis
925 4990 1151 5059 egerint,
1203 5000 1256 5043 ut
1304 4993 1600 5063 sagittarent
1642 4994 1697 5047 in
1748 4995 2043 5052 abscondito

442 5081 848 5134 immaculatum.
896 5067 1085 5151 Magna
1132 5081 1418 5150 iniquitas!
1463 5082 1603 5140 Ecce
1630 5084 1699 5140 de
1726 5087 2044 5143 abscondito

442 5172 588 5226 venit
613 5172 803 5241 sagitta
834 5186 954 5241 qua:
985 5171 1381 5227 immaculatum
1413 5173 1556 5237 fcrit,
1587 5176 1676 5244 qui
1705 5191 1807 5232 nec
1835 5186 2040 5242 tantum

442 5262 675 5317 habebat
717 5263 961 5326 maculae,
1016 5272 1274 5332 quantum
1320 5272 1498 5333 potest
1544 5267 1705 5335 pungi
1749 5283 1783 5322 a
1824 5270 2039 5339 sagitta.

435 5354 623 5422 Agnus
641 5353 836 5424 quippe
852 5353 1239 5415 immaculatus.
1262 5360 1402 5408 totus
1424 5355 2044 5429 immaculatus,semper

442 5444 845 5508 immaculatus;
879 5460 988 5500 non
1017 5446 1101 5500 cui
1142 5446 1365 5501 macula:
1408 5447 1599 5503 ablata:
1638 5449 1767 5517 sint,
1807 5452 1901 5507 sed
1949 5458 2040 5524 qui

443 5536 679 5591 maculas
715 5536 888 5591 nullas
912 5537 1257 5593 contraxerit.
1287 5537 1419 5592 Nam
1452 5537 1576 5593 fecit
1604 5541 1803 5596 multos
1845 5543 2039 5600 imma—

438 5627 647 5682 culatos
682 5626 932 5682 donando
960 5622 1211 5699 peccata;
1242 5627 1357 5699 ipse
1398 5631 1768 5686 immaculatus
1795 5648 1903 5688 non
1941 5633 2039 5689 ba-

443 5717 619 5790 bendo
645 5729 881 5789 peccata.
914 5716 983 5775 Ut
1026 5719 1263 5791 sagittent
1304 5720 1359 5774 in
1400 5718 1695 5791 abscondito
1734 5723 2039 5781 immacula-

438 5816 570 5864 tum.

512 5900 568 5956 7.
597 5897 768 5975 [νει-ε.
797 5900 898 5976 6.]
937 5902 1161 5976 Repente
1187 5903 1497 5976 sagittabunt
1523 5922 1660 5979 eum,
1690 5916 1739 5963 et
1759 5924 1863 5967 non
1887 5909 2035 5985 titus-

1719 463 1779 524 S.
1816 461 2189 524 AUCUSTINI
2216 463 2525 523 EPISCOPI

3673 481 3777 541 784

2175 581 2316 635 bunt.
2342 580 2394 637 0
2417 597 2512 637 eor
2536 584 2750 653 durum,
2780 586 3026 644 occidere
3054 587 3190 647 velle
3217 590 3492 652 hominem
3518 596 3609 668 qui
3636 612 3773 653 mor-

2172 683 2293 729 tuos
2312 675 2635 733 suscitabat!
2667 678 2907 749 Repente,
2930 680 2986 736 id
3015 692 3098 739 est
3125 683 3402 753 insidiose,
3424 689 3575 755 quasi
3604 690 3766 759 inopi-

2172 776 2316 829 nate,
2348 769 2498 836 quasi
2526 783 2633 823 non
2680 772 2929 840 praevise.
2972 771 3176 830 Similis
3203 776 3347 831 enim
3378 778 3634 833 nescienti
3662 792 3779 836 erat

2174 852 2310 912 inter
2339 860 2485 929 ipsos
2514 861 2771 917 Dominus
2796 864 3105 934 ignorantes
3131 868 3259 937 quid
3286 871 3537 935 nesciret,
3566 882 3629 928 et
3647 874 3778 944 quid

2170 950 2361 1015 sciret;
2405 951 2511 1006 imo
2554 952 2858 1021 ignorantes
2898 972 3019 1011 eum
3064 956 3193 1012 nihil
3238 961 3483 1025 nescire,
3512 973 3565 1017 ct
3592 965 3771 1019 omnia

2168 1028 2328 1103 scire.
2364 1051 2419 1096 et
2446 1043 2512 1097 ad
2542 1043 2643 1098 hoc
2674 1046 2882 1117 venisse
2909 1057 2968 1101 ut
2996 1047 3071 1102 illi
3101 1048 3338 1104 facerent
3361 1052 3505 1122 quod
3529 1068 3590 1108 se
3618 1062 3772 1124 pote-

2167 1142 2310 1187 smte
2336 1133 2512 1191 facere
2535 1137 2950 1193 arbitrabantur.
2978 1139 3202 1209 Repente
3224 1142 3533 1212 sagittalnmt
3553 1162 3689 1210 aut,
3719 1156 3772 1201 et

2169 1240 2272 1279 non
2291 1225 2550 1280 timebunt.

2240 1315 2295 1370 8.
2329 1314 2733 1385 Obﬁrnmverimt
2756 1321 2853 1374 sibi
2874 1338 3155 1378 sermonem
3179 1325 3480 1397 ntalignum.
3510 1325 3771 1398 Dbﬁnna-

2168 1420 2345 1463 verunt
2375 1425 2395 1463 :
2424 1410 2558 1465 facta
2598 1422 2722 1467 sunt
2761 1424 2907 1468 tanta
2957 1416 3246 1480 miracula;
3280 1434 3384 1472 non
3432 1414 3558 1473 sunt
3594 1420 3767 1487 moti,

2167 1501 2521 1569 perstiterunt
2561 1502 2612 1557 in
2652 1505 2878 1559 consilio
2925 1508 3192 1562 sermonis
3237 1509 3476 1580 maligni.
3516 1509 3770 1568 Traditus

2165 1604 2247 1648 est
2278 1594 2369 1651 ille
2403 1595 2567 1665 judici
2599 1615 2614 1653 :
2644 1598 2871 1668 trepidat
2896 1600 3060 1669 judex
3081 1643 3095 1666 ,
3127 1612 3180 1656 et
3208 1617 3314 1657 non
3359 1604 3631 1673 trepidant
3670 1606 3773 1677 qui

2161 1683 2325 1754 jndici
2353 1686 2722 1754 tradiderunt;
2748 1692 3113 1748 contremiscit
3139 1704 3397 1761 potestas.
3422 1706 3475 1751 et
3506 1710 3610 1751 non
3636 1712 3769 1753 cou-

2166 1778 2425 1833 trctniscit
2455 1778 2793 1849 immanitas;
2823 1782 2934 1837 vult
2976 1782 3066 1839 ille
3113 1784 3293 1840 lavare
3344 1802 3566 1852 manus,
3597 1796 3653 1842 et
3686 1788 3768 1843 illi

2164 1867 2445 1939 inquinant
2471 1871 2698 1941 linguas.
2744 1873 2848 1929 Sed
2878 1890 3045 1944 quare
3093 1874 3227 1931 hoc?
3278 1875 3637 1933 Fimtaoerunt
3667 1878 3771 1934 sibi

2160 1975 2440 2015 sermonem
2485 1962 2789 2032 malignum.
2834 1966 3042 2033 Quanta
3069 1968 3177 2037 egit
3202 1968 3449 2024 Pilatus?
3481 1980 3679 2040 quanta
3703 1980 3770 2025 nt

2162 2052 2561 2109 reirenareutur
2582 2055 2605 2109 ?
2629 2073 2749 2125 qua:
2776 2057 2951 2113 dixit?
2978 2058 3104 2128 quid
3129 2060 3278 2130 egit?
3301 2059 3407 2116 Sed
3435 2063 3770 2130 ﬁrmaverunt

2160 2148 2258 2200 sibi
2271 2164 2549 2201 sermonem
2565 2150 2844 2220 malignum
2862 2166 2882 2205 :
2895 2149 3044 2205 Cruci
3048 2152 3167 2223 fige,
3182 2153 3423 2224 cruciﬁge
3436 2155 3460 2209 !
3472 2154 3768 2225 Repetitio,

2160 2238 2496 2306 conﬁrmatio
2516 2249 2600 2294 est
2628 2242 2892 2295 sermonis
2916 2242 3151 2311 maligni.
3175 2243 3464 2300 Videamus
3491 2246 3769 2316 quomodo

2160 2329 2489 2398 ﬁrmaverunt
2505 2331 2599 2384 sibi
2605 2347 2889 2387 sermonem
2909 2333 3401 2406 malignum.qu
3416 2346 3632 2391 uestrum
3645 2353 3770 2392 cru-

2158 2421 2411 2490 ciﬁgam?
2449 2420 2750 2476 Dixerunt:
2780 2421 2904 2476 Non
2948 2424 3190 2478 habemus
3235 2441 3404 2495 regem
3451 2426 3551 2480 nisi
3594 2428 3769 2481 solum

2159 2508 2409 2564 Casuram
2455 2510 2651 2582 (Joan.
2685 2528 2768 2567 xxx
2793 2554 2809 2579 ,
2858 2511 2986 2583 i5).
3036 2511 3442 2581 Obﬁrmaverunt
3480 2532 3769 2572 sermonem

2156 2602 2458 2673 malignum.
2485 2603 2754 2658 Oﬁcrebat
2782 2604 2872 2671 ille
2897 2621 3076 2675 regem
3106 2606 3295 2661 Filium
3324 2592 3450 2671 Dei;
3481 2607 3555 2661 illi
3570 2608 3638 2662 ad
3667 2603 3792 2663 ho-'

2159 2694 2356 2746 Iuiucm
2406 2695 2797 2749 recnrrebant:
2844 2696 2986 2767 digni
3032 2696 3123 2765 qui
3169 2697 3316 2751 illum
3364 2696 3664 2765 baberent,
3706 2710 3766 2756 et

2159 2782 2308 2837 illum
2341 2800 2450 2839 non
2491 2786 2773 2841 haberent.
2804 2787 2995 2843 Adhuc
3038 2786 3161 2842 audi
3207 2790 3476 2858 quomodo
3517 2790 3767 2859 ﬁrmare-

2154 2882 2273 2929 runt
2299 2892 2581 2931 sermonem
2620 2877 2922 2947 malignum.
2957 2876 3081 2933 Non
3118 2879 3315 2933 invenio
3352 2880 3546 2951 aliquid
3582 2884 3641 2937 in
3664 2884 3771 2939 isto

2156 2966 2379 3032 nomine,
2405 2966 2482 3022 ait
2496 2968 2689 3037 judex,
2712 2984 2812 3039 quo
2834 2969 3020 3042 dignus
3042 2971 3108 3024 sit
3132 2982 3291 3030 morte
3309 2970 3462 3045 (Luc.
3484 2988 3640 3041 xxut,
3666 2976 3764 3041 Η,

2153 3055 2283 3129 22).
2313 3058 2376 3111 Ει
2401 3058 2474 3112 illi
2501 3060 2590 3130 qui
2620 3060 2948 3130 [inuenerunt
2973 3078 3251 3117 sermonem
3275 3063 3577 3134 malignum,
3609 3066 3771 3121 dixe-

2157 3157 2283 3202 runt
2311 3166 2326 3201 :
2365 3147 2592 3219 Sanguis
2628 3151 2741 3222 ejus
2777 3168 2931 3220 super
2973 3168 3066 3206 nos
3087 3192 3103 3219 ,
3131 3163 3179 3207 et
3217 3169 3369 3224 super
3396 3153 3532 3222 ﬁlios
3559 3167 3771 3210 nostros

2156 3237 2388 3308 (Matth.
2416 3255 2583 3302 xxvu,
2610 3240 2752 3311 25)!
2784 3240 3146 3297 Firmaoerunt
3170 3242 3265 3298 sibi
3297 3261 3575 3320 sermonem
3608 3249 3771 3301 mali-

2154 3348 2332 3403 gnum.
2360 3331 2719 3388 Firmauerunt
2738 3350 3020 3389 sermonem
3046 3335 3348 3408 ntalignnm,
3379 3354 3484 3394 non
3508 3339 3764 3407 Domino,

2155 3422 2251 3479 sed
2277 3423 2390 3478 sibi.
2418 3424 2700 3493 Quomodo
2727 3427 2869 3482 enim
2902 3443 3009 3482 non
3036 3428 3159 3490 sibi.
3191 3445 3313 3484 cum
3340 3430 3526 3487 diruut
3549 3448 3563 3485 :
3589 3432 3770 3503 Super

2154 3531 2248 3569 nos
2272 3556 2290 3581 ,
2317 3524 2365 3569 et
2390 3532 2547 3584 super
2589 3517 2725 3583 ﬁlios
2769 3519 3005 3575 nostros?
3032 3519 3183 3585 Quod
3216 3535 3343 3591 ergo
3373 3521 3727 3578 ﬁrmaverunt
3746 3565 3771 3590 ,

2155 3606 2255 3661 sibi
2286 3606 2678 3663 ﬁrmaverunt:
2707 3610 2830 3680 quia
2872 3610 2985 3679 ipsa
3017 3625 3118 3665 vox
3167 3620 3250 3667 est
3289 3612 3454 3681 alibi,
3493 3611 3769 3670 Fuderunt

2154 3713 2273 3756 ante
2294 3703 2475 3773 faciem
2498 3719 2665 3758 meum
2694 3704 2891 3773 foueam
2909 3746 2926 3771 ,
2949 3716 2996 3758 et
3025 3706 3305 3760 inciderunt
3329 3706 3381 3759 in
3407 3723 3541 3764 eant.
3573 3708 3768 3764 Domi<

2156 3811 2283 3849 num
2316 3810 2459 3850 mors
2484 3812 2588 3850 non
2616 3796 2832 3859 occidit.
2856 3797 2952 3852 sed
2982 3798 3095 3867 ipse
3121 3806 3351 3853 mortem
3385 3814 3401 3853 :
3434 3799 3554 3855 illos
3576 3809 3767 3858 autem

2154 3886 2409 3959 iniquitas
2446 3888 2682 3956 occidit,
2714 3890 2838 3961 quia
2882 3890 3171 3946 noluerunt
3212 3891 3459 3949 occidere
3500 3892 3764 3964 iniquitao

2156 3987 2285 4033 tem.

2224 4072 2279 4127 9.
2322 4069 2574 4137 Prorsus,
2604 4072 2818 4139 fratres,
2846 4085 3051 4130 certum
3076 4085 3193 4141 est;
3219 4083 3311 4129 aut
3336 4075 3538 4131 occidis
3566 4077 3765 4149 iniqui-

2154 4169 2317 4217 tatem
2342 4203 2359 4230 ,
2389 4172 2481 4217 aut
2510 4163 2775 4219 occideris
2810 4163 2879 4219 ab
2916 4163 3213 4235 iniquitate.
3242 4164 3362 4221 Noli
3388 4175 3570 4222 autem
3602 4185 3760 4240 qua:-

2152 4268 2275 4308 rere
2302 4253 2551 4310 occidere
2594 4255 2924 4326 iniquitatem
2966 4266 3217 4327 tauquam
3256 4257 3457 4328 aliquid
3494 4270 3648 4315 extra
3678 4269 3753 4317 te.

2152 4344 2235 4399 Ad
2265 4346 2494 4415 teipsum
2536 4346 2745 4417 reSpice
2766 4388 2785 4411 ,
2812 4346 2936 4401 vide
2974 4346 3101 4418 quid
3133 4357 3308 4403 tecum
3339 4360 3541 4420 pugnet
3567 4350 3622 4406 in
3660 4359 3757 4418 te;

2151 4445 2208 4492 et
2230 4451 2362 4493 cave
2394 4453 2462 4492 ne
2483 4445 2754 4509 expugnet
2779 4445 2833 4495 te
2876 4438 3130 4507 iniquitas
3154 4449 3243 4495 tua
3267 4483 3284 4509 ,
3311 4442 3527 4498 inimica
3559 4452 3647 4499 tua
3669 4488 3685 4512 ,
3710 4444 3760 4501 si

2150 4528 2431 4584 interfecta
2462 4545 2568 4587 non
2596 4531 2702 4585 erit
2752 4546 2767 4583 :
2814 4545 2884 4585 ex
2936 4539 2988 4586 te
3030 4532 3174 4587 enim
3224 4541 3341 4600 est,
3372 4543 3429 4589 et
3454 4536 3636 4592 anima
3669 4544 3759 4592 tua

2149 4619 2407 4675 adversus
2456 4629 2509 4675 te
2562 4621 2828 4689 rebellat,
2868 4636 2974 4677 non
3025 4623 3167 4678 aliud
3212 4625 3433 4695 aliquid.
3486 4627 3571 4682 Ex
3622 4645 3761 4701 qua-

2149 4711 2271 4766 dam
2304 4724 2451 4782 parte
2479 4713 2720 4769 colimres
2754 4714 2898 4780 Deo;
2931 4731 2996 4771 ex
3021 4715 3253 4785 quadam
3289 4728 3436 4788 parte
3462 4719 3761 4777 delectaris

2150 4805 2349 4858 saeculo
2374 4821 2388 4857 :
2416 4805 2545 4860 illud
2575 4820 2681 4876 quo
2706 4805 2992 4861 delectaris
3023 4808 3242 4874 saeculo,
3266 4820 3468 4880 pugnat
3491 4812 3758 4869 adversus

2150 4907 2384 4952 mentem
2428 4912 2548 4966 qua:
2594 4899 2832 4953 cohaeret
2880 4900 3010 4955 Deo.
3069 4900 3389 4970 Cohzcrcat,
3440 4884 3757 4973 cohaireat,

2150 5003 2258 5041 non
2287 4987 2536 5053 deﬁciat,
2583 5004 2688 5044 non
2730 5004 2790 5044 se
2830 4991 3086 5056 dimittat,
3134 5008 3383 5062 maguum
3428 4994 3755 5064 adjutorinm

2150 5079 2333 5135 habet.
2361 5079 2537 5137 Vincit
2566 5083 2709 5149 quod
2739 5083 2791 5137 in
2834 5083 2923 5137 illa
2962 5085 3063 5139 sibi
3094 5085 3338 5153 rebellat,
3368 5086 3413 5141 si
3445 5100 3763 5155 perseverat

2146 5172 2201 5228 in
2230 5174 2534 5244 pugnando.
2566 5174 2661 5230 Est
2698 5185 2973 5244 peccatum
3024 5177 3075 5230 in
3104 5192 3330 5247 corpore
3359 5187 3449 5233 tuo
3468 5221 3485 5244 ,
3515 5180 3611 5236 sed
3642 5199 3757 5238 non

2148 5277 2351 5337 regnet.
2378 5266 2500 5321 Non
2514 5282 2639 5338 ergo
2654 5278 2843 5339 regnet,
2865 5269 3052 5339 inquit,
3078 5280 3332 5335 peccatum
3361 5272 3413 5324 in
3436 5280 3597 5326 vestro
3612 5291 3767 5327 nier-

2148 5357 2239 5411 tali
2261 5373 2492 5428 corpore,
2514 5358 2584 5411 ad
2612 5359 2986 5414 obaudiendum
3022 5361 3283 5415 desideriis
3316 5364 3424 5433 ejus
3452 5363 3627 5433 (llam.
3659 5382 3708 5420 v1
3732 5410 3759 5436 ,

2148 5446 2269 5520 12).
2301 5448 2356 5505 Si
2400 5465 2528 5504 vero
2556 5464 2663 5505 non
2689 5450 3027 5519 obaudieris;
3058 5454 3157 5507 ctsi
3198 5462 3283 5509 cst
3306 5456 3448 5525 quod
3478 5456 3698 5511 suadeat
3732 5502 3758 5525 ,

2145 5540 2290 5613 quod
2316 5540 2546 5597 delectet
2573 5542 2640 5595 ad
2670 5541 2898 5607 malum;
2928 5559 3036 5598 non
3064 5544 3484 5615 obtemperando
3514 5548 3645 5603 lacis
3685 5561 3766 5607 ut

2146 5647 2255 5688 non
2285 5642 2474 5703 regnet
2496 5635 2639 5705 quod
2659 5647 2759 5702 est,
2784 5645 2839 5691 et
2865 5636 2936 5692 ita
2966 5637 3058 5693 ﬁet
3086 5646 3269 5707 postea
3288 5648 3355 5694 ut
3378 5655 3484 5694 non
3509 5642 3582 5697 sit
3599 5643 3766 5712 quod

2145 5734 2284 5783 erat.
2309 5725 2569 5794 Quando?
2594 5728 2727 5787 Cum
2757 5728 3131 5787 absorbebitur
3158 5746 3305 5787 mors
3332 5734 3388 5789 in
3424 5733 3706 5792 victoriam
3735 5780 3764 5809 ,

2144 5830 2265 5874 cum
2291 5820 2637 5890 corruptibile
2662 5821 2764 5878 hoc
2788 5820 3021 5878 induerit
3046 5822 3501 5895 incomptin
3523 5827 3552 5896 (
3566 5826 3585 5881 Ι
3617 5825 3764 5892 Car.

2146 5926 2251 5982 xv,
2279 5911 2383 5985 55)
2419 5927 2436 5969 :
2468 5912 2539 5970 ibi
2583 5907 2687 5971 non
2721 5916 2824 5972 erit
2861 5914 3008 5989 quod
3052 5916 3147 5974 tibi
3174 5928 3475 5991 repugnet,
3501 5935 3610 5977 non
3638 5924 3769 5984 erit
