3934 6346
121 486 205 554 155
1183 479 1581 538 ENARRATIO
1619 482 1651 539 li

1760 482 2048 543 'SALMUM
2087 489 2265 554 LXIII,

120 602 233 676 quod
257 606 304 655 te
337 594 468 653 aliud
511 595 744 653 delectet
770 595 872 652 nisi
911 597 1074 652 Deus.
1106 595 1249 666 Ergo
1286 606 1341 653 et
1369 599 1455 652 isti
1484 597 1655 654 Judaei

123 693 374 748 inviderunt
399 688 656 752 Domino;
686 689 985 744 delectabat
1021 702 1113 744 eos
1145 689 1491 758 principatus.
1522 690 1656 756 Qui-

121 790 220 838 dam
240 779 462 836 videbant
491 777 594 833 sibi
640 778 708 833 ab
734 793 800 834 eo
839 777 1037 833 auferri
1085 778 1435 849 principatum
1459 819 1476 846 ,
1507 789 1562 834 et
1588 796 1653 835 ex

122 873 422 931 delectatione
461 885 556 926 sua
600 870 994 926 rebellaverunt
1034 872 1290 925 adversus
1327 871 1652 927 Dominum:

120 969 190 1021 nui
212 965 248 1020 si
272 963 604 1019 rebellassent
627 963 878 1017 adversus
921 963 1331 1017 delectationem
1361 977 1512 1017 suam
1540 979 1656 1017 ma-

121 1059 234 1121 lam,
272 1057 423 1124 ipSam
471 1053 813 1106 invidentiam
845 1053 1162 1117 vincerent,
1191 1067 1289 1107 nec
1314 1053 1655 1107 vincerentur

119 1149 257 1207 abeo,
283 1151 480 1199 etesset
517 1145 619 1198 illis
646 1143 903 1198 Dominus
945 1144 1200 1209 salvator,
1234 1144 1323 1214 qni
1354 1151 1572 1198 venerat
1598 1151 1655 1198 ut

118 1248 308 1294 sanaret.
335 1237 474 1293 Nunc
519 1245 696 1291 autem
742 1236 985 1290 faverunt
1022 1236 1195 1299 febri,
1229 1247 1656 1306 repltgnavcrunt

118 1329 290 1384 medico
337 1346 348 1382 :
400 1327 654 1398 quidquid
707 1327 1024 1396 suggerebat
1095 1325 1299 1392 febris,
1350 1326 1651 1390 faciebant;

115 1419 326 1491 quidquid
347 1420 566 1489 jubebat
606 1429 790 1472 contra
821 1418 1059 1476 medicus
1083 1460 1097 1483 ,
1126 1419 1480 1488 negligebant.
1516 1419 1655 1489 Ergo

118 1511 176 1568 illi
201 1513 346 1581 magis
367 1510 530 1566 occisi
562 1520 702 1572 sunt,
732 1526 834 1564 non
865 1511 1119 1565 Dominus
1152 1526 1165 1562 :
1199 1524 1318 1563 nam
1350 1509 1402 1563 in
1430 1509 1654 1564 Domino

116 1618 233 1656 mors
247 1602 405 1656 occisa
431 1612 538 1667 εει,
568 1603 618 1654 in
650 1602 751 1655 illis
778 1602 1024 1671 iniquitas
1051 1603 1213 1667 vixit;
1244 1602 1455 1656 vivente
1475 1609 1656 1656 autem

117 1693 158 1746 in
177 1706 227 1747 se
251 1692 512 1760 iniquitate
533 1734 549 1756 ,
584 1691 657 1745 illi
689 1693 882 1744 mortui
909 1700 1051 1744 sunt.

172 1782 244 1837 i0.
280 1781 618 1836 Narraverunt
657 1793 713 1834 ut
736 1781 1092 1835 absconderem
1136 1782 1446 1853 muscipuias
1469 1798 1486 1844 ;
1512 1783 1657 1837 diate-

116 1883 210 1926 nmt
235 1888 251 1926 :
275 1874 388 1938 Quis
423 1872 603 1928 videbit
645 1875 773 1927 eas.’
800 1873 991 1926 Latere
1033 1873 1286 1940 putabant
1328 1888 1449 1927 cum
1496 1889 1653 1940 quem

114 1961 398 2032 occidebant,
427 1965 592 2018 latere
622 1963 810 2020 Deum.
839 1964 974 2016 Ecce
1003 1971 1144 2031 puta,
1175 1962 1336 2016 homo
1355 1971 1471 2016 erat
1493 1961 1654 2017 Chri-

113 2064 225 2119 stus,
244 2055 369 2110 sicut
392 2054 572 2110 cmteri
596 2055 874 2120 homines;
907 2054 1176 2108 nesciebat
1205 2053 1327 2124 quid
1356 2055 1424 2109 de
1454 2055 1544 2109 illo
1565 2069 1653 2108 co-

113 2147 328 2215 gitaretur
352 2164 366 2200 :
395 2147 647 2218 numquid
675 2155 729 2201 ct
759 2147 896 2201 Deus
927 2145 1129 2200 nescit?
1158 2148 1203 2199 υ
1229 2160 1322 2198 cor
1344 2145 1652 2209 humanum,

112 2252 246 2302 quare
270 2239 350 2293 tibi
379 2238 580 2302 dixisti,
609 2237 741 2304 Quis
772 2237 912 2290 videt
942 2254 1027 2290 me
1047 2278 1061 2300 ,
1093 2253 1213 2291 cum
1248 2235 1337 2289 ille
1365 2235 1542 2290 videat
1564 2236 1654 2304 qui

113 2336 153 2380 te
181 2327 320 2382 fecit?
350 2308 591 2382 Dixerunt
623 2345 640 2381 .-
673 2327 800 2395 Quis
843 2327 1025 2380 videbit
1069 2326 1201 2379 eas?
1230 2324 1451 2380 Videbat
1492 2325 1652 2392 Deus,

111 2417 286 2472 videbat
304 2429 354 2473 et
371 2418 646 2482 Christus;
679 2419 799 2487 quia
829 2427 882 2472 et
907 2417 1148 2472 Christus
1175 2417 1336 2470 Dens.
1363 2416 1468 2471 Sed
1489 2431 1656 2487 qtiare

111 2507 347 2562 ridebatur
372 2510 447 2563 eis
477 2525 581 2564 non
615 2510 837 2564 videre?
877 2508 1012 2563 Audi
1040 2511 1334 2579 sequentia.

165 2600 238 2653 ii.
275 2599 431 2674 [rem
461 2601 513 2656 7.
538 2601 559 2675 ]
603 2601 910 2656 Perscrutati
935 2611 1052 2655 sunt
1078 2602 1392 2671 iniquitatem
1417 2617 1435 2664 ;
1456 2599 1654 2671 defece-

108 2695 202 2742 runt
236 2701 502 2746 scrutantes
543 2693 870 2745 scrutationes
899 2707 918 2746 :
952 2690 1002 2745 id
1047 2700 1131 2745 est
1173 2691 1363 2746 acerba
1410 2700 1466 2745 et
1500 2699 1654 2745 acuta

106 2783 308 2837 consilia.
339 2783 450 2838 Non
499 2785 737 2838 tradatur
768 2800 860 2854 per
898 2799 996 2839 nos
1020 2825 1034 2844 ,
1059 2783 1154 2838 sed
1200 2799 1296 2853 per
1334 2779 1653 2851 discipulum

105 2888 231 2929 suum
265 2894 280 2929 :
310 2891 410 2930 non
440 2877 713 2932 occidatur
737 2893 767 2930 a
813 2877 966 2932 nobis
987 2918 1001 2941 ,
1035 2876 1131 2932 sed
1167 2891 1198 2930 a
1223 2875 1403 2945 judice
1441 2894 1453 2928 :
1483 2885 1651 2930 totum

104 2982 181 3024 nos
207 2969 446 3027 faciamus
472 3013 487 3036 ,
522 2981 576 3025 et
616 2971 745 3025 nihil
787 2969 979 3026 fecisse
1020 2970 1314 3024 videamur.
1361 2970 1427 3024 Et
1453 2970 1540 3024 ubi
1572 2977 1655 3024 est

102 3061 270 3115 clamor
292 3061 480 3132 lingua:
516 3078 530 3115 :
561 3058 812 3131 Cruci/ine
833 3100 851 3126 ,
881 3059 1160 3131 cruci/iga?
1189 3059 1278 3114 Sic
1320 3059 1451 3113 czcci
1483 3059 1611 3112 estis
1633 3101 1649 3123 ,

102 3161 208 3206 utet
229 3154 365 3208 surdi
407 3155 546 3209 sitis.
580 3153 838 3208 Simulata
883 3151 1185 3207 innocentia
1233 3166 1336 3206 non
1367 3161 1450 3206 est
1493 3153 1651 3206 inno-

101 3247 240 3299 cemia
267 3265 280 3301 :
308 3248 551 3302 simulata
579 3249 799 3318 tumulas
827 3263 934 3301 non
959 3255 1041 3302 est
1066 3245 1309 3317 aequitas,
1332 3246 1424 3302 sed
1455 3235 1647 3315 duplex

99 3336 342 3407 iniquitas;
366 3340 489 3410 quia
516 3348 571 3394 et
595 3339 843 3409 iniquitas
875 3346 956 3392 est
974 3377 991 3404 ,
1027 3345 1081 3392 et
1105 3337 1392 3392 simulatio.
1423 3337 1495 3390 lbi
1523 3351 1650 3406 ergo

99 3426 164 3482 isti
184 3429 452 3500 defecerunt
491 3439 769 3484 scrutantes
814 3429 1159 3483 scrutatioues.
1205 3427 1412 3495 Quanto
1443 3430 1650 3482 aeutius

96 3517 174 3571 sibi
199 3521 488 3590 excogitare
513 3520 831 3575 videbantur
859 3561 874 3584 ,
903 3528 1052 3572 tanto
1080 3519 1246 3587 magis
1289 3520 1607 3573 deliciebant
1631 3537 1645 3581 ;

96 3609 191 3674 qnia
217 3623 245 3664 a
273 3610 468 3668 lumine
498 3611 736 3666 veritatis
764 3620 820 3665 et
847 3609 1114 3678 aequitatis
1142 3610 1192 3662 in
1226 3610 1487 3678 profunda
1516 3624 1649 3663 con-

94 3698 297 3756 siliorum
329 3701 682 3773 malignorum
722 3699 1190 3770 demergebantur.
1238 3700 1407 3754 Habet
1444 3699 1648 3766 iustitia

93 3792 338 3854 quamdam
361 3794 539 3849 lucem
566 3808 746 3860 suam;
776 3793 1063 3864 perfundit,
1087 3802 1144 3848 et
1168 3793 1398 3848 illustrat
1417 3794 1646 3849 auiu‘iam

93 3879 404 3939 inhaarentetn
428 3884 529 3940 sibi
562 3901 580 3940 :
607 3885 783 3938 anima
811 3899 939 3937 vero
981 3893 1227 3938 avertens
1254 3899 1313 3938 se
1341 3899 1371 3936 a
1406 3884 1524 3939 luce
1549 3884 1638 3949 ju-

91 3974 254 4040 stitiaa,
300 3980 503 4044 quanto
545 3975 713 4044 magis
752 3975 942 4045 quaerit
982 3973 1123 4043 quod
1170 3973 1405 4029 inveniat
1463 3987 1648 4028 contra

88 4062 330 4131 justitiam,
357 4075 509 4121 tanto
533 4067 652 4138 plus
675 4081 704 4121 a
731 4067 848 4121 luce
877 4066 1174 4134 repellitur,
1206 4076 1258 4120 et
1289 4066 1342 4122 in
1369 4068 1647 4121 tenebrosa

89 4153 398 4228 de'tnergitur.
432 4158 621 4214 Merito
669 4172 797 4228 ergo
838 4167 895 4213 et
935 4156 1025 4212 isti
1073 4166 1469 4226 perscrutantes
1505 4157 1648 4226 quod

88 4257 241 4303 contra
281 4250 485 4319 justum
530 4249 924 4312 moliebantur,
954 4263 985 4302 a
1029 4243 1234 4318 iustitia
1280 4246 1645 4310 recedebant;

88 4347 128 4389 et
149 4349 327 4407 quanto
353 4358 380 4394 a
398 4340 602 4410 justitia
626 4339 968 4403 recedebant,
991 4346 1138 4392 tanto
1165 4337 1283 4408 plus
1306 4335 1645 4399 deficiebant,

88 4438 350 4485 scrutantes
399 4431 774 4488 scrutationes.
847 4427 1112 4500 Magnum"
1142 4428 1426 4498 consilium
1485 4430 1642 4482 inno-

87 4522 245 4575 centitc
276 4541 288 4576 :
315 4523 534 4594 quando
564 4523 735 4592 ipsmn
781 4520 971 4577 Judam
1025 4519 1267 4590 pmnituit
1314 4518 1455 4589 quod
1483 4518 1651 4574 tradi-

89 4611 227 4668 disset
251 4615 522 4671 Christum
549 4658 562 4679 ,
593 4626 645 4670 et
671 4615 892 4684 projecit
923 4614 1027 4667 illis
1053 4612 1334 4682 pecuniam
1375 4627 1533 4681 quam
1559 4611 1653 4666 de—

89 4703 264 4766 derant,
292 4707 369 4760 illi
401 4709 684 4760 noluerunt
709 4720 824 4758 eam
855 4704 1068 4757 mittere
1089 4703 1140 4757 in
1167 4702 1608 4772 gazOpbyiacium
1632 4741 1649 4765 ,

87 4801 129 4844 et
151 4794 381 4850 dixerunt
423 4813 438 4848 :
478 4794 700 4849 Pecunia
727 4793 988 4864 sanguinis
1028 4802 1137 4857 est;
1182 4807 1283 4846 non
1303 4789 1446 4845 illam
1472 4790 1643 4843 mitta-

90 4901 178 4938 mus
215 4889 262 4941 in
307 4887 733 4960 gazophylacium
766 4885 999 4955 (Matth.
1044 4898 1224 4949 xxv",
1253 4882 1341 4950 6).
1390 4880 1527 4948 Quid
1570 4889 1654 4935 cst

89 4981 520 5051 gnmphyiacium?
549 4980 684 5033 Area
729 4977 862 5039 Dei,
911 4977 998 5030 ubi
1038 4976 1423 5046 colligebantur
1448 4989 1508 5026 ea
1535 4988 1653 5042 qua:

87 5067 138 5120 ad
163 5071 498 5141 indigentiam
537 5085 812 5124 servorum
862 5068 950 5121 Dei
986 5065 1350 5120 mittebantur.
1383 5064 1426 5118 Ο
1453 5063 1612 5117 homo
1636 5105 1651 5128 ,

88 5171 163 5211 cor
187 5169 328 5215 tuum
359 5163 432 5216 sit
462 5162 638 5230 potius
682 5174 804 5214 arca
856 5157 983 5224 Dei,
1035 5157 1121 5210 ubi
1176 5155 1419 5208 habitent
1457 5153 1655 5207 divitiae

89 5247 182 5314 Dei,
208 5252 292 5306 ubi
319 5253 391 5306 sit
419 5265 672 5305 nummus
701 5249 815 5315 Dei,
845 5263 996 5302 meus
1026 5255 1110 5300 tua
1144 5245 1346 5299 habens
1372 5245 1653 5313 imaginem

89 5335 399 5408 imperatoris
434 5341 548 5395 tui!
581 5340 711 5395 Cum
739 5355 866 5408 ergo
911 5338 1024 5391 haec
1064 5337 1134 5390 ita
1179 5337 1285 5389 sint
1311 5374 1326 5399 ,
1355 5335 1527 5404 qualis
1569 5333 1654 5387 illa

89 5430 380 5489 innocentia:
424 5433 697 5488 simulatio
743 5431 877 5495 fuit,
923 5429 1197 5497 pecuniam
1248 5426 1521 5496 sanguinis
1550 5439 1655 5478 non

90 5524 272 5579 mittere
300 5526 352 5578 in
383 5541 589 5589 arcam,
619 5532 674 5578 et
700 5523 869 5592 ipsum
896 5522 1205 5589 sanguinem
1233 5519 1444 5572 mittere
1464 5518 1516 5570 in
1537 5530 1659 5571 con-

88 5614 335 5669 scientiam
359 5619 384 5668 ἲ

148 5707 224 5761 i2.
254 5707 360 5763 Sed
403 5705 534 5777 quid
585 5700 664 5760 eis
712 5703 977 5775 contigit?
1028 5700 1332 5772 Defecerunt
1378 5710 1660 5757 mutantes

89 5801 418 5855 scrutatioues.
455 5796 650 5854 Unde?
697 5796 833 5862 Quia
871 5795 1036 5859 dicit,
1071 5793 1196 5860 Quis
1239 5792 1420 5847 uidebit
1447 5792 1579 5846 eos?
1602 5789 1654 5844 id

89 5898 174 5954 est,
198 5891 317 5960 quia
344 5905 445 5950 eos
473 5902 630 5946 nemo
656 5885 891 5943 videbat.
923 5883 1036 5942 Hoc
1072 5884 1321 5941 dicebant
1341 5923 1359 5953 ,
1388 5883 1490 5941 hoc
1513 5882 1650 5955 apud

1768 613 1827 655 se
1863 603 2217 703 opinabantur
2256 608 2398 703 quod
2447 625 2607 669 nemo
2652 631 2745 672 eos
2783 619 3004 680 videret.
3058 626 3187 685 Vide
3225 632 3354 703 quid

1762 695 2033 764 contingat
2070 698 2260 752 animze
2288 702 2478 766 malae;
2530 706 2729 762 recedit
2769 725 2800 763 a
2846 713 2964 769 luce
2991 695 3270 786 veritatis;
3297 733 3356 780 ct

1761 782 1881 850 quia
1911 784 2022 852 ipsa
2053 802 2156 841 non
2184 789 2326 844 videt
2354 792 2538 858 Deum,
2572 808 2716 866 putat
2742 813 2800 854 se
2827 818 2930 858 non
2962 804 3126 863 videri
3153 825 3182 864 a
3216 782 3350 869 Deo.

1759 873 1849 926 Sic
1878 882 1931 927 et
1960 875 2045 930 isti
2077 880 2375 935 recedendo
2414 884 2591 941 ierunt
2630 888 2683 942 in
2713 892 2957 947 tenebras
2976 937 2992 960 ,
3025 910 3084 952 ut
3113 901 3216 969 ipsi
3246 920 3352 961 non

1759 962 2002 1019 viderent
2029 967 2226 1036 Deum;
2256 973 2580 1032 etdixerunt
2603 995 2617 1038 :
2644 980 2776 1047 Quis
2800 998 2899 1039 nos
2925 987 3100 1043 videt?
3130 962 3354 1051 i'idebat

1758 1063 1812 1106 et
1840 1053 1925 1107 ille
1954 1073 2109 1124 quiem
2143 1061 2560 1134 cruciﬁgebant;
2591 1069 2666 1124 illi
2709 1072 3008 1131 deliciendo
3028 1119 3044 1143 ,
3079 1097 3176 1136 nec
3205 1084 3354 1139 illum

1761 1143 1976 1211 Filium,
2014 1166 2110 1203 nec
2137 1151 2348 1207 Patrem
2379 1157 2646 1214 videbant.
2676 1161 2732 1218 Si
2764 1179 2892 1234 ergo
2920 1177 2974 1222 et
3006 1169 3091 1225 ille
3119 1174 3352 1241 videbat,

1759 1251 1923 1306 quare
1943 1256 1999 1293 se
2022 1243 2322 1310 patiebatur
2346 1252 2511 1304 teneri
2539 1252 2605 1306 ab
2625 1253 2725 1320 eis,
2751 1259 2921 1312 occidi
2947 1262 3015 1314 ab
3040 1264 3117 1319 eis
3139 1268 3158 1315 ἒ
3177 1264 3356 1333 Quare

1759 1328 1802 1380 si
1842 1330 2090 1394 videbat,
2122 1335 2290 1390 voluit
2330 1340 2546 1393 consilia
2592 1357 2776 1398 eorum
2821 1353 3111 1417 praevalere
3155 1328 3221 1409 ιιῖ
3254 1360 3354 1413 se?

1758 1419 1965 1487 Quare!
1999 1427 2129 1490 Quia
2176 1429 2333 1482 homo
2372 1443 2486 1486 erat
2530 1447 2746 1504 prapter
2789 1438 3054 1497 hominem
3076 1487 3091 1508 ,
3126 1457 3180 1502 et
3209 1450 3350 1508 Deus

1758 1513 1930 1569 latens
1973 1517 2021 1569 in
2067 1517 2316 1584 homine,
2363 1526 2449 1592 qui
2496 1537 2714 1581 venerat
2758 1533 3116 1591 nescientibus
3162 1556 3350 1594 exem-

1760 1605 1904 1673 plum
1936 1606 2260 1664 fortitudinis
2293 1612 2450 1674 dare;
2486 1616 2604 1670 ideo
2631 1618 2745 1688 ipse
2771 1623 2944 1676 sciens
2983 1629 3158 1680 omnia
3188 1631 3349 1683 susti-

1759 1695 1940 1749 Debui.

1831 1782 1919 1839 i3.
1948 1783 2107 1857 [ven
2138 1787 2224 1859 8.]
2264 1790 2397 1857 Quid
2437 1796 2582 1847 enim
2614 1799 2891 1866 sequitur?
2913 1802 3121 1856 Accedet
3165 1807 3347 1873 honre,

1760 1883 1808 1927 et
1830 1875 1847 1906 ³
1869 1893 1956 1927 cor
1975 1878 2171 1942 altum;
2201 1889 2244 1933 et
2273 1883 2572 1937 excitabitur
2599 1885 2760 1943 Deus.
2794 1888 2870 1944 illi
2897 1890 3147 1948 dixerunt
3178 1915 3189 1949 :
3219 1898 3350 1963 Quis

1760 1979 1859 2018 nos
1882 1967 2118 2020 videbit?
2149 1969 2740 2038 Defeceruntscrutantes
2755 1982 3103 2048 scrutationes,
3127 1988 3350 2042 consilia

1761 2056 1919 2110 mala.
1953 2062 2192 2114 Accessit
2219 2061 2381 2115 homo
2406 2063 2474 2118 ad
2520 2066 2631 2136 ipsa
2662 2071 2885 2125 consilia
2909 2114 2926 2139 ,
2958 2089 3142 2142 passus
3181 2088 3262 2132 est
3289 2095 3350 2133 se

1761 2150 1927 2204 teneri
1961 2159 2018 2205 ut
2042 2152 2224 2207 homo.
2251 2151 2366 2210 Non
2409 2156 2551 2210 enim
2590 2166 2876 2228 teneretur,
2907 2163 3007 2218 nisi
3036 2164 3230 2233 homo;
3256 2180 3349 2226 aut

1758 2239 2056 2306 videretur,
2086 2245 2186 2297 nisi
2217 2244 2410 2312 homo;
2440 2254 2529 2301 aut
2557 2248 2872 2314 caederetur,
2901 2253 2999 2307 nisi
3030 2255 3223 2322 homo;
3256 2265 3350 2313 aut

1759 2331 2161 2400 eruciiigeretur
2181 2344 2272 2388 aut
2299 2347 2598 2393 moreretur
2622 2340 2723 2393 nisi
2752 2341 2931 2396 homo.
2959 2345 3194 2400 Accessit
3217 2362 3348 2416 ergo

1760 2419 1922 2474 homo
1949 2422 2016 2476 ad
2047 2423 2160 2476 illas
2189 2439 2379 2480 omnes
2410 2428 2682 2495 passiones
2705 2471 2720 2494 ,
2750 2445 2874 2499 qua:
2896 2431 2950 2485 in
2981 2433 3071 2488 illo
3097 2433 3224 2488 nihil
3250 2451 3347 2491 va-

1759 2508 1927 2564 lerent
1949 2553 1966 2576 ,
1997 2514 2098 2567 nisi
2125 2525 2268 2569 esset
2298 2516 2477 2572 homo.
2509 2516 2613 2574 Sed
2643 2519 2688 2573 si
2717 2519 2809 2575 ille
2836 2538 2940 2577 non
2970 2535 3112 2579 esset
3142 2525 3305 2581 homo
3327 2569 3344 2593 ,

1759 2614 1862 2653 non
1897 2601 2211 2658 liberaretur
2241 2607 2422 2659 homo.
2452 2607 2690 2664 Accessit
2719 2611 2867 2667 homo
2891 2654 2905 2676 ,
2950 2623 2995 2667 et
3034 2632 3121 2669 cor
3147 2617 3306 2670 altum
3325 2659 3345 2686 ,

1757 2690 1812 2747 id
1841 2701 1922 2745 est
1959 2708 2052 2748 cor
2078 2707 2343 2750 secretum
2391 2714 2407 2756 :
2455 2698 2713 2767 objiciens
2756 2705 3058 2771 aspectibus
3101 2707 3346 2763 humanis

1759 2783 2025 2841 hominem
2047 2827 2062 2851 ,
2091 2803 2310 2841 servans
2335 2789 2476 2844 intus
2505 2789 2670 2846 Deum
2695 2807 2711 2857 ;
2738 2795 2916 2848 celans
2943 2794 3166 2850 formam
3211 2798 3301 2853 Dei
3326 2839 3341 2862 ,
3377 2786 3379 2789 ’

1757 2876 1928 2943 inqua
1952 2877 2169 2947 :rqualis
2190 2886 2275 2934 est
2295 2879 2462 2944 Patri,
2485 2890 2538 2936 et
2558 2881 2789 2937 offerens
2811 2883 3033 2938 formam
3059 2888 3217 2950 servi,
3242 2904 3345 2956 qua

1756 2965 1933 3019 minor
1951 2978 2033 3020 est
2057 2966 2232 3024 Patre.
2264 2969 2381 3039 ipse
2405 2971 2548 3025 enim
2574 2972 2707 3027 dixit
2729 2981 3013 3043 utrumque
3042 2993 3055 3026 :
3086 2976 3178 3030 sed
3201 2977 3344 3032 aliud

1756 3066 1924 3111 estex
1954 3057 2123 3113 forma
2147 3061 2261 3124 Dei,
2285 3061 2427 3117 aliud
2453 3077 2516 3117 ex
2548 3062 2716 3117 forma
2742 3064 2903 3118 Servi.
2935 3065 3073 3119 Dixit
3096 3081 3162 3120 ex
3180 3068 3346 3127 forma

1756 3147 1853 3203 Dei
1883 3166 1898 3202 :
1934 3147 2044 3220 Ego
2069 3160 2115 3203 et
2147 3149 2303 3204 Pater
2326 3169 2486 3206 unum
2516 3169 2690 3206 sumus
2719 3152 2910 3225 (Joan.
2945 3171 3012 3219 ι,
3046 3153 3171 3227 50).
3205 3156 3348 3213 Dixit

1754 3255 1819 3296 ex
1846 3242 2011 3295 forma
2043 3243 2202 3302 servi,
2238 3241 2485 3308 Quoniam
2512 3241 2663 3297 Pater
2692 3243 2960 3318 major'nte
2987 3257 3058 3300 est
3087 3245 3198 3313 (Id.
3227 3263 3344 3314 xtv,

1753 3331 1876 3401 28).
1911 3330 2063 3387 Unde
2093 3349 2156 3387 es
2185 3332 2352 3388 forma
2385 3335 2511 3398 Dei,
2546 3333 2656 3405 Ego
2681 3345 2727 3389 et
2766 3335 2919 3391 Pater
2944 3353 3102 3391 unum
3126 3355 3300 3393 sumus
3321 3341 3348 3394 .’

1754 3421 1885 3488 Quia
1918 3440 2030 3477 cum
2061 3429 2112 3479 in
2142 3429 2307 3495 forma
2335 3424 2429 3478 Dei
2457 3435 2581 3479 esset
2622 3426 2918 3481 constitutus
2941 3469 2956 3493 ,
2985 3445 3086 3482 non
3113 3430 3346 3499 rapinam

1753 3517 2025 3568 arbitratus
2053 3526 2124 3569 est
2150 3533 2253 3571 esse
2279 3517 2486 3586 aequalis
2530 3514 2659 3571 Deo.
2692 3517 2844 3573 Unde
2871 3536 2938 3575 ex
2971 3518 3135 3575 forma
3166 3521 3343 3585 servi,

1757 3607 2006 3672 Quoniam
2037 3607 2191 3661 Pater
2214 3607 2377 3677 mnjor
2401 3622 2479 3660 me
2506 3618 2576 3661 cst
2599 3609 2625 3662 .’
2652 3608 2783 3676 Quia
2828 3612 3146 3679 semetipsum
3172 3613 3347 3666 catinu-

1754 3697 1876 3750 nivit
1897 3739 1911 3760 ,
1939 3700 2155 3768 formant
2195 3703 2324 3750 servi
2363 3698 2614 3765 accipiens
2649 3697 2915 3769 (Philipp.
2945 3717 3000 3766 ll,
3035 3701 3088 3766 6,
3124 3699 3209 3773 7).
3243 3703 3346 3757 Ac-

1754 3789 1912 3844 cessit
1953 3801 2080 3857 ergo
2122 3788 2313 3851 homo,
2358 3799 2411 3842 et
2462 3805 2559 3844 cor
2595 3791 2796 3855 altum;
2844 3801 2898 3845 et
2953 3793 3218 3846 exaltatus
3261 3802 3346 3848 est

1758 3878 1919 3933 Deus.
1973 3876 2244 3933 Occiditur
2293 3877 2495 3943 homo,
2552 3889 2605 3934 et
2653 3881 2915 3935 exaltatur
2972 3882 3130 3937 Deus.
3190 3883 3341 3950 Quod

1753 3969 1894 4022 enim
1923 3966 2131 4022 occisus
2159 3977 2240 4022 est
2262 4007 2280 4035 ,
2310 3983 2376 4024 ex
2408 3969 2713 4024 infirmitate
2752 3969 2980 4024 humana
3024 3971 3120 4026 fuit
3147 3985 3164 4027 ‘.
3197 3973 3343 4042 quod

1754 4060 2046 4114 resurrexit
2071 4067 2126 4113 ct
2158 4059 2434 4124 ascendit,
2463 4075 2529 4114 ex
2579 4069 2847 4130 potestate
2895 4062 3072 4117 divina
3113 4063 3136 4131 (
3156 4061 3341 4119 liCor.

1754 4165 1846 4204 xm
1869 4190 1885 4216 ,
1916 4148 2007 4219 4).
2040 4151 2254 4203 Accedet
2279 4151 2427 4204 homo
2452 4192 2465 4213 ,
2493 4161 2542 4205 et
2569 4167 2657 4204 cor
2683 4151 2844 4205 altum
2863 4193 2880 4216 ,
2913 4166 3010 4208 cor
3033 4164 3298 4210 secretum
3326 4195 3342 4220 ,

1753 4256 1849 4298 cor
1866 4241 2132 4304 abditum;
2162 4257 2268 4297 non
2299 4243 2587 4297 ostendens
2614 4244 2740 4314 quid
2781 4254 2963 4301 nosset
2985 4287 2999 4306 ,
3029 4261 3134 4300 non
3163 4257 3344 4302 osteno

1753 4334 1887 4389 deus
1911 4333 2038 4405 quid
2077 4332 2242 4389 esset.
2285 4334 2364 4389 illi
2412 4345 2658 4406 putantes
2705 4336 2806 4391 hoc
2847 4348 3012 4392 totum
3055 4356 3174 4394 esse
3200 4342 3344 4411 quod

1755 4424 2055 4488 videbatur,
2087 4425 2336 4480 occidunt
2364 4425 2636 4481 hominem
2688 4428 2738 4481 in
2767 4427 2930 4484 corde
2960 4431 3087 4496 alto,
3116 4441 3169 4485 et
3196 4431 3347 4487 exal-

1756 4526 1898 4573 tatur
1924 4519 2065 4572 Deus
2091 4519 2140 4571 in
2170 4518 2333 4572 corde
2356 4518 2537 4572 divino
2567 4537 2582 4572 :
2615 4521 2847 4588 potentia
2876 4521 3016 4574 enim
3051 4521 3344 4591 maiestatis

1756 4625 1867 4664 suae
1889 4609 2153 4664 exaltatus
2194 4617 2295 4666 est.
2331 4607 2396 4662 Et
2440 4623 2547 4678 quo
2585 4609 2680 4663 ivit
2720 4610 3016 4665 exaltatus?
3055 4611 3210 4668 Unde
3237 4628 3341 4668 non

1758 4710 1976 4755 recessu
2001 4699 2329 4754 humiliatus.

1832 4792 1918 4844 ii.
1941 4789 2152 4844 Accedet
2178 4790 2346 4853 homo,
2371 4798 2529 4853 etcar
2550 4790 2710 4843 altum
2732 4808 2751 4855 ;
2780 4799 2826 4845 et
2854 4791 3154 4845 exaltabitur
3184 4791 3339 4849 Deus.

1758 4879 2043 4950 Propterea
2064 4879 2173 4949 jam
2201 4879 2479 4943 attendite,
2511 4878 2703 4933 fratres
2733 4881 2858 4945 mei,
2910 4896 3005 4936 cor
3050 4882 3214 4936 altum
3237 4881 3342 4936 ho-

1760 4972 1938 5024 minis.
1961 4968 2125 5037 Cujus
2167 4969 2444 5026 hominis?
2474 4969 2642 5023 Μαῖαν
2688 4971 2836 5035 Sion,
2891 4971 3020 5026 dicet
3060 4973 3257 5038 homo;
3293 4982 3341 5027 et

1761 5061 1909 5116 homo
1934 5066 2096 5130 factus
2128 5071 2203 5114 est
2247 5062 2300 5114 in
2327 5077 2404 5127 ea,
2428 5071 2473 5115 et
2500 5063 2606 5129 ipse
2628 5061 2857 5130 fundavit
2901 5078 3011 5116 eam
3057 5063 3345 5119 Altissimus

1761 5157 1780 5227 (
1809 5154 1954 5208 Psai.
1981 5167 2211 5218 LxxxVI,
2238 5153 2273 5208 5
2311 5150 2352 5224 ).
2387 5153 2441 5206 In
2467 5155 2576 5221 ipsa
2610 5153 2824 5205 civitate
2853 5152 3022 5206 factus
3047 5163 3127 5212 est
3157 5153 3340 5221 homo,

1760 5262 1919 5316 quam
1967 5245 2106 5299 idem
2136 5245 2250 5314 ipse
2283 5243 2518 5297 fundavit
2558 5242 2885 5308 Altissimus,
2930 5243 3019 5311 qni
3070 5244 3120 5296 in
3158 5258 3221 5298 ea
3266 5244 3345 5298 fa-

1761 5347 1880 5392 ctus
1905 5345 1987 5392 est
2011 5336 2191 5389 homo.
2226 5336 2363 5404 Ergo
2389 5334 2611 5388 accessit
2632 5338 2799 5396 homo,
2831 5343 2878 5386 et
2921 5350 3006 5387 cor
3050 5335 3231 5387 altum.
3257 5333 3344 5388 in-

1764 5438 1912 5482 tuere
1938 5427 2203 5481 hominem
2227 5425 2278 5479 in
2308 5424 2471 5480 corde
2519 5425 2627 5479 alto
2660 5425 2818 5478 :vide
2862 5433 3118 5494 quantum
3161 5435 3337 5496 potes,
3427 5451 3429 5453 -

1761 5520 1805 5572 si
1833 5527 2005 5588 potes,
2037 5529 2090 5573 et
2121 5518 2283 5572 Deum
2314 5518 2363 5570 iu
2385 5516 2547 5571 corde
2595 5515 2724 5570 aito.
2771 5516 3012 5570 Accessit
3055 5516 3216 5570 homo
3249 5534 3264 5570 :
3295 5526 3346 5575 ct

1761 5610 1882 5678 quia
1913 5609 2051 5662 Deus
2075 5617 2208 5674 erat,
2240 5616 2294 5661 et
2319 5607 2438 5675 quia
2478 5620 2728 5675 passurus
2767 5615 2880 5660 erat
2903 5607 3118 5672 volens,
3146 5615 3198 5660 et
3224 5607 3346 5675 quia

1761 5699 2062 5767 exemplum
2082 5685 2399 5767 praebiturus
2419 5695 2663 5762 infirmis,
2687 5706 2740 5749 et
2764 5694 2885 5764 quia
2911 5695 3040 5748 nihil
3071 5695 3121 5749 ei
3161 5694 3348 5752 facturi

1762 5828 1845 5941 eo;
1867 5826 2218 5939 plerique
2249 5834 2302 5878 et
2335 5803 2551 5890 potiores
2585 5833 2692 5877 uss.
2723 5825 2863 5890 iusta
2895 5831 3026 5876 cxx.
3049 5831 3106 5877 At
3127 5824 3260 5887 adii,
3283 5825 3350 5877 ad
