3934 6362
549 456 648 512 767

541 567 805 638 erantqui
848 565 1158 629 szeviebant,
1214 573 1464 634 tanquam
1514 575 1735 632 passuro
1793 561 1921 625 Deo,
1949 558 2042 615 sed
2073 559 2124 612 in

539 663 775 724 homine,
799 660 891 714 sed
921 661 970 713 in
1009 673 1168 713 carne
1195 674 1211 723 ;
1234 656 1359 726 quid
1389 655 1628 725 sequitur
1655 654 1676 707 Ἰ
1705 651 1919 722 Sagitta
1949 652 2125 720 infan-

540 756 666 808 tium
694 754 841 821 factm
859 762 974 804 sunt
1005 751 1168 819 plagae
1197 765 1369 803 eorum
1409 747 1502 818 (a).
1528 745 1628 801 Ubi
1655 752 1738 798 est
1766 744 1850 797 illa
1881 743 2128 797 smvitia?

539 846 626 900 ubi
653 854 734 898 est
761 844 846 897 ille
865 841 1102 897 fremitus
1129 839 1318 903 leonis,
1352 838 1526 907 populi
1580 835 1835 905 rttgicntis
1858 845 1913 888 et
1938 834 2128 888 dicen-

538 936 624 996 tis,
656 932 923 1002 Cruciﬁge,
951 930 1230 1000 cruci/iga?
1257 928 1340 982 ttbi
1387 935 1513 982 sunt
1559 926 1760 980 insidia:
1804 940 1984 980 arcum
2013 934 2126 978 ten-

539 1026 776 1079 dentium
805 1024 835 1076 ?
867 1022 1051 1076 Nonne
1090 1021 1285 1090 sagitta
1310 1019 1580 1088 infantium
1631 1022 1781 1086 factte
1817 1025 1932 1069 sunt
1961 1015 2128 1085 plaga:

539 1131 711 1167 eorum
732 1113 757 1166 ἵ
781 1112 958 1166 Nostis
983 1108 1426 1180 quemadmodum
1457 1107 1559 1160 sibi
1605 1107 1804 1159 faciunt
1829 1103 1896 1159 (le
1939 1103 2126 1158 canni-

542 1205 628 1258 tiis
652 1204 869 1274 sagittas
900 1203 1143 1256 infantes.
1171 1199 1307 1265 Quid
1351 1198 1569 1262 feriunt,
1601 1207 1692 1251 aut
1719 1197 1856 1251 unde
1881 1195 2076 1250 feriunt
2101 1194 2128 1249 ἲ

539 1311 659 1365 quae
709 1298 916 1357 manus,
966 1303 1057 1346 aut
1097 1291 1236 1359 quod
1274 1291 1625 1359 telum?qum
1676 1302 1844 1352 arma,
1885 1295 1977 1339 aut
2007 1302 2125 1358 quae

535 1385 815 1440 membra?
838 1385 1052 1454 Sagith
1075 1383 1345 1451 infantium
1372 1386 1521 1452 facta
1539 1389 1656 1434 sunt
1673 1381 1838 1450 plagis
1859 1395 2051 1432 eorum.

608 1475 736 1550 15.[
762 1493 889 1530 vers.
922 1476 974 1530 9.
999 1475 1021 1548 Ῑ
1046 1474 1109 1528 Et
1152 1475 1425 1543 inﬁrmata:
1465 1483 1581 1527 sunt
1624 1490 1778 1542 super
1816 1489 1900 1526 eos
1938 1473 2128 1542 lingua!

533 1586 723 1623 eorum.
748 1571 952 1624 Acnant
980 1583 1119 1622 nunc
1139 1568 1343 1637 linguas
1399 1557 1523 1619 suas
1561 1572 1811 1632 tanquam
1866 1563 2120 1633 gladium,

535 1660 747 1713 lirment
787 1657 884 1712 sibi
913 1672 1211 1711 sermonem
1263 1654 1577 1726 malignum.
1627 1653 1812 1708 Merito
1856 1652 1956 1708 sibi
2001 1668 2120 1708 eum
2171 1676 2174 1678 ν

537 1748 929 1812 ﬁrmaverunt;
963 1748 1084 1817 quia
1109 1748 1382 1822 infirmata:
1420 1753 1537 1810 sunt
1582 1761 1734 1815 super
1796 1761 1878 1799 eos
1936 1745 2124 1815 lingat:

532 1857 729 1894 eorum.
756 1839 1018 1908 Numquid
1071 1847 1280 1908 poterat
1318 1851 1438 1892 esse
1485 1836 1588 1890 hoc
1615 1835 1823 1889 ﬁrmum
1869 1835 2122 1891 adversus

533 1931 700 1986 Deum
724 1932 747 1984 Ἰ
769 1931 981 1985 Mentita
1017 1940 1109 1995 est,
1141 1930 1327 1999 inquit,
1369 1929 1608 1999 iniquitas
1633 1927 1726 1981 sibi
1755 1930 1771 1998 (
1805 1926 1946 1981 Psal.
1973 1944 2120 1992 sxw,

534 2022 602 2076 12
628 2022 645 2092 )
677 2039 690 2075 :
718 2019 1001 2087 Inﬁrmata;
1023 2030 1140 2074 sunt
1183 2036 1337 2090 super
1363 2035 1447 2072 eos
1500 2017 1689 2088 lingua:
1736 2035 1925 2071 eorum.
1982 2017 2122 2074 Ecce

535 2113 827 2167 resurrexit
854 2108 1108 2165 Dominus
1154 2110 1242 2180 qui
1271 2110 1484 2164 occisus
1512 2118 1646 2163 erat.
1674 2109 1993 2163 Transibant
2019 2125 2118 2162 an-

530 2211 585 2259 te
613 2217 848 2270 crucem,
890 2203 970 2256 vel
1008 2201 1239 2266 stabant,
1293 2211 1346 2254 et
1403 2198 1744 2253 intuebantur
1774 2200 1943 2263 illum,
1981 2199 2120 2253 sicut

531 2299 681 2348 tanto
719 2302 843 2348 ante
907 2290 1140 2361 psalmus
1191 2290 1552 2359 prmdixerat:
1597 2287 1860 2342 Foderunt
1933 2306 2117 2342 manus

527 2399 664 2436 meas
691 2392 738 2437 et
767 2383 917 2451 pedes
943 2398 1076 2436 meos
1107 2397 1126 2446 ;
1173 2381 1610 2434 dinumeraverunt
1639 2379 1809 2433 omnia
1835 2395 1950 2431 ossa
1976 2395 2105 2433 mea.

530 2471 640 2541 Ipsi
667 2489 779 2526 vero
799 2474 1236 2527 consideraverunt
1264 2479 1311 2524 et
1340 2479 1644 2540 aspexerunt
1675 2486 1752 2522 me
1781 2471 1798 2536 (
1835 2468 1973 2522 I’sal.
2001 2485 2114 2533 xu,

528 2564 616 2625 l7,
673 2564 802 2634 18).
848 2563 997 2617 Tunc
1043 2571 1206 2630 caput
1245 2561 1515 2631 agitabant
1565 2560 1917 2614 dicentes:Si
1950 2558 2116 2612 Filius

527 2654 624 2710 Dei
650 2665 741 2721 est,
765 2656 1027 2708 descendat
1050 2656 1110 2706 de
1137 2669 1306 2707 cruce.
1329 2652 1692 2707 Tcntavcrunt
1719 2650 2114 2720 quodammodo

525 2754 702 2798 utrum
726 2743 890 2798 Filius
918 2744 1009 2798 Dei
1039 2754 1198 2803 esset,
1231 2742 1450 2810 etquasi
1486 2740 1802 2795 invenerunt
1826 2740 1965 2808 quod
2009 2755 2112 2795 non

525 2846 692 2899 esset,
716 2836 836 2905 quia
862 2834 1236 2889 insultantibus
1259 2834 1381 2897 illis,
1421 2832 1489 2886 de
1511 2848 1669 2887 cruce
1695 2848 1798 2886 non
1822 2833 2114 2889 descende-

526 2924 616 2979 bat
639 2920 1073 2979 :sideseenderct
1099 2925 1165 2976 de
1190 2938 1366 2983 cruce,
1401 2922 1567 2976 Filius
1603 2923 1696 2976 Dei
1728 2932 1869 2977 esset
1899 2922 2110 2991 (Matth.

526 3030 695 3075 xxvn,
718 3014 921 3082 40-43).
953 3014 1086 3080 Quid
1122 3013 1213 3066 tibi
1251 3012 1557 3080 videturqui
1588 3011 1654 3066 de
1704 3026 1862 3066 cruce
1892 3028 1996 3065 non
2020 3013 2113 3069 de-

524 3105 748 3167 scendit,
771 3118 823 3158 et
852 3105 918 3158 de
943 3105 1186 3172 sepulcro
1212 3103 1444 3156 surrexit
1472 3102 1496 3156 ’ἒ
1521 3101 1657 3169 Quid
1686 3117 1814 3171 ergo
1867 3101 2110 3170 profece-

523 3207 644 3252 runt
666 3196 694 3250 ’ἲ
723 3196 874 3264 Quod
922 3197 1018 3250 etsi
1078 3196 1334 3250 Dominus
1392 3209 1494 3248 non
1537 3195 1936 3258 resurrexisset,
1985 3192 2110 3264 quid

525 3287 893 3359 profecissent,
943 3287 1042 3341 nisi
1090 3286 1229 3355 quod
1275 3284 1612 3356 proiecerunt
1656 3292 1711 3341 et
1744 3293 2112 3355 persecutores

522 3387 810 3448 martyrum
835 3379 858 3431 ?
907 3377 1034 3431 Nam
1058 3388 1109 3430 et
1130 3384 1390 3448 martyres
1408 3375 1641 3430 nondum
1656 3387 2025 3441 surrexerunt,
2053 3386 2108 3430 et

523 3474 696 3524 tamen
740 3469 811 3522 illi
856 3483 958 3522 n0n
1029 3467 1406 3537 profecerunt:
1441 3467 1672 3521 nondum
1718 3468 2106 3537 resurgentium

518 3560 628 3630 jam
660 3561 892 3614 natalitia
923 3560 1274 3616 celebramus.
1308 3557 1407 3615 Ubi
1453 3569 1535 3612 est
1561 3558 1705 3613 furor
1734 3558 2109 3613 szevientium?

522 3651 735 3721 Sagitta!
756 3652 1026 3720 infantium
1056 3651 1206 3721 factte
1229 3660 1346 3702 sunt
1377 3647 1544 3718 plaga
1584 3663 1778 3707 eorum,
1807 3656 1852 3700 et
1871 3648 2106 3715 inﬁrma-

521 3750 589 3795 ta:
613 3751 730 3796 sunt
767 3757 920 3810 super
944 3756 1027 3793 eos
1054 3739 1243 3810 linguae
1267 3754 1460 3792 eorum.
1505 3737 1622 3802 Quo
1648 3736 2019 3806 perduxerunt
2045 3737 2107 3791 il-

520 3834 599 3891 las
621 3835 974 3900 scrutationes
993 3847 1136 3897 suas,
1169 3846 1301 3901 quas
1333 3839 1724 3898 perscrutantes
1769 3827 2102 3892 defecerunt,

519 3937 578 3981 ut
603 3928 761 3981 etiam
791 3934 998 3978 mortuo
1022 3923 1245 3977 Domino
1257 3931 1308 3974 et
1325 3920 1552 3989 sepulto,
1575 3919 1822 3973 custodes
1838 3930 2102 3990 ponerent

518 4019 585 4073 ad
611 4017 910 4087 sepulcrum
936 4017 960 4070 ?
993 4015 1248 4069 Dixerunt
1295 4012 1437 4066 enim
1470 4010 1660 4075 Pilato,
1688 4010 1939 4064 Seductor
1970 4011 2102 4076 ille;

517 4110 622 4165 hoc
641 4108 1005 4180 appellabatur
1025 4107 1240 4160 nomine
1266 4101 1523 4159 Drmiam:
1561 4102 1717 4158 Jesus
1742 4101 2004 4168 Christus,
2037 4103 2104 4157 ad

516 4201 759 4255 solatium
781 4213 1059 4254 servorum
1100 4210 1316 4251 suorum
1343 4191 1556 4264 quando
1581 4192 1829 4248 dicuntur
1854 4194 2102 4247 seducto-

515 4308 604 4347 res
634 4307 799 4363 :ergo
832 4289 905 4345 illi
956 4290 1146 4354 Pilato,
1197 4287 1447 4342 Seductor
1486 4285 1587 4347 ille,
1645 4285 1913 4353 inquiunt,
1967 4286 2097 4338 dixit

511 4383 682 4435 adhuc
706 4382 869 4434 vivens
899 4395 918 4434 :
945 4379 1068 4434 Post
1098 4389 1197 4431 tres
1216 4378 1321 4431 dies
1350 4391 1626 4445 resurgant.
1656 4373 1790 4429 lube
1825 4377 1990 4446 itaque
2014 4393 2101 4428 cu-

511 4474 691 4528 stodiri
726 4473 1012 4541 sepulcrum
1039 4486 1193 4540 usque
1217 4470 1270 4521 in
1315 4467 1446 4520 diem
1498 4467 1740 4529 tertium;
1783 4482 1845 4519 ne
1865 4471 1993 4536 forte
2013 4482 2099 4520 re-

513 4566 654 4618 uiant
675 4563 912 4631 discipuli
939 4563 1068 4630 ejus,
1093 4569 1137 4613 et
1162 4563 1394 4631 furentur
1440 4574 1571 4616 eum,
1601 4565 1647 4610 et
1693 4557 1865 4609 dicant
1917 4557 2048 4625 plebi
2081 4597 2097 4620 ,

512 4655 748 4709 Surrexit
770 4670 800 4704 a
819 4652 1023 4704 murtetis
1050 4668 1065 4714 ;
1096 4659 1142 4702 et
1167 4648 1258 4701 erit
1279 4649 1573 4700 novissimus
1591 4662 1731 4699 error
1754 4647 1896 4716 pejor
1912 4648 2097 4715 priore.

511 4747 597 4798 Ait
626 4745 726 4798 illis
755 4742 954 4795 Pilatus
983 4759 1000 4793 :
1025 4739 1232 4793 ilabetis
1270 4738 1587 4798 custodiam;
1617 4739 1702 4799 ite,
1735 4737 1977 4788 custodite
1992 4737 2095 4789 sic-

511 4845 566 4887 ut
608 4835 762 4886 scitis.
809 4831 898 4884 Illi
953 4840 1118 4883 autent
1168 4828 1405 4881 abeuntes
1451 4828 1735 4879 munierunt
1786 4826 2095 4894 scpulcrum,

511 4927 766 4994 signantes
805 4922 1023 4990 lapidem
1044 4935 1156 4972 cum
1182 4917 1471 4971 custodibus
1501 4915 1683 4984 (Ibid.,
1718 4917 1888 4970 65-66
1925 4915 1966 4984 ).
1999 4916 2101 4969 Po-

508 5015 729 5061 suerunt
787 5003 1031 5059 custodes
1098 5002 1293 5058 milites
1340 5000 1404 5053 ad
1459 4999 1778 5068 sepulcrum.
1824 4997 2097 5054 Concussa

511 5109 650 5153 terra
683 5096 937 5152 Dominus
988 5097 1280 5149 resurrexit
1310 5111 1324 5148 :
1357 5092 1605 5146 miracula
1654 5092 1789 5146 facta
1829 5103 1952 5146 sunt
1974 5093 2095 5148 talia

507 5193 648 5245 circa
673 5190 995 5258 sepulcrum,
1028 5195 1156 5242 utet
1177 5187 1274 5254 ipsi
1302 5186 1494 5239 milites
1536 5186 1622 5253 qui
1650 5183 1898 5238 custodes
1927 5185 2093 5239 adve-

511 5289 720 5345 nerant,
745 5288 906 5333 testes
938 5278 1142 5339 ﬁerent,
1193 5276 1236 5329 si
1265 5276 1460 5329 vellent
1509 5289 1632 5328 vera
1685 5274 1964 5340 nuntiare;
2001 5275 2095 5330 sed

507 5373 725 5426 avaritia
757 5372 840 5424 illa
871 5386 990 5439 qua:
1018 5366 1629 5436 captivavitdiscipnlum
1661 5366 1907 5418 comitem
1941 5364 2095 5421 Chri-

507 5464 973 5531 tsti,captivavitet
1015 5462 1233 5515 militem
1259 5458 1534 5513 custodem
1577 5457 1828 5525 sepulcri.
1875 5457 2087 5524 Damus,

509 5556 769 5621 inquiunt,
799 5554 934 5606 vobis
964 5552 1224 5622 pecuniam
1253 5568 1270 5614 ;
1301 5560 1346 5602 et
1370 5550 1519 5602 dicite
1540 5549 1658 5616 quia
1679 5549 1814 5602 vobis
1835 5549 2092 5602 dormien-

507 5651 635 5701 tibus
674 5655 905 5700 venerunt
943 5644 1174 5715 discipuli
1205 5645 1336 5713 ejus,
1381 5651 1428 5695 et
1471 5639 1780 5694 abstulerunt
1827 5639 1975 5712 eum(
2001 5641 2089 5696 Id.

565 5801 772 5857 (’l)|l;BC
798 5811 904 5861 pars
949 5798 994 5855 ᾖ.
1020 5797 1049 5845 8
1093 5803 1322 5847 tractatur
1368 5807 1512 5856 supra
1558 5795 1603 5842 in
1637 5798 1773 5841 Enar.
1822 5798 1939 5843 Psat.
1995 5809 2087 5855 m,

509 5896 559 5930 η.
592 5883 664 5930 ιδ.

1775 445 1834 503 8.
1874 443 2243 502 AUGUSTINI
2282 446 2585 505 EPISCOPI

3719 450 3817 508 768

2235 577 2421 624 xxvnt,
2459 562 2545 625 12,
2580 562 2713 636 13.).
2752 562 2887 619 Vere
2927 563 3213 634 defecerunt
3238 573 3518 620 scrutantes
3554 569 3816 621 scrutatio-

2235 669 2338 706 πα.
2361 653 2497 719 Quid
2513 663 2612 718 est,
2646 654 2786 725 quod
2807 655 3006 720 dixisti,
3035 670 3069 710 o
3088 655 3266 712 infelix
3305 657 3539 712 astutia?
3566 657 3814 712 Tantum-

2235 757 2302 796 ne
2343 742 2547 798 deseris
2598 745 2768 799 lucem
2814 746 3028 801 consilii
3083 746 3314 815 pietatis,
3363 756 3418 802 et
3466 748 3518 801 in
3557 748 3812 818 profunda

2239 834 2483 887 versutia:
2516 836 2531 865 ⁸
2555 833 2901 906 demergeris,
2930 846 2988 890 ut
3023 835 3125 891 hoc
3150 837 3297 892 dicas
3330 855 3343 890 :
3374 838 3544 893 Dicite
3569 841 3692 909 quia
3720 856 3810 892 vo-

2233 922 2312 977 bis
2339 926 2724 982 dormientibus
2747 936 3009 986 venerunt
3035 929 3277 998 discipuli
3320 929 3455 998 ejus,
3485 939 3541 985 et
3581 930 3812 988 abstule-

2233 1025 2356 1070 ntnt
2379 1018 2542 1071 eum?
2572 1019 2906 1075 Dormientes
2958 1030 3120 1076 testes
3155 1020 3375 1078 adhibes
3407 1041 3420 1076 :
3463 1039 3589 1078 vere
3615 1033 3670 1078 tu
3701 1025 3818 1094 ipse

2232 1104 2567 1174 obdormisti,
2591 1111 2679 1177 qui
2710 1110 2998 1165 scrutando
3021 1111 3142 1166 talia
3185 1111 3446 1168 deiecisti.
3494 1114 3550 1169 Si
3576 1114 3811 1169 dormie-

2234 1196 2379 1257 bant,
2399 1198 2527 1271 quid
2549 1200 2727 1256 videre
2748 1205 3076 1271 potuerunt?
3103 1204 3147 1258 si
3201 1205 3330 1259 nihil
3361 1207 3627 1274 viderunt,
3673 1225 3811 1276 quo-

2230 1288 2392 1343 modo
2418 1298 2586 1346 testes
2609 1293 2902 1349 suntl'Scd
2953 1295 3239 1362 defecerunt
3286 1290 3562 1353 scrutantes
3608 1312 3807 1353 scruta-

2231 1380 2434 1435 tiones:
2473 1381 2782 1440 defecerunt
2831 1386 3024 1454 a,lnce
3079 1389 3191 1454 Dei,
3239 1388 3547 1446 defecerunt
3594 1392 3645 1446 in
3693 1391 3812 1461 ipso

2229 1469 2420 1525 ell‘ectu
2439 1474 2784 1530 consiliorum
2803 1491 3020 1533 suorum
3053 1495 3066 1531 :
3098 1478 3308 1549 quando
3331 1481 3472 1550 quod
3499 1483 3806 1549 voluerunt,

2229 1558 2360 1614 nihil
2390 1563 2646 1630 perﬁcere
2685 1574 2988 1634 potuerunt,
3027 1568 3209 1637 utique
3247 1569 3555 1625 defecerunt
3586 1589 3601 1624 :
3631 1571 3810 1641 Quare

2229 1647 2333 1703 hoc
2357 1648 2382 1704 τ
2406 1651 2534 1719 Quia
2551 1655 2776 1708 accessit
2801 1654 2985 1722 homo,
3007 1666 3061 1713 et
3079 1671 3173 1712 cor
3198 1659 3362 1713 altum
3397 1676 3410 1724 ;
3462 1669 3515 1715 et
3543 1664 3813 1717 exaltatus

2227 1750 2309 1794 est
2329 1740 2488 1795 Deus.
2521 1742 2806 1812 Propterea
2844 1756 3026 1816 postea
3085 1763 3204 1803 cum
3255 1749 3570 1806 innotuisset
3612 1752 3809 1808 Christi

2226 1832 2566 1900 resurrectio,
2597 1843 2651 1889 et
2680 1837 2894 1890 veniens
2918 1837 3146 1909 Spiritus
3171 1852 3382 1897 sanctus
3404 1843 3647 1914 impleret
3673 1846 3813 1900 ﬁduo

2224 1920 2304 1974 cia
2348 1922 2595 1978 timentes
2633 1927 3252 1999 quosdam-discipulus,
3298 1941 3354 1986 ut
3401 1934 3656 1988 auderent
3693 1936 3821 2004 jam.

2225 2023 2450 2068 mortem
2477 2030 2581 2069 non
2607 2016 2852 2071 timentes
2882 2020 3170 2088 prmdicare
3201 2022 3343 2090 quod
3373 2022 3631 2090 viderant,
3656 2027 3812 2082 exal-

2226 2109 2336 2157 tato
2367 2104 2477 2160 Deo
2497 2105 2550 2158 in
2572 2105 2848 2175 majestate
2879 2124 2992 2170 sua,
3025 2111 3112 2178 qui
3139 2123 3354 2182 propter
3387 2126 3620 2169 nostram
3652 2118 3810 2171 inﬁr-

2220 2192 2459 2248 mitatem
2484 2194 2697 2250 humilis
2720 2195 2989 2265 judicatus
3015 2208 3096 2253 est
3121 2215 3136 2264 ;
3165 2210 3219 2254 et
3248 2201 3335 2254 ubi
3361 2214 3639 2272 cmperunt
3660 2208 3807 2260 tuba:

2222 2282 2470 2337 cmlestes
2501 2299 2790 2353 personare
2824 2287 3060 2356 judicem
3096 2300 3400 2357 venturum,
3434 2309 3586 2360 quem
3639 2296 3813 2361 primo

2221 2371 2461 2426 viderant
2483 2373 2798 2443 judicatum,
2823 2377 3112 2432 Conturbati
3137 2390 3250 2433 sunt
3266 2396 3435 2435 omnes
3458 2384 3541 2452 qui
3574 2385 3812 2441 videbant

2219 2477 2322 2514 sos.
2367 2462 2610 2519 Exaltato
2659 2466 2787 2530 Deo,
2815 2476 2870 2520 ut
2909 2467 3038 2528 disi,
3093 2470 3377 2538 prtedicato
3427 2471 3658 2539 Christo,
3710 2475 3820 2530 visi

2219 2563 2342 2606 sunt
2365 2552 2533 2608 Judtei
2563 2571 2591 2607 a
2620 2557 2936 2625 quibusdam
2966 2558 3185 2626 Judmis,
3211 2561 3306 2615 visi
3353 2573 3473 2616 sunt
3496 2564 3813 2621 deﬁcientes

2220 2643 2270 2698 in
2291 2646 2704 2702 scrutationibus
2747 2650 2874 2703 suis.
2902 2648 3165 2705 \‘idebant
3201 2654 3341 2706 enim
3375 2652 3448 2707 illi
3504 2654 3555 2707 in
3591 2657 3815 2711 nomine

2216 2735 2732 2792 crucilixi.etoccisi
2778 2741 3019 2795 manibus
3035 2742 3164 2807 suis,
3203 2741 3312 2797 ﬁeri
3337 2752 3479 2797 tanta
3519 2746 3809 2800 miracula:

2217 2839 2554 2881 recesserunt
2580 2831 2826 2884 eordeab
2848 2832 2925 2885 eis
2965 2831 3054 2902 qui
3085 2849 3488 2902 permanserunt
3520 2837 3572 2891 in
3611 2838 3809 2906 impie-

2219 2925 2362 2980 tate;
2391 2917 2660 2986 diSplicuit
2685 2920 2762 2975 eis
2790 2921 3001 2975 illorum
3047 2923 3240 2978 duritia
3271 2943 3288 2991 ;
3321 2928 3642 2995 quaesierunt
3671 2945 3810 2984 con-

2216 3007 2391 3061 silium
2425 3009 2614 3064 salutis
2656 3026 2788 3077 sum,
2820 3022 2873 3065 et
2900 3011 3150 3067 dixerunt
3200 3017 3469 3085 Apostolis
3499 3037 3512 3072 :
3554 3018 3695 3086 Quid
3723 3025 3806 3091 [a-

2214 3102 2402 3155 ciemus
2430 3100 2771 3157 IConturbati
2791 3120 2917 3174 ergo
2955 3115 3072 3159 sunt
3098 3124 3269 3160 omnes
3310 3109 3397 3178 qui
3443 3111 3678 3164 uidebant
3723 3130 3809 3167 eos

2216 3191 2236 3264 (
2265 3190 2357 3245 Act
2403 3207 2462 3256 tl,
2487 3191 2657 3266 1-57)
2688 3211 2702 3247 :
2736 3195 2786 3249 id
2819 3204 2933 3258 cst,
2989 3197 3078 3265 qui
3125 3198 3488 3268 intelligebant
3539 3202 3681 3270 quod
3710 3204 3811 3256 lin-

2213 3298 2330 3352 gua:
2356 3298 2538 3337 eorum
2570 3283 2850 3339 inﬁrmata:
2890 3297 3015 3340 sunt
3063 3301 3225 3358 super
3251 3304 3365 3355 eos,
3406 3292 3492 3360 qui
3547 3292 3805 3364 intelligo»

2211 3375 2341 3431 bant
2386 3376 2507 3446 quia
2554 3378 2605 3431 in
2653 3378 2902 3434 omnibus
2945 3379 3055 3434 suis
3099 3380 3252 3435 ntalis
3296 3384 3811 3450 perscrutationilius

2212 3467 2553 3522 consiliorum
2631 3467 2826 3538 ubique
2893 3468 3229 3526 defecerunt.
3296 3472 3606 3528 Conturbati
3683 3487 3809 3530 sunt

2211 3559 2320 3613 isti.

2283 3651 2371 3706 16.
2400 3648 2419 3723 [
2445 3666 2569 3704 vers.
2597 3650 2717 3724 10.]
2744 3652 2807 3705 Et
2829 3655 2992 3706 timuit
3029 3654 3190 3707 omnis
3217 3656 3385 3709 homo.
3437 3657 3536 3724 Qui
3584 3676 3692 3714 non
3743 3660 3814 3715 tio

2209 3752 2476 3807 muerunt,
2503 3760 2598 3798 nec
2633 3744 2873 3799 homines
2920 3747 3150 3800 fuerunt.
3188 3746 3371 3801 Timuit
3416 3753 3578 3805 omnis
3605 3754 3762 3808 homo
3793 3771 3812 3808 :

2210 3835 2363 3888 idest
2392 3837 2568 3888 omnis
2601 3846 2754 3890 ntens
2791 3839 2996 3892 ratione
3023 3838 3088 3892 ad
3122 3839 3456 3910 intelligenda
3501 3859 3622 3913 qua:
3667 3844 3809 3900 facta

2209 3934 2377 3979 erant.
2416 3926 2565 3981 Unde
2598 3928 2670 3981 illi
2706 3929 2794 3997 qui
2854 3943 2958 3982 non
3013 3931 3323 3998 timuerunt,
3377 3946 3566 4001 pecora
3623 3937 3810 4005 potius

2205 4017 2512 4070 nominandi
2553 4027 2697 4082 sunt,
2738 4018 2922 4073 bestia:
2978 4021 3155 4088 potius
3198 4021 3458 4077 immanes
3498 4031 3554 4078 et
3598 4035 3805 4081 truces.

2206 4102 2317 4160 Leo
2362 4107 2574 4174 rapiens
2603 4116 2657 4160 et
2685 4108 2921 4177 rugiens,
2969 4109 3058 4163 ille
3095 4109 3269 4164 adhuc
3295 4112 3540 4181 populus.
3572 4115 3646 4167 At
3674 4130 3810 4171 vero

2205 4196 2555 4250 omnishomo
2585 4198 2799 4250 timuit:
2847 4197 2898 4252 id
2947 4207 3059 4263 est,
3107 4202 3196 4268 qui
3230 4200 3450 4256 credere
3489 4197 3802 4265 voluerunt,

2205 4288 2293 4354 qui
2342 4285 2598 4354 judicium
2654 4295 2939 4339 venturum
2997 4296 3452 4344 centremuerunt.
3498 4290 3565 4343 Et
3624 4277 3804 4346 timuit

2205 4377 2366 4429 omnis
2395 4377 2544 4429 homo
2569 4393 2590 4430 :
2615 4387 2659 4430 et
2705 4379 3128 4432 annuntiauerunt
3156 4396 3309 4449 opera
3338 4381 3450 4435 Dei.
3481 4381 3573 4438 Ille
3601 4385 3691 4451 qni
3719 4386 3804 4439 di-

2203 4469 2377 4534 ccbat,
2424 4469 2467 4522 Α
2510 4470 2686 4522 timore
2722 4471 2914 4522 inimici
2954 4487 3073 4524 erue
3113 4473 3335 4525 animam
3383 4491 3582 4542 meam,
3631 4481 3800 4530 timuit

2203 4561 2366 4613 omnis
2392 4560 2560 4613 homo.
2586 4563 2627 4614 A
2679 4561 2868 4616 timore
2918 4561 3120 4615 inimici
3148 4565 3452 4626 eruebatur,
3475 4566 3568 4620 sed
3615 4568 3797 4622 timori

2207 4650 2297 4702 Dei
2326 4650 2671 4703 subdebatur.
2704 4649 2818 4703 Non
2867 4652 3087 4705 timebat
3117 4667 3230 4719 eos,
3261 4655 3347 4722 qui
3405 4669 3599 4724 corpus
3639 4660 3786 4712 occi-

2202 4741 2354 4803 dunt,
2384 4742 2476 4795 sed
2522 4756 2643 4795 eum
2688 4741 2776 4810 qui
2837 4751 3150 4810 potestatem
3205 4744 3380 4806 habet,
3409 4754 3464 4800 et
3513 4760 3712 4814 corpus
3740 4756 3798 4803 et

2201 4831 2431 4884 animam
2477 4831 2691 4886 mittere
2721 4833 2772 4884 in
2815 4831 3150 4902 gehennrtm(
3183 4833 3442 4901 Matt/nx,
3471 4834 3541 4890 28
3574 4840 3611 4904 ).
3645 4838 3793 4890 Pna-

2201 4923 2514 4976 dicaverunt
2543 4923 2819 4975 Dominum
2857 4942 2869 4976 :
2919 4940 3038 4976 nam
3066 4925 3235 4992 primo
3284 4925 3472 4980 Petrus
3517 4929 3713 4995 timuit,
3738 4938 3796 4984 et

2201 5013 2471 5066 inimicum
2509 5013 2972 5077 timuit;nondum
3002 5023 3117 5066 erat
3143 5015 3316 5068 anima
3365 5017 3478 5084 ejus
3523 5027 3675 5071 eruta
3724 5019 3793 5071 ab

2201 5105 2437 5159 inimico.
2465 5105 2823 5174 Interrogatus
2853 5105 2919 5159 ab
2943 5107 3132 5160 ancilla
3168 5109 3309 5177 quod
3339 5109 3474 5162 inter
3497 5109 3790 5178 discipulos

2201 5197 2316 5264 ejus
2333 5205 2494 5259 esset,
2523 5197 2732 5264 negavit
2780 5196 3057 5249 Dominum
3089 5207 3168 5250 ter
3193 5196 3321 5265 (Id.
3348 5214 3490 5263 xxvn,
3518 5199 3585 5254 69
3612 5202 3651 5268 ).
3679 5196 3787 5254 Re-

2200 5288 2431 5340 surrexit
2458 5287 2750 5348 Dominus,
2803 5287 3033 5339 ﬁrmavit
3070 5288 3372 5341 columnam
3407 5289 3555 5357 :jam
3595 5290 3790 5345 Petrus

2200 5376 2451 5446 praedicat
2475 5376 2591 5430 sine
2632 5378 2842 5442 timore,
2900 5386 2954 5430 et
2996 5392 3116 5430 cum
3166 5379 3356 5434 timore
3384 5382 3538 5442 ;sine
3592 5380 3789 5435 timore

2197 5484 2382 5522 eorum
2423 5468 2512 5538 qui
2542 5484 2737 5536 corpus
2758 5469 3030 5534 occidunt,
3048 5485 3170 5523 cum
3197 5471 3386 5526 timore
3431 5471 3546 5540 ejus
3574 5474 3661 5541 qui
3685 5472 3785 5526 ha-

2198 5558 2618 5629 betpotestatem
2645 5567 2699 5612 et
2724 5573 2917 5626 corpus
2945 5568 2997 5613 et
3019 5560 3249 5613 animam
3271 5557 3547 5615 occidendi
3593 5563 3645 5616 in
3687 5579 3785 5634 ge-

2197 5649 2369 5703 henna
2399 5649 2556 5710 ignis.
2599 5647 2787 5702 Timuit
2833 5651 2996 5704 omnis
3043 5651 3191 5704 homo
3218 5663 3309 5706 :et
3355 5655 3789 5708 annuntiaeerunt

2197 5757 2350 5811 opera
2374 5741 2488 5794 Dei.
2511 5741 2750 5810 Namque
2777 5743 3158 5798 annuntiantes
3177 5744 3310 5800 istos
3347 5747 3627 5815 Apostoles
3659 5761 3788 5816 epo-

2267 5877 2282 5906 ι
2320 5881 2394 5922 ω.
2419 5881 2469 5924 et
2488 5873 2668 5935 aliquot
2693 5881 2818 5928 Mss.
2843 5874 3069 5927 versutia.
