3934 6340
133 288 234 344 769

121 499 431 553 emnmiuati
461 511 586 555 sunt
623 500 862 555 dicentes
899 518 964 554 ne
999 503 1052 554 in
1082 503 1282 556 nomine
1310 503 1437 557 Jcsu
1466 505 1715 570 prtzdica-

127 601 252 643 rent.
287 591 351 643 Et
381 592 458 644 illi
477 592 713 645 dixerunt
741 609 760 646 :
785 591 948 647 Dicite
972 592 1114 647 nobis
1153 595 1235 646 cui
1276 596 1439 664 magis
1465 595 1715 663 obteinpe-

125 698 235 734 rure
275 691 527 751 oporteat,
590 681 713 746 Deo,
763 699 831 734 an
884 682 1166 736 horninibus
1194 683 1212 749 (
1239 683 1348 736 Act.
1374 700 1426 749 ν,
1454 683 1622 738 27-29
1649 685 1666 754 )
1693 685 1716 737 ?

123 774 255 842 Quid
296 775 369 829 illi
416 774 705 829 dicerent?
746 774 1060 830 Hominibus
1119 775 1295 844 potius
1349 789 1506 844 quam
1562 774 1708 828 Deo?

122 867 245 921 Sine
270 867 436 921 dubio
480 883 584 921 non
640 867 1044 934 responderent,
1097 866 1221 931 nisi,
1274 867 1382 920 Deo
1405 867 1598 935 potius.
1632 865 1709 920 illi

119 970 293 1011 autem
316 957 558 1013 sciebant
586 974 702 1026 qua:
727 957 936 1025 iuberet
990 957 1150 1020 Deus,
1178 967 1231 1010 et
1277 965 1711 1026 contempserunt

119 1053 387 1105 minantes
423 1051 748 1105 sacerdotes.
779 1049 910 1116 Quia
964 1063 1092 1118 ergo
1136 1048 1297 1100 timuit
1343 1048 1506 1101 omnis
1535 1046 1706 1108 homo,

119 1158 222 1198 non
253 1143 448 1196 terruit
495 1142 654 1194 homo
688 1158 702 1194 :
733 1150 779 1194 ct
833 1140 1258 1192 annuntiavcrunt
1303 1155 1457 1204 opera
1510 1136 1621 1190 Dei.
1650 1136 1704 1192 Si

119 1233 264 1289 timet
292 1234 478 1298 homo,
530 1247 634 1286 non
687 1241 884 1284 terreat
931 1230 1278 1283 homozeum
1327 1229 1467 1282 enim
1518 1228 1705 1284 timere

115 1325 269 1379 debet
292 1323 477 1388 homo,
508 1339 538 1377 a
567 1338 670 1393 quo
693 1323 860 1376 factus
888 1331 966 1374 est
990 1320 1174 1373 homo.
1207 1318 1357 1384 Quod
1415 1333 1572 1386 Supra
1610 1317 1705 1374 ho-

115 1416 281 1468 mines
306 1427 390 1468 est
410 1415 558 1477 time,
587 1423 639 1467 et
665 1413 908 1466 homines
930 1421 979 1463 te
1018 1426 1122 1464 non
1157 1410 1450 1464 terrebunt.
1479 1409 1700 1464 Mortem

115 1508 493 1574 sempiternam
527 1507 670 1566 time,
701 1515 755 1560 et
802 1513 1113 1570 praesentem
1176 1518 1279 1557 non
1334 1502 1565 1556 curabis.
1596 1502 1700 1557 Vo-

115 1599 366 1664 luptatem
414 1598 557 1650 illam
599 1577 998 1662 incorruptam;
1052 1604 1106 1648 et
1156 1594 1389 1663 quietem
1434 1592 1551 1647 sine
1583 1592 1700 1649 labe

113 1692 545 1758 eoneupisee;et
602 1689 994 1756 promittentem
1035 1686 1170 1739 dona
1218 1685 1315 1739 ista
1364 1685 1694 1753 temporalia,

111 1793 157 1834 et
183 1791 353 1835 totum
406 1779 661 1833 mundum
716 1778 1002 1833 deridebis.
1055 1779 1182 1830 Ama
1233 1791 1379 1844 ergo.
1412 1785 1467 1830 et
1518 1776 1694 1829 time:

112 1887 220 1924 ama
248 1871 392 1942 quod
426 1869 684 1939 promittit
715 1869 872 1932 Deus,
899 1868 1026 1921 time
1057 1865 1196 1936 quod
1241 1866 1467 1919 minatur
1507 1865 1644 1918 Deus
1676 1879 1692 1926 ;

113 1977 202 2015 nec
216 1960 583 2029 corrumperis
609 1975 673 2012 ex
694 1974 762 2021 eo
795 1957 935 2026 quod
983 1956 1260 2025 promittit,
1279 1970 1380 2009 nee
1409 1955 1694 2010 terreberis

108 2068 165 2106 cx
194 2068 258 2107 eo
283 2051 433 2120 quod
479 2051 711 2104 minatur
760 2047 940 2102 homo.
974 2046 1039 2100 Et
1078 2047 1240 2098 timuit
1279 2047 1442 2099 omnis
1491 2044 1641 2098 homo
1672 2057 1689 2097 :

106 2145 588 2198 ctannuntiaverunt
609 2157 763 2207 Opt'ﬂl
795 2138 906 2201 Dei,
936 2147 983 2191 et
1014 2137 1148 2206 facta
1168 2138 1279 2204 ejus
1309 2137 1687 2189 intellexerunt.

103 2235 228 2302 Quid
255 2243 364 2294 est,
399 2237 536 2304 facta
587 2234 697 2301 ejus
745 2230 1095 2283 intellexerunt
1126 2229 1151 2281 ?
1181 2229 1290 2281 Iloc
1330 2237 1446 2281 erat
1481 2227 1626 2292 illud,
1658 2243 1690 2280 0

103 2328 318 2382 Domine
352 2325 478 2381 Jesu
521 2324 754 2385 Christe,
783 2321 922 2392 quod
958 2322 1189 2383 t'teebas,
1222 2330 1272 2374 et
1316 2322 1453 2375 sicut
1476 2321 1590 2373 ovis
1621 2319 1686 2373 ad

103 2419 365 2474 \‘ictimam
391 2415 695 2475 ducebaris,
720 2423 769 2468 et
803 2429 906 2467 nou
945 2411 1220 2479 aperiebas
1247 2425 1426 2464 coram
1453 2409 1686 2463 tonden-

103 2522 149 2567 te
167 2527 223 2568 os
245 2523 416 2572 tuum,
450 2518 504 2565 et
521 2523 621 2563 nos
647 2516 696 2561 te
714 2506 1025 2577 putabamus
1045 2518 1163 2558 esse
1187 2504 1238 2556 in
1258 2505 1405 2573 plaga
1429 2511 1485 2556 ct
1503 2501 1687 2558 dolore

103 2605 342 2672 positum,
402 2611 458 2656 et
506 2602 763 2655 scientem
815 2601 953 2653 ferre
1002 2596 1409 2651 inﬁrmitatem?
1447 2595 1683 2660 Haecine

101 2695 362 2766 eratquod
394 2693 761 2749 abscondebas
779 2691 1008 2759 speciem
1040 2701 1207 2754 tuam,
1235 2689 1481 2758 speciose
1508 2688 1681 2741 forma

100 2804 199 2856 pra:
248 2786 372 2840 ﬁliis
425 2783 734 2863 hominuml
760 2782 903 2836 Psal.
958 2797 1097 2845 xuv,
1131 2782 1164 2835 '5
1191 2781 1259 2848 )?
1291 2779 1523 2834 liocciue
1568 2787 1677 2833 erat

101 2876 240 2941 illud,
262 2877 408 2945 quod
439 2875 702 2929 videbaris
725 2890 827 2927 non
875 2874 1072 2927 habere
1115 2872 1349 2941 speciem
1386 2885 1560 2940 neque
1580 2869 1678 2924 de-

97 2987 264 3026 corem
287 2971 306 3038 (
333 2969 466 3024 Ism'.
502 2985 606 3028 LIII,
634 2967 735 3021 2—7
762 2966 819 3035 )?
841 2966 1095 3020 Portahas
1126 2965 1178 3017 in
1207 2978 1363 3018 cruce
1413 2962 1680 3018 insultan-

99 3073 169 3115 tes
191 3070 242 3116 et
261 3062 504 3115 dicentes
537 3078 551 3113 :
603 3059 663 3113 Si
707 3057 868 3111 Filius
899 3058 989 3110 Dei
1015 3065 1106 3121 cst,
1154 3053 1421 3108 descendat
1445 3053 1508 3107 de
1534 3069 1683 3107 cruce

95 3152 313 3221 (Matth.
368 3167 533 3210 xxvu.
585 3150 715 3219 40).
770 3149 899 3216 Quis
963 3147 1101 3202 forte
1143 3147 1318 3199 sciens
1359 3152 1675 3213 potestatem

98 3254 226 3297 tuam
247 3257 440 3307 servus
468 3251 608 3303 tuus,
639 3251 691 3295 et
731 3241 956 3293 dilectus
1003 3247 1144 3301 tuus,
1199 3252 1305 3292 non
1359 3236 1677 3291 exclamat-it

96 3336 140 3386 in
164 3335 322 3388 corde
348 3349 471 3394 suo,
496 3345 548 3386 et
574 3333 700 3385 dixit
731 3350 744 3386 :
767 3331 811 3386 Ο
833 3333 874 3385 si
907 3330 1064 3383 modo
1110 3328 1485 3391 descenderet,
1512 3338 1565 3381 et
1585 3328 1670 3381 isti

93 3439 264 3478 omnes
302 3421 396 3492 qui
448 3424 701 3477 insultant
733 3421 1225 3476 eonl‘uudereutur?
1255 3419 1358 3474 Sed
1411 3436 1514 3472 nun
1560 3427 1676 3473 erat

94 3515 571 3572 siezmoricndum
599 3524 714 3569 erat
763 3524 980 3584 propter
1039 3512 1349 3574 morituros,
1398 3521 1452 3565 et
1506 3526 1676 3564 resur-

94 3609 303 3677 gendum
334 3616 556 3678 propter
607 3623 816 3676 semper
865 3608 1118 3660 victuros.
1155 3605 1264 3657 lloc
1300 3605 1369 3656 illi
1407 3602 1494 3670 qui
1526 3603 1672 3656 vote-

93 3699 204 3754 baut
227 3701 376 3754 illum
407 3699 476 3754 tle
500 3714 659 3752 cruce
675 3698 1018 3762 descendere.
1045 3712 1148 3748 non
1180 3694 1544 3761 intelligebaut
1578 3711 1592 3754 ;
1617 3703 1671 3747 at

94 3793 166 3847 ubi
197 3791 513 3854 resurrexit,
544 3802 598 3844 et
625 3787 948 3857 glorificatus
976 3785 1218 3839 ascendit
1257 3786 1307 3836 in
1336 3786 1551 3846 cu-lum,
1583 3784 1669 3836 in-

94 3883 399 3938 lcllexerunt
430 3896 590 3950 opera
625 3878 851 3934 Domini.
884 3878 1320 3931 Annuntiavcrunt
1365 3891 1519 3944 apem
1554 3874 1664 3938 Dei,

91 3986 128 4027 ct
151 3979 278 4044 facta
300 3977 418 4047 ejus
441 3974 810 4026 intelletcrunt.

153 4070 232 4122 l7.
265 4066 435 4140 [νει-8.
465 4062 591 4134 11.]
618 4062 892 4116 Laztabitnr
924 4060 1099 4130 justus
1153 4058 1204 4110 in
1263 4057 1496 4110 Domino.
1547 4056 1663 4110 Jam

91 4175 182 4211 non
208 4169 290 4213 est
312 4157 488 4211 tristis
533 4155 727 4223 justus.
784 4153 989 4206 Tristes
1026 4152 1167 4204 enim
1221 4159 1373 4203 erant
1421 4149 1664 4215 discipuli

91 4251 324 4306 crucifixo
342 4249 602 4304 Domino;
624 4244 942 4304 contristati,
959 4252 1247 4296 mmrentcs
1264 4241 1623 4293 discCSserUItt
1649 4255 1664 4303 ;

90 4344 368 4411 perdidisse
416 4355 481 4395 se
517 4353 670 4409 spem
723 4343 1077 4404 putaverunt-
1116 4331 1425 4386 Resurrexit
1462 4331 1663 4394 ;etiam

89 4450 333 4503 apparens
361 4430 782 4486 tristesinveuit.
805 4427 998 4482 Tenuit
1029 4426 1212 4480 oculos
1244 4425 1467 4478 duarum
1501 4424 1552 4476 in
1581 4422 1666 4477 ria

91 4528 482 4589 atnhulantium,
518 4539 586 4576 ne
609 4520 677 4574 ab
706 4522 784 4575 eis
827 4528 1224 4590 agnosceretur,
1258 4527 1310 4570 et
1347 4516 1547 4571 invenit
1571 4531 1665 4569 eos

91 4628 342 4683 gementes
370 4626 428 4670 et
458 4614 787 4683 suspirantes
809 4629 824 4673 ς
847 4623 899 4665 et
931 4611 1097 4666 tenuit
1122 4624 1217 4662 eos
1242 4607 1414 4661 donec
1431 4621 1665 4675 expone-

92 4720 156 4763 ret
200 4711 527 4779 Scripturas,
583 4714 637 4759 et
678 4720 772 4772 per
815 4705 957 4770 ipsas
1011 4701 1316 4766 Scripturas
1357 4699 1664 4752 ostenderet

91 4803 192 4869 quia
219 4803 284 4856 ita
343 4801 462 4854 fieri
508 4797 787 4867 oportebat
833 4794 970 4848 sicut
1042 4795 1232 4845 factum
1269 4798 1371 4844 est.
1420 4789 1664 4843 Ostendit

91 4893 212 4946 enim
243 4893 292 4945 in
316 4890 634 4957 Scripturis.
667 4887 789 4954 quia
813 4893 932 4953 post
967 4884 1182 4937 tertium
1214 4881 1355 4934 diem
1382 4894 1664 4949 resurgere

93 4985 351 5051 oportebat
383 4980 691 5035 Dominum.
715 4977 781 5030 Et
807 4974 1074 5044 quomodo
1111 4973 1268 5026 tertio
1298 4971 1384 5025 die
1417 4985 1662 5038 resurge-

93 5087 176 5138 ret,
216 5075 342 5128 side
369 5087 534 5126 cruce
583 5066 972 5123 descenderet?
1003 5065 1156 5118 Modo
1207 5080 1300 5115 vos
1343 5065 1429 5131 qui
1484 5064 1664 5119 tristes

92 5166 202 5218 estis
222 5166 272 5218 in
313 5165 419 5223 via,
458 5161 502 5215 si
535 5159 733 5214 ludatis
783 5157 1155 5210 iusultantibus
1203 5153 1452 5206 videretis
1481 5151 1660 5205 Domi-

93 5271 199 5309 num
238 5256 304 5309 de
354 5267 522 5307 cruce
566 5248 944 5311 descendisse,
990 5254 1242 5314 quantum
1295 5243 1662 5299 elfcrremini?

88 5345 409 5401 Lmtaremini
434 5343 576 5413 quod
602 5359 692 5395 ora
721 5339 1027 5394 Judmorum
1080 5338 1158 5391 sic
1201 5337 1521 5389 obturasset.
1557 5335 1665 5389 Ex-

92 5448 304 5502 Spectate
320 5435 609 5490 consilium
637 5430 825 5486 medici
853 5447 865 5482 :
896 5428 1034 5498 quod
1067 5443 1168 5479 non
1190 5425 1485 5486 descendit,
1519 5426 1659 5495 quod

93 5530 234 5582 occidi
265 5530 419 5592 vult,
468 5523 760 5577 antidotum
820 5522 960 5575 terit.
1007 5520 1144 5574 Ecce
1183 5518 1293 5587 jam
1348 5519 1658 5581 resurrexit,

93 5633 196 5674 cccc
227 5620 334 5689 jam
389 5617 659 5685 loquitur:
699 5612 931 5667 nondum
990 5609 1295 5680 agnoscitur
1324 5650 1339 5672 ,
1389 5615 1446 5661 ut
1488 5606 1662 5663 laetius

88 5718 403 5777 agu05catur.
454 5705 646 5760 Pustea
674 5702 877 5773 aperuit
901 5701 1084 5758 oculos
1104 5715 1288 5757 eorum
1317 5699 1370 5754 in
1401 5698 1661 5758 fractiono

1082 367 1084 369 b
1239 295 1638 355 ENARBATIO
1675 298 1741 354 IN
1781 301 2105 362 PSALMUM
2147 307 2327 365 LXI".

126 422 185 458 ra
235 406 342 466 Dei,
387 406 751 463 exhibuerunt
797 409 898 465 sibi
943 410 1210 482 principes
1260 413 1616 477 sacerdotum,
1667 424 1720 470 et

3317 326 3420 384 770

1829 415 1980 484 panis
2007 435 2020 472 :
2053 434 2346 488 agnoscunt
2369 440 2487 480 eum
2515 427 2682 499 (Luc.
2706 447 2860 493 xxiv,
2879 433 3049 490 16-46
3067 432 3108 505 ),
3143 435 3408 502 Lutantur,

1823 508 2140 564 exclamant.
2197 512 2472 569 Laetabitur
2503 521 2674 588 justus
2731 523 2784 575 in
2832 523 3070 584 Domino.
3117 527 3402 584 Nuntiatur

1821 595 2031 651 cuidam
2053 599 2277 666 duriori,
2319 604 2475 662 Visus
2526 619 2609 663 est
2655 611 2928 680 Dominus,
2967 620 3257 674 resurrexit
3304 622 3413 675 Do-

1823 686 2001 739 minus
2035 706 2049 741 :
2080 691 2253 746 adhuc
2293 695 2379 748 ille
2407 697 2569 752 tristis
2590 710 2690 764 est,
2715 718 2819 756 non
2836 705 3021 760 credit.
3047 706 3166 762 Nisi
3201 711 3405 780 mimo,

1821 778 2006 843 iuqttit,
2027 797 2230 834 manum
2260 801 2443 849 meam,
2491 802 2536 841 ct
2571 789 2774 859 tetigero
2818 796 3070 850 cicatrices
3121 778 3404 864 clavorum,

1818 880 1918 918 non
1939 869 2459 929 crcdam.Pr:ebetur
2500 889 2553 931 et
2599 895 2793 949 corpus
2853 887 3192 955 tangendum,
3245 893 3407 948 mittit

1817 971 2052 1022 manum,
2076 971 2396 1026 contrectat.
2431 970 2712 1031 exclamat.
2748 972 2993 1028 Dominus
3020 993 3160 1032 meus
3200 991 3247 1033 ct
3272 981 3406 1037 Deus

1815 1051 1998 1104 meus!
2046 1051 2323 1110 Ltrtabitur
2343 1059 2516 1127 justus
2554 1063 2607 1115 in
2653 1063 2890 1120 Domino.
2938 1067 3016 1122 Illi
3064 1086 3192 1140 ergo
3241 1073 3403 1128 ltelati

1813 1142 2075 1229 suntjusti
2104 1145 2154 1198 in
2184 1147 2427 1212 Domino,
2457 1154 2544 1222 qui
2574 1155 2839 1220 viderunt,
2867 1161 3173 1229 tetigerunt,
3202 1171 3402 1218 etcre-

1811 1227 2059 1285 diderunt
2085 1252 2100 1287 :
2129 1237 2252 1304 quid
2278 1236 2406 1306 justi
2437 1243 2524 1310 qui
2575 1244 2732 1298 modo
2761 1257 2884 1301 sunt
2917 1227 2983 1314 ⁸,-
3006 1251 3126 1318 quia
3173 1269 3278 1308 ιιοιι
3321 1256 3402 1308 νὶ-

1811 1320 1975 1388 dent,
2007 1327 2130 1394 quia
2170 1343 2276 1382 non
2339 1339 2575 1401 tangunt,
2611 1351 2715 1389 non
2751 1337 3001 1393 ltelantur
3041 1341 3094 1395 in
3124 1343 3401 1400 Domino?

1807 1411 1877 1464 Et
1901 1414 1988 1468 ubi
2015 1425 2096 1470 est
2125 1418 2210 1471 illa
2242 1435 2341 1474 vox
2371 1422 2576 1477 Domini
2619 1425 2684 1479 ad
2738 1427 2906 1496 ipsum
2939 1429 3233 1485 Thomam:
3263 1432 3399 1498 Quia

1805 1503 1974 1557 vidisti
1990 1522 2086 1569 me,
2113 1509 2375 1563 credidisti
2396 1526 2416 1565 :
2458 1511 2590 1566 beati
2615 1515 2702 1584 qui
2726 1531 2826 1570 non
2860 1519 3110 1586 uiderunt,
3138 1531 3188 1576 ct
3231 1525 3397 1578 credi-

1803 1593 2024 1665 dcrunt(
2052 1597 2207 1654 Joan.
2238 1616 2334 1668 xx,
2378 1602 2466 1658 25-
2483 1604 2552 1658 29
2580 1603 2599 1674 )
2629 1607 2653 1660 ?
2685 1608 2821 1676 Ergo
2849 1625 3038 1664 omnes
3067 1611 3310 1667 laetemur
3337 1615 3392 1669 in

1805 1683 2030 1741 Domino
2056 1703 2070 1750 ;
2104 1703 2290 1745 omnes
2317 1694 2610 1750 secundum
2656 1696 2812 1752 fidem
2842 1714 2976 1754 unus
2996 1699 3171 1769 justus
3199 1702 3388 1770 simus,

1799 1789 2092 1845 omnesque
2114 1779 2164 1832 in
2197 1796 2302 1835 uno
2322 1798 2546 1852 corpore
2597 1773 2776 1841 unum.
2809 1800 2968 1858 caput
2999 1790 3308 1859 habeamus,
3336 1802 3394 1850 et

1800 1867 2042 1924 lattemur
2071 1872 2122 1925 in
2150 1874 2396 1939 Domino,
2421 1893 2526 1932 non
2573 1879 2625 1933 in
2672 1881 2858 1945 nobis;
2888 1882 3012 1952 quia
3050 1882 3246 1939 bonum
3287 1901 3391 1941 no-

1797 1969 1964 2014 strum
1991 1977 2096 2016 non
2123 1979 2222 2019 nos
2261 1967 2435 2030 nobis,
2494 1971 2585 2023 sed
2632 1971 2719 2026 ille
2741 1973 2830 2042 qui
2859 1973 2984 2029 fecit
3012 1989 3129 2029 nos.
3165 1976 3283 2047 Ipse
3306 1985 3392 2032 est

1796 2047 1992 2105 bonum
2028 2063 2266 2110 nostrum
2295 2057 2362 2112 ad
2393 2058 2737 2116 laatilicandos
2761 2078 2879 2118 nos.
2912 2064 2977 2120 Et
3005 2079 3162 2120 nemo
3179 2066 3389 2124 laetetur

1796 2141 1848 2194 in
1878 2157 1957 2204 se,
1991 2160 2150 2199 nemo
2180 2160 2485 2215 praesumat,
2524 2167 2680 2207 nemo
2721 2153 2970 2224 desperet
3014 2156 3083 2211 de
3112 2171 3193 2220 se.
3224 2173 3386 2214 nemo

1793 2231 1862 2286 de
1887 2250 2152 2303 quoquam
2185 2238 2418 2303 homine,
2439 2257 2596 2311 quem
2625 2243 2784 2299 debet
2827 2245 3096 2303 adducere
3117 2257 3174 2302 ut
3198 2249 3379 2305 socius

1793 2325 1860 2378 sit
1888 2327 1998 2395 spei
2034 2328 2217 2396 ipsius.
2270 2347 2374 2384 non
2398 2332 2552 2386 dator
2569 2335 2704 2402 spei.

1865 2416 1950 2470 18.
1986 2415 2259 2472 ιωιαιιὶωι·
2273 2421 2446 2490 justus
2475 2423 2526 2475 in
2551 2421 2767 2478 Domino
2784 2465 2800 2488 ,
2827 2435 2875 2479 ct
2897 2426 3116 2496 sperabit
3139 2429 3192 2483 in
3216 2446 3329 2485 cum
3359 2447 3382 2496 ;

1790 2515 1836 2558 et
1881 2507 2226 2562 laudabuntur
2271 2526 2441 2566 omnes
2465 2514 2552 2579 qui
2589 2516 2710 2568 recti
2752 2525 2868 2569 sunt
2908 2518 3076 2571 corde.
3107 2517 3224 2573 Jam
3253 2521 3378 2590 quia

1792 2596 2046 2652 Dominus
2090 2603 2421 2666 resurrexit,
2447 2603 2556 2672 jam
2599 2604 2718 2673 quia
2763 2608 3005 2661 ascendit
3055 2609 3107 2662 in
3136 2610 3373 2676 cmlum,

1783 2685 1894 2754 jam
1923 2688 2042 2757 quia
2071 2690 2304 2744 ostendit
2343 2707 2464 2748 esse
2492 2693 2650 2746 aliam
2679 2695 2838 2748 vitam
2857 2737 2871 2758 ,
2902 2696 3012 2764 jam
3043 2699 3167 2767 quia
3199 2700 3374 2754 maui-

1785 2777 1977 2833 feSIum
2006 2790 2086 2835 est
2115 2783 2333 2837 consilia
2376 2783 2491 2850 ejus
2526 2787 2719 2855 quibus
2755 2788 3088 2844 latuitenrde
3111 2791 3220 2845 alto
3265 2808 3372 2846 non

1788 2870 1950 2926 fuisse
1982 2872 2178 2937 inania,
2207 2875 2328 2942 quia
2359 2875 2476 2929 ideo
2501 2878 2716 2946 sanguis
2755 2877 2842 2932 ille
2872 2877 3020 2932 fusus
3041 2890 3124 2934 est
3148 2892 3203 2934 ut
3231 2889 3374 2938 esset

1786 2963 2013 3030 pretium
2057 2965 2448 3034 redemptorum
2470 2984 2484 3032 ;
2506 2967 2614 3036 jam
2645 2971 2767 3038 quia
2794 2972 3068 3026 manifesta
3100 2983 3226 3028 sunt
3249 2990 3371 3028 om-

1786 3055 1908 3116 nia,
1936 3055 2056 3124 quia
2101 3057 2383 3125 pra-dicata
2409 3060 2430 3090 '
2455 3069 2578 3112 sunt
2606 3061 2782 3114 omnia
2813 3103 2828 3126 ,
2856 3062 2976 3130 quia
3008 3064 3206 3120 credita
3246 3075 3372 3120 sunt

1783 3145 1982 3206 onmia,
2006 3147 2106 3199 Sub
2132 3149 2274 3201 oumi
2315 3149 2455 3202 etelo
2492 3151 2746 3204 la'tabitur
2770 3154 2944 3222 justus
2971 3156 3020 3208 in
3043 3155 3290 3221 Domino,
3319 3167 3370 3212 et

1781 3235 2000 3301 sperabit
2029 3236 2080 3286 in
2120 3247 2340 3298 cum;et
2390 3239 2731 3292 laudabuntur
2769 3259 2941 3297 omnes
2981 3246 3068 3313 qui
3094 3234 3368 3300 rcctiasunt

1778 3325 1948 3377 corde.
1983 3325 2080 3390 Qui
2109 3338 2231 3381 sunt
2259 3331 2387 3382 recti
2415 3330 2578 3384 corde
2600 3334 2623 3382 ἱ)
2648 3333 2736 3385 Eia
2771 3334 2963 3390 fratres
2993 3339 3118 3401 mei,
3148 3353 3366 3409 semper

1779 3413 2004 3469 dicimus
2030 3458 2044 3480 ,
2075 3425 2127 3470 et
2157 3418 2350 3471 bonan
2387 3433 2470 3474 est
2501 3431 2555 3474 ut
2592 3426 2865 3478 noveritis.
2915 3425 3014 3490 Qui
3056 3439 3181 3482 sunt
3226 3429 3361 3484 recti

1777 3510 1978 3563 corde?
2004 3510 2102 3576 Qui
2134 3513 2312 3565 omnia
2342 3529 2688 3583 quaecumque
2718 3519 2767 3568 in
2798 3516 2896 3571 bac
2923 3519 3025 3570 vita
3056 3519 3360 3587 patiuntur,

1777 3616 1883 3654 non
1907 3618 1966 3655 ea
1993 3603 2226 3658 tribuunt
2261 3605 2576 3673 insipienti:e
2597 3648 2611 3670 ,
2645 3608 2736 3660 sed
2783 3610 3006 3663 consilio
3042 3611 3129 3664 Dei
3152 3611 3216 3664 ad
3241 3628 3359 3667 me-

1776 3693 2004 3746 dicinam
2049 3709 2239 3758 suam;
2270 3711 2368 3751 nec
2411 3708 2738 3764 pratsumunt
2783 3700 2851 3753 de
2889 3701 3094 3768 justitia
3134 3719 3262 3767 sua,
3303 3715 3362 3760 ut

1777 3794 1960 3852 putent
1987 3801 2044 3838 se
2077 3785 2269 3852 injuste
2314 3788 2416 3854 pati
2447 3788 2588 3855 quod
2639 3790 2907 3857 patiuntur
2929 3832 2942 3850 ,
2970 3782 3062 3845 aut
3096 3793 3212 3846 ideo
3238 3811 3359 3851 esse

1777 3874 1943 3928 Deum
1968 3875 2244 3941 injustum,
2272 3878 2391 3943 quia
2426 3893 2528 3930 non
2560 3880 2704 3945 plura
2740 3882 2934 3945 patitur
2965 3882 3051 3948 qui
3085 3882 3203 3951 plus
3231 3896 3356 3950 pec-

1773 3975 1877 4019 cat.
1913 3965 2119 4027 Videte,
2155 3968 2374 4030 fratres;
2406 3969 2519 4022 luce
2547 3985 2686 4039 stupe
2709 3970 2956 4025 dicimus.
2987 3972 3203 4040 Aliquid
3229 3988 3358 4028 scn-

1771 4059 1859 4121 tis,
1887 4058 1998 4111 sive
2023 4059 2311 4111 secundum
2331 4074 2544 4126 corpus,
2565 4062 2676 4113 sive
2705 4063 2992 4115 secundum
3015 4063 3350 4133 dispendium

1772 4149 1848 4202 rei
1885 4149 2156 4201 familiaris
2178 4191 2192 4212 ,
2224 4151 2335 4203 sive
2367 4158 2469 4219 per
2505 4152 2786 4206 orbitatem
2827 4154 3054 4222 aliquam
3091 4155 3351 4210 charissi-

1771 4254 1977 4294 mnrum
2022 4248 2232 4293 tuorum
2267 4241 2411 4294 :nuli
2461 4243 2727 4307 respicere
2756 4255 2849 4296 eos
2887 4258 3021 4311 quos
3067 4245 3202 4299 nosti
3249 4244 3354 4300 ini-

1769 4333 1985 4401 quiores
2012 4343 2061 4385 te
2091 4331 2232 4403 (non
2264 4334 2404 4387 enim
2449 4331 2583 4387 forte
2607 4333 2771 4388 audes
2813 4334 2992 4389 dicere
3029 4336 3230 4403 justum
3264 4345 3315 4390 te
3337 4376 3355 4400 ,

1769 4422 1863 4476 sed
1906 4424 2041 4476 nosti
2072 4426 2281 4490 pejores
2305 4422 2397 4490 te).
2427 4432 2480 4475 et
2509 4422 2698 4475 ﬂorere
2730 4421 2785 4476 in
2816 4422 2947 4486 istis,
2977 4431 3030 4476 el
3051 4438 3153 4477 nou
3178 4424 3359 4493 ﬂagel-

1771 4513 1904 4576 lari;
1958 4522 2013 4565 ιιι
2037 4513 2312 4579 displiceat
2355 4512 2445 4564 tibi
2474 4513 2752 4566 consilium
2787 4513 2877 4565 Dei
2908 4522 2962 4566 ct
2998 4513 3182 4568 dicas:
3217 4513 3358 4568 Ecce

1771 4615 1893 4674 puta
1931 4615 2177 4672 peccator
2197 4619 2312 4656 sum
2336 4647 2348 4661 .
2379 4617 2434 4656 et
2465 4616 2739 4672 propterea
2779 4604 3054 4674 ﬂagellor;
3082 4619 3246 4675 quare
3268 4606 3359 4662 ille

1770 4715 1873 4752 non
1916 4698 2214 4766 ﬂagellatur
2238 4736 2253 4759 ,
2282 4697 2432 4763 cujus
2463 4697 2583 4747 ttm'i
2619 4707 2761 4748 tanta
2793 4697 3029 4765 flagitia?
3058 4697 3356 4763 Quantum-

1768 4805 1996 4857 cumque
2027 4789 2149 4841 mali
2195 4789 2410 4840 fecerim
2441 4803 2570 4857 ego,
2604 4788 2856 4856 numquid
2884 4804 2983 4858 ego
3014 4799 3214 4843 tantum
3257 4789 3354 4845 feci

1768 4890 2025 4948 quantum
2061 4877 2192 4931 ille?
2226 4879 2514 4932 Distortum
2559 4889 2642 4931 est
2671 4894 2764 4932 cor
2802 4886 2969 4932 tuum.
2995 4879 3162 4948 Quam
3185 4880 3357 4942 bonus

1770 4970 1910 5024 Deus
1957 4969 2117 5023 Israel
2144 4985 2159 5032 ;
2188 4968 2280 5022 sed
2324 4969 2484 5022 rectis
2529 4970 2690 5022 corde
2731 4969 2744 5022 1
2777 4969 2872 5023 Tui
2909 4979 3083 5024 autem
3109 4970 3358 5026 labuntur

1769 5061 1952 5128 pedes,
1983 5058 2101 5126 quia
2129 5059 2268 5113 zelas
2309 5059 2360 5111 in
2405 5069 2712 5127 peceatores
2739 5101 2754 5120 ,
2786 5075 2968 5128 pacem
3014 5072 3354 5130 peccatorum

1769 5153 1981 5206 inttens
2025 5151 2195 5222 (Psal.
2226 5167 2366 5205 Lxxn
2392 5192 2406 5216 ,
2441 5152 2579 5219 1-5).
2611 5151 2738 5206 Sine
2782 5167 3008 5213 curare;
3044 5153 3192 5207 novit
3228 5154 3354 5220 quid

1767 5253 1906 5311 agat,
1951 5243 2040 5311 qui
2070 5242 2263 5295 vulnus
2309 5242 2476 5294 novit.
2519 5242 2632 5296 Non
2663 5251 2876 5298 secatur
2914 5245 3070 5301 alius.
3119 5245 3276 5312 Quid,
3310 5246 3355 5303 si

1767 5332 2120 5400 desperatur?
2143 5331 2266 5398 quid
2300 5332 2343 5385 si
2392 5341 2673 5402 propterea
2707 5344 2762 5387 tu
2806 5335 3007 5390 secaris
3028 5377 3044 5403 ,
3073 5337 3197 5405 quia
3246 5351 3356 5392 non

1768 5423 2103 5491 desperaris?
2132 5423 2322 5477 Patere
2363 5438 2489 5493 ergo
2528 5425 2780 5494 quidquid
2821 5428 3018 5496 pateris
3059 5437 3205 5483 recto
3235 5445 3354 5483 cor-

1769 5512 1836 5568 de
1863 5534 1875 5566 :
1911 5513 2057 5566 novit
2079 5513 2222 5567 Deus
2252 5513 2378 5582 quid
2422 5514 2512 5568 tibi
2542 5514 2740 5580 donet,
2772 5517 2898 5587 quid
2936 5519 3030 5574 tibi
3055 5519 3350 5575 subtrahat.

1833 5649 1849 5681 ι
1887 5645 2108 5710 Plerique
2129 5653 2256 5706 nam,
2281 5645 2365 5710 qui
2386 5649 2527 5700 modo
2549 5663 2648 5704 esse
2672 5651 2920 5704 voluerint.

1809 5779 1814 5782 _
1833 5711 1856 5742 ί
1889 5709 2076 5772 aliqum
2089 5715 2218 5772 Itss.,
2235 5710 2490 5773 primum.
