3934 6326
552 294 654 351 ττι

544 406 701 475 Quod
739 404 831 460 tibi
870 400 1080 461 donat.
1109 397 1179 455 ad
1217 395 1643 455 consolationem
1686 391 1898 457 valeat,
1928 403 2034 443 non
2069 386 2139 443 ad

544 496 981 565 corruptionem;
1009 499 1064 547 et
1089 489 1233 561 quod
1258 487 1351 542 tibi
1376 484 1678 547 subtrahit,
1707 480 1773 535 ad
1804 478 2140 534 tolerantiam

547 588 740 652 valeat,
770 599 876 639 non
912 583 982 636 ad
1010 580 1420 650 blasphemiam.
1464 575 1522 630 Si
1557 583 1736 628 autem
1762 570 2140 640 blasphemas,
2167 646 2171 652 ~

547 691 601 736 et
626 680 865 748 displicet
893 676 987 731 tibi
1018 679 1175 738 Deus,
1204 682 1258 727 et
1275 681 1330 724 tu
1352 669 1447 725 tibi
1468 668 1685 738 places;
1706 676 1961 733 perverso
1981 658 2143 713 corde

545 784 603 829 et
628 771 856 827 distorto
877 785 934 823 es
961 786 974 819 :
1004 777 1059 822 et
1097 765 1200 819 hoc
1241 762 1394 834 pejus
1418 802 1432 823 .
1466 760 1587 830 quia
1620 772 1715 812 cor
1743 755 1834 810 Dei
1863 755 1941 807 vis
1966 752 2136 806 corri-

549 878 679 934 gere
705 862 771 916 ad
801 875 896 915 cor
926 870 1096 924 tuum,
1120 865 1179 909 nt
1201 856 1301 908 hoc
1330 853 1419 906 ille
1446 850 1607 905 faciat
1625 846 1765 918 quod
1788 855 1841 899 tu
1872 846 1990 909 vis;
2019 856 2142 934 cum

552 932 611 1009 tu
636 953 835 1007 debeas
880 948 1055 1004 facere
1096 946 1236 1016 quod
1269 944 1358 997 ille
1383 940 1513 996 vult.
1544 939 1679 1007 Quid
1716 936 1883 1007 ergo?
1914 936 2002 988 \‘is
2044 932 2141 987 de-

555 1055 809 1115 torquere
836 1057 928 1096 cor
958 1041 1072 1105 Dei,
1101 1038 1243 1109 quod
1291 1051 1504 1103 semper
1532 1043 1735 1088 rectum
1763 1037 1848 1084 est
1871 1070 1886 1092 ,
1907 1028 1975 1083 ad
2018 1041 2142 1097 pra-

553 1136 774 1189 vitatem
813 1131 992 1187 cordis
1028 1129 1382 1197 tui?Quanto
1421 1125 1615 1178 melius
1661 1120 1729 1175 ad
1767 1118 2143 1174 rectitudinem

557 1229 651 1284 Dei
687 1226 912 1295 corrigis
936 1239 1028 1278 cor
1051 1223 1235 1277 tuum?
1260 1218 1447 1274 Nonne
1476 1217 1581 1271 hoc
1602 1225 1654 1269 te
1685 1214 1868 1267 docuit
1891 1212 2146 1265 Dominus

557 1333 715 1383 tuus,
747 1318 816 1372 de
856 1316 1008 1384 cujus
1042 1314 1292 1383 passione
1327 1308 1488 1363 modo
1531 1303 1921 1375 loquebamur?
1958 1301 2147 1355 Nonne

556 1408 920 1465 lnlirmitatem
951 1415 1091 1459 tuam
1121 1402 1401 1472 portabat,
1422 1397 1637 1469 quando
1663 1396 1796 1451 dixit
1819 1413 1833 1449 :
1856 1392 2043 1448 Tristis
2072 1400 2147 1446 est

555 1500 729 1552 anima
770 1512 885 1549 nam
925 1511 1083 1565 usque
1118 1492 1187 1545 ad
1228 1491 1479 1545 mortem?
1510 1487 1698 1543 Nonne
1735 1485 1967 1554 teipsum
2006 1484 2060 1536 in
2086 1496 2149 1538 se

556 1587 837 1657 ﬁgurabat,
865 1600 987 1638 cum
1011 1582 1220 1636 dicebat
1247 1596 1263 1635 :
1292 1578 1473 1642 Pater,
1502 1578 1547 1632 si
1572 1576 1683 1644 ﬁeri
1707 1581 1899 1645 potest,
1925 1580 2150 1626 transeat

555 1698 590 1734 α
617 1696 697 1733 me
726 1678 862 1731 calix
883 1676 1021 1730 ista?
1049 1675 1163 1729 Non
1187 1673 1331 1728 enim
1362 1671 1470 1725 duo
1493 1669 1657 1724 corda
1698 1675 1753 1721 et
1771 1666 1979 1720 diversa
2002 1705 2022 1732 ,
2046 1664 2150 1718 Pa-

556 1772 678 1836 tris,
698 1779 753 1825 et
778 1769 893 1822 Filii
922 1784 937 1829 :
963 1766 1059 1821 sed
1084 1767 1138 1821 in
1166 1764 1334 1820 forma
1358 1762 1498 1816 servi
1524 1759 1755 1831 portavit
1780 1774 1871 1812 cor
1899 1767 2069 1821 tuum,
2092 1764 2152 1809 ιιι

560 1862 782 1916 doceret
819 1858 949 1913 illud
977 1854 1225 1925 exemplo
1263 1869 1383 1908 suo.
1416 1851 1533 1905 .lam
1561 1864 1689 1905 ecce
1717 1848 1869 1918 quasi
1893 1845 2033 1900 aliud
2057 1860 2151 1900 cor

559 1962 713 2007 tuum
737 1950 941 2005 invenit
963 1948 1259 2011 tribulatio,
1289 1945 1477 1999 volens
1505 1944 1521 1975 ⁸
1554 1942 1779 1997 transire
1805 1939 1943 2011 quod
1974 1939 2151 1993 immi-

550 2047 767 2101 nebat:
809 2044 904 2098 scd
954 2041 1124 2095 noluit
1172 2040 1334 2094 Deus.
1364 2037 1478 2091 Non
1524 2034 1789 2091 Consentit
1823 2034 1963 2086 Deus
1998 2030 2152 2086 cordi

562 2147 691 2201 tuo;
716 2133 956 2189 censenti
995 2142 1047 2185 tu
1078 2129 1227 2185 cordi
1261 2129 1373 2182 Dei.
1420 2126 1554 2181 Audi
1596 2139 1780 2179 vocem
1814 2124 1977 2192 ipsius
2008 2140 2022 2174 :
2053 2117 2156 2173 Ve-

563 2244 679 2283 rum
701 2244 801 2280 non
829 2224 964 2295 quod
989 2240 1081 2294 ego
1109 2222 1221 2276 volo
1240 2261 1256 2285 ,
1288 2219 1376 2275 sed
1400 2220 1535 2290 quod
1552 2230 1606 2270 tu
1635 2217 1729 2281 vis,
1755 2214 1911 2268 Pater
1937 2212 2151 2283 (Matth.

569 2333 722 2382 xxvi,
752 2317 842 2379 38,
875 2314 987 2384 59).

638 2408 726 2464 19.
761 2405 1133 2461 Laudabuntur
1154 2416 1283 2472 ergo
1320 2416 1493 2454 omnes
1538 2398 1663 2451 recti
1687 2396 1857 2451 corde.
1899 2393 2038 2463 Quid
2064 2409 2155 2449 se-

563 2499 781 2569 quitur?
828 2498 884 2552 Si
913 2495 1256 2549 laudabuntur
1283 2508 1456 2547 onanes
1477 2491 1604 2544 recti
1626 2488 1805 2552 corde,
1824 2486 2160 2541 damnabun-

564 2600 655 2645 tur
698 2589 936 2659 perversi
969 2586 1152 2643 corde.
1194 2586 1313 2641 Duo
1352 2585 1444 2637 tibi
1488 2582 1647 2637 modo
1681 2581 1955 2652 proposita
1994 2589 2153 2643 sont;

568 2682 707 2751 elige
735 2695 855 2734 cum
888 2689 1096 2746 tempus
1124 2686 1226 2729 est.
1254 2675 1311 2730 Si
1340 2682 1486 2728 recto
1511 2671 1675 2727 corde
1695 2670 1863 2723 fueris
1887 2711 1901 2733 ,
1925 2669 1991 2722 ad
2022 2668 2156 2722 dex-

568 2779 738 2826 temm
761 2768 895 2833 eris,
922 2778 975 2821 et
1001 2765 1320 2820 laudaberis.
1352 2761 1674 2828 Quomodo?
1711 2760 1885 2814 Venite
1908 2800 1922 2822 ,
1943 2757 2156 2812 benedi-

565 2861 637 2914 cti
680 2857 854 2912 Patris
879 2858 1011 2921 mei;
1036 2855 1280 2927 percipite
1322 2869 1535 2924 regnum
1570 2849 1707 2923 quod
1744 2849 1884 2904 vobis
1922 2858 2159 2919 paratum

570 2960 647 3005 est
675 2950 738 3003 ab
759 2950 952 3019 origine
978 2947 1174 3000 mundi.
1208 2943 1471 3001 Perverso
1496 2952 1675 2996 autem
1696 2941 1859 2995 corde
1889 2941 1933 2995 si
1958 2940 2154 3004 lueris;

567 3044 615 3096 si
643 3040 1056 3096 subsannaveris
1091 3038 1259 3092 Demn
1292 3077 1309 3099 ,
1338 3034 1383 3091 si
1416 3032 1801 3104 providentiam
1828 3031 1944 3101 ejus
1974 3031 2158 3085 irrise-

566 3135 667 3198 ris,
691 3134 734 3187 si
763 3132 962 3185 dixeris
986 3132 1037 3183 in
1066 3129 1245 3183 animo
1277 3137 1366 3181 tuo
1386 3167 1402 3190 ,
1430 3125 1570 3180 Vere
1599 3140 1704 3179 non
1726 3134 1881 3179 curat
1911 3123 2051 3177 Deus
2071 3138 2159 3178 res

569 3205 834 3277 humanas
862 3238 874 3274 :
901 3222 946 3276 si
977 3230 1187 3274 curaret
1226 3234 1313 3273 res
1336 3217 1627 3282 humanas,
1661 3216 1749 3270 ille
1777 3217 1913 3270 latro
1953 3222 2157 3269 tantum

572 3314 838 3377 haberet,
866 3324 920 3368 ct
942 3329 1043 3382 ego
1071 3312 1326 3364 innocens
1356 3308 1691 3377 indigerem?
1720 3321 1976 3377 perverso
1997 3305 2160 3359 corde

570 3407 740 3461 factus
780 3420 860 3460 es.
893 3405 1079 3459 Veniet
1118 3402 1377 3471 judicium
1424 3398 1590 3461 illud;
1618 3398 1953 3467 apparebunt
1978 3397 2161 3452 omnia

569 3506 952 3566 propter-que
996 3496 1095 3548 ista
1137 3493 1316 3546 omnia
1352 3491 1514 3545 faciat
1558 3490 1733 3552 Deus;
1761 3499 1816 3543 et
1844 3498 1898 3542 tu
1929 3489 2019 3558 qui
2060 3502 2161 3541 no-

568 3585 715 3638 luis‘ti
746 3586 798 3639 in
828 3584 929 3638 hac
948 3583 1051 3636 vita
1079 3582 1347 3651 corrigere
1387 3595 1482 3634 cor
1508 3588 1654 3632 tuum
1682 3579 1747 3632 ad
1780 3577 2156 3632 rectitudinem

572 3675 703 3741 Dei,
726 3685 781 3730 et
804 3686 855 3729 te
893 3674 958 3728 ad
1002 3674 1277 3728 dexteram
1322 3687 1658 3742 praeparare,
1689 3671 1777 3723 ubi
1820 3671 2164 3724 laudabuntur

566 3782 742 3819 onutes
766 3766 885 3818 recti
907 3763 1079 3828 corde,
1104 3765 1213 3817 eris
1242 3763 1305 3817 ad
1336 3762 1629 3824 sinistram,
1660 3761 1747 3814 ubi
1781 3760 2158 3839 tuncaudies:

572 3855 659 3910 Ite
689 3858 740 3909 in
776 3857 939 3926 ignem
975 3864 1250 3917 internum,
1292 3854 1377 3921 qui
1416 3862 1734 3923 pm'paralus
1760 3862 1833 3905 est
1874 3852 2079 3906 diabolo
2114 3861 2163 3907 et

568 3949 770 4019 angelis
816 3948 924 4017 ejus
962 3946 1076 4013 (Id.
1127 3960 1262 4006 xxv,
1307 3945 1414 4004 54.
1457 3944 1572 4014 41).
1626 3944 1692 3997 Et
1744 3944 1999 4012 numquid
2061 3946 2163 3999 erit.

572 4052 703 4094 tunc
728 4048 935 4105 tempus
961 4037 1230 4105 corrigere
1248 4036 1374 4090 cor?
1404 4034 1558 4087 Modo
1584 4049 1710 4103 ergo
1737 4034 1988 4101 corrigitc
2014 4076 2027 4095 ,
2049 4033 2161 4087 fra-

577 4142 725 4191 tres;
752 4130 913 4182 modo
937 4127 1210 4194 oon-igite.
1255 4128 1384 4192 Quis
1409 4125 1693 4196 prohibet?
1720 4126 1976 4178 Captatur
2017 4126 2164 4180 Psal-

568 4234 715 4283 mus,
743 4219 934 4287 legitur
956 4216 1321 4285 Evangelium.
1352 4226 1506 4273 sonat
1529 4216 1714 4279 lector,
1746 4225 1897 4266 sonat
1920 4215 2162 4282 disputa-

577 4322 697 4366 tor:
727 4311 936 4378 patiens
979 4317 1061 4361 est
1092 4303 1377 4367 Dominus;
1409 4322 1629 4375 peccas,
1658 4316 1712 4358 et
1756 4308 1958 4374 parcit;
1987 4307 2163 4362 adhuc

570 4414 784 4473 peccas,
808 4400 980 4453 adhuc
1000 4398 1183 4466 parcit,
1208 4408 1262 4450 et
1286 4397 1459 4450 adhuc
1475 4397 1644 4448 addis.
1670 4395 1933 4462 Quamdiu
1956 4397 2164 4465 patiens

569 4502 654 4546 est
675 4490 858 4547 Deus?
894 4487 1104 4545 Senties
1131 4498 1184 4542 et
1217 4488 1419 4557 justum
1468 4488 1657 4541 Deum.
1690 4488 1973 4541 Terremus
1997 4529 2009 4547 .
2040 4489 2161 4555 quia

570 4586 819 4635 t‘ntcmus
844 4597 858 4643 ;
895 4580 1085 4633 docete
1110 4594 1207 4635 nos
1235 4594 1340 4633 non
1388 4578 1576 4632 timere
1595 4619 1611 4643 ,
1642 4588 1697 4632 ct
1726 4593 1832 4631 non
1874 4586 2159 4633 terremus.

573 4672 701 4729 Sed.
726 4673 915 4731 melius
942 4686 1043 4724 nos
1074 4670 1210 4724 Deus
1254 4669 1411 4721 docet
1445 4669 1633 4722 timere
1657 4710 1670 4732 ,
1694 4684 1851 4737 quam
1881 4664 2160 4737 quisquam

577 4762 851 4816 hominum
885 4778 989 4816 non
1028 4761 1237 4814 timere.
1268 4759 1455 4813 Timuit
1502 4760 1644 4813 enim
1686 4761 1851 4813 omnis
1892 4761 2042 4813 homo
2067 4777 2086 4814 :
2115 4771 2161 4813 et

572 4855 994 4907 annuntiaverunt
1037 4868 1193 4920 Opera
1229 4851 1346 4905 Dei.
1398 4850 1544 4905 Inter
1589 4852 1709 4904 illos
1756 4867 1853 4903 nos
1888 4862 2160 4920 computet

570 4946 735 5000 licus.
769 4944 856 5012 qui
888 4945 1215 5005 timuerunt,
1245 4952 1299 4996 et
1336 4943 1804 4995 annuntiaverunt.
1837 4942 1968 5011 Quia
2003 4944 2159 4996 timc-

568 5051 708 5095 lllttS,
736 5036 1113 5087 annuutinmus
1143 5032 1541 5093 vobis.fmtres.
1563 5032 1813 5085 Videmus
1833 5033 2159 5086 alacritati-nt
2192 5077 2195 5080 ι

573 5136 804 5177 vestram
846 5123 910 5175 ad
942 5122 1261 5174 audiendum
1297 5122 1535 5183 verbum,
1561 5130 1619 5174 et
1649 5122 1713 5173 ad
1741 5120 2059 5189 exigendum
2084 5123 2162 5173 vi-

568 5213 761 5266 demus
803 5222 925 5263 vota
957 5222 1132 5263 vestra
1156 5251 1173 5274 ,
1204 5209 1445 5262 videmus
1479 5209 1701 5262 aﬂ‘ectus
1744 5219 1968 5262 vestros.
2019 5211 2161 5264 Bene

565 5286 898 5371 cmnpluitur
948 5312 1123 5365 terra;
1176 5301 1474 5362 frumenta,
1514 5317 1619 5353 non
1672 5303 1852 5369 spinas
1904 5310 2158 5367 generet:

572 5393 859 5448 frumentis
890 5392 1139 5446 honreum
1185 5400 1430 5459 paratur;
1466 5391 1601 5458 ignis
1629 5392 1817 5457 spmis.
1850 5390 1997 5444 Nosti
2034 5391 2161 5459 quid

573 5482 743 5540 lacius
787 5483 856 5539 de
894 5497 1021 5553 agro
1060 5492 1193 5547 tuo;
1222 5491 1278 5537 et
1320 5483 1487 5537 nescit
1536 5482 1677 5537 Deus
1713 5480 1836 5551 quid
1892 5480 2049 5535 faciat
2095 5481 2161 5535 de

627 5699 654 5735 ο
685 5699 912 5757 Plerique
934 5706 1061 5758 κει,
1080 5696 1239 5748 uelles.

1795 275 1859 333 s.
1900 243 2267 331 AllGUS‘l‘lNl
2308 275 2611 334 EPISOON

3736 272 3833 331 πα

2245 406 2406 447 servo
2429 408 2527 447 suo
2539 393 2586 447 ³9
2604 390 2760 459 Quod
2778 389 2915 461 pluit
2935 391 3190 463 insgrnrn
3212 392 3453 458 uberem,
3473 391 3632 447 dulce
3655 398 3740 447 est
3759 404 3839 455 :et

2247 483 2389 552 quod
2419 485 2552 552 pluit
2596 484 2651 537 in
2677 498 2867 554 agrum
2908 482 3190 552 spineam)
3212 524 3229 547 ,
3260 483 3416 538 dulce
3438 494 3545 537 est.
3576 480 3837 552 Numquid

2251 574 2480 641 pluviam
2530 582 2747 628 accusat
2789 574 2883 643 qui
2907 575 2931 607 ’
2961 574 3144 643 spinas
3187 574 3472 643 genuerit?
3506 572 3702 627 Nonne
3736 571 3832 625 erit

2249 665 2425 731 pluvia
2448 664 2541 719 illa
2570 664 2724 718 testis
2750 664 2804 718 in
2844 664 3046 733 judicio
3078 663 3208 737 Dei;
3240 673 3295 718 et
3315 664 3496 719 dicet:
3529 663 3645 734 Ego
3669 663 3837 717 dulcis

2249 767 2410 822 super
2434 768 2624 808 omnes
2646 754 2667 785 ³
2698 755 2854 808 veni?
2880 754 2960 808 Tu
3003 768 3132 824 ergo
3168 755 3294 824 quid
3329 754 3570 823 proferas
3588 752 3717 808 vide
3738 795 3755 817 ,
3783 760 3838 807 ut

2248 843 2373 913 quid
2407 843 2500 898 tibi
2533 853 2749 914 paretur
2792 844 3061 900 attendas.
3086 845 3302 899 Profers
3328 848 3691 909 fnunentum;
3714 845 3836 898 hor-

2250 951 2401 991 reum
2441 952 2637 1006 spera:
2672 936 2879 1007 profers
2903 936 3123 1006 spinas;
3158 937 3332 1007 ignem
3372 951 3551 1006 spera.
3578 934 3691 991 Sed
3713 950 3839 990 non-

2248 1026 2380 1081 dum
2426 1032 2571 1082 venit
2615 1036 2707 1081 aut
2755 1037 2965 1098 tempus
3015 1026 3235 1091 horrei,
3265 1036 3360 1081 aut
3412 1038 3625 1096 tempus
3666 1026 3835 1096 ignis:

2251 1117 2413 1172 modo
2453 1132 2582 1187 ergo
2630 1126 2890 1188 paretur,
2936 1126 3130 1172 etnon
3169 1118 3465 1193 timebitur.
3516 1117 3576 1171 in
3626 1116 3839 1172 nomine

2248 1208 2451 1263 Christi
2478 1220 2533 1263 et
2557 1210 2646 1280 qui
2688 1210 2958 1279 loquimur
2984 1210 3240 1272 vivimus.
3270 1218 3326 1263 et
3346 1209 3540 1279 quibus
3566 1208 3833 1278 loquimur

2249 1300 2430 1354 vivitis
2454 1318 2467 1353 :
2496 1300 2751 1370 numquid
2777 1300 2986 1355 consilii
3012 1299 3317 1371 corrigendi
3340 1308 3397 1355 et
3424 1300 3703 1356 mutandas
3724 1300 3840 1355 vitae

2251 1391 2409 1445 malze
2438 1392 2491 1444 in
2510 1391 2707 1446 bonam
2733 1407 2838 1446 non
2859 1400 2943 1447 est
2967 1392 3136 1458 locus,
3160 1406 3267 1446 non
3283 1400 3369 1447 est
3392 1401 3602 1462 tempus
3617 1391 3641 1446 2
3656 1390 3841 1449 Nonne

2252 1481 2298 1535 si
2328 1481 2427 1545 vis,
2461 1480 2620 1536 hodie
2643 1481 2741 1536 tit?
2768 1497 2949 1538 nonne
2967 1482 3012 1537 si
3037 1483 3140 1549 vis,
3170 1483 3331 1538 modo
3358 1481 3449 1538 (it?
3469 1482 3613 1551 Quid
3634 1493 3843 1553 emptu-

2251 1586 2347 1627 rus
2369 1586 2429 1626 es
2454 1581 2515 1625 ut
2552 1571 2761 1627 facias?
2784 1588 2907 1642 qua:
2947 1558 3234 1645 sjmplasia
3256 1572 3279 1605 ⁵
3301 1573 3626 1644 quaesiturus
3651 1588 3715 1629 es
3731 1576 3757 1628 ?
3782 1574 3843 1630 ad

2253 1675 2390 1730 quos
2416 1659 2574 1716 Indos
2601 1663 2977 1733 navigaturus?
3001 1653 3161 1733 quam
3211 1664 3386 1717 navim
3413 1665 3845 1737 praeparaturus?

2255 1752 2395 1808 Ecce
2413 1766 2534 1806 cum
2562 1752 2752 1822 loquor
2774 1793 2791 1819 ,
2816 1762 2959 1807 muta
2990 1769 3114 1819 cor;
3142 1761 3198 1809 et
3225 1752 3421 1809 factum
3449 1764 3533 1810 est
3568 1754 3717 1825 quod
3744 1766 3844 1811 tam

2253 1857 2400 1915 saepe
2423 1853 2477 1898 et
2515 1844 2714 1897 tamdiu
2754 1844 3017 1899 clamatur
3050 1854 3110 1900 ut
3154 1844 3267 1914 ﬁat,
3310 1856 3365 1902 et
3409 1847 3551 1917 quod
3590 1856 3847 1908 aeternam

2259 1949 2473 2004 plenam
2504 1936 2750 2004 parturit,
2784 1936 2829 1989 si
2858 1942 2975 1991 non
2994 1937 3103 1991 liat.

2265 2065 3844 2091 mm

2678 2142 2761 2204 IN
2806 2143 3188 2208 PSALMUM
3229 2140 3433 2208 LXIV

2852 2263 3275 2321 ENABRATIO.

2792 2389 2964 2431 εειιιιο
2992 2392 3061 2432 Αἰ)
3093 2391 3321 2432 ιιιειιειι.

2333 2486 2389 2539 1.
2419 2483 2571 2557 [υεη.
2604 2484 2683 2559 1.]
2710 2487 3062 2557 Agnoscenda
3085 2500 3169 2544 est
3195 2503 3295 2543 vos
3322 2499 3520 2544 sanch
3551 2491 3850 2562 prophetia

2263 2590 2328 2629 ex
2359 2577 2474 2644 ipso
2514 2577 2671 2630 titulo
2712 2578 2903 2646 psalmi
2948 2578 3128 2648 hujus.
3167 2580 3479 2635 lnscribitur
3510 2599 3525 2635 :
3558 2580 3628 2636 In
3655 2584 3809 2651 ﬁnem
3834 2625 3851 2650 ,

2264 2663 2508 2719 Psalmus
2535 2666 2723 2734 David,
2743 2666 3009 2722 Canticum
3032 2668 3269 2725 Ieremia:
3292 2680 3340 2724 et
3365 2670 3652 2727 Ezechielis
3675 2690 3743 2728 ex
3766 2691 3853 2743 po-

2265 2759 2387 2827 pulo
2418 2759 2894 2835 transmigrationis,
2920 2778 3033 2814 cum
3054 2762 3330 2833 inciperent
3353 2765 3514 2819 mare.
3534 2765 3647 2821 Res
3673 2782 3855 2837 quem-

2263 2848 2552 2904 admodum
2607 2861 2757 2920 gesta
2811 2851 2881 2906 sit
2938 2851 3079 2921 apud
3133 2862 3314 2922 patres
3358 2862 3573 2907 nostros
3618 2864 3855 2924 temjm

2264 2940 2752 3009 transmigrationis
2777 2940 3106 3013 Babylonia,
3139 2956 3244 2997 non
3271 2943 3522 2999 omnibus
3546 2952 3733 2999 notum
3754 2957 3852 3011 est,

2265 3030 2363 3085 sed
2405 3030 2489 3085 his
2514 3032 2603 3099 qui
2630 3030 2934 3101 Scripturas
2963 3045 3178 3089 sanctas
3214 3034 3497 3104 diligenter
3527 3036 3813 3093 advertunt
3836 3079 3852 3104 ,

2262 3122 2351 3177 vel
2376 3122 2674 3190 audiendo,
2717 3125 2802 3177 vcl
2832 3125 3075 3196 legendo.
3107 3126 3419 3196 Captivatus
3452 3128 3599 3183 enim
3629 3133 3853 3201 populus

2264 3212 2447 3276 Israel.
2475 3232 2543 3270 ex
2564 3214 2781 3270 civitate
2806 3216 3100 3271 Jerusalem
3129 3218 3322 3273 ductus
3347 3229 3429 3274 est
3457 3220 3512 3273 in
3541 3222 3852 3277 servitutem

2267 3305 2572 3379 Babyloniae
2599 3305 2686 3378 (IV
2720 3307 2849 3377 Reg.
2875 3324 3025 3369 xxw,
3047 3307 3163 3377 ‘25).
3193 3309 3541 3378 Propltctavit
3567 3322 3750 3367 autem
3780 3313 3856 3367 Je-

2264 3398 2463 3451 rcmias
2486 3408 2723 3461 sanctus,
2749 3407 2869 3466 post
2894 3401 3224 3469 septuaginta
3244 3415 3416 3454 annos
3437 3402 3737 3458 rediturum
3763 3420 3856 3472 po.

2264 3490 2449 3560 pulum
2501 3487 2569 3544 de
2614 3490 2963 3559 captivitate,
3012 3502 3068 3547 ct
3120 3492 3532 3548 instaumturum
3590 3496 3855 3551 civitatem

2268 3583 2437 3650 ipsam
2463 3581 2761 3638 Jerusalem
2782 3625 2797 3647 ,
2826 3598 2984 3652 quam
3016 3583 3283 3639 devictam
3315 3585 3382 3637 ab
3408 3585 3662 3641 hostibus
3704 3589 3856 3657 plan-

2266 3684 2417 3727 xerat
2446 3672 2655 3743 (let-em.
2684 3690 2791 3728 xxv
2812 3716 2826 3737 .
2856 3676 2916 3731 Η
2941 3718 2956 3739 ,
2986 3684 3030 3729 et
3058 3692 3178 3729 χχιι
3206 3719 3219 3740 ,
3252 3675 3365 3745 10).
3396 3676 3488 3730 illo
3515 3690 3700 3733 autent
3730 3690 3860 3734 lem-

2268 3779 2398 3833 pore
2423 3766 2636 3819 luerunt
2661 3765 2957 3833 prophetae,
2985 3767 3038 3821 in
3071 3766 3155 3821 illa
3190 3768 3493 3837 captivitate
3522 3771 3704 3839 populi
3734 3786 3859 3824 con-

2268 3855 2436 3909 stituti
2468 3855 2517 3908 in
2550 3854 2868 3926 Babylonia;
2898 3857 3037 3911 inter
3063 3871 3197 3926 quos
3225 3867 3340 3911 erat
3362 3867 3416 3910 et
3447 3858 3700 3914 Ezechiel
3734 3878 3853 3927 pro-

2270 3932 2452 4014 pheta.
2483 3945 2838 4015 Exspectabat
2871 3956 3048 4000 autem
3077 3947 3165 3999 illc
3202 3947 3429 4018 populus
3456 3948 3636 4002 donec
3677 3950 3859 4016 imple-

2270 4048 2455 4091 rentur
2480 4045 2717 4106 tempora
2744 4038 3079 4107 septuaginta
3103 4053 3386 4101 annorum,
3415 4037 3716 4093 secundum
3738 4054 3852 4110 pro.

2270 4126 2505 4196 phctiam
2533 4125 2802 4181 Jeremitc.
2833 4126 3055 4180 Factum
3081 4135 3164 4180 est
3205 4128 3485 4195 completis
3526 4130 3859 4198 septuaginta

2268 4220 2459 4285 annis,
2485 4220 2797 4271 restitutum.
2826 4229 2911 4271 est
2938 4218 3193 4288 templum
3223 4218 3368 4287 quod
3400 4219 3672 4286 deiectum
3709 4230 3821 4273 erat
3839 4236 3857 4283 ;

2269 4318 2325 4362 et
2352 4323 2594 4377 regre<sa
2623 4318 2707 4361 est
2748 4307 2815 4362 de
2840 4308 3150 4375 captivitate
3190 4322 3378 4378 magna
3422 4323 3544 4376 pars
3582 4308 3727 4363 illius
3767 4325 3860 4379 po-

2267 4398 2401 4468 puli.
2426 4397 2533 4451 Sed
2562 4398 2812 4465 quoniam
2831 4397 2964 4451 dicit
2982 4397 3295 4466 Apostolus:
3316 4396 3444 4451 Πιεε
3468 4398 3519 4449 in
3544 4398 3717 4468 ﬁgura
3744 4417 3863 4452 ron-

2271 4487 2527 4559 tingebant
2554 4490 2607 4541 in
2638 4489 2779 4551 illis;
2822 4490 3013 4556 scripta
3057 4499 3174 4543 sunt
3212 4501 3379 4543 autent
3418 4500 3628 4558 prapler
3655 4508 3782 4556 nos,
3813 4492 3863 4544 in

2267 4596 2393 4646 quos
2418 4580 2535 4646 ﬁnis
2558 4581 2860 4633 steculorum
2887 4580 3081 4633 obvenit
3105 4579 3144 4651 (1
3180 4578 3299 4635 Cor.
3329 4597 3361 4636 Χ
3383 4622 3397 4640 .
3431 4579 3555 4649 ll);
3598 4581 3862 4640 debemus

2269 4679 2323 4723 et
2350 4685 2446 4722 nos
2476 4659 2634 4723 nosse
2666 4672 2809 4737 prius
2827 4672 3190 4738 captivitatem
3220 4680 3478 4735 nostram,
3504 4670 3704 4726 deinde
3723 4672 3860 4727 libe-

2270 4760 2530 4813 rationem
2573 4770 2852 4822 nostram;
2898 4760 3159 4813 debemus
3188 4776 3355 4815 nosse
3393 4760 3776 4831 Babyloniam,
3810 4764 3859 4815 in

2266 4864 2368 4916 qua
2397 4850 2591 4915 captivi
2620 4866 2803 4903 smnus
2826 4889 2839 4911 ,
2874 4859 2929 4902 et
2964 4849 3258 4904 Jerusalem
3280 4892 3293 4913 ,
3337 4851 3402 4905 ad
3440 4854 3594 4920 cujus
3628 4853 3860 4907 reditum

2268 4939 2617 5007 suspiramus.
2653 4938 2774 4993 lstzc
2797 4941 2993 5009 quippe
3016 4940 3135 5011 dua:
3156 4941 3418 5004 civitates,
3447 4943 3744 4996 secundum
3775 4946 3861 4999 lit-

2266 5038 2435 5084 teram
2468 5044 2651 5082 revera
2685 5029 2803 5082 dua:
2824 5030 3086 5083 civitates.
3113 5030 3177 5083 Et
3204 5032 3287 5083 illa
3316 5031 3527 5100 quidem
3560 5031 3859 5088 Jerusalem

2268 5121 2429 5174 modo
2453 5136 2483 5174 τι
2508 5120 2707 5174 Judmis
2748 5136 2851 5173 non
2899 5121 3168 5175 incolitur.
3202 5122 3326 5176 Post
3362 5123 3674 5177 crucifixum
3715 5128 3859 5180 enim

2332 5272 2349 5302 ί
2374 5269 2593 5341 Nonnulli
2621 5278 2746 5329 uss,
2770 5270 2831 5320 de
2869 5283 2988 5335 agro
3018 5283 3154 5321 serra
3176 5284 3261 5323 suo
3294 5270 3321 5321 ἐ
3347 5280 3400 5323 et
3418 5273 3627 5337 quidam,
3657 5276 3721 5323 de
3742 5290 3807 5337 ag
3824 5289 3860 5325 Ὀ

2266 5345 2392 5381 sem
2414 5343 2504 5378 sm.

2333 5398 2351 5427 ³
2377 5394 2449 5441 sic
2469 5397 2577 5440 Mss.
2604 5397 2660 5453 st
2680 5391 2812 5449 add,
2830 5391 2977 5453 thd.
3145 5413 3148 5416 ~

2332 5454 2449 5521 {sic
2483 5452 2635 5501 nostri
2673 5466 2848 5502 oumes
3035 5460 3093 5504 At
3126 5453 3277 5515 Edd.,
3311 5452 3471 5505 dulcis
3508 5467 3657 5517 super
3700 5458 3862 5508 etruria

2268 5526 2509 5643 υῃέιίξιιάη
2553 5573 2831 5648 emplastra.
2857 5578 2913 5624 Αι
2951 5583 3079 5648 uss?
3436 5584 3518 5648 aut
3562 5576 3861 5648 sitnptasia:

2271 5637 2434 5746 magis
2452 5635 2691 5698 exceptis,
2708 5649 2915 5699 quorum
2937 5635 3016 5687 alii
3040 5635 3239 5700 habent,
3255 5639 3507 5703 tmtplas'a
3524 5652 3541 5701 ;
3566 5635 3668 5700 alii;
3685 5643 3861 5703 ιιοιψω

2273 5712 2331 5745 At
2402 5730 2414 5744 ο
