3934 6358
149 328 237 382 713
1275 315 1671 372 I‘INARBATIO
1710 317 1736 372 ll

1844 317 2136 376 ’SALMUM
2177 321 2360 378 LXIV.

152 437 441 499 Dominum,
473 435 800 491 vindicatum
826 439 908 487 est
938 431 990 486 in
1022 430 1139 486 illos
1161 428 1370 500 ﬂagello
1397 444 1622 498 magno;
1667 439 1722 483 et

151 531 386 586 eradicati
416 527 485 580 ah
516 543 581 581 eo
611 527 757 590 loco,
804 525 891 578 ubi
933 523 1093 593 impia
1135 522 1376 575 libertate
1415 520 1598 573 furiosi
1628 519 1724 574 ad-

155 638 322 675 versus
351 618 618 674 medicum
643 617 987 679 insanierunt,
1011 615 1239 682 dispersi
1264 623 1390 668 sunt
1419 629 1514 680 per
1539 626 1728 666 omnes

153 724 327 785 gentes
352 753 367 775 ,
398 726 449 763 et
481 712 601 762 data
633 719 714 762 est
746 709 829 761 illa
861 717 999 762 terra
1031 706 1384 760 Christianis:
1416 705 1726 772 impletum-

153 820 242 874 que
266 810 347 856 est
371 800 514 870 quod
543 802 621 854 cis
650 799 860 853 dixerat
892 797 1148 849 Dominus
1167 837 1180 858 ,
1214 794 1491 862 l’rOptcrea
1522 797 1728 861 aufere-

154 906 226 946 tur
260 910 291 944 a
320 891 458 945 vobis
498 907 706 960 regnum
731 930 747 953 ,
783 899 827 942 et
861 888 1064 941 dabitur
1087 888 1221 957 genti
1249 885 1451 954 facienti
1475 886 1732 955 justitiam

157 983 352 1052 (Matth.
390 998 517 1045 xxI,
556 983 667 1051 45).
708 981 842 1034 Cum
885 989 1063 1033 autem
1109 979 1347 1032 viderent
1389 988 1511 1030 tunc
1540 976 1732 1030 multas

157 1075 328 1128 turbas
359 1074 437 1127 ire
468 1081 586 1141 post
618 1067 920 1131 lioiizinttm,
959 1069 1333 1138 pra‘dirantcm
1366 1082 1586 1136 regnum
1617 1081 1730 1120 cce-

157 1166 337 1224 lornm.
370 1173 424 1218 et
456 1163 712 1217 mirabilia
748 1162 1027 1215 facientem
1048 1201 1062 1224 ,
1093 1162 1347 1214 dixerunt
1373 1159 1641 1226 principes
1667 1157 1732 1210 il-

156 1259 246 1312 lius
274 1257 505 1310 civitatis
535 1274 548 1309 :
580 1256 639 1309 Si
667 1255 1005 1306 dimiserimus
1048 1270 1161 1305 eum
1187 1295 1201 1316 ,
1247 1268 1420 1304 omnes
1449 1253 1591 1304 ibunt
1621 1259 1733 1320 post

157 1350 287 1402 illuni
309 1363 330 1412 ,'
359 1357 406 1402 et
432 1349 626 1401 uenient
654 1346 875 1399 Romani
896 1388 909 1408 ,
939 1356 984 1397 et
1010 1345 1184 1397 tollent
1209 1345 1348 1397 nobis
1374 1354 1416 1399 et
1444 1346 1611 1396 locum
1633 1385 1645 1402 .
1689 1351 1734 1395 et

158 1449 342 1508 gentem
367 1437 546 1507 (Joan.
581 1452 635 1490 xi
663 1478 678 1500 ,
711 1435 822 1506 48).
869 1435 945 1488 Ne
985 1436 1160 1489 locum
1205 1433 1521 1498 perderent,
1558 1433 1735 1486 Domi-

159 1546 271 1582 num
317 1527 666 1590 occiderunt;
704 1534 759 1578 ct
790 1525 910 1579 ideo
941 1524 1319 1593 perdiderunt,
1351 1522 1471 1590 quia
1517 1522 1735 1576 occide-

159 1629 286 1674 runt.
332 1618 530 1672 Civitas
556 1633 686 1687 ergo
708 1616 952 1685 qumdam
990 1615 1075 1668 illa
1106 1625 1316 1668 terrena
1347 1613 1623 1681 cujusdam
1655 1614 1736 1667 cio

158 1712 326 1765 vitatis
355 1720 571 1764 atoma:
601 1709 653 1761 iii
683 1704 836 1763 coalis
865 1708 1106 1761 umbram
1133 1707 1388 1776 gerebat;
1429 1717 1482 1758 at
1513 1706 1598 1758 ubi
1623 1720 1738 1758 cte-

159 1803 228 1871 pit
256 1804 341 1855 illa
370 1816 490 1870 quae
516 1799 934 1870 significabatur,
957 1797 1256 1851 evidentius
1284 1796 1559 1865 praedicari
1580 1837 1595 1858 ,
1623 1810 1740 1848 nm-

158 1894 240 1947 bra
284 1910 388 1964 qua
420 1891 816 1962 significabatur
844 1930 858 1953 ,
913 1889 1117 1958 dejecta
1160 1896 1243 1942 est
1290 1905 1303 1940 :
1339 1896 1618 1958 propterea
1662 1886 1735 1940 ibi

159 1983 304 2036 modo
353 1981 608 2050 templum
653 1996 758 2033 non
790 1988 910 2042 est,
952 1977 1092 2047 quod
1131 1977 1441 2030 fabricatum
1470 1976 1642 2030 fuerat
1684 1976 1736 2030 in

159 2073 434 2141 imaginem
467 2071 622 2123 futuri
654 2068 897 2138 corporis
939 2066 1172 2121 Domini.
1209 2066 1479 2120 Tenemus
1516 2065 1734 2128 lucem;

160 2164 332 2219 umbra
364 2164 609 2218 transivit
639 2181 651 2214 :
686 2172 861 2216 tamen
888 2160 1060 2214 adhuc
1091 2160 1143 2213 in
1173 2157 1403 2229 quadam
1430 2157 1738 2227 captivitate

157 2270 329 2328 sumus
361 2272 378 2309 :
410 2253 668 2319 Quamdiu
695 2269 892 2314 sumus,
926 2251 1117 2320 inquit,
1143 2251 1197 2304 in
1224 2265 1474 2319 corpore,
1511 2250 1738 2321 pcregri-

158 2362 328 2399 namur
351 2361 384 2396 a
417 2343 632 2397 Domino
660 2343 724 2408 (il
754 2341 871 2397 Cor.
896 2358 954 2405 v,
985 2341 1064 2413 6).
1401 2329 1403 2332 ⁴

219 2434 268 2489 2.
301 2436 365 2489 Et
417 2433 592 2489 videte
638 2436 851 2488 nomina
900 2432 1125 2487 duarum
1168 2433 1390 2486 istarum
1439 2432 1736 2498 civitatum,

159 2528 434 2601 Babylonis
465 2536 517 2581 ct
541 2527 860 2581 Jerusalem.
909 2526 1147 2596 Babylon
1178 2526 1430 2580 Confusio
1478 2526 1741 2597 interpre-

155 2629 304 2683 tatur,
331 2619 633 2677 Jerusalem
654 2619 798 2671 Visio
828 2619 990 2686 pacis.
1014 2617 1276 2672 intendite
1311 2633 1450 2672 nunc
1471 2619 1738 2674 civitatem

153 2716 498 2781 confusionis,
517 2725 571 2767 ut
602 2713 907 2784 intelligetis
931 2713 1190 2766 visionem
1214 2713 1358 2780 pacis
1383 2714 1571 2767 :istam
1605 2714 1738 2768 tole-

155 2809 295 2868 rctis,
322 2806 391 2861 ad
426 2806 569 2861 illam
601 2806 903 2876 suspiretis.
937 2804 1086 2860 Unde
1113 2803 1354 2873 dignosci
1375 2813 1598 2873 possunt
1623 2805 1738 2859 ista:

152 2896 265 2950 dure
297 2898 580 2950 civitates?
608 2896 874 2966 Numquid
925 2910 1208 2970 possumus
1249 2911 1342 2950 eas
1383 2895 1542 2950 modo
1579 2911 1738 2962 sepa-

151 3005 264 3045 rare
305 2990 375 3043 ab
409 2990 974 3043 invicetnil‘ermixtac
1026 2999 1167 3052 sunt,
1201 2998 1254 3041 et
1281 2986 1346 3042 ab
1380 2990 1493 3057 ipso
1515 2989 1739 3042 exordio

150 3084 355 3150 generis
406 3081 625 3135 humani
667 3079 944 3151 permixta:
995 3089 1217 3134 currunt
1267 3095 1436 3148 usque
1483 3081 1535 3132 in
1578 3079 1736 3133 finem

150 3172 341 3226 seculi.
367 3171 668 3227 Jerusalem
696 3171 900 3240 accepit
925 3170 1204 3224 exordium
1237 3185 1336 3237 per
1363 3170 1528 3234 Abel;
1562 3171 1736 3241 Baby-

151 3262 231 3316 lon
263 3279 358 3332 per
411 3263 541 3317 Cain
573 3262 834 3316 :zedilicia
880 3264 1077 3330 quippe
1121 3261 1330 3315 urbium
1385 3271 1567 3329 postea
1599 3261 1738 3315 facta

146 3365 284 3408 sunt.
316 3355 408 3407 illa
438 3353 735 3409 Jerusalem
764 3353 819 3406 in
864 3364 1004 3407 terra
1032 3350 1435 3415 Jebusa-orum;
1478 3365 1599 3404 nam
1629 3353 1738 3420 pri-

148 3461 231 3500 mo
275 3446 446 3501 Jebus
471 3446 746 3501 dicebatur
769 3445 833 3515 (11
868 3445 996 3514 Reg.
1022 3461 1073 3509 v,
1094 3443 1147 3507 6,
1167 3454 1212 3495 et
1241 3441 1402 3496 Iosue
1423 3458 1571 3507 xvut,
1593 3444 1686 3514 ς28)
1718 3459 1732 3496 :

148 3537 263 3592 inde
287 3555 423 3608 gens
443 3537 810 3592 Jebusacorum
840 3537 1004 3606 ejecta
1025 3547 1127 3597 est,
1150 3535 1364 3603 quando
1387 3535 1613 3603 populus
1643 3535 1736 3589 Dei

147 3629 396 3686 liberatus
417 3640 501 3684 est
528 3630 596 3684 de
614 3628 864 3700 Egypto,
893 3639 948 3684 et
991 3630 1323 3683 introductus
1353 3637 1438 3698 est
1466 3628 1516 3680 in
1541 3638 1734 3681 terram

149 3723 531 3790 promissionis.
561 3722 798 3793 Babylon
828 3731 1008 3776 autem
1039 3720 1250 3775 condita
1298 3729 1382 3775 est
1428 3719 1480 3773 in
1538 3719 1737 3772 intimis

149 3810 375 3868 Persidis
398 3812 730 3883 regionibus,
762 3795 880 3880 qutt-
906 3811 1159 3865 diuturno
1191 3822 1431 3880 tempore
1455 3818 1615 3879 caput
1640 3825 1735 3863 ex-

151 3905 260 3960 tulit
282 3921 449 3975 super
479 3914 703 3960 caateras
727 3913 933 3973 gentes.
969 3904 1096 3957 Dua:
1120 3918 1247 3974 ergo
1280 3903 1394 3956 ista:
1431 3902 1590 3955 urbes
1617 3917 1738 3955 cer-

149 4000 211 4054 tis
231 3999 565 4069 temporibus
591 3997 820 4052 conditio
847 4007 992 4062 sunt,
1027 4008 1084 4050 ut
1115 3995 1546 4050 manifesmretur
1574 3995 1736 4064 figura

147 4091 363 4146 duarum
391 4092 666 4146 civitatum
693 4091 818 4144 olim
848 4100 1165 4157 captarum,
1203 4097 1257 4141 et
1282 4103 1450 4156 usque
1497 4087 1546 4140 in
1578 4087 1736 4141 linem

147 4185 194 4238 in
225 4186 326 4239 isto
349 4185 554 4240 Sic-culo
577 4196 952 4238 mansurarum
977 4220 992 4245 ,
1034 4179 1128 4234 sed
1159 4186 1208 4232 in
1260 4179 1365 4232 line
1408 4179 1737 4247 separanda-

147 4291 278 4332 rum.
305 4275 468 4332 Unde
496 4288 624 4342 ergo
647 4286 934 4342 possumus
959 4287 1050 4326 eas
1075 4270 1235 4324 modo
1273 4269 1579 4330 ostendere,
1621 4285 1740 4340 qua:

147 4370 424 4438 permixtae
455 4366 615 4421 sunt?
639 4364 896 4420 Ostendet
943 4371 1067 4418 tunc
1119 4362 1393 4420 Dominus.
1432 4376 1552 4414 cum
1604 4361 1741 4414 alios

147 4472 301 4530 ponet
329 4460 398 4514 ad
424 4458 729 4516 dexteram.
758 4456 896 4509 alios
922 4455 987 4508 ad
1019 4455 1314 4508 sinistram.
1337 4452 1633 4506 Jerusalem
1671 4452 1739 4504 ad

146 4553 417 4607 dexteram
450 4549 586 4613 erit;
617 4547 854 4618 Babylon
886 4546 951 4599 ad
984 4546 1275 4599 sinistram.
1306 4543 1599 4597 Jerusalem
1643 4557 1740 4594 au-

145 4644 308 4698 ditura
361 4653 449 4698 est
482 4660 498 4695 :
542 4641 733 4701 Venite,
763 4640 1006 4693 benedicti
1037 4637 1206 4691 Patris
1245 4639 1380 4701 mei;
1412 4638 1649 4707 pircipite
1670 4653 1743 4689 re-

145 4754 290 4808 gnum
317 4735 464 4806 quod
487 4733 623 4787 vobis
646 4743 879 4801 paratum
901 4741 973 4785 est
999 4731 1062 4784 ab
1106 4731 1300 4800 origine
1341 4731 1534 4782 mundi.
1571 4730 1744 4800 Baby-

152 4831 232 4881 lon
257 4829 516 4881 auditura
543 4834 627 4879 est.
653 4841 666 4875 :
698 4823 778 4876 Ite
812 4824 864 4877 in
910 4825 1078 4894 ignem
1111 4834 1351 4876 (sternunt
1371 4864 1387 4888 ,
1413 4824 1502 4891 qui
1532 4833 1742 4892 paratus

145 4933 210 4974 cst
236 4921 445 4974 diabolo
467 4928 516 4972 et
539 4918 732 4987 angelis
752 4917 860 4988 ejus
882 4916 1094 4986 (Matth.
1123 4931 1250 4977 xxv,
1275 4916 1364 4981 34,
1394 4915 1509 4985 41).
1542 4915 1740 4970 Possu-

145 5029 254 5068 tnus
284 5026 472 5068 tamen
505 5022 559 5065 et
585 5010 780 5080 aliquid
811 5009 1023 5076 afferre,
1049 5018 1304 5076 quantum
1344 5009 1599 5062 Dominus
1639 5008 1740 5061 do-

145 5118 249 5173 nat,
275 5106 422 5162 unde
475 5104 872 5173 distinguantur
901 5103 972 5171 pii
1013 5101 1218 5165 ﬁdeles,
1249 5102 1407 5154 etiam
1448 5100 1549 5154 hoc
1603 5111 1740 5154 tem-

143 5213 284 5270 pore,
312 5200 465 5252 cives
494 5195 794 5252 Jerusalem
824 5209 854 5247 a
882 5194 1088 5249 civibus
1104 5192 1428 5264 Babylonico.
1449 5192 1596 5261 Duas
1615 5192 1743 5246 istas

145 5290 380 5346 civitates
411 5287 624 5342 faciunt
644 5284 751 5340 duo
777 5297 991 5338 amores
1023 5301 1036 5337 τ
1065 5281 1357 5337 Jerusalem
1414 5279 1541 5335 facit
1590 5297 1742 5335 amor

148 5377 269 5448 Dei;
300 5378 660 5452 Babyloniam
687 5374 814 5429 facit
845 5388 998 5428 amor
1042 5373 1248 5427 szeculi.
1291 5372 1587 5441 interroget
1613 5387 1742 5442 ergo

145 5489 200 5528 se
218 5473 446 5542 quisque
477 5466 608 5538 quid
635 5474 799 5527 amet,
823 5473 879 5520 et
911 5463 1143 5518 inveniet
1165 5462 1305 5518 unde
1324 5463 1396 5520 sit
1417 5463 1548 5517 civis
1577 5481 1590 5516 :
1613 5474 1669 5517 et
1696 5461 1741 5517 si

146 5576 200 5618 se
219 5561 496 5619 invenerit
517 5550 1046 5626 civem'Babylonite,
1075 5554 1336 5623 exstirpet
1361 5552 1705 5622 cupiditatem
1722 5596 1739 5622 ,

146 5654 339 5726 plantat
357 5651 724 5714 cbaritatem;
749 5647 795 5703 si
815 5656 995 5702 autem
1026 5645 1359 5700 seiuvenerit
1380 5645 1551 5699 civem
1580 5643 1740 5699 Jeru-

144 5749 322 5821 salem,
367 5746 575 5804 toleret
623 5741 1008 5812 captivitatem,
1031 5747 1211 5811 speret
1238 5738 1558 5794 libertatem.
1593 5734 1743 5794 Multt

3332 328 3432 392 774

1836 433 1977 487 enim
2005 435 2148 488 cives
2169 445 2370 490 sancte
2385 437 2571 492 matris
2600 435 2899 495 Jerusalem
2922 440 3298 510 cupiditatibus
3328 443 3433 498 Ba-

1833 523 2065 594 byloniae
2088 529 2324 595 corrupti
2341 529 2676 595 tenebantur,
2704 539 2760 584 et
2783 529 2895 600 ipsa
2917 534 3258 603 corruptione
3278 537 3433 605 cupi-

1836 618 2057 672 ditatum
2077 630 2324 688 tanquam
2344 621 2485 674 cives
2511 620 2634 674 inde
2661 621 2780 675 facti
2803 626 2986 689 erant;
3011 635 3061 677 et
3086 626 3235 678 multi
3256 625 3432 680 adhuc

1837 710 1906 762 ita
1927 719 2069 770 sunt,
2092 711 2307 763 etmulti
2335 720 2451 778 post
2475 725 2570 764 nos
2601 712 2650 764 iu
2670 711 2770 765 bac
2791 721 2932 766 terra
2956 713 3114 768 futuri
3137 716 3208 767 ita
3230 725 3388 770 erunt
3413 734 3428 772 :

1836 799 1932 852 sed
1951 801 2097 852 novit
2115 799 2388 864 Dominus,
2412 800 2658 854 conditor
2672 800 2988 868 Jerusalem,
3006 818 3140 872 quos
3160 806 3305 860 cives
3318 805 3435 874 ejus

1839 889 2314 957 prtedestinaverit,
2344 905 2481 959 quos
2501 891 2679 944 videat
2702 892 2876 944 adhuc
2903 893 3002 946 sub
3023 894 3296 947 dominatu
3318 897 3434 947 dia-

1839 980 1948 1032 boli
1970 980 2308 1034 redimendos
2327 982 2585 1050 sanguine
2608 982 2822 1047 Christi,
2843 984 2990 1036 novit
3012 983 3130 1037 illos
3150 985 3262 1052 ipse
3278 995 3435 1039 ante-

1839 1087 1999 1141 quam
2031 1087 2087 1126 se
2119 1073 2217 1142 ipsi
2250 1075 2519 1128 noverint.
2547 1073 2658 1129 Sub
2689 1073 2787 1128 hac
2830 1090 2956 1143 ergo
2988 1073 3160 1144 figura
3186 1085 3433 1130 cantatur

1842 1163 1927 1216 hic
1954 1147 2212 1231 psalmus.
2252 1163 2305 1216 lu
2350 1164 2502 1233 cujus
2549 1165 2701 1217 titulo
2750 1165 2904 1232 positi
2954 1175 3076 1218 sunt
3119 1166 3282 1218 etiam
3329 1167 3436 1220 duo

1842 1255 2134 1323 propitclzt‘,
2165 1257 2252 1324 qui
2289 1256 2375 1307 illo
2408 1266 2645 1322 tempore
2681 1255 2734 1308 in
2758 1256 3061 1326 captivitate
3086 1253 3435 1319 fuerunt,.le-

1842 1346 2036 1399 rcmias
2064 1356 2118 1400 et
2167 1345 2431 1415 Ezechiel,
2459 1356 2513 1401 et
2537 1347 2824 1400 cantabant
2849 1347 3115 1414 qntrdam,
3147 1363 3262 1399 cum
3296 1347 3426 1399 inci-

1843 1439 2189 1503 perentcxire.
2225 1436 2412 1507 incipit
2448 1439 2596 1492 exire
2640 1438 2728 1508 qui
2771 1439 2956 1507 incipit
2984 1453 3186 1492 amare.
3225 1439 3435 1493 Excutit

1842 1530 1982 1583 enim
2009 1530 2159 1583 multi
2187 1530 2433 1592 latenter,
2458 1541 2510 1584 et
2537 1531 2848 1585 exeuntium
2900 1531 3064 1600 pedes
3109 1542 3232 1584 sunt
3256 1531 3435 1586 cordis

1843 1622 2066 1674 allectus
2100 1637 2113 1673 :
2146 1631 2343 1675 exeunt
2370 1631 2550 1677 autem
2599 1621 2666 1675 de
2698 1622 3008 1692 Babylonia.
3056 1621 3192 1688 Quid
3239 1632 3320 1675 est
3367 1623 3435 1676 do

1843 1712 2135 1783 Babylonia
2159 1713 2182 1764 ’ἒ
2214 1713 2287 1766 [te
2307 1711 2638 1765 confusione.
2664 1711 2942 1776 Quomodo
2971 1711 3149 1766 exitur
3171 1711 3238 1765 de
3264 1711 3435 1780 Baby—

1843 1803 1988 1867 ionc,
2023 1804 2072 1857 id
2100 1813 2182 1857 est
2215 1802 2284 1857 de
2304 1803 2659 1857 confusione?
2686 1803 2783 1867 Qui
2830 1805 3000 1870 primo
3034 1803 3242 1857 confusi
3284 1811 3439 1857 erant

1845 1893 2109 1947 similibus
2137 1893 2533 1962 cupiditatibus,
2564 1893 2823 1961 incipiunt
2849 1891 3111 1947 cbaritatc
3137 1892 3386 1962 distingui
3419 1909 3435 1953 ;

1840 1984 1949 2053 jam
1977 1983 2233 2049 distincti,
2259 1999 2362 2037 non
2402 1991 2528 2038 sunt
2571 1984 2800 2037 confusi.
2833 1983 2943 2037 Etsi
2993 1981 3169 2036 adhuc
3213 1997 3439 2050 corpore

1845 2075 2093 2144 permixti
2121 2085 2268 2142 sunt,
2295 2075 2560 2129 desiderio
2589 2082 2766 2128 tamen
2798 2081 2987 2128 sancto
3028 2060 3438 2138 discernuntur;

1845 2173 1902 2221 et
1937 2173 2155 2235 propter
2189 2165 2599 2235 permixtionem
2653 2164 2984 2233 corporalem
3029 2163 3266 2218 nondum
3295 2165 3440 2217 exie-

1844 2265 1999 2317 runt:
2029 2267 2248 2327 pr0pter
2274 2257 2523 2311 affectum
2553 2256 2732 2310 cordis
2778 2256 2924 2310 exire
2972 2265 3268 2324 coeperunt.
3319 2254 3438 2309 Jam

1845 2364 1976 2419 ergo
2022 2350 2319 2414 audiamus,
2351 2349 2573 2412 fratres;
2614 2349 2890 2402 audiamus
2911 2388 2925 2413 ,
2954 2359 3007 2401 et
3053 2360 3352 2409 cantemus,
3385 2358 3440 2404 et

1844 2440 2212 2495 desideremus
2241 2441 2382 2493 unde
2407 2441 2554 2493 cives
2583 2453 2787 2492 smnus.
2823 2439 2886 2492 Et
2927 2455 3046 2508 qua:
3077 2439 3266 2508 gaudia
3315 2455 3440 2492 cau-

1846 2539 2024 2587 tantur
2048 2531 2244 2587 nobis?
2279 2531 2559 2599 Quomodo
2603 2532 2655 2584 in
2710 2529 2863 2583 nobis
2907 2522 3234 2584 reformatur
3279 2545 3434 2582 amor

1844 2624 2074 2679 civitatis
2102 2633 2320 2686 nostra),
2343 2638 2500 2691 quam
2529 2621 2779 2675 diuturna
2830 2621 3256 2689 peregrinatione
3285 2621 3442 2674 obliti

1846 2712 2153 2768 fueramus?
2181 2713 2286 2767 Sed
2313 2713 2456 2766 tuisit
2485 2711 2606 2765 inde
2630 2711 2696 2764 ad
2726 2726 2824 2765 nos
2851 2711 3108 2781 epistolas
3157 2712 3314 2766 Pater
3345 2729 3440 2766 no-

1843 2815 1973 2867 ster,
2006 2805 2324 2858 ministravit
2350 2803 2506 2857 nobis
2553 2802 2856 2870 Scriptums
2899 2803 3038 2856 Deus
3064 2844 3080 2867 ,
3104 2802 3298 2871 quibus
3325 2804 3443 2872 cpi-

1843 2895 1996 2950 stolis
2027 2896 2174 2950 fieret
2203 2896 2254 2948 in
2283 2894 2438 2948 nobis
2464 2892 2721 2949 redeundi
2740 2893 3063 2948 desiderium
3090 2910 3103 2960 ;
3145 2895 3268 2963 quia
3314 2910 3441 2962 pcr-

1843 2991 2226 3062 egrinationem
2248 2997 2482 3042 nostram
2511 2986 2802 3058 diligendo,
2831 2987 2897 3040 ad
2923 2987 3103 3041 hostes
3133 2987 3319 3042 faciem
3350 3003 3442 3058 ρο-

1843 3096 2143 3147 sueramus,
2166 3091 2220 3137 et
2239 3081 2457 3135 dorsum
2486 3080 2552 3134 ad
2585 3081 2833 3149 patriam.
2866 3080 3003 3148 Quid
3038 3098 3166 3151 ergo
3201 3080 3289 3137 hic
3316 3098 3442 3136 can-

1844 3184 1985 3231 tatur
1999 3176 2024 3226 τ

1914 3269 1966 3323 ὅ.
1992 3267 2143 3342 [rem
2165 3264 2248 3340 2.]
2275 3265 2350 3323 Te
2373 3264 2512 3318 decet
2538 3265 2777 3334 hymnus,
2813 3262 2978 3331 Deus,
3001 3265 3052 3317 in
3085 3264 3233 3319 Sion.
3267 3265 3441 3320 Patria

1837 3359 1932 3427 illa
1962 3368 2045 3414 est
2075 3358 2201 3413 Sion
2238 3375 2253 3411 :
2284 3359 2397 3426 ipsa
2428 3365 2510 3411 est
2537 3355 2833 3410 Jerusalem
2881 3372 3000 3425 qua:
3023 3355 3150 3410 Sion
3173 3373 3185 3420 ;
3211 3368 3264 3411 et
3288 3357 3444 3426 hujus

1844 3449 2075 3503 nominis
2123 3448 2618 3516 interpretationem
2651 3462 2808 3500 nosse
2835 3445 3066 3501 debetis.
3096 3448 3246 3501 Sicut
3286 3447 3444 3502 Jeru-

1843 3538 2007 3592 salem
2038 3539 2422 3608 interpretatur
2447 3535 2596 3589 Visio
2627 3537 2770 3603 pacis
2792 3577 2806 3600 ,
2861 3535 2931 3588 ita
2960 3535 3087 3590 Sion
3117 3537 3442 3605 Speculatio,

1848 3632 1898 3684 id
1931 3639 2013 3685 est
2039 3631 2172 3684 visio
2197 3641 2247 3683 et
2279 3629 2678 3697 contemplatio.
2721 3628 2911 3682 Nescio
2952 3629 3091 3697 quod
3137 3629 3289 3685 nobis
3325 3645 3440 3683 ma-

1842 3740 2000 3795 gnum
2026 3722 2387 3792 spectaculum
2419 3722 2775 3790 promittitur;
2805 3731 2861 3775 et
2898 3720 3002 3774 hoc
3027 3722 3142 3790 ipse
3178 3721 3318 3775 Deus
3355 3731 3439 3776 est

1842 3815 1932 3885 qui
1976 3813 2215 3868 comiidit
2265 3813 2562 3868 civitatem.
2619 3812 2850 3865 Pulchra
2887 3821 2941 3866 et
2990 3811 3185 3865 decora
3229 3811 3440 3878 civitas,

1842 3922 2001 3976 quam
2052 3905 2410 3975 pulchriorem
2469 3903 2628 3958 habet
2658 3903 3027 3956 eoaditorem!
3061 3901 3134 3956 Te
3180 3903 3317 3956 decet
3345 3905 3445 3973 hy-

1843 4013 2012 4060 mnus,
2047 3995 2184 4049 Deus
2207 4037 2220 4062 ,
2247 3995 2432 4065 inquit.
2461 3994 2567 4048 Sed
2601 3992 2730 4047 ubi?
2761 3991 2824 4044 In
2867 3991 2995 4047 Sion
3023 4008 3041 4045 :
3073 3993 3123 4046 in
3171 3993 3444 4064 Babylone

1845 4104 1950 4142 non
1999 4087 2173 4142 decet.
2231 4087 2439 4141 Etenim
2483 4087 2708 4155 quisque
2747 4101 2867 4139 cum
2919 4086 3141 4153 cmperit
3176 4086 3440 4151 innovari,

1839 4181 1948 4250 jam
1968 4179 2130 4234 cordo
2149 4180 2199 4234 in
2218 4179 2510 4234 Jerusalem
2531 4187 2728 4235 cantat.
2755 4178 2968 4232 dicente
2989 4181 3028 4230 Δ
3040 4179 3247 4246 postolo
3273 4196 3284 4230 :
3310 4176 3446 4232 Con-

1846 4273 2056 4325 versatio
2081 4280 2252 4322 nostra
2292 4271 2344 4322 in
2371 4270 2510 4321 malis
2539 4278 2610 4322 est
2632 4266 2892 4338 (Philipp.
2923 4282 2999 4332 ttt,
3028 4267 3143 4337 20).
3193 4266 3258 4320 In
3288 4283 3442 4323 carne

1847 4365 1980 4417 enim
2001 4362 2334 4419 ambulantes.
2368 4360 2557 4429 inquit,
2582 4377 2680 4412 non
2709 4359 2987 4411 secundum
3027 4374 3230 4411 carnem
3251 4359 3443 4412 milita-

1846 4473 1958 4508 mus
1991 4455 2054 4526 (ii
2080 4455 2198 4509 Cor.
2224 4471 2278 4521 x,
2308 4454 2384 4525 5).
2414 4453 2529 4508 Jam
2558 4453 2822 4508 desiderio
2850 4452 2919 4505 ibi
2944 4451 3269 4522 sumns,jam
3289 4466 3444 4521 spent

1849 4549 1899 4602 in
1926 4550 2066 4602 illam
2093 4557 2314 4610 terram,
2340 4548 2489 4614 quasi
2531 4544 2823 4598 anchoram
2873 4545 3226 4613 praemisimus
3248 4585 3263 4609 ,
3294 4558 3362 4599 ne
3390 4544 3447 4598 in

1847 4639 1951 4694 isto
1995 4639 2126 4692 tnari
2152 4639 2342 4691 turbati
2367 4636 2761 4705 naufragemus;
2810 4633 3272 4699 Quemadmodum
3316 4648 3456 4704 ergo

1847 4731 1914 4785 de
1959 4731 2076 4783 navi
2109 4747 2227 4799 qua:
2274 4730 2325 4782 in
2354 4728 2603 4783 aticiioris
2657 4736 2773 4788 est,
2835 4738 2980 4780 recte
3026 4726 3253 4779 dicimus
3301 4727 3444 4796 quod

1841 4821 1952 4890 jam
1983 4823 2199 4874 interra
2233 4820 2339 4883 sit;
2387 4818 2562 4872 adhuc
2600 4817 2740 4870 enim
2791 4818 3031 4880 fluctuat,
3065 4817 3157 4870 sed
3200 4818 3250 4870 in
3303 4827 3444 4871 terra

1847 4913 2238 4983 quodammodo
2287 4912 2475 4966 educta
2527 4919 2610 4966 est
2657 4919 2842 4963 contra
2899 4912 3210 4972 ventos,'et
3255 4919 3444 4963 contra

1851 5015 2197 5072 tempestates
2230 5021 2244 5055 :
2279 5005 2355 5056 sic
2384 5011 2568 5055 contra
2598 5001 2920 5054 tentationes
2950 4998 3105 5068 hujus
3133 4999 3450 5070 peregrina-

1848 5099 2008 5152 tionis
2035 5107 2251 5160 nostrre,
2280 5110 2404 5165 spes
2427 5104 2608 5148 nostra
2634 5091 2848 5146 fundata
2873 5093 2924 5145 in
2946 5091 3034 5146 illa
3053 5093 3267 5147 civitate
3285 5090 3445 5146 Jeru-

1848 5190 2012 5242 salem
2042 5187 2160 5240 facit
2185 5201 2282 5240 nos
2307 5200 2411 5239 non
2431 5185 2602 5253 abripi
2626 5185 2677 5237 in
2701 5198 2848 5236 saxa.
2874 5182 2976 5250 Qui
3000 5197 3128 5268 ergo
3149 5181 3442 5237 secundum
3505 5227 3509 5231 .

1851 5279 1987 5332 hanc
2029 5293 2180 5346 spem
2228 5285 2426 5342 cantat,
2461 5276 2532 5329 ibi
2581 5284 2761 5328 cantat
2794 5288 2960 5344 :ergo
3012 5273 3178 5337 dicat,
3209 5271 3280 5326 Te
3304 5272 3448 5326 decet

1849 5368 2088 5437 hymnus,
2113 5366 2269 5432 Deus,
2303 5369 2355 5420 in
2386 5366 2534 5421 Sion.
2584 5362 2652 5418 In
2701 5364 2851 5430 Sion,
2893 5379 3000 5418 non
3039 5363 3090 5417 in
3146 5362 3444 5435 Babylone.

1846 5459 1952 5515 Sed
1985 5458 2144 5514 modo
2171 5459 2240 5512 ibi
2264 5473 2324 5512 es
2343 5457 2519 5511 adhuc
2545 5456 2596 5509 in
2630 5454 2937 5526 Babylone?
2968 5454 3064 5520 lbi,
3092 5453 3444 5523 inquit,sum;

1848 5561 2058 5607 amator
2079 5552 2200 5616 iste,
2233 5560 2287 5604 et
2323 5549 2455 5603 civis
2494 5548 2594 5601 istc
2624 5567 2638 5602 :
2664 5547 2730 5599 ibi
2777 5561 2931 5611 sum;
2984 5546 3076 5600 sed
3105 5559 3269 5600 carne
3290 5586 3304 5610 ,
3337 5559 3446 5598 non

1851 5641 2034 5700 corde.
2076 5640 2208 5697 Cum
2237 5650 2417 5694 autem
2471 5639 2577 5692 duo
2621 5638 2866 5706 qu:cdam
2913 5638 3160 5704 dixerim,
3190 5636 3314 5707 quia
3370 5635 3450 5694 ibt

1852 5750 1969 5795 sam
1993 5749 2172 5792 carne.
2195 5747 2301 5787 non
2323 5730 2515 5797 corde;
2551 5727 2693 5785 unde
2713 5738 2892 5797 cauto,
2919 5745 3025 5785 non
3057 5729 3156 5784 ibi:
3177 5744 3282 5784 non
3302 5728 3449 5783 enim
