3934 6318
479 265 586 320 775

479 390 640 430 carne
662 382 823 429 canto
844 413 858 434 ,
891 371 982 426 sed
1010 368 1192 424 corde.
1238 366 1466 422 Carnem
1524 363 1738 433 quidem
1789 372 2068 417 sonantem

479 468 703 521 audiunt
727 479 777 520 et
802 465 954 519 cives
985 462 1325 532 Babyloniuz;
1353 458 1530 512 cordis
1556 468 1733 510 autem
1761 469 1950 508 sonum
1977 469 2095 507 au»

475 557 555 610 dit
576 557 821 609 conditor
849 553 1169 609 Jerusalem.
1203 550 1353 607 Unde
1382 548 1508 602 dicit
1544 546 1850 615 Apostolus,
1879 544 2073 598 exhor-

483 659 600 703 tuus
627 649 770 717 ipsus
785 647 933 702 cives
951 645 1016 697 ad
1045 642 1302 698 amatoria
1329 639 1572 708 quaedam
1604 637 1832 695 cantica.
1853 643 1906 688 et
1933 634 2073 687 desi-

473 737 627 792 deria
661 735 914 790 redeundi
943 736 1006 787 ad
1039 735 1177 787 illam
1226 729 1635 800 pulcherrimam
1667 726 1954 789 civitatem,
1989 724 2072 776 vi-

480 830 685 882 sioncm
738 827 881 896 pacis
934 843 947 880 :
993 824 1299 888 Cantantes,
1339 822 1548 889 inquit,
1596 830 1643 872 et
1703 811 1972 888 psallentes
2019 817 2071 868 in

481 921 716 974 cordibus
743 919 917 970 reatris
949 916 1165 968 Domino
1189 913 1406 984 (Ep/tes.
1436 929 1489 976 v,
1516 911 1627 980 l9).
1654 909 1790 978 Quid
1816 921 1919 975 est,
1947 925 2072 962 can-

484 1022 651 1065 tantes
681 1011 733 1064 in
757 1009 996 1063 cordibus
1025 1007 1235 1061 vestris?
1259 1004 1334 1058 Ne
1359 1003 1480 1057 inde
1509 1002 1752 1065 t-antetis,
1786 1000 1927 1054 unde
1944 1001 2074 1053 estis

477 1103 536 1155 in
561 1101 885 1171 Babylonia;
916 1097 1009 1152 sed
1037 1096 1158 1150 inde
1187 1102 1420 1158 cantate,
1447 1093 1585 1147 unde
1626 1107 1838 1145 sursum
1868 1090 2076 1143 habita-

484 1194 571 1246 tis.
606 1191 765 1260 Ergo,
793 1188 866 1243 Te
885 1188 1021 1241 decet
1053 1188 1290 1256 hymnus,
1327 1183 1485 1249 Deus,
1510 1184 1561 1236 in
1585 1182 1735 1237 Sion.
1769 1180 1826 1234 lu
1868 1181 1996 1236 Sion
2023 1192 2073 1236 te

480 1283 636 1338 decet
657 1285 907 1353 hymnus,
941 1297 1044 1332 non
1073 1281 1122 1332 in
1154 1277 1465 1349 Babylonia.
1489 1275 1590 1342 Qui
1619 1282 1838 1330 cantant
1888 1275 1939 1327 in
1967 1274 2070 1327 Ba-

480 1371 717 1443 bylonia,
754 1371 899 1424 cives
947 1368 1286 1438 Babyloniae,
1316 1369 1475 1420 ctiam
1519 1364 1774 1436 hymnum
1829 1363 1919 1416 Dei
1966 1380 2071 1431 nou

477 1461 732 1516 decenter
760 1468 994 1514 cantant.
1036 1458 1171 1510 Audi
1225 1471 1409 1509 vocem
1459 1455 1790 1523 Scriptura}:
1828 1452 1949 1506 Non
2000 1462 2072 1507 est

475 1553 703 1623 speciosa
729 1553 842 1605 laus
863 1551 915 1604 in
939 1566 1025 1604 ore
1055 1549 1336 1618 peccatoris
1376 1546 1566 1617 (Eccli.
1599 1561 1687 1606 xv,
1712 1545 1789 1616 9).
1815 1542 1889 1598 Te
1929 1544 2072 1598 decet

477 1645 720 1714 hymnus,
746 1639 905 1705 Deus,
929 1641 981 1694 in
1003 1640 1152 1698 Sion.

550 1735 603 1788 4.
642 1734 704 1786 Et
734 1733 822 1785 tibi
843 1733 859 1764 ¹
883 1731 1121 1785 reddetur
1161 1727 1330 1782 uotum
1368 1728 1421 1780 in
1448 1725 1756 1780 Jerusalem.
1790 1724 1887 1780 llic
1916 1740 2072 1778 vove-

480 1840 619 1889 tnus,
652 1833 707 1879 et
733 1825 929 1878 bonum
962 1832 1043 1876 est
1075 1830 1133 1875 ut
1163 1821 1231 1875 ibi
1262 1819 1568 1875 reddamus.
1612 1817 1712 1885 Qui
1758 1827 1937 1872 autem
1990 1818 2076 1871 hic

477 1925 698 1978 vovent,
730 1923 785 1969 et
819 1930 923 1967 non
959 1911 1230 1967 reddunt?
1259 1912 1356 1978 Qui
1387 1925 1490 1963 non
1520 1917 1866 1976 perseverant
1907 1923 2076 1978 usque

482 2006 536 2061 in
568 2006 729 2061 linem
758 2005 809 2058 iu
838 2019 904 2059 eo
931 2003 1072 2074 quod
1095 2011 1377 2057 voverunt.
1411 2000 1560 2055 [lude
1603 1999 1728 2054 dicit
1774 2001 1909 2054 alius
1934 2001 2078 2071 psal-

481 2115 624 2166 mus,
666 2097 865 2164 Vovete,
890 2108 934 2151 et
952 2095 1146 2151 reddite
1171 2095 1384 2149 Domino
1404 2093 1512 2148 Deo
1531 2104 1694 2148 vestro
1715 2092 1887 2164 (Psal.
1911 2107 2078 2160 Lxxv,

483 2189 594 2259 12).
631 2187 695 2244 Et
715 2189 803 2242 tibi
850 2173 1090 2242 reddetur
1131 2196 1301 2241 votum
1345 2185 1398 2239 in
1451 2182 1760 2238 Jerusalem.
1811 2183 1887 2240 lbi
1931 2184 2077 2240 enim

482 2283 684 2337 erimus
719 2282 838 2346 toti,
871 2279 924 2334 id
955 2288 1038 2333 est
1061 2278 1251 2347 integri
1301 2279 1352 2331 in
1379 2276 1772 2331 resurrectione
1787 2274 2077 2346 iustorum:

482 2373 552 2428 ibi
587 2372 837 2427 reddetur
865 2381 1042 2424 votum
1077 2379 1245 2423 totum
1287 2377 1564 2433 nostrum;
1599 2383 1702 2422 non
1733 2369 1844 2424 sola
1872 2369 2076 2435 anima,

477 2464 579 2519 sed
601 2465 711 2533 ipsa
740 2463 899 2517 etiam
925 2479 1051 2517 caro
1073 2462 1183 2531 jam
1238 2475 1344 2516 non
1393 2460 1774 2529 corruptibilis,
1804 2461 1927 2531 quia
1967 2461 2076 2529 jam

484 2556 673 2609 nonin
719 2554 1030 2624 Babylonia,
1056 2553 1155 2607 sed
1190 2553 1298 2622 jam
1327 2568 1522 2622 corpus
1562 2553 1781 2607 cosleste
1833 2553 2082 2606 immuta-

484 2656 618 2698 tum.
650 2645 830 2710 Qualis
872 2646 1094 2698 mutatio
1125 2644 1490 2713 promittitur:
1520 2642 1707 2698 Omnes
1727 2645 1861 2697 enim
1903 2661 2080 2697 resur-

483 2754 678 2806 gemus,
709 2737 784 2790 ait
809 2737 1124 2805 Apostolus,
1174 2735 1262 2789 sed
1303 2751 1406 2788 non
1452 2751 1627 2789 omnes
1673 2735 2076 2792 immutabimur.

484 2826 585 2894 Qui
609 2829 630 2859 ³
677 2836 853 2881 autem
898 2828 1320 2881 immutabuntur
1347 2828 1458 2895 ipse
1490 2827 1623 2880 dixit
1651 2844 1665 2880 :
1693 2826 1762 2881 In
1790 2825 1893 2881 ictu
1921 2831 2078 2895 oculi,

483 2921 539 2971 in
564 2918 835 2971 novissima
881 2917 999 2970 tuba
1027 2932 1048 2971 :
1077 2926 1222 2970 canet
1263 2919 1395 2971 enim
1427 2919 1574 2982 tuba,
1616 2926 1662 2971 et
1704 2919 1892 2972 mortui
1913 2936 2084 2974 resur-

488 3021 600 3066 cent
628 3011 948 3081 incorrupti,
985 3011 1037 3064 id
1076 3019 1160 3064 est
1202 3010 1415 3080 integri,
1447 3019 1493 3063 et
1542 3028 1635 3064 nos
1679 3013 2080 3066 immutabimur.

486 3105 670 3174 Qualis
697 3116 874 3159 autem
905 3104 1008 3178 erit
1034 3104 1119 3158 illa
1167 3104 1465 3158 immutatio
1486 3146 1499 3167 ,
1529 3105 1766 3171 sequitur
1815 3115 1871 3159 et
1914 3107 2078 3160 dicit:

489 3215 515 3247 4
549 3195 773 3265 Oportet
801 3195 943 3249 enim
972 3193 1319 3261 corruptibile
1345 3193 1447 3247 hoc
1475 3194 1695 3247 induere
1718 3195 2082 3264 incorruptio-

496 3307 514 3337 ι
559 3303 679 3342 nem
734 3295 789 3340 et
851 3273 1074 3340 mortale
1128 3284 1229 3339 hoc
1295 3283 1518 3339 induere
1582 3284 2080 3340 immortalitatem:

492 3400 516 3431 4
551 3395 672 3433 cum
703 3387 881 3432 autem
905 3377 1249 3446 corruptibile
1294 3374 1394 3430 hoc
1437 3376 1672 3430 induerit
1725 3376 2085 3445 incorruptio-

492 3491 515 3522 ι
555 3486 698 3533 nem,
727 3480 779 3523 et
805 3468 1028 3522 mortale
1052 3467 1154 3521 hoc
1189 3466 1422 3522 induerit
1458 3466 1934 3529 immortalitatem,
1959 3475 2086 3522 tunc

494 3579 516 3610 ι
552 3565 641 3615 tiet
674 3575 853 3614 sermo
900 3559 989 3628 qui
1013 3559 1243 3627 scriptus
1268 3567 1350 3612 est
1379 3573 1392 3609 :
1425 3557 1692 3624 Absorpta
1730 3566 1814 3610 est
1843 3571 1986 3610 mors
2031 3557 2084 3610 in

493 3673 517 3705 ι
556 3653 854 3707 victoriam.
889 3651 985 3706 Ubi
1018 3657 1119 3713 est,
1147 3663 1311 3710 mors,
1337 3649 1554 3701 aculeus
1579 3657 1697 3700 tuus
1728 3666 1748 3699 ι
1783 3647 1821 3718 (l
1852 3647 1969 3701 Cor.
1994 3664 2084 3714 xv,

495 3747 558 3801 5|
596 3745 726 3814 55)?
778 3742 934 3797 Modo
984 3743 1126 3796 enim
1194 3740 1454 3793 inchoatis
1529 3739 1580 3792 in
1637 3739 1788 3794 nobis
1842 3739 2088 3807 primitiis

494 3837 708 3894 ruentis.
735 3834 872 3888 unde
894 3832 1264 3887 desideramus
1292 3829 1584 3884 Jerusalem
1605 3871 1621 3894 ,
1650 3830 1815 3884 multa
1843 3845 1905 3883 ex
1927 3845 2088 3884 carne

492 3924 825 3994 corruptibili
857 3923 1186 3976 contendunt
1215 3923 1498 3975 adversum
1525 3935 1642 3980 nos,
1673 3935 1791 3988 qua:
1824 3935 1927 3973 uon
1954 3934 2087 3974 con-

494 4016 734 4077 tendent,
767 4029 887 4067 cum
919 4013 1074 4067 merit
1096 4026 1241 4065 mors
1268 4010 1517 4079 absorpta
1548 4009 1597 4062 iu
1629 4008 1926 4063 victoriam.
1958 4009 2088 4062 Viu-

492 4117 578 4162 cet
609 4122 728 4177 pax,
756 4115 810 4160 et
836 4103 1053 4158 ﬁnietur
1079 4103 1298 4156 bellum.
1321 4099 1546 4168 Quando
1561 4110 1737 4153 autem
1766 4099 1939 4154 vincet
1962 4115 2086 4168 pax,

494 4200 670 4252 vincet
691 4197 776 4251 illa
802 4195 992 4250 civitas
1035 4209 1155 4264 quae
1182 4192 1376 4246 dicitur
1405 4191 1550 4244 Visio
1575 4190 1742 4261 pacis.
1778 4188 1930 4243 Nulla
1960 4203 2090 4258 ergo

493 4292 595 4346 erit
618 4307 646 4343 a
678 4299 849 4344 morte
877 4287 1168 4341 co'utentio.
1200 4283 1356 4339 Modo
1383 4298 1503 4338 cum
1545 4294 1716 4337 morte
1741 4291 1934 4352 Quanta
1956 4297 2088 4336 con-

495 4374 1461 4435 tendimus!lndesuntdelectationes
1501 4374 1764 4436 carnales,
1794 4389 1912 4442 qure
1934 4374 2090 4428 nobis

493 4474 653 4527 etiam
685 4471 864 4526 illicito
913 4471 1076 4523 multa
1127 4476 1416 4537 suggerunt
1445 4483 1458 4519 ε
1487 4466 1681 4536 quibus
1725 4480 1828 4519 non
1856 4480 2087 4519 consen-

495 4561 818 4623 :imus.sed
874 4569 1049 4614 tamen
1107 4574 1210 4611 non
1265 4557 1650 4612 consentiendo
1694 4555 2086 4610 contendimus.

501 4654 680 4709 Primo
722 4667 851 4721 ergo
892 4647 1321 4718 concupiscentia
1371 4647 1549 4702 carnis
1602 4656 1889 4716 sequentes
1940 4647 2092 4702 duxit

497 4758 615 4805 nos,
650 4751 830 4809 postea
850 4742 1145 4794 renitentes
1173 4739 1330 4793 traxit
1353 4753 1480 4802 nos;
1511 4737 1706 4792 deinde
1730 4747 1948 4807 accepta
1968 4754 2093 4807 gra-

498 4834 566 4887 tia
599 4833 760 4900 i-wpit
809 4845 910 4883 nos
953 4845 1052 4884 nec
1102 4820 1317 4890 ducere.
1364 4844 1464 4883 nec
1515 4827 1746 4890 trahere,
1779 4829 1871 4881 sed
1915 4827 2091 4883 adhuc

497 4923 823 4978 contendere
867 4922 1142 4974 uobiscum
1177 4937 1190 4973 :
1227 4927 1344 4986 post
1385 4920 1783 4973 contentionem
1811 4920 1912 4972 erit
1937 4929 1991 4972 et
2013 4920 2092 4972 vi-

499 5013 689 5068 ctoria.
716 5011 873 5066 Modo
905 5021 954 5064 te
982 5013 1081 5064 etsi
1109 5019 1395 5080 oppugnat,
1425 5026 1530 5063 non
1570 5021 1877 5080 espugnet:
1907 5020 2088 5080 postea

499 5120 622 5160 cum
671 5104 921 5171 absorpta
955 5101 1111 5154 fuerit
1137 5116 1280 5153 mors
1310 5101 1362 5154 in
1412 5101 1684 5155 victoriam
1709 5143 1723 5168 ,
1750 5109 1806 5156 et
1858 5116 2094 5171 pugnare

500 5196 761 5252 cessabit.
775 5194 907 5260 Quid
926 5195 1124 5247 dictum
1142 5193 1258 5247 est?
1277 5191 1327 5245 Ν
1333 5194 1564 5246 ocissime
1588 5194 1793 5247 inimica
1813 5194 2096 5248 destruetur

503 5286 751 5357 mors(ld.
766 5286 880 5355 ‘26).
899 5285 1136 5339 Reddam
1155 5294 1331 5337 votum
1351 5300 1548 5338 meum.
1567 5283 1717 5352 Quod
1734 5285 1939 5339 votum?
1954 5285 2097 5352 Qua-

503 5381 546 5434 si
561 5381 950 5434 holocaustum.
967 5377 1343 5432 llolocaustum
1359 5378 1500 5430 enim
1519 5388 1643 5430 tunc
1655 5375 1866 5445 dicitur,
1884 5377 2097 5448 quando

570 5562 592 5626 *7
618 5560 955 5626 Aliqu_ot§tss.,
989 5564 1036 5626 et
1055 5557 1154 5626 ibi.
1180 5564 1234 5606 Et
1257 5569 1375 5606 vero
1399 5554 1716 5626 considerata.
1742 5555 2100 5625 interpretandi

505 5616 718 5678 ratione,
738 5620 879 5670 facile
901 5616 1252 5669 crediderimus
1277 5621 1592 5682 Augustinum
1615 5620 1682 5670 ita
1705 5616 1907 5682 legisse.

580 5691 602 5721 ³
621 5686 694 5736 Sic
716 5691 822 5734 uss.
849 5681 1058 5742 Ali-16¢,
1079 5679 1332 5745 quonwdo.

1722 249 1778 305 S.
1820 245 2184 305 AUCUS'I'INI
2226 246 2528 303 EPISCUN

3657 235 3751 291 776

2185 369 2351 413 totum
2375 360 2510 430 ignis
2535 360 2762 417 absumit
2791 361 3194 419 :hnlocaustum
3223 362 3541 420 sacriﬁcium
3562 373 3646 420 est
3690 365 3774 420 ubi

2181 461 2347 504 totum
2370 453 2736 519 consumitur;
2757 461 2864 509 ὅλον
2887 456 3029 510 enim
3054 444 3218 510 iotum
3236 457 3452 525 dicitur,
3479 468 3667 520 καῦσις.
3690 455 3774 510 in-

2178 543 2381 596 censio.
2408 543 2787 600 llolocaustum
2823 555 2993 601 totum
3025 547 3322 602 incensum.
3365 548 3602 617 Arripiat
3647 563 3772 618 ergo

2181 645 2277 684 uOs
2311 632 2468 703 ignis,
2519 635 2653 704 ignis
2704 635 2920 690 divinus
2979 636 3030 691 in
3081 637 3377 693 Jerusalem
3413 657 3428 694 :
3459 638 3773 707 incipiamus

2177 723 2371 778 ardere
2387 724 2667 790 eharitate,
2691 727 2864 782 donec
2891 737 3061 782 totum
3079 730 3305 783 mortale
3321 738 3690 792 consumatur,
3721 737 3773 783 et

2179 813 2318 880 quod
2339 827 2525 870 contra
2572 833 2670 871 nos
2711 817 3000 882 luerit,eat
3047 820 3100 872 in
3148 820 3471 874 sacriﬁcium
3526 820 3768 874 nomine.

2167 903 2334 958 'Unde
2361 905 2483 959 alibi
2511 905 2707 961 dicitur
2736 925 2751 965 :
2789 926 2810 960 ι
2843 909 3079 978 Benigne
3131 908 3235 972 l‘ac,
3272 911 3515 973 Dotninc,
3540 911 3593 965 in
3634 911 3771 965 bona

2186 1013 2204 1046 ο
2245 996 2513 1053 voluntate
2539 1007 2625 1053 tua
2651 999 2804 1063 Sion,
2829 1010 2888 1054 ut
2911 1001 3242 1056 a-diﬁccutur
3276 1004 3410 1056 muri
3434 1002 3771 1058 Jerusalem:

2186 1105 2204 1138 ε
2246 1098 2370 1143 tunc
2390 1092 2693 1160 acceptabis
2732 1093 3050 1147 sacriﬁcium
3093 1093 3333 1163 jttstiliae,
3373 1097 3674 1150 oblationes
3717 1103 3774 1153 et

2185 1197 2205 1230 ς
2246 1179 2550 1238 holocausta
2601 1182 2774 1255 (Psal.
2822 1200 2873 1248 ι,
2926 1184 3016 1247 9.0,
3049 1186 3166 1254 2|).
3203 1186 3279 1241 Te
3335 1186 3490 1241 decet
3520 1187 3773 1258 hymnus,

2186 1289 2207 1322 ‹
2247 1271 2462 1332 Deus,iu
2493 1273 2620 1328 Sion
2653 1291 2668 1338 ;
2700 1285 2754 1330 et
2801 1276 2892 1329 tibi
2937 1277 3189 1332 reddetur
3230 1290 3406 1333 votum
3459 1280 3509 1332 in
3555 1279 3776 1334 Jerusa-

2187 1379 2205 1411 s
2245 1360 2402 1415 lem.»
2432 1363 2732 1430 Quaerimus
2760 1365 2867 1431 hic,
2898 1383 2965 1422 ne
2991 1369 3124 1422 forte
3162 1367 3276 1423 Rex
3313 1370 3466 1424 nobis
3507 1370 3674 1439 ipsius
3692 1370 3776 1425 ci-

2184 1447 2358 1508 vitatis
2375 1456 2804 1519 commendetur,
2840 1459 3096 1515 Dominus
3125 1469 3181 1514 et
3206 1461 3451 1516 Salvator
3481 1472 3663 1517 noster
3685 1462 3777 1517 Je-

2180 1557 2272 1596 sus
2308 1544 2554 1599 Christus
2591 1561 2604 1599 :
2637 1557 2916 1604 cantemus
2959 1565 3088 1622 ergo
3130 1551 3300 1606 donec
3344 1551 3411 1605 ad
3444 1553 3774 1608 evidentiora

2182 1638 2571 1706 perveniamus.
2603 1639 2824 1696 Possem
2865 1642 3006 1697 enim
3048 1642 3159 1714 jam
3202 1644 3382 1699 dicere
3436 1644 3609 1714 ipsum
3651 1660 3777 1702 esse

2180 1731 2264 1784 cui
2313 1730 2504 1785 dicitur
2529 1750 2542 1786 :
2578 1731 2647 1786 Te
2670 1734 2808 1787 decet
2850 1735 3068 1805 hymnus
3090 1777 3106 1801 ,
3155 1735 3310 1803 Deus,
3336 1738 3389 1790 in
3426 1738 3553 1792 Sion
3575 1755 3595 1804 ;
3614 1749 3662 1793 et
3687 1738 3776 1791 tibi

2180 1821 2418 1876 reddetur
2453 1833 2623 1877 votum
2665 1826 2719 1878 in
2760 1824 3066 1881 Jerusalem.
3098 1828 3205 1884 Sed
3259 1829 3303 1882 si
3355 1828 3612 1892 dicerem,
3640 1829 3775 1884 mihi

2181 1914 2356 1982 potius
2381 1930 2538 1984 quam
2573 1915 2866 1986 Scriptnrze
2894 1918 3234 1984 crederetur;
3263 1931 3319 1975 et
3343 1920 3462 1976 ideo
3487 1921 3624 1978 Ωιι-ιθ
3666 1939 3776 1978 non

2181 2003 2310 2058 mihi
2333 2005 2660 2062 crederetur.
2691 2008 2983 2064 Audiamus
3014 2014 3308 2081 sequentFa.

2253 2096 2306 2151 5.
2339 2095 2490 2170 [verm
2519 2097 2598 2172 3.]
2627 2097 2856 2164 Exaudi,
2885 2103 3081 2174 inquit,
3110 2105 3388 2158 orationem
3413 2122 3572 2158 meam
3598 2121 3617 2161 :
3643 2107 3713 2159 ad
3730 2116 3778 2161 te

2182 2189 2345 2243 omnis
2388 2207 2509 2246 caro
2547 2192 2724 2246 veniet.
2777 2193 2845 2248 Et
2887 2194 3143 2250 habemus
3177 2197 3455 2251 Dominum
3483 2197 3777 2264 dicentem,

2182 2278 2361 2332 datam
2389 2280 2489 2335 sibi
2532 2291 2848 2351 petestatem
2894 2290 3068 2339 omnis
3109 2287 3288 2342 carnis
3318 2285 3493 2361 (Joan.
3530 2304 3667 2353 xvu,
3695 2288 3777 2358 2).

2183 2368 2358 2438 Cmpit
2399 2385 2528 2439 ergo
2571 2387 2833 2441 apparere
2873 2375 2984 2443 jam
3014 2374 3130 2430 Rex
3157 2377 3278 2441 ille,
3318 2393 3438 2430 cum
3481 2378 3775 2442 diceretur,

2185 2460 2253 2511 ad
2276 2471 2323 2513 te
2350 2461 2514 2514 omnis
2540 2478 2659 2515 coro
2687 2464 2864 2518 veniet.
2897 2465 2976 2518 Ad
3004 2476 3084 2531 te,
3119 2467 3324 2537 inquit,
3357 2470 3518 2521 omnis
3545 2486 3665 2522 caro
3694 2487 3779 2524 oe-

2186 2552 2305 2604 niet.
2338 2552 2512 2619 Quare
2543 2555 2608 2608 ad
2638 2555 2781 2608 illum
2807 2557 2981 2609 omnis
3010 2571 3136 2611 caro
3171 2558 3381 2612 veniet?
3407 2559 3538 2625 Quia
3560 2576 3778 2613 carnem

2185 2646 2493 2714 assumpsit.
2525 2647 2642 2715 Quo
2671 2648 2849 2702 veniet
2876 2649 3052 2703 omnis
3071 2649 3238 2705 caro?
3276 2650 3417 2704 Tulit
3444 2651 3564 2705 inde
3589 2653 3744 2720 primi

2189 2738 2290 2790 tias
2336 2752 2402 2790 ex
2449 2748 2600 2791 utero
2640 2739 2882 2807 virginali
2920 2741 3250 2810 :assumptis
3293 2743 3539 2809 primitiis
3583 2754 3779 2798 caetera

2187 2842 2602 2899 consequentur,
2633 2842 2684 2883 nt
2712 2831 3077 2886 holocaustum
3091 2833 3438 2902 compleatur.
3457 2833 3610 2889 Unde
3626 2849 3776 2905 ergo,

2186 2921 2352 2973 omnis
2387 2921 2549 2975 cura?
2594 2920 2781 2974 Uuuiis
2826 2921 3006 2975 homo.
3057 2923 3126 2976 Et
3155 2923 3295 2977 unde
3319 2964 3333 2984 .
3373 2924 3551 2978 omnis
3577 2923 3780 2978 homo?

2188 3011 2453 3080 Numquid
2494 3028 2684 3066 omnes
2710 3014 2965 3068 credituri
3005 3018 3344 3087 prmnuutiati
3379 3027 3502 3070 sunt
3533 3020 3584 3071 in
3617 3017 3779 3072 Clu-i-

2189 3103 2374 3156 stum?
2418 3103 2610 3158 Nonne
2655 3103 2803 3156 multi
2851 3101 2997 3177 itupii
3035 3107 3122 3176 qui
3151 3107 3309 3162 etiam
3350 3109 3782 3164 damnabuutut‘i

2187 3192 2374 3247 Nonne
2399 3195 2637 3263 quotidie
2685 3199 2836 3250 multi
2864 3212 2966 3250 non
2997 3196 3280 3252 credentes
3305 3241 3319 3263 ,
3353 3200 3402 3252 in
3425 3215 3519 3253 sua
3550 3198 3779 3254 inﬁdeli-

2190 3295 2295 3339 tate
2340 3288 2684 3341 moriuntur?
2735 3289 3042 3343 Secundum
3081 3291 3207 3360 quid
3245 3307 3372 3361 ergo
3412 3293 3779 3362 intelligimus,

2189 3376 2256 3428 ad
2289 3387 2336 3430 te
2369 3378 2532 3431 omnis
2561 3396 2681 3432 caro
2720 3381 2877 3434 variet
2897 3383 2923 3434 .9
2955 3380 3132 3435 Omnis
3157 3398 3276 3435 caro
3296 3382 3458 3444 dixit.
3491 3387 3669 3440 omnis
3687 3402 3782 3458 ge-

2191 3470 2335 3523 neris
2371 3485 2498 3524 caro
2531 3488 2636 3526 :ex
2674 3474 2818 3526 omni
2859 3488 3054 3541 genere
3093 3475 3269 3528 carnis
3317 3477 3562 3530 venietur
3601 3476 3669 3530 ad
3709 3489 3780 3533 te.

2191 3562 2327 3630 Quid
2351 3571 2468 3629 est,
2499 3579 2565 3618 ex
2594 3565 2738 3619 omni
2770 3581 2968 3634 genere
2994 3567 3213 3620 carnis?
3230 3565 3495 3636 Numquid
3521 3581 3784 3625 venerunt

2193 3668 2452 3722 pauperes
2477 3695 2490 3716 .
2534 3663 2720 3710 etnon
2765 3663 3028 3710 venerunt
3053 3655 3284 3710 divites?
3329 3659 3585 3727 numquid
3619 3675 3783 3715 vene-

2193 3755 2317 3798 runt
2348 3745 2606 3810 humiles,
2648 3756 2702 3800 et
2744 3762 2848 3800 non
2893 3757 3155 3804 venerunt
3197 3749 3484 3805 sublimes?
3527 3751 3780 3820 numquid

2191 3847 2454 3892 venerunt
2489 3839 2725 3905 indocti,
2776 3849 2831 3893 et
2862 3855 2966 3894 non
3007 3850 3266 3896 venerunt
3292 3832 3476 3896 docti?
3526 3841 3783 3913 numquid

2193 3937 2456 3982 venerunt
2487 3930 2606 3995 viri,
2634 3938 2687 3984 et
2708 3945 2813 3984 non
2845 3941 3104 3987 venerunt
3130 3932 3383 3987 femina}!
3408 3935 3667 4003 ntnuquid
3696 3949 3784 3990 ve-

2193 4028 2390 4075 nerunt
2415 4021 2654 4086 domini,
2683 4031 2739 4077 et
2767 4037 2870 4077 neu
2905 4025 3166 4078 venerunt
3194 4024 3375 4080 servi?
3403 4026 3663 4096 umnquid
3691 4043 3786 4081 ve-

2198 4120 2391 4165 nerunt
2420 4125 2598 4178 senes,
2626 4123 2683 4166 et
2707 4129 2812 4167 non
2839 4123 3102 4168 venerunt
3122 4113 3380 4184 juvenes?
3405 4125 3496 4170 aut
3521 4127 3785 4173 venerunt

2187 4204 2435 4276 juvenes,
2466 4215 2521 4259 et
2551 4221 2658 4260 non
2686 4217 2947 4261 venerunt
2975 4209 3380 4274 adolescentes?
3405 4218 3499 4264 aut
3523 4220 3786 4266 venerunt

2193 4297 2558 4352 adolescentes
2577 4337 2594 4362 ,
2640 4305 2699 4352 et
2727 4313 2832 4352 non
2862 4301 3144 4354 venerunt-
3159 4301 3350 4370 pueri?
3395 4310 3489 4356 aut
3515 4313 3787 4358 venerunt

2197 4388 2364 4456 pueri,
2396 4397 2448 4442 et
2477 4401 2580 4441 non
2607 4387 2752 4442 allati
2781 4397 2906 4443 sunt
2935 4389 3200 4446 infantes?
3219 4391 3500 4446 Postremo
3525 4394 3786 4464 numquid

2193 4487 2460 4532 venerunt
2479 4477 2647 4532 Judaei
2681 4477 2827 4551 (nam
2858 4480 2983 4536 inde
3008 4492 3163 4537 erant
3185 4483 3445 4552 Apostoli,
3469 4484 3594 4540 inde
3619 4487 3788 4540 unum

2195 4570 2359 4624 millia
2383 4571 2553 4639 primo
2585 4571 2926 4633 tradentium.
2961 4584 3142 4642 postea
3171 4574 3556 4645 credentium),
3586 4585 3643 4630 et
3671 4592 3779 4632 non

2194 4669 2458 4715 venerunt
2487 4661 2699 4716 Graeci?
2751 4673 2842 4717 aut
2866 4675 3124 4718 venerunt
3152 4664 3322 4721 ϐπ·ωεί
3346 4708 3361 4730 ,
3398 4676 3451 4721 et
3481 4684 3590 4722 non
3617 4685 3792 4723 vene-

2194 4762 2320 4806 runt
2346 4753 2615 4807 Romani?
2643 4765 2734 4809 aut
2763 4767 3024 4810 venerunt
3048 4757 3296 4822 Ruinani,
3320 4769 3373 4812 et
3397 4773 3501 4812 non
3525 4771 3794 4815 \eneruut

2152 4883 2154 4885 μ
2198 4841 2458 4895 Barbari?
2483 4843 2550 4897 Ει
2575 4844 2695 4914 quis
2722 4857 2966 4900 numeret
2991 4861 3183 4900 omnes
3207 4859 3392 4918 gentes
3422 4848 3703 4903 venientes
3726 4851 3791 4904 ad

2195 4948 2318 4987 eum
2339 4934 2426 4987 cui
2451 4933 2648 4988 dictum
2677 4944 2760 4988 est
2787 4952 2800 4989 :
2835 4937 2912 4988 Ad
2943 4946 2992 4991 te
3014 4939 3179 4992 omnis
3205 4953 3326 4993 caro
3350 4941 3550 4996 variet!
3581 4941 3791 4997 Exaudi

2196 5025 2472 5078 orationem
2500 5042 2662 5078 meam
2690 5040 2706 5080 :
2731 5027 2799 5080 ad
2824 5037 2871 5081 te
2890 5029 3052 5081 omnis
3081 5045 3200 5083 coro
3226 5031 3402 5083 veniet.

2271 5120 2322 5172 6.
2354 5116 2502 5189 [vers.
2533 5116 2609 5189 4.]
2639 5118 2908 5173 Sermones
2938 5121 3221 5189 iniquorum
3247 5122 3614 5192 prwealuerunt
3638 5140 3791 5194 super

2199 5227 2327 5275 nos;
2356 5219 2400 5264 et
2427 5211 2708 5280 impietates
2736 5223 2933 5264 nostras
2967 5223 3021 5264 tu
3058 5213 3405 5284 propitiaberis
3436 5213 3477 5266 ¹.
3521 5213 3660 5281 Quid
3688 5226 3790 5281 est,

2203 5303 2473 5357 Sermones
2495 5304 2780 5373 iniquorum
2816 5305 3182 5373 prmealuerunt
3203 5323 3355 5376 super
3373 5323 3496 5372 nos;
3536 5318 3583 5361 et
3607 5307 3789 5378 impie-

2203 5402 2326 5448 tates
2347 5406 2547 5448 nostras
2577 5405 2629 5447 tu
2652 5396 3000 5463 propitiaberis
3023 5396 3048 5450 .9
3073 5396 3227 5465 Quod
3256 5398 3362 5451 nati
3392 5413 3578 5452 sumus
3609 5400 3662 5452 in
3694 5398 3791 5453 hac

2204 5492 2376 5550 terra,
2421 5485 2630 5555 iniquos
2665 5485 2966 5542 invenimus
2997 5503 3134 5558 quos
3164 5489 3442 5558 loquentes
3467 5489 3787 5546 audivimus.

2271 5617 2290 5649 ί
2313 5616 2625 5690 omnestibrt
2650 5619 2749 5683 hic,
2767 5620 3143 5686 propitiaberis;
3177 5623 3265 5673 sed
3306 5622 3426 5674 infra
3457 5623 3686 5690 plerique
3713 5623 3802 5676 ba-

2207 5677 2350 5741 bent,
2371 5679 2669 5743 premium.
