3934 6322
136 279 229 330 777
1216 285 1345 340 ENA
1357 285 1608 340 “RATIO
1636 285 1695 340 IN

1806 289 2062 346 illum.“
2100 293 2279 351 LXIV.-

139 392 189 446 Si
220 391 420 462 possim
442 393 710 463 explicare
740 396 881 464 quod
909 395 1102 462 sentio,
1131 397 1344 466 adjuvet
1371 415 1455 452 me
1485 400 1708 452 intentio

133 485 415 539 Charitatis
449 485 671 540 Vestrm.
711 486 896 541 Omnis
927 488 1086 540 homo
1110 487 1426 556 ubicumque
1453 491 1710 552 nascitur,

135 575 293 642 ipsius
324 586 500 636 terrm,
525 578 605 630 vel
627 578 878 646 regionis,
907 577 988 631 vel
1008 579 1236 632 civitatis
1261 579 1492 648 linguam
1517 577 1707 642 discit;

133 666 266 720 illius
293 666 549 720 imbuitur
579 669 816 722 moribus
844 679 897 721 et
919 670 1042 720 vita.
1070 668 1204 735 Quid
1229 669 1425 724 faceret
1458 686 1587 737 puer
1614 686 1708 722 na-

135 767 212 809 ttts
242 756 383 810 inter
406 757 681 825 Paganos,
729 767 784 810 ut
811 775 914 810 non
945 760 1147 814 coleret
1175 760 1402 827 lapidem
1427 801 1443 823 ,
1494 761 1709 828 quando

134 848 270 899 illum
315 847 516 902 cultum
572 849 972 903 insinuaverunt
1027 851 1312 915 parentes?
1361 849 1487 904 lude
1540 851 1707 919 prima

131 937 285 992 verba
313 938 549 1002 audivit;
584 939 728 992 illum
756 955 990 992 errorem
1015 956 1132 994 cum
1153 941 1286 994 lacte
1307 941 1448 994 suxit
1472 958 1484 993 :
1515 951 1564 995 et
1585 942 1704 1010 quia

133 1027 198 1079 illi
225 1027 314 1096 qui
346 1027 703 1098 loquebantur
728 1029 958 1097 majores
987 1039 1132 1082 erant
1159 1071 1172 1092 ,
1205 1040 1258 1082 et
1283 1045 1416 1100 puer
1441 1030 1526 1098 qui
1559 1031 1704 1097 loqui

131 1119 360 1174 discebat
396 1119 569 1174 infans
594 1129 735 1181 erat;
769 1120 906 1173 unde
942 1131 1150 1189 petcrat
1177 1121 1428 1188 parvulus
1458 1122 1558 1173 nisi
1589 1137 1701 1173 ma-

128 1208 292 1276 jorum
324 1211 694 1264 auctoritatem
721 1212 903 1278 sequi,
952 1221 1004 1264 et
1049 1210 1097 1263 id
1129 1211 1226 1263 sibi
1267 1212 1466 1265 bonum
1508 1210 1703 1266 ducere

129 1304 260 1372 quod
291 1305 364 1360 illi
405 1304 717 1359 laudarent?
757 1305 895 1374 Ergo
936 1314 1120 1373 gentes
1160 1319 1432 1358 conversa:
1461 1305 1524 1356 ad
1551 1303 1704 1357 Chri-

130 1405 258 1448 stum
306 1407 527 1464 postea,
577 1405 631 1449 et
680 1395 1022 1450 recordantes
1073 1395 1373 1461 impietates
1424 1405 1698 1462 parentum

129 1503 335 1540 suorttm
360 1528 377 1552 ,
425 1497 475 1540 et
519 1487 754 1542 dicentes
793 1487 900 1552 jam
938 1486 1079 1555 quod
1111 1486 1246 1539 dixit
1284 1487 1541 1554 propheta
1589 1488 1696 1554 ipse

128 1579 418 1645 Jeremias,
476 1581 594 1631 t'ere
631 1580 942 1632 mendacium
988 1579 1249 1631 coluerunt
1295 1593 1463 1646 patres
1510 1579 1695 1640 nostri;

128 1679 385 1721 rtuntatem
409 1685 520 1737 ante
554 1673 624 1721 eis
660 1686 758 1722 non
790 1669 979 1740 profuit
1011 1667 1222 1734 (Jm'cm.
1257 1685 1339 1721 3m
1361 1709 1376 1733 ,
1414 1667 1503 1739 19)
1537 1686 1548 1721 :
1577 1683 1697 1722 cum

128 1775 243 1826 ergo
279 1761 389 1828 jam
437 1760 534 1814 hoc
575 1761 787 1823 dicunt,
829 1760 1130 1812 renuntiant
1163 1760 1501 1827 opinionibus
1530 1769 1582 1814 et
1607 1775 1697 1814 sa—

128 1850 346 1918 crilegiis
388 1859 661 1918 parentum
705 1866 920 1904 suorum
971 1850 1290 1918 iniquorum.
1342 1851 1447 1904 Sed
1479 1851 1599 1919 quia
1639 1861 1697 1914 ut

131 1942 482 1994 insererentur
523 1941 714 1994 talibus
754 1942 1092 2008 opinionibus
1121 1951 1174 1995 et
1210 1942 1538 2010 sacrilegiis,
1570 1958 1696 2012 per-

127 2037 392 2084 suasiones
418 2030 658 2086 fecerunt
688 2046 875 2085 eorum
897 2032 984 2101 qui
1013 2043 1212 2100 quanto
1235 2043 1390 2084 :etate
1424 2033 1694 2098 praecede-

127 2122 260 2185 bant,
291 2131 440 2197 lauto
468 2123 780 2178 auctoritate
800 2122 1102 2192 prmcedere
1120 2123 1316 2176 debere
1339 2123 1693 2192 putabantur;

127 2214 400 2268 conﬁtetur
439 2213 546 2281 jam
576 2213 750 2269 redire
780 2215 962 2267 volens
990 2213 1054 2266 ad
1094 2213 1386 2268 Jerusalem
1414 2213 1482 2268 de
1519 2213 1694 2284 Baby-

129 2305 275 2366 lonia,
303 2315 359 2359 et
385 2304 513 2358 dicit
539 2319 552 2355 :
587 2303 856 2359 Sermones
888 2304 1173 2372 iniquorum
1205 2305 1573 2374 prwvaluerunt
1604 2307 1696 2357 ad.

126 2414 281 2451 versus
310 2414 424 2451 nos.
453 2396 730 2452 Duxerunt
751 2413 848 2450 nos
879 2397 1014 2451 mala
1036 2397 1323 2462 docentes;
1355 2398 1497 2452 cives
1521 2397 1694 2469 Baby-

129 2490 271 2542 lonire
312 2502 414 2543 nos
453 2486 690 2542 fecerunt
731 2505 746 2542 :
777 2488 1078 2544 dimisimus
1115 2487 1454 2554 Creatorem,
1499 2489 1690 2543 adora-

126 2563 282 2635 vimus
308 2587 639 2644 creaturam;
669 2579 963 2633 dimisimus
985 2596 1104 2634 eum
1137 2597 1163 2632 ει
1197 2597 1300 2649 quo
1342 2581 1460 2635 facti
1486 2596 1690 2648 sumus,

126 2672 451 2728 adoravimns
467 2672 609 2742 quod
637 2673 734 2742 ipsi
757 2673 994 2726 fecimus.
1027 2673 1295 2727 Sermones
1327 2675 1466 2728 enim
1498 2676 1692 2743 iniquo—

125 2781 225 2815 rum
256 2765 626 2832 prevatnerunt
660 2780 806 2830 super
837 2781 927 2817 nos
957 2780 975 2816 :
1003 2764 1094 2818 sed
1134 2774 1307 2818 tamen
1336 2780 1439 2818 non
1466 2781 1692 2834 Oppres-

125 2868 295 2911 sernut
322 2872 440 2910 nos.
473 2856 682 2924 Quare?
707 2855 731 2908 1
738 2858 996 2925 mpietatcs
1017 2868 1213 2909 nostras
1243 2867 1294 2908 tu
1321 2859 1688 2926 pmpitiaberis.

128 2948 354 3001 lntendat
383 2947 624 3001 Charitas
655 2948 861 3001 Vestra.
911 2945 1267 3017 Propitiuberis
1295 2949 1568 3016 iinpielntrs
1598 2965 1690 3000 no-

124 3049 242 3093 stros
268 3057 280 3091 :
309 3055 418 3092 non
445 3039 635 3091 dicitur
675 3039 771 3090 ηις-ι
803 3038 1008 3091 cuidam
1037 3037 1296 3094 sacerdoti
1322 3039 1561 3092 altercati
1591 3039 1689 3091 ali-

123 3133 237 3202 quid
259 3175 273 3197 ,
307 3131 447 3184 unde
490 3131 729 3198 impietas
757 3131 1002 3199 expietur
1031 3139 1084 3182 et
1115 3131 1455 3198 {prOpitietun
1507 3130 1692 3197 Impie-

127 3234 196 3277 tas
230 3225 367 3277 enim
416 3231 542 3274 tunc
588 3223 779 3275 dicitur
825 3221 1135 3290 propitiari,
1183 3236 1302 3274 Cutu
1351 3222 1608 3289 propitius
1637 3224 1693 3275 lit

127 3317 254 3370 Deus
287 3317 564 3384 itupietati.
593 3315 728 3382 Quid
758 3325 870 3368 est.
899 3315 1010 3367 ﬁeri
1040 3315 1202 3368 Deum
1232 3315 1486 3382 impietati
1519 3317 1694 3382 proﬂ-

127 3409 282 3460 tium?
310 3408 358 3458 id
389 3417 491 3468 est,
523 3408 880 3475 igno~centem
909 3415 962 3459 ct
989 3407 1196 3460 veniam
1230 3405 1467 3458 dantem.
1501 3406 1601 3458 Sed
1636 3415 1692 3459 ut

127 3500 207 3551 υιιί
235 3501 384 3552 venia
436 3499 776 3566 impetretur,
811 3498 1114 3567 protiitiatio
1147 3498 1202 3551 ﬁt
1231 3513 1326 3567 per
1360 3499 1570 3567 aliquod
1608 3516 1692 3552 sa-

125 3591 390 3644 criﬁcium.
425 3591 636 3644 Exstitit
661 3605 788 3660 ergo
817 3608 844 3643 a
876 3591 982 3643 Deo
1007 3591 1232 3644 Domino
1254 3592 1449 3643 missus
1479 3591 1688 3657 quidam

127 3685 360 3736 sacerdos
394 3690 573 3735 uoster
596 3699 609 3742 ;
633 3683 966 3749 assumpsita
997 3681 1151 3735 nobis
1177 3682 1316 3750 quod
1349 3681 1562 3736 offerret
1592 3683 1692 3734 llo-

127 3776 272 3837 mino,
305 3776 448 3843 ipsas
472 3774 702 3828 diximus
724 3782 937 3828 sanctas
963 3775 1224 3842 primitias
1249 3774 1428 3828 carnis
1451 3789 1516 3827 ex
1543 3783 1693 3827 utero

131 3865 352 3934 virginis.
390 3865 497 3917 Hoc
525 3865 885 3916 holocaustum
925 3864 1114 3917 obtulit
1148 3864 1253 3918 Deo
1279 3881 1291 3916 :
1322 3862 1558 3916 extendit
1583 3878 1694 3915 ma-

127 3969 212 4006 nus
237 3956 284 4007 in
306 3970 487 4016 cruce,
522 3963 576 4006 ιιι
601 3953 821 4016 diceret,
857 3953 1118 4022 [)irigutur
1144 3956 1304 4005 oratio
1328 3971 1435 4004 mea
1465 3954 1590 4006 situt
1615 3955 1693 4004 in-

127 4063 308 4098 censum
352 4047 408 4098 in
451 4055 716 4116 conspectu
767 4055 892 4107 tuo;
942 4046 1151 4098 elevatio
1195 4061 1433 4096 manuum
1469 4060 1694 4095 mearum

124 4139 413 4206 sacrificium
452 4137 778 4204 vespertinum
823 4133 991 4207 (Psal.
1024 4151 1158 4201 cu,
1189 4135 1268 4207 Ξ).
1324 4137 1472 4189 Sicut
1499 4136 1688 4198 nostis,

125 4232 231 4297 quia
253 4231 504 4283 DOmiuns
519 4231 661 4282 circa
676 4243 949 4297 ve5peraut
971 4229 1218 4297 pependit
1234 4229 1284 4280 in
1299 4243 1455 4282 Ct'uce
1477 4227 1689 4296 (Matth.

128 4335 255 4372 xxvn
282 4361 298 4384 ,
342 4319 434 4389 46)
468 4337 480 4371 :
510 4328 563 4372 et
613 4319 910 4388 impietates
959 4327 1152 4371 nostra:
1206 4319 1502 4386 propitiata:
1532 4328 1688 4382 sunt;

129 4410 305 4480 alioqui
335 4409 726 4463 absorbueraut
749 4424 845 4464 nos
875 4427 888 4461 :
915 4424 1191 4463 sermones
1221 4409 1520 4476 iniquorum
1553 4425 1689 4476 prse-

131 4501 388 4553 valuerant
413 4514 577 4567 super
606 4513 703 4552 nos
732 4515 746 4564 ;
787 4499 1050 4552 duxerant
1080 4515 1174 4552 nos
1201 4499 1578 4568 pranlicatores
1603 4498 1693 4551 Jo-

129 4591 216 4655 vis,
244 4603 295 4646 et
313 4590 548 4651 Saturni,
571 4599 625 4644 et
649 4590 893 4644 Mercurii
928 4609 941 4645 :
967 4590 1234 4643 Sermones
1260 4589 1543 4658 iniquorum
1563 4605 1694 4658 pra:-

129 4684 372 4737 saluerunt
398 4700 548 4751 super
573 4698 681 4735 nos.
727 4681 828 4736 Sed
861 4682 987 4751 quid
1024 4681 1228 4735 facies?
1279 4679 1568 4748 Impietates
1595 4697 1692 4732 no-

131 4786 274 4841 stras,
304 4787 357 4829 tu
389 4774 757 4846 propitiaberis.
809 4773 888 4827 Tu
916 4774 1166 4828 sacerdos
1189 4817 1206 4838 ,
1255 4784 1307 4826 tu
1339 4773 1587 4835 victima;
1637 4785 1690 4825 tu

132 4866 338 4931 oblator,
372 4875 427 4919 tu
463 4866 680 4920 oblatio.
731 4865 851 4934 Ipse
887 4863 1140 4918 sacerdos
1179 4874 1296 4927 est,
1329 4863 1416 4932 qui
1444 4879 1585 4917 nunc
1615 4863 1695 4916 in-

133 4974 329 5027 gressus
373 4959 625 5013 interiora
651 4957 755 5013 veli
782 4998 795 5017 .
843 4959 989 5012 solus
1032 4957 1100 5011 ibi
1134 4973 1199 5010 ex
1228 4957 1309 5008 his
1344 4957 1432 5024 qui
1477 4971 1690 5009 carnem

131 5059 476 5116 gestaverunt,
508 5050 815 5121 interpellat
839 5065 938 5118 pro
954 5048 1106 5101 nobis
1129 5046 1310 5118 (Hebr.
1335 5063 1404 5109 vt,
1433 5046 1498 5100 19
1515 5055 1560 5098 et
1578 5046 1690 5113 ‘20).

138 5141 182 5194 la
211 5143 354 5209 cujus
380 5142 458 5196 rei
485 5141 647 5211 ﬁgura
669 5198 687 5209 ο
739 5141 789 5194 in
823 5140 912 5193 illo
945 5139 1115 5208 primo
1145 5138 1338 5208 pepulo
1361 5178 1376 5202 ,
1426 5145 1480 5191 et
1522 5137 1572 5190 in
1607 5137 1695 5188 illo

139 5236 290 5302 primo
319 5234 515 5304 templo
535 5275 550 5298 ,
579 5247 715 5287 unus
736 5230 986 5286 sacerdos
1011 5230 1246 5284 intrabat
1271 5229 1320 5282 in
1345 5229 1538 5282 Sancta
1573 5242 1698 5282 sau-

137 5337 325 5381 rtorum
349 5346 365 5393 ;
389 5325 612 5396 populus
634 5323 808 5378 omnis
834 5324 963 5377 foris
989 5325 1165 5377 stabat
1200 5339 1213 5376 :
1245 5330 1297 5375 et
1323 5319 1409 5374 ille
1435 5321 1525 5390 qui
1549 5320 1696 5374 solus

142 5419 514 5488 irgrediebatur
557 5419 612 5474 in
653 5419 904 5472 interiora
928 5417 1055 5482 veli,
1088 5414 1344 5470 offerebat
1377 5413 1696 5467 sacriﬁcium

136 5514 430 5583 propopulo
443 5513 763 5568 forisstante
783 5515 888 5583 (Id.
912 5530 986 5579 ix,
1007 5516 1081 5581 7).
1100 5514 1154 5568 Si
1173 5514 1513 5582 intelligatur
1530 5512 1692 5573 bene,

136 5603 343 5669 Spiritus
361 5603 602 5658 viviﬁeat
623 5621 634 5655 :
656 5605 701 5658 si
732 5620 839 5657 non
872 5603 1227 5674 intelligatur,
1255 5604 1438 5658 littera
1463 5592 1688 5657 occidit.

136 5693 276 5752 Modo
303 5713 427 5752 cum
459 5697 733 5765 legeretur
751 5696 1065 5767 Apostolus,
1088 5697 1350 5753 audistis.-
1382 5697 1579 5750 Littera
1599 5711 1687 5748 oc-

394 5797 660 5854 i‘srnaL.
704 5793 996 5855 XXXVI.

3311 312 3410 364 778

1820 401 1939 452 cidit
1964 417 1984 465 ,°
2027 406 2236 474 spiritus
2261 418 2428 461 autem
2458 410 2690 479 rioiﬁcat.
2740 414 2878 482 Quid
2907 415 3042 474 enim
3073 432 3317 489 ageretur
3353 427 3405 475 iu

1821 490 1912 546 illo
1943 497 2156 563 populo,
2188 499 2355 553 Judmi
2388 505 2686 558 nescierunt
2717 523 2730 565 ;
2771 509 2864 562 sed
2896 525 2993 562 nec
3019 511 3177 564 modo
3204 515 3403 566 sciunt.

1822 583 1894 638 De
1925 586 2024 638 illis
2058 593 2253 658 quippe
2278 591 2475 646 dictum
2513 605 2597 649 est
2627 615 2638 649 :
2682 597 2937 664 Quamdiu
2963 603 3140 672 legitur
3181 605 3401 673 Moyses.

1816 675 2038 729 velamen
2083 696 2239 748 super
2275 699 2362 734 cor
2407 702 2578 737 eorum
2626 692 2840 755 positum
2893 703 2986 745 est.
3042 694 3112 746 lbi
3159 697 3399 750 velamen

1819 765 1978 832 ﬁgura
2023 779 2104 821 est
2139 788 2150 821 :
2182 772 2273 822 sed
2323 775 2538 827 tolletur
2567 778 2728 844 ﬁgura
2752 821 2763 838 ,
2809 790 2862 833 et
2901 785 3175 850 apparebit
3204 788 3402 842 veritas

1817 854 1866 905 in
1890 857 1968 909 eis
1992 857 2139 924 ipsis.
2173 859 2275 913 Sed
2305 863 2516 929 quando
2551 866 2764 919 tolletur
2791 870 3067 925 velamen?
3100 875 3231 926 Attdi
3258 879 3397 944 Apo-

1812 945 2005 997 stolum
2038 965 2050 998 :
2082 949 2208 1001 Cum
2229 961 2395 1003 autent
2427 956 2686 1006 transieris
2716 958 2727 984 ‘
2759 960 2824 1008 ad
2857 958 3156 1026 Dominum,
3194 969 3401 1031 aufere-

1813 1044 1894 1085 tnr
1923 1037 2164 1091 velamen.
2220 1040 2349 1093 Dutn
2378 1058 2507 1112 ergo
2549 1061 2652 1097 mm
2685 1055 2962 1101 transeunt
2990 1049 3055 1102 ad
3096 1051 3395 1115 Dmuimnu,

1810 1129 2058 1195 quamdiu
2086 1130 2265 1199 legunt
2301 1133 2514 1204 Moysen
2541 1176 2555 1196 ,
2604 1138 2844 1191 velamen
2877 1142 3071 1193 hahent
3097 1157 3258 1210 super
3284 1159 3398 1196 eor.

1810 1217 1888 1271 Ad
1915 1219 2014 1273 hoc
2043 1233 2437 1276 sacramentum
2469 1226 2702 1294 fulgebat
2725 1239 2846 1282 tunc
2879 1230 3040 1284 facies
3077 1232 3240 1302 Moysi
3268 1274 3284 1296 ,
3330 1235 3399 1285 ita

1807 1321 1983 1363 utnon
2017 1324 2216 1378 possent
2242 1314 2499 1368 intendere
2523 1318 2618 1384 ﬁlii
2641 1317 2809 1371 Israel
2840 1321 2890 1372 in
2916 1323 3097 1391 facient
3131 1325 3240 1392 ejus
3281 1325 3397 1391 (au-

1806 1399 1957 1452 distis
1984 1403 2142 1454 modo
2167 1418 2287 1456 cum
2315 1406 2603 1476 legeretur)
2628 1423 2642 1468 ;
2672 1417 2725 1460 et
2749 1410 2985 1463 velamen
3009 1421 3120 1464 erat
3151 1414 3288 1466 inter
3311 1402 3394 1465 fa-

1804 1493 1938 1544 ciem
1966 1494 2131 1564 Moysi
2164 1496 2428 1565 loquentis
2451 1537 2464 1560 ,
2497 1511 2550 1552 et
2589 1501 2839 1567 populum
2867 1503 3172 1556 audientem
3207 1507 3388 1558 verba.

1807 1582 1907 1633 Per
1947 1584 2122 1638 velum
2165 1588 2322 1639 verba
2364 1588 2685 1653 audiebant;
2738 1591 2925 1644 faciem
2978 1610 3082 1648 nun
3113 1594 3417 1649 videbant.‘

1808 1669 1871 1722 Et
1904 1673 2030 1740 quid
2060 1675 2136 1726 ait
2180 1677 2505 1743 Apostolus?
2549 1678 2633 1731 Ita
2669 1691 2722 1731 ut
2761 1698 2860 1734 non
2899 1696 3098 1752 possent
3137 1686 3392 1738 intendere

1805 1763 1899 1828 lilii
1942 1761 2109 1818 Israel
2147 1768 2198 1819 in
2230 1768 2416 1842 facient
2440 1769 2626 1839 Moysi.
2673 1771 2789 1824 Non
2818 1775 3167 1838 intendebant,
3199 1779 3389 1846 inquit,

1804 1871 1960 1924 usque
2000 1857 2053 1907 in
2092 1857 2245 1924 ﬁnem
2287 1859 2350 1930 (ll
2379 1857 2497 1913 Cor.
2532 1876 2609 1925 ιιι,
2638 1864 2814 1932 6-16).
2865 1866 2997 1930 Quid
3024 1879 3130 1935 est,
3163 1884 3316 1938 usque
3339 1871 3389 1921 in

1804 1946 1956 2009 ﬁnem
1980 1945 2004 1996 ?
2036 1945 2210 2016 Usque
2228 1964 2333 2016 quo
2356 1950 2712 2020 intelligerent
2732 1953 3022 2008 Christum.
3052 1959 3392 2028 lheitquippe

1805 2037 2089 2104 Apostolus
2123 2055 2136 2090 :
2165 2036 2312 2092 Finis
2357 2041 2490 2098 enim
2535 2041 2684 2110 Legis
2731 2043 2986 2110 Christus,
3031 2047 3101 2098 ad
3137 2049 3391 2116 justitiam

1803 2128 1939 2180 omni
1959 2129 2180 2182 credenti
2201 2131 2376 2200 (llam.
2405 2150 2458 2199 ι,
2481 2133 2560 2199 4).
2593 2135 2688 2189 Est
2709 2127 3197 2205 quidcutisgiletulor
3223 2141 3276 2193 in
3310 2142 3353 2193 la
3371 2171 3390 2181 -

1801 2217 1881 2271 cie
1902 2217 2100 2288 Moysi,
2128 2231 2376 2290 tanquam
2410 2223 2460 2276 in
2483 2223 2621 2279 facie
2641 2227 2841 2278 carnali
2869 2236 2923 2279 et
2953 2230 3158 2282 mortali
3187 2246 3200 2283 :
3229 2248 3385 2284 num-

1801 2307 1925 2374 quid
1948 2309 2229 2364 diuturnus
2257 2322 2346 2364 aut
2381 2323 2611 2368 teteruus
2638 2330 2758 2368 esse
2783 2315 3008 2384 posset?
3048 2317 3212 2372 Morte
3238 2319 3383 2374 enim

1801 2397 2160 2465 succedente,
2211 2403 2447 2470 profecto
2503 2403 2822 2458 auferretur.
2887 2407 3153 2474 Splendor
3209 2419 3387 2464 autem

1801 2489 1981 2556 gloria:
2009 2491 2150 2546 beati
2177 2492 2385 2546 Domini
2428 2495 2593 2547 nostri
2619 2495 2744 2548 Jesu
2770 2496 2990 2556 Christi,
3033 2500 3389 2566 sempiternus

1800 2588 1901 2634 est.
1936 2579 2040 2635 Sed
2069 2581 2198 2636 illud
2231 2582 2390 2650 ﬁgura
2415 2593 2531 2637 erat
2559 2585 2889 2652 temporalis,
2919 2585 3018 2640 hoc
3047 2597 3224 2642 autem
3246 2591 3389 2657 quod

1800 2670 1887 2725 illa
1919 2674 2082 2740 ﬁgura
2124 2674 2521 2742 signiﬁcabatur
2545 2715 2561 2739 ,
2595 2677 2811 2729 veritas.
2853 2675 3061 2746 Legunt
3091 2679 3268 2748 itaque
3288 2723 3304 2745 ,
3335 2694 3389 2735 et

1801 2779 1903 2815 non
1951 2764 2251 2832 intelligunt
2296 2765 2565 2818 Christum
2595 2782 2607 2818 :
2643 2784 2745 2819 non
2797 2767 3094 2835 petdueunt
3141 2770 3388 2823 intentio-

1799 2868 1918 2906 nem
1967 2871 2136 2927 usque
2181 2855 2234 2909 in
2280 2855 2460 2920 ﬁnem,
2510 2857 2629 2926 quia
2658 2857 2830 2910 velum
2881 2861 3184 2927 oppositum
3231 2873 3388 2930 negat

1797 2943 1876 2994 eis
1907 2953 2177 3009 aspectum
2221 2945 2520 3013 splendoris
2564 2946 2851 3000 interioris.
2894 2948 2961 3000 tit
3010 2949 3126 3002 vide
3175 2948 3243 3002 ibi
3287 2952 3389 3003 sub

1799 3036 1914 3090 velo
1939 3036 2228 3089 Christum.
2263 3037 2349 3090 Ait
2391 3038 2505 3104 ipse
2545 3039 2798 3092 Dominus
2843 3049 3025 3094 noster
3048 3041 3201 3096 Jesus
3225 3041 3384 3096 Chri-

1800 3138 1956 3179 stus:
1998 3127 2060 3180 Si
2088 3127 2353 3181 crederetis
2395 3127 2592 3197 Moysi,
2635 3129 2897 3183 crederetis
2935 3143 2981 3184 et
3021 3134 3182 3198 mihi;
3220 3134 3283 3186 de
3311 3151 3389 3186 me

1797 3219 1928 3270 enim
1958 3220 2044 3272 ille
2071 3221 2270 3286 scripsit
2302 3218 2477 3289 (Joan.
2506 3235 2560 3284 v,
2586 3221 2698 3291 46).
2735 3221 3036 3290 Propiliatis
3061 3234 3237 3278 autem
3265 3243 3388 3294 pee-

1795 3311 1929 3364 catis
1975 3313 2171 3364 nostris
2218 3320 2271 3364 et
2327 3311 2684 3381 impietatihus
2737 3330 2832 3382 per
2888 3317 3014 3368 illud
3067 3320 3384 3372 sacriﬁcium

1798 3404 2194 3470 vespertinum,
2239 3405 2525 3456 transimus
2569 3404 2637 3458 ad
2681 3405 2997 3472 Dominum,
3045 3421 3098 3461 et
3149 3413 3387 3463 aufertur

1800 3493 2036 3547 velamen
2063 3511 2076 3546 :
2104 3502 2382 3562 propterea
2412 3503 2465 3546 et
2490 3494 2714 3548 Domino
2742 3496 3016 3561 crueiﬁxo,
3045 3498 3220 3551 velum
3256 3510 3382 3552 tem-

1797 3584 1865 3646 pli
1895 3583 2121 3635 scissum
2149 3593 2230 3635 est
2255 3584 2273 3651 (
2295 3582 2482 3636 Matt/1.
2505 3599 2684 3645 xxv",
2720 3587 2779 3639 51
2803 3585 2842 3653 ).
2878 3585 3081 3640 Exaudi
3109 3589 3389 3644 orationem

1798 3691 1959 3727 meum
1981 3689 2000 3728 :
2023 3673 2091 3725 ad
2126 3683 2172 3726 te
2210 3674 2374 3726 omnis
2401 3690 2519 3727 caro
2561 3676 2741 3728 veniet.
2790 3676 3062 3732 Sermones
3100 3681 3387 3750 iniquorum

1799 3766 2165 3834 pra'valuerunt
2203 3782 2354 3831 super
2403 3783 2492 3818 nos
2513 3784 2534 3831 ,°
2555 3777 2600 3818 et
2631 3768 2912 3836 impietates
2946 3779 3143 3824 nostras
3170 3783 3224 3823 tu
3262 3790 3386 3840 pro-

1799 3859 2074 3926 pitiaberis.

1869 3954 1920 4006 7.
1955 3951 2104 4024 [vers.
2133 3951 2186 4015 5,
2211 3949 2290 4024 6.]
2319 3949 2508 4004 Beatus
2533 3968 2680 4021 quem
2705 3952 2899 4022 elegisti
2916 3994 2933 4019 ,
2974 3964 3020 4006 et
3046 3957 3384 4024 assumpsisti.

1798 4043 1926 4112 Quis
1956 4053 2038 4096 est
2069 4043 2272 4098 electus
2301 4044 2368 4096 ab
2397 4059 2462 4096 eo
2486 4085 2499 4105 ,
2544 4053 2598 4098 et
2642 4046 2988 4113 assumptus?
3035 4047 3239 4115 Aliquis
3281 4056 3386 4100 istc.

1797 4147 1913 4192 ctus
1944 4151 1974 4188 τι
1999 4136 2275 4189 Salvatore
2303 4139 2485 4188 nostro
2513 4134 2639 4188 Jesn
2669 4135 2922 4188 Christo?
2954 4137 3033 4189 An
3062 4139 3173 4205 ipse
3197 4153 3388 4191 secun-

1798 4226 1920 4279 dum
1951 4241 2164 4278 carnem
2188 4267 2202 4287 ,
2245 4225 2384 4295 quod
2413 4225 2574 4282 homo
2602 4237 2716 4292 est,
2760 4227 2962 4281 electus
3001 4237 3053 4281 et
3078 4243 3387 4298 assumptus

1797 4319 1920 4372 est?
1975 4329 2029 4371 ut
2079 4326 2329 4386 tanquam
2377 4317 2552 4372 Verbo
2600 4317 2690 4371 Dei
2739 4318 2945 4372 dicatur
2985 4319 3125 4387 quod
3170 4332 3286 4374 erat
3333 4321 3385 4374 in

1799 4413 2060 4483 principio
2085 4453 2101 4476 ,
2133 4413 2273 4464 sicut
2313 4411 2442 4464 dicit
2485 4411 2838 4479 evangelista,
2875 4410 2941 4464 In
2988 4413 3237 4481 principio
3281 4424 3388 4466 erat

1811 4503 2043 4565 Verbum,
2073 4510 2118 4556 et
2149 4500 2366 4554 Verbum
2390 4509 2496 4553 erat
2521 4501 2661 4568 apud
2688 4500 2866 4564 Deum,
2896 4512 2943 4554 et
2971 4501 3106 4556 Deus
3135 4515 3238 4555 erat
3269 4504 3389 4556 Ve:-

1799 4597 1956 4661 bum;
1996 4595 2116 4665 quia
2147 4603 2202 4649 et
2242 4594 2358 4663 ipse
2405 4601 2488 4647 est
2536 4580 2700 4645 Filius
2738 4591 2827 4646 Dei
2855 4634 2869 4656 ,
2893 4591 3126 4647 Verbum
3157 4593 3250 4647 Dei
3276 4635 3290 4656 ,
3319 4596 3387 4648 de

1799 4703 1905 4759 quo
1931 4689 2092 4743 etiam
2123 4685 2284 4750 dicit,
2317 4684 2505 4739 Omnia
2543 4701 2631 4754 per
2659 4685 2825 4751 ipsum
2868 4686 3003 4753 facta
3031 4694 3176 4747 sunt,
3209 4694 3255 4737 et
3279 4687 3390 4740 sine

1799 4780 1910 4848 ipso
1953 4779 2140 4846 factum
2187 4785 2260 4830 est
2303 4775 2432 4828 nihil
2475 4772 2655 4843 (Joan.
2684 4790 2729 4838 ι,
2762 4775 2887 4842 1-5)
2919 4791 2932 4827 :
2962 4784 3019 4827 ut
3058 4774 3134 4827 illi
3179 4775 3389 4830 dicatur

1808 4868 1943 4923 Filio
1970 4867 2082 4930 Dei,
2107 4867 2226 4933 quia
2254 4865 2368 4934 ipse
2393 4873 2478 4918 est
2505 4863 2755 4932 sacerdos
2785 4873 2986 4928 noster,
3016 4872 3195 4932 postea
3225 4881 3389 4920 carne

1799 4967 2092 5026 assumpta,
2116 4957 2307 5010 Beatus
2330 4972 2478 5025 quem
2506 4955 2721 5025 elegisti,
2752 4965 2798 5008 et
2820 4957 3138 5025 assuntpsisti
3162 4972 3180 5010 :
3207 4957 3255 5010 id
3283 4969 3386 5022 est,

1802 5051 1891 5104 ille
1915 5050 2076 5104 homo
2105 5063 2211 5115 quo
2242 5046 2456 5100 indutus
2481 5062 2571 5111 es,
2601 5048 2689 5116 qui
2719 5047 2882 5116 coepit
2907 5062 2970 5101 ex
3003 5056 3265 5118 tempore,
3294 5067 3387 5102 na-

1802 5152 1888 5194 tus
1916 5156 1980 5194 ex
2014 5137 2212 5194 femina
2241 5137 2495 5205 templum
2528 5135 2922 5206 quodammodo
2949 5137 3089 5192 illius
3115 5139 3205 5207 qui
3239 5155 3381 5192 seni-

1803 5252 1898 5306 pcr
1937 5237 1989 5288 in
2032 5242 2290 5287 aeternum
2320 5238 2419 5295 est,
2464 5241 2517 5284 et
2547 5231 2600 5284 in
2629 5239 2888 5284 aeternum
2935 5229 3050 5284 fuit.
3098 5231 3180 5284 An
3211 5233 3390 5301 potius

1804 5328 1920 5398 ipse
1962 5325 2210 5380 Christus
2253 5324 2544 5392 assumpsit.
2576 5319 2861 5393 quemdam
2909 5321 3140 5388 beatum,
3187 5335 3242 5377 et
3281 5338 3386 5377 non

1872 5518 1887 5548 ¹
1917 5516 2058 5574 Edd.,
2078 5528 2185 5565 cum
2207 5511 2502 5564 transierint.
2529 5513 2596 5562 At
2619 5513 2754 5567 Mss.,
2782 5521 2888 5574 cuin
2912 5503 3204 5574 transieris:
3221 5509 3271 5552 et
3295 5500 3383 5574 sic,

1803 5576 1873 5625 uti
1901 5579 1997 5640 jam
2039 5568 2155 5626 alibi
2198 5577 2588 5640 observavimus,
2613 5577 2785 5640 legere
2811 5573 2941 5640 solet
2965 5568 3309 5640 Αυιξειξῐὶηιιει
3333 5568 3390 5640 πει

1799 5626 1930 5701 ιιι]οὸ
1963 5637 2012 5688 in
2038 5642 2207 5691 Greco
2253 5644 2348 5696 est,
2386 5626 2759 5700 epistrepséfsit
2806 5631 2942 5682 verbi
2982 5627 3127 5678 medii
3172 5626 3385 5678 secunda

1801 5715 2030 5763 persona.

2681 5771 3146 5856 (Vingt-Cinq.)
