  <div class='ocr_page' id='page_1' title='image "/cluster/home/n/w/nwhite01/storage/ocr_20150623/36/umn.319510024773307/399.png"; bbox 0 0 3934 6324; ppageno 0'>
   <div class='ocr_carea' id='block_1_1' title="bbox 498 281 607 339">
    <p class='ocr_par' dir='ltr' id='par_1_1' title="bbox 498 281 607 339">
     <span class='ocr_line' id='line_1_1' title="bbox 498 281 607 339; baseline 0.018 -2"><span class='ocrx_word' id='word_1_1' title='bbox 498 281 607 339; x_wconf 80' lang='lat'><strong>779</strong></span> 
     </span>
    </p>
   </div>
   <div class='ocr_carea' id='block_1_2' title="bbox 498 390 2091 467">
    <p class='ocr_par' dir='ltr' id='par_1_2' title="bbox 498 390 2091 467">
     <span class='ocr_line' id='line_1_2' title="bbox 498 390 2091 467; baseline -0.003 -16"><span class='ocrx_word' id='word_1_2' title='bbox 498 396 835 467; x_wconf 41' lang='lat' dir='ltr'><strong>dicitur‘ipse</strong></span> <span class='ocrx_word' id='word_1_3' title='bbox 855 407 1014 465; x_wconf 84' lang='lat' dir='ltr'><strong>quem</strong></span> <span class='ocrx_word' id='word_1_4' title='bbox 1040 392 1333 465; x_wconf 88' lang='lat' dir='ltr'><strong>assumpsit</strong></span> <span class='ocrx_word' id='word_1_5' title='bbox 1353 392 1507 464; x_wconf 90' lang='lat' dir='ltr'><strong>quasi</strong></span> <span class='ocrx_word' id='word_1_6' title='bbox 1538 392 1591 447; x_wconf 91' lang='lat' dir='ltr'><strong>in</strong></span> <span class='ocrx_word' id='word_1_7' title='bbox 1623 390 1811 464; x_wconf 79' lang='lat' dir='ltr'><strong>plurali</strong></span> <span class='ocrx_word' id='word_1_8' title='bbox 1839 405 2091 457; x_wconf 88' lang='lat' dir='ltr'><strong>numero,</strong></span> 
     </span>
    </p>
   </div>
   <div class='ocr_carea' id='block_1_3' title="bbox 500 482 2094 556">
    <p class='ocr_par' dir='ltr' id='par_1_3' title="bbox 500 482 2094 556">
     <span class='ocr_line' id='line_1_3' title="bbox 500 482 2094 556; baseline -0.004 -14"><span class='ocrx_word' id='word_1_9' title='bbox 500 488 595 543; x_wconf 83' lang='lat' dir='ltr'><strong>sed</strong></span> <span class='ocrx_word' id='word_1_10' title='bbox 626 488 687 542; x_wconf 47' lang='lat' dir='ltr'><strong>in»</strong></span> <span class='ocrx_word' id='word_1_11' title='bbox 705 487 959 556; x_wconf 74' lang='lat' dir='ltr'><strong>singulari</strong></span> <span class='ocrx_word' id='word_1_12' title='bbox 979 485 1005 539; x_wconf 85' lang='lat'><strong>?</strong></span> <span class='ocrx_word' id='word_1_13' title='bbox 1041 484 1217 542; x_wconf 86' lang='lat' dir='ltr'><strong>Unum</strong></span> <span class='ocrx_word' id='word_1_14' title='bbox 1243 485 1388 539; x_wconf 89' lang='lat' dir='ltr'><strong>enim</strong></span> <span class='ocrx_word' id='word_1_15' title='bbox 1411 483 1657 549; x_wconf 87' lang='lat' dir='ltr'><strong>assumit,</strong></span> <span class='ocrx_word' id='word_1_16' title='bbox 1679 482 1805 554; x_wconf 87' lang='lat' dir='ltr'><strong>quia</strong></span> <span class='ocrx_word' id='word_1_17' title='bbox 1834 483 2094 539; x_wconf 86' lang='lat' dir='ltr'><strong>unitatem</strong></span> 
     </span>
    </p>
   </div>
   <div class='ocr_carea' id='block_1_4' title="bbox 500 574 2123 642">
    <p class='ocr_par' dir='ltr' id='par_1_4' title="bbox 500 574 2123 642">
     <span class='ocr_line' id='line_1_4' title="bbox 500 574 2123 642; baseline -0.004 -9"><span class='ocrx_word' id='word_1_18' title='bbox 500 579 742 634; x_wconf 88' lang='lat' dir='ltr'><strong>assumit.</strong></span> <span class='ocrx_word' id='word_1_19' title='bbox 773 577 1077 636; x_wconf 88' lang='lat' dir='ltr'><strong>Schismata</strong></span> <span class='ocrx_word' id='word_1_20' title='bbox 1107 591 1225 642; x_wconf 78' lang='lat' dir='ltr'><strong>,non</strong></span> <span class='ocrx_word' id='word_1_21' title='bbox 1258 576 1507 637; x_wconf 88' lang='lat' dir='ltr'><strong>assumit,</strong></span> <span class='ocrx_word' id='word_1_22' title='bbox 1542 576 1779 629; x_wconf 80' lang='lat' dir='ltr'><strong>luereses</strong></span> <span class='ocrx_word' id='word_1_23' title='bbox 1804 588 1908 629; x_wconf 89' lang='lat' dir='ltr'><strong>non</strong></span> <span class='ocrx_word' id='word_1_24' title='bbox 1936 586 2093 627; x_wconf 83' lang='lat' dir='ltr'><strong>assu-</strong></span> <span class='ocrx_word' id='word_1_25' title='bbox 2122 574 2123 577; x_wconf 67' lang='grc'><em>“</em></span> 
     </span>
    </p>
   </div>
   <div class='ocr_carea' id='block_1_5' title="bbox 498 662 2093 732">
    <p class='ocr_par' dir='ltr' id='par_1_5' title="bbox 498 662 2093 732">
     <span class='ocr_line' id='line_1_5' title="bbox 498 662 2093 732; baseline -0.006 -6"><span class='ocrx_word' id='word_1_26' title='bbox 498 670 595 726; x_wconf 88' lang='lat' dir='ltr'><strong>mit</strong></span> <span class='ocrx_word' id='word_1_27' title='bbox 624 688 638 724; x_wconf 86' lang='lat'><strong>:</strong></span> <span class='ocrx_word' id='word_1_28' title='bbox 664 668 1059 725; x_wconf 90' lang='lat' dir='ltr'><strong>multitudinem</strong></span> <span class='ocrx_word' id='word_1_29' title='bbox 1088 667 1157 723; x_wconf 89' lang='lat' dir='ltr'><strong>de</strong></span> <span class='ocrx_word' id='word_1_30' title='bbox 1181 684 1241 723; x_wconf 91' lang='lat' dir='ltr'><strong>sc</strong></span> <span class='ocrx_word' id='word_1_31' title='bbox 1270 668 1552 731; x_wconf 81' lang='lat' dir='ltr'><strong>fecerunt;</strong></span> <span class='ocrx_word' id='word_1_32' title='bbox 1595 674 1812 721; x_wconf 84' lang='lat' dir='ltr'><strong>nonest</strong></span> <span class='ocrx_word' id='word_1_33' title='bbox 1842 677 1978 718; x_wconf 88' lang='lat' dir='ltr'><strong>unus</strong></span> <span class='ocrx_word' id='word_1_34' title='bbox 2001 662 2093 732; x_wconf 85' lang='lat' dir='ltr'><strong>qui</strong></span> 
     </span>
    </p>
   </div>
   <div class='ocr_carea' id='block_1_6' title="bbox 498 754 2088 827">
    <p class='ocr_par' dir='ltr' id='par_1_6' title="bbox 498 754 2088 827">
     <span class='ocr_line' id='line_1_6' title="bbox 498 754 2088 827; baseline -0.004 -13"><span class='ocrx_word' id='word_1_35' title='bbox 498 774 821 817; x_wconf 76' lang='lat' dir='ltr'><strong>assumatur.</strong></span> <span class='ocrx_word' id='word_1_36' title='bbox 864 761 968 827; x_wconf 92' lang='lat' dir='ltr'><strong>Qui</strong></span> <span class='ocrx_word' id='word_1_37' title='bbox 1007 769 1184 814; x_wconf 89' lang='lat' dir='ltr'><strong>autem</strong></span> <span class='ocrx_word' id='word_1_38' title='bbox 1229 765 1449 813; x_wconf 88' lang='lat' dir='ltr'><strong>mattent</strong></span> <span class='ocrx_word' id='word_1_39' title='bbox 1492 758 1546 811; x_wconf 91' lang='lat' dir='ltr'><strong>in</strong></span> <span class='ocrx_word' id='word_1_40' title='bbox 1587 771 1844 827; x_wconf 76' lang='lat' dir='ltr'><strong>compage</strong></span> <span class='ocrx_word' id='word_1_41' title='bbox 1866 754 2088 819; x_wconf 88' lang='lat' dir='ltr'><strong>Christi,</strong></span> 
     </span>
    </p>
   </div>
   <div class='ocr_carea' id='block_1_7' title="bbox 472 846 2090 923">
    <p class='ocr_par' dir='ltr' id='par_1_7' title="bbox 472 846 2090 923">
     <span class='ocr_line' id='line_1_7' title="bbox 472 846 2090 923; baseline -0.007 -13"><span class='ocrx_word' id='word_1_42' title='bbox 472 865 550 910; x_wconf 80' lang='lat' dir='ltr'><strong>:et</strong></span> <span class='ocrx_word' id='word_1_43' title='bbox 595 855 834 908; x_wconf 85' lang='lat' dir='ltr'><strong>membra</strong></span> <span class='ocrx_word' id='word_1_44' title='bbox 874 854 1005 923; x_wconf 83' lang='lat' dir='ltr'><strong>ejus</strong></span> <span class='ocrx_word' id='word_1_45' title='bbox 1034 861 1194 916; x_wconf 85' lang='lat' dir='ltr'><strong>sunt,</strong></span> <span class='ocrx_word' id='word_1_46' title='bbox 1245 850 1444 904; x_wconf 88' lang='lat' dir='ltr'><strong>faciunt</strong></span> <span class='ocrx_word' id='word_1_47' title='bbox 1483 846 1881 920; x_wconf 88' lang='lat' dir='ltr'><strong>quodammodo</strong></span> <span class='ocrx_word' id='word_1_48' title='bbox 1925 862 2090 902; x_wconf 90' lang='lat' dir='ltr'><strong>unum</strong></span> 
     </span>
    </p>
   </div>
   <div class='ocr_carea' id='block_1_8' title="bbox 488 941 2092 1019">
    <p class='ocr_par' dir='ltr' id='par_1_8' title="bbox 488 941 2092 1019">
     <span class='ocr_line' id='line_1_8' title="bbox 488 941 2092 1019; baseline -0.005 -18"><span class='ocrx_word' id='word_1_49' title='bbox 488 952 697 1015; x_wconf 24' lang='lat' dir='ltr'><strong>t-vimm,</strong></span> <span class='ocrx_word' id='word_1_50' title='bbox 748 948 818 1002; x_wconf 89' lang='lat' dir='ltr'><strong>de</strong></span> <span class='ocrx_word' id='word_1_51' title='bbox 856 963 966 1019; x_wconf 89' lang='lat' dir='ltr'><strong>quo</strong></span> <span class='ocrx_word' id='word_1_52' title='bbox 1008 945 1139 1002; x_wconf 85' lang='lat' dir='ltr'><strong>dicit</strong></span> <span class='ocrx_word' id='word_1_53' title='bbox 1187 944 1477 1014; x_wconf 82' lang='lat' dir='ltr'><strong>Apostolus</strong></span> <span class='ocrx_word' id='word_1_54' title='bbox 1508 962 1522 999; x_wconf 87' lang='lat'><strong>:</strong></span> <span class='ocrx_word' id='word_1_55' title='bbox 1550 941 1723 996; x_wconf 79' lang='lat' dir='ltr'><strong>Donec</strong></span> <span class='ocrx_word' id='word_1_56' title='bbox 1766 957 2092 995; x_wconf 69' lang='lat' dir='ltr'><strong>occurramus</strong></span> 
     </span>
    </p>
   </div>
   <div class='ocr_carea' id='block_1_9' title="bbox 501 1033 2089 1113">
    <p class='ocr_par' dir='ltr' id='par_1_9' title="bbox 501 1033 2089 1113">
     <span class='ocr_line' id='line_1_9' title="bbox 501 1033 2089 1113; baseline -0.006 -17"><span class='ocrx_word' id='word_1_57' title='bbox 501 1060 675 1096; x_wconf 85' lang='lat' dir='ltr'><strong>omnes</strong></span> <span class='ocrx_word' id='word_1_58' title='bbox 714 1044 765 1096; x_wconf 88' lang='lat' dir='ltr'><strong>in</strong></span> <span class='ocrx_word' id='word_1_59' title='bbox 807 1042 1116 1113; x_wconf 71' lang='lat' dir='ltr'><strong>agnitionem</strong></span> <span class='ocrx_word' id='word_1_60' title='bbox 1144 1037 1266 1093; x_wconf 81' lang='lat' dir='ltr'><strong>Filii</strong></span> <span class='ocrx_word' id='word_1_61' title='bbox 1289 1037 1410 1102; x_wconf 76' lang='lat' dir='ltr'><strong>Dei,</strong></span> <span class='ocrx_word' id='word_1_62' title='bbox 1439 1037 1493 1090; x_wconf 84' lang='lat' dir='ltr'><strong>in</strong></span> <span class='ocrx_word' id='word_1_63' title='bbox 1522 1036 1682 1091; x_wconf 75' lang='lat' dir='ltr'><strong>uirum</strong></span> <span class='ocrx_word' id='word_1_64' title='bbox 1711 1038 2007 1112; x_wconf 80' lang='lat' dir='ltr'><strong>perfectum,</strong></span> <span class='ocrx_word' id='word_1_65' title='bbox 2035 1033 2089 1087; x_wconf 85' lang='lat' dir='ltr'><strong>in</strong></span> 
     </span>
    </p>
   </div>
   <div class='ocr_carea' id='block_1_10' title="bbox 503 1122 2085 1200">
    <p class='ocr_par' dir='ltr' id='par_1_10' title="bbox 503 1122 2085 1200">
     <span class='ocr_line' id='line_1_10' title="bbox 503 1122 2085 1200; baseline -0.005 -16"><span class='ocrx_word' id='word_1_66' title='bbox 503 1149 789 1186; x_wconf 74' lang='lat' dir='ltr'><strong>mensuram</strong></span> <span class='ocrx_word' id='word_1_67' title='bbox 832 1131 997 1186; x_wconf 70' lang='lat' dir='ltr'><strong>etatis</strong></span> <span class='ocrx_word' id='word_1_68' title='bbox 1041 1128 1373 1200; x_wconf 74' lang='lat' dir='ltr'><strong>plenitudinis</strong></span> <span class='ocrx_word' id='word_1_69' title='bbox 1401 1125 1588 1180; x_wconf 78' lang='lat' dir='ltr'><strong>Christi</strong></span> <span class='ocrx_word' id='word_1_70' title='bbox 1628 1122 1844 1195; x_wconf 85' lang='lat' dir='ltr'><strong>(Epltes.</strong></span> <span class='ocrx_word' id='word_1_71' title='bbox 1875 1140 1945 1187; x_wconf 88' lang='lat' dir='ltr'><strong>tv,</strong></span> <span class='ocrx_word' id='word_1_72' title='bbox 1972 1125 2085 1191; x_wconf 76' lang='grc'><strong>15).</strong></span> 
     </span>
    </p>
   </div>
   <div class='ocr_carea' id='block_1_11' title="bbox 501 1214 2086 1292">
    <p class='ocr_par' dir='ltr' id='par_1_11' title="bbox 501 1214 2086 1292">
     <span class='ocr_line' id='line_1_11' title="bbox 501 1214 2086 1292; baseline -0.008 -16"><span class='ocrx_word' id='word_1_73' title='bbox 501 1224 684 1292; x_wconf 78' lang='lat' dir='ltr'><strong>itaque</strong></span> <span class='ocrx_word' id='word_1_74' title='bbox 726 1238 864 1284; x_wconf 87' lang='lat' dir='ltr'><strong>unus</strong></span> <span class='ocrx_word' id='word_1_75' title='bbox 890 1221 973 1276; x_wconf 91' lang='lat' dir='ltr'><strong>vir</strong></span> <span class='ocrx_word' id='word_1_76' title='bbox 1017 1219 1335 1282; x_wconf 81' lang='lat' dir='ltr'><strong>assumitur,</strong></span> <span class='ocrx_word' id='word_1_77' title='bbox 1366 1218 1450 1272; x_wconf 90' lang='lat' dir='ltr'><strong>cui</strong></span> <span class='ocrx_word' id='word_1_78' title='bbox 1491 1225 1652 1285; x_wconf 89' lang='lat' dir='ltr'><strong>caput</strong></span> <span class='ocrx_word' id='word_1_79' title='bbox 1692 1214 2086 1292; x_wconf 25' lang='lat' dir='ltr'><strong>est-Christus;</strong></span> 
     </span>
    </p>
   </div>
   <div class='ocr_carea' id='block_1_12' title="bbox 498 1306 2088 1385">
    <p class='ocr_par' dir='ltr' id='par_1_12' title="bbox 498 1306 2088 1385">
     <span class='ocr_line' id='line_1_12' title="bbox 498 1306 2088 1385; baseline -0.004 -18"><span class='ocrx_word' id='word_1_80' title='bbox 498 1316 621 1385; x_wconf 87' lang='lat' dir='ltr'><strong>quia</strong></span> <span class='ocrx_word' id='word_1_81' title='bbox 649 1323 801 1383; x_wconf 81' lang='lat' dir='ltr'><strong>caput</strong></span> <span class='ocrx_word' id='word_1_82' title='bbox 825 1315 919 1367; x_wconf 78' lang='lat' dir='ltr'><strong>viri</strong></span> <span class='ocrx_word' id='word_1_83' title='bbox 945 1312 1173 1367; x_wconf 79' lang='lat' dir='ltr'><strong>Christus</strong></span> <span class='ocrx_word' id='word_1_84' title='bbox 1200 1321 1270 1365; x_wconf 84' lang='lat' dir='ltr'><strong>est</strong></span> <span class='ocrx_word' id='word_1_85' title='bbox 1300 1308 1349 1380; x_wconf 91' lang='grc' dir='ltr'>(ι</span> <span class='ocrx_word' id='word_1_86' title='bbox 1374 1308 1493 1363; x_wconf 81' lang='lat' dir='ltr'><strong>Cor.</strong></span> <span class='ocrx_word' id='word_1_87' title='bbox 1520 1323 1604 1373; x_wconf 69' lang='grc' dir='ltr'><strong>χι.</strong></span> <span class='ocrx_word' id='word_1_88' title='bbox 1631 1306 1718 1378; x_wconf 83' lang='grc'><strong>5).</strong></span> <span class='ocrx_word' id='word_1_89' title='bbox 1752 1307 1868 1378; x_wconf 81' lang='lat' dir='ltr'><strong>Ipse</strong></span> <span class='ocrx_word' id='word_1_90' title='bbox 1892 1316 1975 1362; x_wconf 89' lang='lat' dir='ltr'><strong>est</strong></span> <span class='ocrx_word' id='word_1_91' title='bbox 2000 1306 2088 1360; x_wconf 87' lang='lat' dir='ltr'><strong>ille</strong></span> 
     </span>
    </p>
   </div>
   <div class='ocr_carea' id='block_1_13' title="bbox 498 1400 2125 1476">
    <p class='ocr_par' dir='ltr' id='par_1_13' title="bbox 498 1400 2125 1476">
     <span class='ocr_line' id='line_1_13' title="bbox 498 1400 2125 1476; baseline -0.004 -17"><span class='ocrx_word' id='word_1_92' title='bbox 498 1407 671 1459; x_wconf 71' lang='lat' dir='ltr'><strong>beatus</strong></span> <span class='ocrx_word' id='word_1_93' title='bbox 696 1406 774 1459; x_wconf 75' lang='lat' dir='ltr'><strong>air</strong></span> <span class='ocrx_word' id='word_1_94' title='bbox 793 1406 881 1476; x_wconf 85' lang='lat' dir='ltr'><strong>qui</strong></span> <span class='ocrx_word' id='word_1_95' title='bbox 907 1420 1010 1459; x_wconf 82' lang='lat' dir='ltr'><strong>non</strong></span> <span class='ocrx_word' id='word_1_96' title='bbox 1035 1403 1158 1458; x_wconf 84' lang='lat' dir='ltr'><strong>abiit</strong></span> <span class='ocrx_word' id='word_1_97' title='bbox 1186 1403 1236 1456; x_wconf 84' lang='lat' dir='ltr'><strong>in</strong></span> <span class='ocrx_word' id='word_1_98' title='bbox 1263 1401 1476 1455; x_wconf 79' lang='lat' dir='ltr'><strong>consilio</strong></span> <span class='ocrx_word' id='word_1_99' title='bbox 1499 1400 1791 1471; x_wconf 86' lang='lat' dir='ltr'><strong>impiorum,</strong></span> <span class='ocrx_word' id='word_1_100' title='bbox 1814 1400 1868 1455; x_wconf 76' lang='lat' dir='ltr'><strong>ei</strong></span> <span class='ocrx_word' id='word_1_101' title='bbox 1891 1407 2085 1454; x_wconf 65' lang='lat' dir='ltr'><strong>caetera</strong></span> <span class='ocrx_word' id='word_1_102' title='bbox 2124 1400 2125 1403; x_wconf 60' lang='grc'><em>“</em></span> 
     </span>
    </p>
   </div>
   <div class='ocr_carea' id='block_1_14' title="bbox 496 1491 2083 1568">
    <p class='ocr_par' dir='ltr' id='par_1_14' title="bbox 496 1491 2083 1568">
     <span class='ocr_line' id='line_1_14' title="bbox 496 1491 2083 1568; baseline -0.002 -20"><span class='ocrx_word' id='word_1_103' title='bbox 496 1513 616 1566; x_wconf 64' lang='lat' dir='ltr'><strong>quae</strong></span> <span class='ocrx_word' id='word_1_104' title='bbox 645 1496 714 1551; x_wconf 85' lang='lat' dir='ltr'><strong>ibi</strong></span> <span class='ocrx_word' id='word_1_105' title='bbox 745 1496 997 1552; x_wconf 88' lang='lat' dir='ltr'><strong>dicuntur</strong></span> <span class='ocrx_word' id='word_1_106' title='bbox 1023 1495 1196 1568; x_wconf 79' lang='lat' dir='ltr'><strong>(Psttl.</strong></span> <span class='ocrx_word' id='word_1_107' title='bbox 1225 1510 1264 1561; x_wconf 90' lang='lat' dir='ltr'><strong>t,</strong></span> <span class='ocrx_word' id='word_1_108' title='bbox 1294 1495 1386 1566; x_wconf 82' lang='lat' dir='ltr'><strong>l):</strong></span> <span class='ocrx_word' id='word_1_109' title='bbox 1416 1494 1530 1564; x_wconf 89' lang='lat' dir='ltr'><strong>ipse</strong></span> <span class='ocrx_word' id='word_1_110' title='bbox 1553 1502 1635 1559; x_wconf 81' lang='lat' dir='ltr'><strong>est</strong></span> <span class='ocrx_word' id='word_1_111' title='bbox 1659 1493 1747 1563; x_wconf 85' lang='lat' dir='ltr'><strong>qui</strong></span> <span class='ocrx_word' id='word_1_112' title='bbox 1771 1491 2083 1548; x_wconf 85' lang='lat' dir='ltr'><strong>assumitur.</strong></span> 
     </span>
    </p>
   </div>
   <div class='ocr_carea' id='block_1_15' title="bbox 493 1583 2103 1657">
    <p class='ocr_par' dir='ltr' id='par_1_15' title="bbox 493 1583 2103 1657">
     <span class='ocr_line' id='line_1_15' title="bbox 493 1583 2103 1657; baseline -0.002 -17"><span class='ocrx_word' id='word_1_113' title='bbox 493 1586 610 1641; x_wconf 85' lang='lat' dir='ltr'><strong>Non</strong></span> <span class='ocrx_word' id='word_1_114' title='bbox 655 1594 739 1641; x_wconf 86' lang='lat' dir='ltr'><strong>est</strong></span> <span class='ocrx_word' id='word_1_115' title='bbox 779 1596 929 1642; x_wconf 75' lang='lat' dir='ltr'><strong>extra</strong></span> <span class='ocrx_word' id='word_1_116' title='bbox 974 1600 1111 1651; x_wconf 91' lang='lat' dir='ltr'><strong>nos;</strong></span> <span class='ocrx_word' id='word_1_117' title='bbox 1155 1587 1206 1640; x_wconf 89' lang='lat' dir='ltr'><strong>in</strong></span> <span class='ocrx_word' id='word_1_118' title='bbox 1254 1585 1420 1657; x_wconf 83' lang='lat' dir='ltr'><strong>ipsius</strong></span> <span class='ocrx_word' id='word_1_119' title='bbox 1448 1583 1707 1639; x_wconf 87' lang='lat' dir='ltr'><strong>membris</strong></span> <span class='ocrx_word' id='word_1_120' title='bbox 1751 1598 1959 1646; x_wconf 89' lang='lat' dir='ltr'><strong>sunnts,</strong></span> <span class='ocrx_word' id='word_1_121' title='bbox 1987 1584 2103 1637; x_wconf 76' lang='lat' dir='ltr'><strong>sub</strong></span> 
     </span>
    </p>
   </div>
   <div class='ocr_carea' id='block_1_16' title="bbox 494 1676 2080 1751">
    <p class='ocr_par' dir='ltr' id='par_1_16' title="bbox 494 1676 2080 1751">
     <span class='ocr_line' id='line_1_16' title="bbox 494 1676 2080 1751; baseline -0.001 -17"><span class='ocrx_word' id='word_1_122' title='bbox 494 1695 605 1735; x_wconf 90' lang='lat' dir='ltr'><strong>uno</strong></span> <span class='ocrx_word' id='word_1_123' title='bbox 652 1681 828 1748; x_wconf 82' lang='lat' dir='ltr'><strong>capite</strong></span> <span class='ocrx_word' id='word_1_124' title='bbox 872 1680 1146 1751; x_wconf 80' lang='lat' dir='ltr'><strong>regimur,</strong></span> <span class='ocrx_word' id='word_1_125' title='bbox 1197 1695 1306 1733; x_wconf 89' lang='lat' dir='ltr'><strong>uno</strong></span> <span class='ocrx_word' id='word_1_126' title='bbox 1353 1678 1545 1749; x_wconf 86' lang='lat' dir='ltr'><strong>spiritu</strong></span> <span class='ocrx_word' id='word_1_127' title='bbox 1598 1691 1787 1733; x_wconf 89' lang='lat' dir='ltr'><strong>omnes</strong></span> <span class='ocrx_word' id='word_1_128' title='bbox 1832 1676 2080 1739; x_wconf 71' lang='lat' dir='ltr'><strong>vivimus.</strong></span> 
     </span>
    </p>
   </div>
   <div class='ocr_carea' id='block_1_17' title="bbox 493 1766 2084 1842">
    <p class='ocr_par' dir='ltr' id='par_1_17' title="bbox 493 1766 2084 1842">
     <span class='ocr_line' id='line_1_17' title="bbox 493 1766 2084 1842; baseline -0.001 -18"><span class='ocrx_word' id='word_1_129' title='bbox 493 1786 653 1825; x_wconf 88' lang='lat' dir='ltr'><strong>unam</strong></span> <span class='ocrx_word' id='word_1_130' title='bbox 697 1769 923 1842; x_wconf 89' lang='lat' dir='ltr'><strong>patriam</strong></span> <span class='ocrx_word' id='word_1_131' title='bbox 969 1783 1161 1823; x_wconf 87' lang='lat' dir='ltr'><strong>omnes</strong></span> <span class='ocrx_word' id='word_1_132' title='bbox 1203 1767 1591 1823; x_wconf 79' lang='lat' dir='ltr'><strong>desideramus.</strong></span> <span class='ocrx_word' id='word_1_133' title='bbox 1619 1766 1909 1823; x_wconf 78' lang='lat' dir='ltr'><strong>Videamus</strong></span> <span class='ocrx_word' id='word_1_134' title='bbox 1953 1781 2084 1837; x_wconf 67' lang='lat' dir='ltr'><strong>erg)</strong></span> 
     </span>
    </p>
   </div>
   <div class='ocr_carea' id='block_1_18' title="bbox 492 1857 2079 1930">
    <p class='ocr_par' dir='ltr' id='par_1_18' title="bbox 492 1857 2079 1930">
     <span class='ocr_line' id='line_1_18' title="bbox 492 1857 2079 1930; baseline -0.003 -16"><span class='ocrx_word' id='word_1_135' title='bbox 492 1858 637 1930; x_wconf 88' lang='lat' dir='ltr'><strong>quod</strong></span> <span class='ocrx_word' id='word_1_136' title='bbox 665 1859 731 1914; x_wconf 89' lang='lat' dir='ltr'><strong>ad</strong></span> <span class='ocrx_word' id='word_1_137' title='bbox 760 1859 1033 1914; x_wconf 85' lang='lat' dir='ltr'><strong>Christum</strong></span> <span class='ocrx_word' id='word_1_138' title='bbox 1058 1858 1289 1925; x_wconf 87' lang='lat' dir='ltr'><strong>dicitur,</strong></span> <span class='ocrx_word' id='word_1_139' title='bbox 1322 1869 1499 1913; x_wconf 89' lang='lat' dir='ltr'><strong>utrum</strong></span> <span class='ocrx_word' id='word_1_140' title='bbox 1544 1857 1610 1911; x_wconf 88' lang='lat' dir='ltr'><strong>ad</strong></span> <span class='ocrx_word' id='word_1_141' title='bbox 1649 1872 1751 1912; x_wconf 89' lang='lat' dir='ltr'><strong>nos</strong></span> <span class='ocrx_word' id='word_1_142' title='bbox 1796 1857 2079 1927; x_wconf 87' lang='lat' dir='ltr'><strong>pertineat,</strong></span> 
     </span>
    </p>
   </div>
   <div class='ocr_carea' id='block_1_19' title="bbox 491 1946 2083 2018">
    <p class='ocr_par' dir='ltr' id='par_1_19' title="bbox 491 1946 2083 2018">
     <span class='ocr_line' id='line_1_19' title="bbox 491 1946 2083 2018; baseline -0.004 -12"><span class='ocrx_word' id='word_1_143' title='bbox 491 1958 548 2007; x_wconf 91' lang='lat' dir='ltr'><strong>et</strong></span> <span class='ocrx_word' id='word_1_144' title='bbox 589 1949 656 2005; x_wconf 88' lang='lat' dir='ltr'><strong>de</strong></span> <span class='ocrx_word' id='word_1_145' title='bbox 693 1950 846 2004; x_wconf 88' lang='lat' dir='ltr'><strong>nobis</strong></span> <span class='ocrx_word' id='word_1_146' title='bbox 885 1949 1138 2004; x_wconf 89' lang='lat' dir='ltr'><strong>dicatur:</strong></span> <span class='ocrx_word' id='word_1_147' title='bbox 1169 1948 1562 2018; x_wconf 82' lang='lat' dir='ltr'><strong>interrogemus</strong></span> <span class='ocrx_word' id='word_1_148' title='bbox 1588 1946 1944 2002; x_wconf 84' lang='lat' dir='ltr'><strong>conscientias</strong></span> <span class='ocrx_word' id='word_1_149' title='bbox 1986 1959 2083 2000; x_wconf 85' lang='lat' dir='ltr'><strong>no-</strong></span> 
     </span>
    </p>
   </div>
   <div class='ocr_carea' id='block_1_20' title="bbox 489 2037 2082 2110">
    <p class='ocr_par' dir='ltr' id='par_1_20' title="bbox 489 2037 2082 2110">
     <span class='ocr_line' id='line_1_20' title="bbox 489 2037 2082 2110; baseline -0.004 -13"><span class='ocrx_word' id='word_1_150' title='bbox 489 2052 651 2106; x_wconf 89' lang='lat' dir='ltr'><strong>stras,</strong></span> <span class='ocrx_word' id='word_1_151' title='bbox 682 2056 921 2097; x_wconf 85' lang='lat' dir='ltr'><strong>amorem</strong></span> <span class='ocrx_word' id='word_1_152' title='bbox 952 2040 1098 2095; x_wconf 87' lang='lat' dir='ltr'><strong>illum</strong></span> <span class='ocrx_word' id='word_1_153' title='bbox 1129 2047 1527 2110; x_wconf 87' lang='lat' dir='ltr'><strong>perscrutemur</strong></span> <span class='ocrx_word' id='word_1_154' title='bbox 1550 2056 1567 2104; x_wconf 92' lang='lat'><strong>;</strong></span> <span class='ocrx_word' id='word_1_155' title='bbox 1594 2048 1648 2094; x_wconf 91' lang='lat' dir='ltr'><strong>et</strong></span> <span class='ocrx_word' id='word_1_156' title='bbox 1675 2039 1719 2093; x_wconf 88' lang='lat' dir='ltr'><strong>si</strong></span> <span class='ocrx_word' id='word_1_157' title='bbox 1758 2037 1935 2092; x_wconf 86' lang='lat' dir='ltr'><strong>adhuc</strong></span> <span class='ocrx_word' id='word_1_158' title='bbox 1960 2052 2082 2107; x_wconf 86' lang='lat' dir='ltr'><strong>par-</strong></span> 
     </span>
    </p>
   </div>
   <div class='ocr_carea' id='block_1_21' title="bbox 490 2130 2079 2203">
    <p class='ocr_par' dir='ltr' id='par_1_21' title="bbox 490 2130 2079 2203">
     <span class='ocr_line' id='line_1_21' title="bbox 490 2130 2079 2203; baseline -0.005 -14"><span class='ocrx_word' id='word_1_159' title='bbox 490 2151 589 2189; x_wconf 82' lang='lat' dir='ltr'><strong>vus</strong></span> <span class='ocrx_word' id='word_1_160' title='bbox 610 2146 715 2200; x_wconf 72' lang='grc' dir='ltr'><strong>εει,</strong></span> <span class='ocrx_word' id='word_1_161' title='bbox 744 2143 801 2189; x_wconf 87' lang='lat' dir='ltr'><strong>et</strong></span> <span class='ocrx_word' id='word_1_162' title='bbox 840 2133 999 2188; x_wconf 87' lang='lat' dir='ltr'><strong>modo</strong></span> <span class='ocrx_word' id='word_1_163' title='bbox 1022 2143 1181 2188; x_wconf 88' lang='lat' dir='ltr'><strong>natus</strong></span> <span class='ocrx_word' id='word_1_164' title='bbox 1216 2149 1370 2186; x_wconf 88' lang='lat' dir='ltr'><strong>amor</strong></span> <span class='ocrx_word' id='word_1_165' title='bbox 1398 2131 1500 2189; x_wconf 88' lang='lat' dir='ltr'><strong>iste</strong></span> <span class='ocrx_word' id='word_1_166' title='bbox 1525 2130 1689 2203; x_wconf 85' lang='lat' dir='ltr'><strong>(forte</strong></span> <span class='ocrx_word' id='word_1_167' title='bbox 1732 2132 1873 2197; x_wconf 88' lang='lat' dir='ltr'><strong>enim</strong></span> <span class='ocrx_word' id='word_1_168' title='bbox 1921 2130 2079 2196; x_wconf 82' lang='lat' dir='ltr'><strong>modo</strong></span> 
     </span>
    </p>
   </div>
   <div class='ocr_carea' id='block_1_22' title="bbox 490 2223 2077 2299">
    <p class='ocr_par' dir='ltr' id='par_1_22' title="bbox 490 2223 2077 2299">
     <span class='ocr_line' id='line_1_22' title="bbox 490 2223 2077 2299; baseline -0.003 -16"><span class='ocrx_word' id='word_1_169' title='bbox 490 2229 546 2284; x_wconf 89' lang='lat' dir='ltr'><strong>in</strong></span> <span class='ocrx_word' id='word_1_170' title='bbox 574 2228 755 2299; x_wconf 89' lang='lat' dir='ltr'><strong>aliquo</strong></span> <span class='ocrx_word' id='word_1_171' title='bbox 780 2224 1463 2299; x_wconf 75' lang='lat' dir='ltr'><strong>germinavit),.diligenter</strong></span> <span class='ocrx_word' id='word_1_172' title='bbox 1482 2225 1739 2294; x_wconf 75' lang='lat' dir='ltr'><strong>cxsurpct</strong></span> <span class='ocrx_word' id='word_1_173' title='bbox 1774 2223 1925 2292; x_wconf 74' lang='lat' dir='ltr'><strong>juxta</strong></span> <span class='ocrx_word' id='word_1_174' title='bbox 1953 2238 2077 2292; x_wconf 80' lang='lat' dir='ltr'><strong>ger-</strong></span> 
     </span>
    </p>
   </div>
   <div class='ocr_carea' id='block_1_23' title="bbox 485 2314 2077 2388">
    <p class='ocr_par' dir='ltr' id='par_1_23' title="bbox 485 2314 2077 2388">
     <span class='ocr_line' id='line_1_23' title="bbox 485 2314 2077 2388; baseline -0.005 -15"><span class='ocrx_word' id='word_1_175' title='bbox 485 2318 759 2373; x_wconf 86' lang='lat' dir='ltr'><strong>minantes</strong></span> <span class='ocrx_word' id='word_1_176' title='bbox 786 2318 991 2388; x_wconf 72' lang='lat' dir='ltr'><strong>apinas,</strong></span> <span class='ocrx_word' id='word_1_177' title='bbox 1018 2316 1071 2373; x_wconf 87' lang='lat' dir='ltr'><strong>id</strong></span> <span class='ocrx_word' id='word_1_178' title='bbox 1100 2326 1185 2372; x_wconf 87' lang='lat' dir='ltr'><strong>est</strong></span> <span class='ocrx_word' id='word_1_179' title='bbox 1210 2330 1367 2370; x_wconf 86' lang='lat' dir='ltr'><strong>curas</strong></span> <span class='ocrx_word' id='word_1_180' title='bbox 1391 2314 1697 2381; x_wconf 63' lang='lat' dir='ltr'><strong>seculares,</strong></span> <span class='ocrx_word' id='word_1_181' title='bbox 1730 2329 1799 2367; x_wconf 89' lang='lat' dir='ltr'><strong>ne</strong></span> <span class='ocrx_word' id='word_1_182' title='bbox 1827 2327 2077 2367; x_wconf 76' lang='lat' dir='ltr'><strong>crescen-</strong></span> 
     </span>
    </p>
   </div>
   <div class='ocr_carea' id='block_1_24' title="bbox 482 2402 2076 2479">
    <p class='ocr_par' dir='ltr' id='par_1_24' title="bbox 482 2402 2076 2479">
     <span class='ocr_line' id='line_1_24' title="bbox 482 2402 2076 2479; baseline -0.004 -16"><span class='ocrx_word' id='word_1_183' title='bbox 482 2409 555 2463; x_wconf 89' lang='lat' dir='ltr'><strong>do</strong></span> <span class='ocrx_word' id='word_1_184' title='bbox 588 2416 831 2472; x_wconf 83' lang='lat' dir='ltr'><strong>sanctum</strong></span> <span class='ocrx_word' id='word_1_185' title='bbox 867 2423 1092 2479; x_wconf 72' lang='lat' dir='ltr'><strong>germen</strong></span> <span class='ocrx_word' id='word_1_186' title='bbox 1117 2405 1368 2462; x_wconf 78' lang='lat' dir='ltr'><strong>oll&#39;ocent.</strong></span> <span class='ocrx_word' id='word_1_187' title='bbox 1398 2403 1586 2459; x_wconf 82' lang='lat' dir='ltr'><strong>Beatus</strong></span> <span class='ocrx_word' id='word_1_188' title='bbox 1618 2421 1765 2476; x_wconf 83' lang='lat' dir='ltr'><strong>quem</strong></span> <span class='ocrx_word' id='word_1_189' title='bbox 1802 2402 2000 2475; x_wconf 81' lang='lat' dir='ltr'><strong>elegisti</strong></span> <span class='ocrx_word' id='word_1_190' title='bbox 2030 2414 2076 2457; x_wconf 74' lang='lat' dir='ltr'><strong>et</strong></span> 
     </span>
    </p>
   </div>
   <div class='ocr_carea' id='block_1_25' title="bbox 480 2495 2076 2572">
    <p class='ocr_par' dir='ltr' id='par_1_25' title="bbox 480 2495 2076 2572">
     <span class='ocr_line' id='line_1_25' title="bbox 480 2495 2076 2572; baseline -0.005 -15"><span class='ocrx_word' id='word_1_191' title='bbox 480 2502 821 2572; x_wconf 81' lang='lat' dir='ltr'><strong>assumpsisti.</strong></span> <span class='ocrx_word' id='word_1_192' title='bbox 872 2503 927 2557; x_wconf 94' lang='lat' dir='ltr'><strong>ln</strong></span> <span class='ocrx_word' id='word_1_193' title='bbox 977 2502 1067 2556; x_wconf 93' lang='lat' dir='ltr'><strong>illo</strong></span> <span class='ocrx_word' id='word_1_194' title='bbox 1114 2500 1319 2566; x_wconf 89' lang='lat' dir='ltr'><strong>simus,</strong></span> <span class='ocrx_word' id='word_1_195' title='bbox 1364 2509 1417 2554; x_wconf 90' lang='lat' dir='ltr'><strong>et</strong></span> <span class='ocrx_word' id='word_1_196' title='bbox 1461 2512 1837 2560; x_wconf 83' lang='lat' dir='ltr'><strong>assumemur;</strong></span> <span class='ocrx_word' id='word_1_197' title='bbox 1886 2496 1940 2550; x_wconf 89' lang='lat' dir='ltr'><strong>in</strong></span> <span class='ocrx_word' id='word_1_198' title='bbox 1983 2495 2076 2549; x_wconf 93' lang='lat' dir='ltr'><strong>illo</strong></span> 
     </span>
    </p>
   </div>
   <div class='ocr_carea' id='block_1_26' title="bbox 481 2593 1779 2669">
    <p class='ocr_par' dir='ltr' id='par_1_26' title="bbox 481 2593 1779 2669">
     <span class='ocr_line' id='line_1_26' title="bbox 481 2593 1779 2669; baseline -0.002 -21"><span class='ocrx_word' id='word_1_199' title='bbox 481 2596 651 2649; x_wconf 87' lang='lat' dir='ltr'><strong>simus</strong></span> <span class='ocrx_word' id='word_1_200' title='bbox 669 2637 684 2658; x_wconf 89' lang='lat'><strong>,</strong></span> <span class='ocrx_word' id='word_1_201' title='bbox 714 2602 768 2649; x_wconf 92' lang='lat' dir='ltr'><strong>et</strong></span> <span class='ocrx_word' id='word_1_202' title='bbox 794 2593 947 2657; x_wconf 82' lang='lat' dir='ltr'><strong>electi</strong></span> <span class='ocrx_word' id='word_1_203' title='bbox 975 2595 1195 2649; x_wconf 90' lang='lat' dir='ltr'><strong>erimus.</strong></span> <span class='ocrx_word' id='word_1_204' title='bbox 1776 2668 1779 2669; x_wconf 14' lang='grc' dir='ltr'><em>ν</em></span> 
     </span>
    </p>
   </div>
   <div class='ocr_carea' id='block_1_27' title="bbox 553 2679 2077 2755">
    <p class='ocr_par' dir='ltr' id='par_1_27' title="bbox 553 2679 2077 2755">
     <span class='ocr_line' id='line_1_27' title="bbox 553 2679 2077 2755; baseline -0.007 -14"><span class='ocrx_word' id='word_1_205' title='bbox 553 2685 619 2750; x_wconf 31' lang='lat'><strong>8.,</strong></span> <span class='ocrx_word' id='word_1_206' title='bbox 650 2685 715 2741; x_wconf 84' lang='lat' dir='ltr'><strong>Et</strong></span> <span class='ocrx_word' id='word_1_207' title='bbox 740 2685 864 2755; x_wconf 91' lang='lat' dir='ltr'><strong>quid</strong></span> <span class='ocrx_word' id='word_1_208' title='bbox 890 2684 1043 2738; x_wconf 86' lang='lat' dir='ltr'><strong>nobis</strong></span> <span class='ocrx_word' id='word_1_209' title='bbox 1066 2683 1244 2738; x_wconf 85' lang='lat' dir='ltr'><strong>dabit?</strong></span> <span class='ocrx_word' id='word_1_210' title='bbox 1266 2680 1600 2746; x_wconf 84' lang='lat' dir='ltr'><strong>Inltabitabit,</strong></span> <span class='ocrx_word' id='word_1_211' title='bbox 1628 2679 1821 2752; x_wconf 86' lang='lat' dir='ltr'><strong>inquit,</strong></span> <span class='ocrx_word' id='word_1_212' title='bbox 1851 2681 1903 2734; x_wconf 87' lang='lat' dir='ltr'><strong>in</strong></span> <span class='ocrx_word' id='word_1_213' title='bbox 1926 2680 2077 2741; x_wconf 82' lang='lat' dir='ltr'><strong>atriis</strong></span> 
     </span>
    </p>
   </div>
   <div class='ocr_carea' id='block_1_28' title="bbox 480 2770 2072 2843">
    <p class='ocr_par' dir='ltr' id='par_1_28' title="bbox 480 2770 2072 2843">
     <span class='ocr_line' id='line_1_28' title="bbox 480 2770 2072 2843; baseline -0.002 -14"><span class='ocrx_word' id='word_1_214' title='bbox 480 2777 601 2830; x_wconf 84' lang='lat' dir='ltr'><strong>tuis.</strong></span> <span class='ocrx_word' id='word_1_215' title='bbox 628 2774 925 2843; x_wconf 80' lang='lat' dir='ltr'><strong>Jerusalem</strong></span> <span class='ocrx_word' id='word_1_216' title='bbox 957 2774 1044 2828; x_wconf 91' lang='lat' dir='ltr'><strong>illa</strong></span> <span class='ocrx_word' id='word_1_217' title='bbox 1066 2785 1168 2838; x_wconf 88' lang='lat' dir='ltr'><strong>est,</strong></span> <span class='ocrx_word' id='word_1_218' title='bbox 1192 2773 1275 2826; x_wconf 88' lang='lat' dir='ltr'><strong>cui</strong></span> <span class='ocrx_word' id='word_1_219' title='bbox 1303 2781 1518 2827; x_wconf 85' lang='lat' dir='ltr'><strong>cantant</strong></span> <span class='ocrx_word' id='word_1_220' title='bbox 1538 2772 1627 2843; x_wconf 89' lang='lat' dir='ltr'><strong>qui</strong></span> <span class='ocrx_word' id='word_1_221' title='bbox 1648 2770 1903 2842; x_wconf 89' lang='lat' dir='ltr'><strong>incipiunt</strong></span> <span class='ocrx_word' id='word_1_222' title='bbox 1922 2772 2072 2826; x_wconf 77' lang='lat' dir='ltr'><strong>exire</strong></span> 
     </span>
    </p>
   </div>
   <div class='ocr_carea' id='block_1_29' title="bbox 477 2861 2069 2938">
    <p class='ocr_par' dir='ltr' id='par_1_29' title="bbox 477 2861 2069 2938">
     <span class='ocr_line' id='line_1_29' title="bbox 477 2861 2069 2938; baseline -0.003 -17"><span class='ocrx_word' id='word_1_223' title='bbox 477 2867 547 2921; x_wconf 84' lang='lat' dir='ltr'><strong>de</strong></span> <span class='ocrx_word' id='word_1_224' title='bbox 573 2864 862 2938; x_wconf 83' lang='lat' dir='ltr'><strong>Babylonia</strong></span> <span class='ocrx_word' id='word_1_225' title='bbox 882 2882 907 2919; x_wconf 43' lang='grc' dir='ltr'><strong>εν</strong></span> <span class='ocrx_word' id='word_1_226' title='bbox 926 2862 1231 2920; x_wconf 80' lang='lat' dir='ltr'><strong>lnhabitabit</strong></span> <span class='ocrx_word' id='word_1_227' title='bbox 1254 2864 1306 2916; x_wconf 87' lang='lat' dir='ltr'><strong>in</strong></span> <span class='ocrx_word' id='word_1_228' title='bbox 1340 2864 1629 2917; x_wconf 79' lang='lat' dir='ltr'><strong>atriistuis.</strong></span> <span class='ocrx_word' id='word_1_229' title='bbox 1665 2861 1990 2933; x_wconf 80' lang='lat' dir='ltr'><strong>Replebimur</strong></span> <span class='ocrx_word' id='word_1_230' title='bbox 2016 2863 2069 2916; x_wconf 85' lang='lat' dir='ltr'><strong>in</strong></span> 
     </span>
    </p>
   </div>
   <div class='ocr_carea' id='block_1_30' title="bbox 478 2952 2065 3027">
    <p class='ocr_par' dir='ltr' id='par_1_30' title="bbox 478 2952 2065 3027">
     <span class='ocr_line' id='line_1_30' title="bbox 478 2952 2065 3027; baseline -0.003 -15"><span class='ocrx_word' id='word_1_231' title='bbox 478 2958 622 3027; x_wconf 78' lang='lat' dir='ltr'><strong>bonis</strong></span> <span class='ocrx_word' id='word_1_232' title='bbox 642 2958 822 3015; x_wconf 83' lang='lat' dir='ltr'><strong>domus</strong></span> <span class='ocrx_word' id='word_1_233' title='bbox 847 2966 966 3012; x_wconf 75' lang='lat' dir='ltr'><strong>tute.</strong></span> <span class='ocrx_word' id='word_1_234' title='bbox 991 2956 1121 3024; x_wconf 66' lang='lat' dir='ltr'><strong>Quae</strong></span> <span class='ocrx_word' id='word_1_235' title='bbox 1147 2963 1273 3020; x_wconf 88' lang='lat' dir='ltr'><strong>sunt</strong></span> <span class='ocrx_word' id='word_1_236' title='bbox 1301 2954 1440 3009; x_wconf 89' lang='lat' dir='ltr'><strong>bona</strong></span> <span class='ocrx_word' id='word_1_237' title='bbox 1466 2953 1659 3009; x_wconf 89' lang='lat' dir='ltr'><strong>domus</strong></span> <span class='ocrx_word' id='word_1_238' title='bbox 1681 2952 1808 3009; x_wconf 85' lang='lat' dir='ltr'><strong>Dei?</strong></span> <span class='ocrx_word' id='word_1_239' title='bbox 1829 2953 2065 3021; x_wconf 86' lang='lat' dir='ltr'><strong>Fratres,</strong></span> 
     </span>
    </p>
   </div>
   <div class='ocr_carea' id='block_1_31' title="bbox 477 3034 2103 3117">
    <p class='ocr_par' dir='ltr' id='par_1_31' title="bbox 477 3034 2103 3117">
     <span class='ocr_line' id='line_1_31' title="bbox 477 3034 2103 3117; baseline -0.003 -14"><span class='ocrx_word' id='word_1_240' title='bbox 477 3050 862 3109; x_wconf 87' lang='lat' dir='ltr'><strong>constituamus</strong></span> <span class='ocrx_word' id='word_1_241' title='bbox 892 3048 1048 3106; x_wconf 87' lang='lat' dir='ltr'><strong>nobis</strong></span> <span class='ocrx_word' id='word_1_242' title='bbox 1075 3046 1305 3117; x_wconf 84' lang='lat' dir='ltr'><strong>aliquam</strong></span> <span class='ocrx_word' id='word_1_243' title='bbox 1333 3046 1551 3101; x_wconf 90' lang='lat' dir='ltr'><strong>domum</strong></span> <span class='ocrx_word' id='word_1_244' title='bbox 1578 3034 1831 3108; x_wconf 87' lang='lat' dir='ltr'><strong>divitem;</strong></span> <span class='ocrx_word' id='word_1_245' title='bbox 1854 3045 2070 3116; x_wconf 69' lang='lat' dir='ltr'><strong>quantis</strong></span> <span class='ocrx_word' id='word_1_246' title='bbox 2100 3080 2103 3081; x_wconf 50' lang='grc' dir='ltr'><em>ν</em></span> 
     </span>
    </p>
   </div>
   <div class='ocr_carea' id='block_1_32' title="bbox 476 3136 2066 3210">
    <p class='ocr_par' dir='ltr' id='par_1_32' title="bbox 476 3136 2066 3210">
     <span class='ocr_line' id='line_1_32' title="bbox 476 3136 2066 3210; baseline -0.005 -12"><span class='ocrx_word' id='word_1_247' title='bbox 476 3139 625 3198; x_wconf 86' lang='lat' dir='ltr'><strong>bonis</strong></span> <span class='ocrx_word' id='word_1_248' title='bbox 657 3139 854 3198; x_wconf 82' lang='lat' dir='ltr'><strong>referta</strong></span> <span class='ocrx_word' id='word_1_249' title='bbox 894 3139 985 3204; x_wconf 88' lang='lat' dir='ltr'><strong>sit,</strong></span> <span class='ocrx_word' id='word_1_250' title='bbox 1012 3153 1172 3210; x_wconf 88' lang='lat' dir='ltr'><strong>quam</strong></span> <span class='ocrx_word' id='word_1_251' title='bbox 1199 3137 1414 3209; x_wconf 85' lang='lat' dir='ltr'><strong>copiosa</strong></span> <span class='ocrx_word' id='word_1_252' title='bbox 1437 3136 1529 3204; x_wconf 88' lang='lat' dir='ltr'><strong>sit,</strong></span> <span class='ocrx_word' id='word_1_253' title='bbox 1558 3152 1682 3192; x_wconf 85' lang='lat' dir='ltr'><strong>vasa</strong></span> <span class='ocrx_word' id='word_1_254' title='bbox 1711 3152 1870 3209; x_wconf 90' lang='lat' dir='ltr'><strong>quam</strong></span> <span class='ocrx_word' id='word_1_255' title='bbox 1899 3138 2066 3193; x_wconf 91' lang='lat' dir='ltr'><strong>multa</strong></span> 
     </span>
    </p>
   </div>
   <div class='ocr_carea' id='block_1_33' title="bbox 476 3227 2068 3304">
    <p class='ocr_par' dir='ltr' id='par_1_33' title="bbox 476 3227 2068 3304">
     <span class='ocr_line' id='line_1_33' title="bbox 476 3227 2068 3304; baseline -0.003 -16"><span class='ocrx_word' id='word_1_256' title='bbox 476 3234 547 3290; x_wconf 85' lang='lat' dir='ltr'><strong>ibi</strong></span> <span class='ocrx_word' id='word_1_257' title='bbox 576 3248 760 3299; x_wconf 84' lang='lat' dir='ltr'><strong>aurea,</strong></span> <span class='ocrx_word' id='word_1_258' title='bbox 792 3232 885 3289; x_wconf 88' lang='lat' dir='ltr'><strong>sed</strong></span> <span class='ocrx_word' id='word_1_259' title='bbox 924 3240 979 3288; x_wconf 85' lang='lat' dir='ltr'><strong>et</strong></span> <span class='ocrx_word' id='word_1_260' title='bbox 1004 3240 1289 3304; x_wconf 73' lang='lat' dir='ltr'><strong>argentea;</strong></span> <span class='ocrx_word' id='word_1_261' title='bbox 1337 3240 1593 3302; x_wconf 85' lang='lat' dir='ltr'><strong>quantum</strong></span> <span class='ocrx_word' id='word_1_262' title='bbox 1632 3227 1867 3304; x_wconf 70' lang='lat' dir='ltr'><strong>familia),</strong></span> <span class='ocrx_word' id='word_1_263' title='bbox 1899 3244 2068 3299; x_wconf 88' lang='lat' dir='ltr'><strong>quan-</strong></span> 
     </span>
    </p>
   </div>
   <div class='ocr_carea' id='block_1_34' title="bbox 475 3323 2067 3398">
    <p class='ocr_par' dir='ltr' id='par_1_34' title="bbox 475 3323 2067 3398">
     <span class='ocr_line' id='line_1_34' title="bbox 475 3323 2067 3398; baseline -0.001 -17"><span class='ocrx_word' id='word_1_264' title='bbox 475 3337 587 3383; x_wconf 91' lang='lat' dir='ltr'><strong>tum</strong></span> <span class='ocrx_word' id='word_1_265' title='bbox 612 3328 977 3398; x_wconf 75' lang='lat' dir='ltr'><strong>iumentorum</strong></span> <span class='ocrx_word' id='word_1_266' title='bbox 1004 3335 1059 3381; x_wconf 89' lang='lat' dir='ltr'><strong>et</strong></span> <span class='ocrx_word' id='word_1_267' title='bbox 1081 3325 1425 3388; x_wconf 82' lang='lat' dir='ltr'><strong>animalium;</strong></span> <span class='ocrx_word' id='word_1_268' title='bbox 1458 3324 1575 3395; x_wconf 85' lang='lat' dir='ltr'><strong>ipsa</strong></span> <span class='ocrx_word' id='word_1_269' title='bbox 1609 3324 1840 3394; x_wconf 89' lang='lat' dir='ltr'><strong>denique</strong></span> <span class='ocrx_word' id='word_1_270' title='bbox 1875 3323 2067 3379; x_wconf 80' lang='lat' dir='ltr'><strong>dooms</strong></span> 
     </span>
    </p>
   </div>
   <div class='ocr_carea' id='block_1_35' title="bbox 469 3405 2065 3495">
    <p class='ocr_par' dir='ltr' id='par_1_35' title="bbox 469 3405 2065 3495">
     <span class='ocr_line' id='line_1_35' title="bbox 469 3405 2065 3495; baseline -0.004 -24"><span class='ocrx_word' id='word_1_271' title='bbox 469 3405 630 3487; x_wconf 82' lang='lat' dir='ltr'><strong>quant</strong></span> <span class='ocrx_word' id='word_1_272' title='bbox 670 3417 898 3476; x_wconf 83' lang='lat' dir='ltr'><strong>delectet</strong></span> <span class='ocrx_word' id='word_1_273' title='bbox 936 3416 1180 3487; x_wconf 89' lang='lat' dir='ltr'><strong>picturis,</strong></span> <span class='ocrx_word' id='word_1_274' title='bbox 1223 3429 1513 3481; x_wconf 77' lang='lat' dir='ltr'><strong>marmore,</strong></span> <span class='ocrx_word' id='word_1_275' title='bbox 1563 3407 1923 3495; x_wconf 84' lang='lat' dir='ltr'><strong>laquearibus,</strong></span> <span class='ocrx_word' id='word_1_276' title='bbox 1969 3427 2065 3468; x_wconf 89' lang='lat' dir='ltr'><strong>co-</strong></span> 
     </span>
    </p>
   </div>
   <div class='ocr_carea' id='block_1_36' title="bbox 470 3504 2063 3579">
    <p class='ocr_par' dir='ltr' id='par_1_36' title="bbox 470 3504 2063 3579">
     <span class='ocr_line' id='line_1_36' title="bbox 470 3504 2063 3579; baseline -0.006 -12"><span class='ocrx_word' id='word_1_277' title='bbox 470 3510 689 3577; x_wconf 89' lang='lat' dir='ltr'><strong>lunmis,</strong></span> <span class='ocrx_word' id='word_1_278' title='bbox 722 3510 929 3579; x_wconf 77' lang='lat' dir='ltr'><strong>Spatiis,</strong></span> <span class='ocrx_word' id='word_1_279' title='bbox 959 3507 1251 3573; x_wconf 88' lang='lat' dir='ltr'><strong>cubiculis;</strong></span> <span class='ocrx_word' id='word_1_280' title='bbox 1295 3514 1350 3563; x_wconf 84' lang='lat' dir='ltr'><strong>ct</strong></span> <span class='ocrx_word' id='word_1_281' title='bbox 1374 3504 1749 3565; x_wconf 84' lang='lat' dir='ltr'><strong>desiderantur</strong></span> <span class='ocrx_word' id='word_1_282' title='bbox 1793 3505 1936 3569; x_wconf 81' lang='lat' dir='ltr'><strong>talia,</strong></span> <span class='ocrx_word' id='word_1_283' title='bbox 1969 3504 2063 3558; x_wconf 87' lang='lat' dir='ltr'><strong>sed</strong></span> 
     </span>
    </p>
   </div>
   <div class='ocr_carea' id='block_1_37' title="bbox 469 3594 2064 3670">
    <p class='ocr_par' dir='ltr' id='par_1_37' title="bbox 469 3594 2064 3670">
     <span class='ocr_line' id='line_1_37' title="bbox 469 3594 2064 3670; baseline -0.004 -16"><span class='ocrx_word' id='word_1_284' title='bbox 469 3602 644 3663; x_wconf 85' lang='lat' dir='ltr'><strong>adhuc</strong></span> <span class='ocrx_word' id='word_1_285' title='bbox 662 3618 727 3663; x_wconf 71' lang='lat' dir='ltr'><strong>ex</strong></span> <span class='ocrx_word' id='word_1_286' title='bbox 750 3598 1063 3670; x_wconf 84' lang='lat' dir='ltr'><strong>confusione</strong></span> <span class='ocrx_word' id='word_1_287' title='bbox 1089 3597 1416 3669; x_wconf 63' lang='lat' dir='ltr'><strong>Babylonia).</strong></span> <span class='ocrx_word' id='word_1_288' title='bbox 1468 3597 1698 3666; x_wconf 80' lang='lat' dir='ltr'><strong>Ampnta</strong></span> <span class='ocrx_word' id='word_1_289' title='bbox 1736 3595 1913 3658; x_wconf 84' lang='lat' dir='ltr'><strong>omnia</strong></span> <span class='ocrx_word' id='word_1_290' title='bbox 1963 3594 2064 3648; x_wconf 74' lang='lat' dir='ltr'><strong>ista</strong></span> 
     </span>
    </p>
   </div>
   <div class='ocr_carea' id='block_1_38' title="bbox 471 3672 2061 3757">
    <p class='ocr_par' dir='ltr' id='par_1_38' title="bbox 471 3672 2061 3757">
     <span class='ocr_line' id='line_1_38' title="bbox 471 3672 2061 3757; baseline -0.005 -11"><span class='ocrx_word' id='word_1_291' title='bbox 471 3692 760 3755; x_wconf 78' lang='lat' dir='ltr'><strong>desideria,</strong></span> <span class='ocrx_word' id='word_1_292' title='bbox 788 3672 820 3744; x_wconf 71' lang='grc' dir='ltr'>ὁ</span> <span class='ocrx_word' id='word_1_293' title='bbox 847 3690 978 3744; x_wconf 80' lang='lat' dir='ltr'><strong>civis</strong></span> <span class='ocrx_word' id='word_1_294' title='bbox 1003 3688 1336 3752; x_wconf 85' lang='lat' dir='ltr'><strong>Jerusalem;</strong></span> <span class='ocrx_word' id='word_1_295' title='bbox 1380 3688 1624 3757; x_wconf 86' lang='lat' dir='ltr'><strong>amputa!</strong></span> <span class='ocrx_word' id='word_1_296' title='bbox 1668 3688 1713 3741; x_wconf 90' lang='lat' dir='ltr'><strong>si</strong></span> <span class='ocrx_word' id='word_1_297' title='bbox 1757 3686 1835 3739; x_wconf 81' lang='lat' dir='ltr'><strong>vis</strong></span> <span class='ocrx_word' id='word_1_298' title='bbox 1867 3687 2061 3749; x_wconf 79' lang='lat' dir='ltr'><strong>redire,</strong></span> 
     </span>
    </p>
   </div>
   <div class='ocr_carea' id='block_1_39' title="bbox 472 3777 2060 3852">
    <p class='ocr_par' dir='ltr' id='par_1_39' title="bbox 472 3777 2060 3852">
     <span class='ocr_line' id='line_1_39' title="bbox 472 3777 2060 3852; baseline -0.004 -15"><span class='ocrx_word' id='word_1_299' title='bbox 472 3797 577 3837; x_wconf 75' lang='lat' dir='ltr'><strong>ton</strong></span> <span class='ocrx_word' id='word_1_300' title='bbox 606 3793 657 3837; x_wconf 88' lang='lat' dir='ltr'><strong>te</strong></span> <span class='ocrx_word' id='word_1_301' title='bbox 680 3782 912 3836; x_wconf 84' lang='lat' dir='ltr'><strong>delectet</strong></span> <span class='ocrx_word' id='word_1_302' title='bbox 936 3781 1234 3852; x_wconf 82' lang='lat' dir='ltr'><strong>captivitas.</strong></span> <span class='ocrx_word' id='word_1_303' title='bbox 1263 3777 1367 3835; x_wconf 89' lang='lat' dir='ltr'><strong>Sed</strong></span> <span class='ocrx_word' id='word_1_304' title='bbox 1386 3778 1495 3849; x_wconf 85' lang='lat' dir='ltr'><strong>jam</strong></span> <span class='ocrx_word' id='word_1_305' title='bbox 1517 3778 1724 3849; x_wconf 71' lang='lat' dir='ltr'><strong>cmpisti</strong></span> <span class='ocrx_word' id='word_1_306' title='bbox 1755 3778 1899 3847; x_wconf 80' lang='lat' dir='ltr'><strong>exire.</strong></span> <span class='ocrx_word' id='word_1_307' title='bbox 1922 3797 1934 3832; x_wconf 94' lang='lat'><strong>:</strong></span> <span class='ocrx_word' id='word_1_308' title='bbox 1955 3778 2060 3833; x_wconf 84' lang='lat' dir='ltr'><strong>noli</strong></span> 
     </span>
    </p>
   </div>
   <div class='ocr_carea' id='block_1_40' title="bbox 472 3868 2060 3942">
    <p class='ocr_par' dir='ltr' id='par_1_40' title="bbox 472 3868 2060 3942">
     <span class='ocr_line' id='line_1_40' title="bbox 472 3868 2060 3942; baseline -0.008 -10"><span class='ocrx_word' id='word_1_309' title='bbox 472 3884 617 3932; x_wconf 82' lang='lat' dir='ltr'><strong>retro</strong></span> <span class='ocrx_word' id='word_1_310' title='bbox 658 3872 947 3942; x_wconf 77' lang='lat' dir='ltr'><strong>rcSpieere,</strong></span> <span class='ocrx_word' id='word_1_311' title='bbox 996 3871 1102 3925; x_wconf 90' lang='lat' dir='ltr'><strong>noli</strong></span> <span class='ocrx_word' id='word_1_312' title='bbox 1150 3884 1429 3925; x_wconf 87' lang='lat' dir='ltr'><strong>remanere</strong></span> <span class='ocrx_word' id='word_1_313' title='bbox 1472 3869 1530 3927; x_wconf 80' lang='lat' dir='ltr'><strong>in</strong></span> <span class='ocrx_word' id='word_1_314' title='bbox 1577 3869 1680 3923; x_wconf 89' lang='lat' dir='ltr'><strong>via.</strong></span> <span class='ocrx_word' id='word_1_315' title='bbox 1712 3868 1828 3923; x_wconf 87' lang='lat' dir='ltr'><strong>Non</strong></span> <span class='ocrx_word' id='word_1_316' title='bbox 1870 3868 2060 3927; x_wconf 84' lang='lat' dir='ltr'><strong>desunt</strong></span> 
     </span>
    </p>
   </div>
   <div class='ocr_carea' id='block_1_41' title="bbox 469 3958 2061 4034">
    <p class='ocr_par' dir='ltr' id='par_1_41' title="bbox 469 3958 2061 4034">
     <span class='ocr_line' id='line_1_41' title="bbox 469 3958 2061 4034; baseline 0 -17"><span class='ocrx_word' id='word_1_317' title='bbox 469 3958 645 4021; x_wconf 86' lang='lat' dir='ltr'><strong>adhuc</strong></span> <span class='ocrx_word' id='word_1_318' title='bbox 676 3967 856 4029; x_wconf 80' lang='lat' dir='ltr'><strong>hostes</strong></span> <span class='ocrx_word' id='word_1_319' title='bbox 879 3964 969 4034; x_wconf 90' lang='lat' dir='ltr'><strong>qui</strong></span> <span class='ocrx_word' id='word_1_320' title='bbox 998 3964 1089 4030; x_wconf 84' lang='lat' dir='ltr'><strong>tibi</strong></span> <span class='ocrx_word' id='word_1_321' title='bbox 1112 3961 1467 4034; x_wconf 85' lang='lat' dir='ltr'><strong>persuadeant</strong></span> <span class='ocrx_word' id='word_1_322' title='bbox 1484 3960 1847 4033; x_wconf 87' lang='lat' dir='ltr'><strong>captivitatem</strong></span> <span class='ocrx_word' id='word_1_323' title='bbox 1866 3975 1921 4017; x_wconf 89' lang='lat' dir='ltr'><strong>et</strong></span> <span class='ocrx_word' id='word_1_324' title='bbox 1939 3978 2061 4032; x_wconf 85' lang='lat' dir='ltr'><strong>per-</strong></span> 
     </span>
    </p>
   </div>
   <div class='ocr_carea' id='block_1_42' title="bbox 465 4044 2061 4131">
    <p class='ocr_par' dir='ltr' id='par_1_42' title="bbox 465 4044 2061 4131">
     <span class='ocr_line' id='line_1_42' title="bbox 465 4044 2061 4131; baseline -0.003 -17"><span class='ocrx_word' id='word_1_325' title='bbox 465 4060 852 4131; x_wconf 71' lang='lat' dir='ltr'><strong>egrinationem</strong></span> <span class='ocrx_word' id='word_1_326' title='bbox 885 4044 911 4109; x_wconf 57' lang='grc' dir='ltr'><strong>ε’</strong></span> <span class='ocrx_word' id='word_1_327' title='bbox 927 4058 1037 4126; x_wconf 87' lang='lat' dir='ltr'><strong>jam</strong></span> <span class='ocrx_word' id='word_1_328' title='bbox 1069 4072 1172 4110; x_wconf 88' lang='lat' dir='ltr'><strong>non</strong></span> <span class='ocrx_word' id='word_1_329' title='bbox 1195 4054 1694 4129; x_wconf 72' lang='lat' dir='ltr'><strong>prtevaleantsuper</strong></span> <span class='ocrx_word' id='word_1_330' title='bbox 1717 4063 1767 4109; x_wconf 88' lang='lat' dir='ltr'><strong>te</strong></span> <span class='ocrx_word' id='word_1_331' title='bbox 1786 4069 2061 4110; x_wconf 77' lang='lat' dir='ltr'><strong>sermones</strong></span> 
     </span>
    </p>
   </div>
   <div class='ocr_carea' id='block_1_43' title="bbox 468 4145 2060 4221">
    <p class='ocr_par' dir='ltr' id='par_1_43' title="bbox 468 4145 2060 4221">
     <span class='ocr_line' id='line_1_43' title="bbox 468 4145 2060 4221; baseline -0.004 -15"><span class='ocrx_word' id='word_1_332' title='bbox 468 4154 792 4221; x_wconf 85' lang='lat' dir='ltr'><strong>iniquorum.</strong></span> <span class='ocrx_word' id='word_1_333' title='bbox 819 4149 1045 4207; x_wconf 86' lang='lat' dir='ltr'><strong>Domum</strong></span> <span class='ocrx_word' id='word_1_334' title='bbox 1071 4147 1165 4201; x_wconf 86' lang='lat' dir='ltr'><strong>Dei</strong></span> <span class='ocrx_word' id='word_1_335' title='bbox 1192 4145 1461 4213; x_wconf 88' lang='lat' dir='ltr'><strong>desidera,</strong></span> <span class='ocrx_word' id='word_1_336' title='bbox 1484 4153 1539 4200; x_wconf 88' lang='lat' dir='ltr'><strong>et</strong></span> <span class='ocrx_word' id='word_1_337' title='bbox 1558 4148 1695 4200; x_wconf 91' lang='lat' dir='ltr'><strong>bona</strong></span> <span class='ocrx_word' id='word_1_338' title='bbox 1723 4146 1841 4218; x_wconf 83' lang='lat' dir='ltr'><strong>ejus</strong></span> <span class='ocrx_word' id='word_1_339' title='bbox 1868 4145 2060 4201; x_wconf 76' lang='lat' dir='ltr'><strong>domus</strong></span> 
     </span>
    </p>
   </div>
   <div class='ocr_carea' id='block_1_44' title="bbox 468 4238 2056 4310">
    <p class='ocr_par' dir='ltr' id='par_1_44' title="bbox 468 4238 2056 4310">
     <span class='ocr_line' id='line_1_44' title="bbox 468 4238 2056 4310; baseline -0.003 -12"><span class='ocrx_word' id='word_1_340' title='bbox 468 4244 742 4305; x_wconf 86' lang='lat' dir='ltr'><strong>desidera;</strong></span> <span class='ocrx_word' id='word_1_341' title='bbox 771 4240 863 4297; x_wconf 86' lang='lat' dir='ltr'><strong>sed</strong></span> <span class='ocrx_word' id='word_1_342' title='bbox 891 4240 1000 4295; x_wconf 90' lang='lat' dir='ltr'><strong>noli</strong></span> <span class='ocrx_word' id='word_1_343' title='bbox 1030 4239 1176 4306; x_wconf 88' lang='lat' dir='ltr'><strong>talia,</strong></span> <span class='ocrx_word' id='word_1_344' title='bbox 1205 4239 1378 4310; x_wconf 89' lang='lat' dir='ltr'><strong>qualia</strong></span> <span class='ocrx_word' id='word_1_345' title='bbox 1410 4238 1717 4295; x_wconf 70' lang='lat' dir='ltr'><strong>desiderare</strong></span> <span class='ocrx_word' id='word_1_346' title='bbox 1735 4239 1875 4296; x_wconf 87' lang='lat' dir='ltr'><strong>soles</strong></span> <span class='ocrx_word' id='word_1_347' title='bbox 1907 4241 1986 4294; x_wconf 90' lang='lat' dir='ltr'><strong>vel</strong></span> <span class='ocrx_word' id='word_1_348' title='bbox 2008 4243 2056 4294; x_wconf 87' lang='lat' dir='ltr'><strong>in</strong></span> 
     </span>
    </p>
   </div>
   <div class='ocr_carea' id='block_1_45' title="bbox 468 4330 2057 4400">
    <p class='ocr_par' dir='ltr' id='par_1_45' title="bbox 468 4330 2057 4400">
     <span class='ocr_line' id='line_1_45' title="bbox 468 4330 2057 4400; baseline -0.003 -9"><span class='ocrx_word' id='word_1_349' title='bbox 468 4337 629 4391; x_wconf 91' lang='lat' dir='ltr'><strong>domo</strong></span> <span class='ocrx_word' id='word_1_350' title='bbox 656 4344 766 4396; x_wconf 90' lang='lat' dir='ltr'><strong>tua,</strong></span> <span class='ocrx_word' id='word_1_351' title='bbox 796 4333 879 4388; x_wconf 85' lang='lat' dir='ltr'><strong>vel</strong></span> <span class='ocrx_word' id='word_1_352' title='bbox 908 4332 960 4388; x_wconf 89' lang='lat' dir='ltr'><strong>in</strong></span> <span class='ocrx_word' id='word_1_353' title='bbox 983 4331 1144 4387; x_wconf 91' lang='lat' dir='ltr'><strong>domo</strong></span> <span class='ocrx_word' id='word_1_354' title='bbox 1174 4330 1334 4386; x_wconf 82' lang='lat' dir='ltr'><strong>vicini</strong></span> <span class='ocrx_word' id='word_1_355' title='bbox 1362 4331 1457 4395; x_wconf 86' lang='lat' dir='ltr'><strong>tui,</strong></span> <span class='ocrx_word' id='word_1_356' title='bbox 1491 4331 1573 4385; x_wconf 89' lang='lat' dir='ltr'><strong>vel</strong></span> <span class='ocrx_word' id='word_1_357' title='bbox 1596 4330 1648 4384; x_wconf 90' lang='lat' dir='ltr'><strong>in</strong></span> <span class='ocrx_word' id='word_1_358' title='bbox 1669 4331 1832 4386; x_wconf 90' lang='lat' dir='ltr'><strong>domo</strong></span> <span class='ocrx_word' id='word_1_359' title='bbox 1852 4334 2057 4400; x_wconf 85' lang='lat' dir='ltr'><strong>patroni</strong></span> 
     </span>
    </p>
   </div>
   <div class='ocr_carea' id='block_1_46' title="bbox 466 4414 2056 4495">
    <p class='ocr_par' dir='ltr' id='par_1_46' title="bbox 466 4414 2056 4495">
     <span class='ocr_line' id='line_1_46' title="bbox 466 4414 2056 4495; baseline 0.001 -17"><span class='ocrx_word' id='word_1_360' title='bbox 466 4428 561 4480; x_wconf 84' lang='lat' dir='ltr'><strong>tui.</strong></span> <span class='ocrx_word' id='word_1_361' title='bbox 586 4424 740 4481; x_wconf 83' lang='lat' dir='ltr'><strong>Aliud</strong></span> <span class='ocrx_word' id='word_1_362' title='bbox 772 4423 1022 4495; x_wconf 83' lang='lat' dir='ltr'><strong>quiddam</strong></span> <span class='ocrx_word' id='word_1_363' title='bbox 1050 4431 1135 4477; x_wconf 86' lang='lat' dir='ltr'><strong>est</strong></span> <span class='ocrx_word' id='word_1_364' title='bbox 1154 4422 1352 4477; x_wconf 88' lang='lat' dir='ltr'><strong>bonum</strong></span> <span class='ocrx_word' id='word_1_365' title='bbox 1374 4414 1567 4477; x_wconf 90' lang='lat' dir='ltr'><strong>domus</strong></span> <span class='ocrx_word' id='word_1_366' title='bbox 1589 4421 1752 4487; x_wconf 83' lang='lat' dir='ltr'><strong>illius.</strong></span> <span class='ocrx_word' id='word_1_367' title='bbox 1770 4422 1906 4495; x_wconf 87' lang='lat' dir='ltr'><strong>Quid</strong></span> <span class='ocrx_word' id='word_1_368' title='bbox 1923 4438 2056 4494; x_wconf 85' lang='lat' dir='ltr'><strong>opus</strong></span> 
     </span>
    </p>
   </div>
   <div class='ocr_carea' id='block_1_47' title="bbox 463 4513 2058 4586">
    <p class='ocr_par' dir='ltr' id='par_1_47' title="bbox 463 4513 2058 4586">
     <span class='ocr_line' id='line_1_47' title="bbox 463 4513 2058 4586; baseline -0.004 -11"><span class='ocrx_word' id='word_1_369' title='bbox 463 4529 546 4575; x_wconf 84' lang='lat' dir='ltr'><strong>est</strong></span> <span class='ocrx_word' id='word_1_370' title='bbox 575 4528 633 4571; x_wconf 90' lang='lat' dir='ltr'><strong>ut</strong></span> <span class='ocrx_word' id='word_1_371' title='bbox 660 4532 761 4574; x_wconf 85' lang='lat' dir='ltr'><strong>nos</strong></span> <span class='ocrx_word' id='word_1_372' title='bbox 787 4516 1025 4573; x_wconf 86' lang='lat' dir='ltr'><strong>dicamus</strong></span> <span class='ocrx_word' id='word_1_373' title='bbox 1056 4529 1177 4586; x_wconf 69' lang='lat' dir='ltr'><strong>qum</strong></span> <span class='ocrx_word' id='word_1_374' title='bbox 1205 4514 1314 4568; x_wconf 90' lang='lat' dir='ltr'><strong>sint</strong></span> <span class='ocrx_word' id='word_1_375' title='bbox 1336 4514 1474 4579; x_wconf 86' lang='lat' dir='ltr'><strong>bona</strong></span> <span class='ocrx_word' id='word_1_376' title='bbox 1505 4513 1649 4580; x_wconf 87' lang='lat' dir='ltr'><strong>illius</strong></span> <span class='ocrx_word' id='word_1_377' title='bbox 1677 4514 1905 4569; x_wconf 83' lang='lat' dir='ltr'><strong>domus?</strong></span> <span class='ocrx_word' id='word_1_378' title='bbox 1939 4516 2058 4585; x_wconf 85' lang='lat' dir='ltr'><strong>Ipse</strong></span> 
     </span>
    </p>
   </div>
   <div class='ocr_carea' id='block_1_48' title="bbox 370 4604 2053 4678">
    <p class='ocr_par' dir='ltr' id='par_1_48' title="bbox 370 4604 2053 4678">
     <span class='ocr_line' id='line_1_48' title="bbox 370 4604 2053 4678; baseline -0.001 -16"><span class='ocrx_word' id='word_1_379' title='bbox 370 4642 375 4645; x_wconf 87' lang='lat'><strong><em>-</em></strong></span> <span class='ocrx_word' id='word_1_380' title='bbox 464 4611 663 4667; x_wconf 87' lang='lat' dir='ltr'><strong>indicet</strong></span> <span class='ocrx_word' id='word_1_381' title='bbox 698 4607 789 4678; x_wconf 89' lang='lat' dir='ltr'><strong>qui</strong></span> <span class='ocrx_word' id='word_1_382' title='bbox 814 4615 995 4675; x_wconf 17' lang='lat' dir='ltr'><strong>cantat,</strong></span> <span class='ocrx_word' id='word_1_383' title='bbox 1033 4605 1217 4665; x_wconf 73' lang='lat' dir='ltr'><strong>exiens</strong></span> <span class='ocrx_word' id='word_1_384' title='bbox 1257 4604 1325 4658; x_wconf 92' lang='lat' dir='ltr'><strong>de</strong></span> <span class='ocrx_word' id='word_1_385' title='bbox 1352 4604 1680 4676; x_wconf 76' lang='lat' dir='ltr'><strong>Babylonia:</strong></span> <span class='ocrx_word' id='word_1_386' title='bbox 1710 4604 2053 4677; x_wconf 67' lang='lat' dir='ltr'><strong>Replrbt&#39;mur,</strong></span> 
     </span>
    </p>
   </div>
   <div class='ocr_carea' id='block_1_49' title="bbox 465 4688 2053 4772">
    <p class='ocr_par' dir='ltr' id='par_1_49' title="bbox 465 4688 2053 4772">
     <span class='ocr_line' id='line_1_49' title="bbox 465 4688 2053 4772; baseline 0.002 -19"><span class='ocrx_word' id='word_1_387' title='bbox 465 4702 653 4772; x_wconf 81' lang='lat' dir='ltr'><strong>inquit,</strong></span> <span class='ocrx_word' id='word_1_388' title='bbox 675 4701 729 4754; x_wconf 86' lang='lat' dir='ltr'><strong>in</strong></span> <span class='ocrx_word' id='word_1_389' title='bbox 754 4700 894 4755; x_wconf 85' lang='lat' dir='ltr'><strong>bonis</strong></span> <span class='ocrx_word' id='word_1_390' title='bbox 914 4699 1095 4753; x_wconf 81' lang='lat' dir='ltr'><strong>domus</strong></span> <span class='ocrx_word' id='word_1_391' title='bbox 1112 4708 1228 4761; x_wconf 74' lang='lat' dir='ltr'><strong>tute.</strong></span> <span class='ocrx_word' id='word_1_392' title='bbox 1247 4697 1376 4767; x_wconf 74' lang='lat' dir='ltr'><strong>Quae</strong></span> <span class='ocrx_word' id='word_1_393' title='bbox 1391 4707 1517 4760; x_wconf 85' lang='lat' dir='ltr'><strong>sunt</strong></span> <span class='ocrx_word' id='word_1_394' title='bbox 1532 4697 1667 4753; x_wconf 89' lang='lat' dir='ltr'><strong>bona</strong></span> <span class='ocrx_word' id='word_1_395' title='bbox 1696 4688 1829 4753; x_wconf 87' lang='lat' dir='ltr'><strong>ista?</strong></span> <span class='ocrx_word' id='word_1_396' title='bbox 1849 4700 2053 4756; x_wconf 79' lang='lat' dir='ltr'><strong>Erexe-</strong></span> 
     </span>
    </p>
   </div>
   <div class='ocr_carea' id='block_1_50' title="bbox 464 4780 2050 4861">
    <p class='ocr_par' dir='ltr' id='par_1_50' title="bbox 464 4780 2050 4861">
     <span class='ocr_line' id='line_1_50' title="bbox 464 4780 2050 4861; baseline 0.002 -15"><span class='ocrx_word' id='word_1_397' title='bbox 464 4809 641 4851; x_wconf 78' lang='lat' dir='ltr'><strong>ramus</strong></span> <span class='ocrx_word' id='word_1_398' title='bbox 672 4791 897 4847; x_wconf 82' lang='lat' dir='ltr'><strong>fortasse</strong></span> <span class='ocrx_word' id='word_1_399' title='bbox 925 4804 1021 4853; x_wconf 84' lang='lat' dir='ltr'><strong>cor</strong></span> <span class='ocrx_word' id='word_1_400' title='bbox 1048 4788 1113 4844; x_wconf 88' lang='lat' dir='ltr'><strong>ad</strong></span> <span class='ocrx_word' id='word_1_401' title='bbox 1139 4804 1350 4856; x_wconf 83' lang='lat' dir='ltr'><strong>aurum,</strong></span> <span class='ocrx_word' id='word_1_402' title='bbox 1378 4789 1445 4852; x_wconf 80' lang='lat' dir='ltr'><strong>ad</strong></span> <span class='ocrx_word' id='word_1_403' title='bbox 1466 4800 1767 4861; x_wconf 79' lang='lat' dir='ltr'><strong>argentum,</strong></span> <span class='ocrx_word' id='word_1_404' title='bbox 1789 4802 1841 4847; x_wconf 85' lang='lat' dir='ltr'><strong>et</strong></span> <span class='ocrx_word' id='word_1_405' title='bbox 1860 4780 2050 4849; x_wconf 60' lang='lat' dir='ltr'><strong>cetera</strong></span> 
     </span>
    </p>
   </div>
   <div class='ocr_carea' id='block_1_51' title="bbox 462 4881 2050 4953">
    <p class='ocr_par' dir='ltr' id='par_1_51' title="bbox 462 4881 2050 4953">
     <span class='ocr_line' id='line_1_51' title="bbox 462 4881 2050 4953; baseline 0.004 -18"><span class='ocrx_word' id='word_1_406' title='bbox 462 4884 731 4953; x_wconf 79' lang='lat' dir='ltr'><strong>pretiosa:</strong></span> <span class='ocrx_word' id='word_1_407' title='bbox 758 4881 866 4935; x_wconf 89' lang='lat' dir='ltr'><strong>noli</strong></span> <span class='ocrx_word' id='word_1_408' title='bbox 897 4881 1018 4935; x_wconf 86' lang='lat' dir='ltr'><strong>talia</strong></span> <span class='ocrx_word' id='word_1_409' title='bbox 1066 4895 1339 4951; x_wconf 67' lang='lat' dir='ltr'><strong>quaerere;</strong></span> <span class='ocrx_word' id='word_1_410' title='bbox 1383 4881 1481 4937; x_wconf 89' lang='lat' dir='ltr'><strong>ista</strong></span> <span class='ocrx_word' id='word_1_411' title='bbox 1524 4894 1790 4951; x_wconf 88' lang='lat' dir='ltr'><strong>prenmnt,</strong></span> <span class='ocrx_word' id='word_1_412' title='bbox 1825 4894 1929 4945; x_wconf 86' lang='lat' dir='ltr'><strong>non</strong></span> <span class='ocrx_word' id='word_1_413' title='bbox 1972 4887 2050 4941; x_wconf 81' lang='lat' dir='ltr'><strong>le-</strong></span> 
     </span>
    </p>
   </div>
   <div class='ocr_carea' id='block_1_52' title="bbox 459 4968 2049 5044">
    <p class='ocr_par' dir='ltr' id='par_1_52' title="bbox 459 4968 2049 5044">
     <span class='ocr_line' id='line_1_52' title="bbox 459 4968 2049 5044; baseline 0.003 -19"><span class='ocrx_word' id='word_1_414' title='bbox 459 4981 605 5027; x_wconf 90' lang='lat' dir='ltr'><strong>vant.</strong></span> <span class='ocrx_word' id='word_1_415' title='bbox 638 4970 737 5038; x_wconf 74' lang='lat' dir='ltr'><strong>llic</strong></span> <span class='ocrx_word' id='word_1_416' title='bbox 764 4986 890 5044; x_wconf 74' lang='lat' dir='ltr'><strong>ergo</strong></span> <span class='ocrx_word' id='word_1_417' title='bbox 916 4971 1025 5036; x_wconf 87' lang='lat' dir='ltr'><strong>jam</strong></span> <span class='ocrx_word' id='word_1_418' title='bbox 1052 4969 1189 5034; x_wconf 78' lang='lat' dir='ltr'><strong>bona</strong></span> <span class='ocrx_word' id='word_1_419' title='bbox 1221 4969 1307 5023; x_wconf 84' lang='lat' dir='ltr'><strong>illa</strong></span> <span class='ocrx_word' id='word_1_420' title='bbox 1333 4968 1654 5037; x_wconf 77' lang='lat' dir='ltr'><strong>Jerusalem,</strong></span> <span class='ocrx_word' id='word_1_421' title='bbox 1681 4972 1817 5027; x_wconf 86' lang='lat' dir='ltr'><strong>bona</strong></span> <span class='ocrx_word' id='word_1_422' title='bbox 1849 4975 1933 5028; x_wconf 87' lang='lat' dir='ltr'><strong>illa</strong></span> <span class='ocrx_word' id='word_1_423' title='bbox 1957 4976 2049 5030; x_wconf 86' lang='lat' dir='ltr'><strong>do-</strong></span> 
     </span>
    </p>
   </div>
   <div class='ocr_carea' id='block_1_53' title="bbox 458 5043 2046 5130">
    <p class='ocr_par' dir='ltr' id='par_1_53' title="bbox 458 5043 2046 5130">
     <span class='ocr_line' id='line_1_53' title="bbox 458 5043 2046 5130; baseline 0.003 -14"><span class='ocrx_word' id='word_1_424' title='bbox 458 5076 579 5119; x_wconf 89' lang='lat' dir='ltr'><strong>mus</strong></span> <span class='ocrx_word' id='word_1_425' title='bbox 611 5043 841 5125; x_wconf 79' lang='lat' dir='ltr'><strong>Domini,</strong></span> <span class='ocrx_word' id='word_1_426' title='bbox 886 5060 1027 5116; x_wconf 88' lang='lat' dir='ltr'><strong>bona</strong></span> <span class='ocrx_word' id='word_1_427' title='bbox 1069 5059 1159 5119; x_wconf 88' lang='lat' dir='ltr'><strong>illa</strong></span> <span class='ocrx_word' id='word_1_428' title='bbox 1204 5061 1385 5130; x_wconf 84' lang='lat' dir='ltr'><strong>templi</strong></span> <span class='ocrx_word' id='word_1_429' title='bbox 1432 5062 1639 5124; x_wconf 83' lang='lat' dir='ltr'><strong>Domini</strong></span> <span class='ocrx_word' id='word_1_430' title='bbox 1687 5065 2046 5121; x_wconf 88' lang='lat' dir='ltr'><strong>meditemur:</strong></span> 
     </span>
    </p>
   </div>
   <div class='ocr_carea' id='block_1_54' title="bbox 456 5151 2044 5225">
    <p class='ocr_par' dir='ltr' id='par_1_54' title="bbox 456 5151 2044 5225">
     <span class='ocr_line' id='line_1_54' title="bbox 456 5151 2044 5225; baseline 0.004 -18"><span class='ocrx_word' id='word_1_431' title='bbox 456 5154 581 5222; x_wconf 86' lang='lat' dir='ltr'><strong>quia</strong></span> <span class='ocrx_word' id='word_1_432' title='bbox 605 5168 724 5223; x_wconf 66' lang='lat' dir='ltr'><strong>qua:</strong></span> <span class='ocrx_word' id='word_1_433' title='bbox 745 5152 935 5209; x_wconf 83' lang='lat' dir='ltr'><strong>domus</strong></span> <span class='ocrx_word' id='word_1_434' title='bbox 956 5151 1189 5213; x_wconf 89' lang='lat' dir='ltr'><strong>Domini,</strong></span> <span class='ocrx_word' id='word_1_435' title='bbox 1215 5151 1316 5205; x_wconf 85' lang='lat' dir='ltr'><strong>hoc</strong></span> <span class='ocrx_word' id='word_1_436' title='bbox 1340 5153 1509 5221; x_wconf 87' lang='lat' dir='ltr'><strong>ipsum</strong></span> <span class='ocrx_word' id='word_1_437' title='bbox 1532 5156 1785 5225; x_wconf 88' lang='lat' dir='ltr'><strong>templum</strong></span> <span class='ocrx_word' id='word_1_438' title='bbox 1815 5158 2044 5213; x_wconf 88' lang='lat' dir='ltr'><strong>Domini.</strong></span> 
     </span>
    </p>
   </div>
   <div class='ocr_carea' id='block_1_55' title="bbox 457 5230 2044 5317">
    <p class='ocr_par' dir='ltr' id='par_1_55' title="bbox 457 5230 2044 5317">
     <span class='ocr_line' id='line_1_55' title="bbox 457 5230 2044 5317; baseline 0.003 -18"><span class='ocrx_word' id='word_1_439' title='bbox 457 5230 784 5314; x_wconf 66' lang='lat' dir='ltr'><strong>Replebintur</strong></span> <span class='ocrx_word' id='word_1_440' title='bbox 802 5245 855 5305; x_wconf 83' lang='lat' dir='ltr'><strong>in</strong></span> <span class='ocrx_word' id='word_1_441' title='bbox 870 5244 1013 5305; x_wconf 78' lang='lat' dir='ltr'><strong>battis</strong></span> <span class='ocrx_word' id='word_1_442' title='bbox 1033 5243 1214 5303; x_wconf 78' lang='lat' dir='ltr'><strong>domus</strong></span> <span class='ocrx_word' id='word_1_443' title='bbox 1229 5251 1331 5295; x_wconf 74' lang='lat' dir='ltr'><strong>tua:</strong></span> <span class='ocrx_word' id='word_1_444' title='bbox 1347 5259 1365 5296; x_wconf 91' lang='lat'><strong><em>:</em></strong></span> <span class='ocrx_word' id='word_1_445' title='bbox 1379 5254 1607 5306; x_wconf 83' lang='lat' dir='ltr'><strong>sanctum</strong></span> <span class='ocrx_word' id='word_1_446' title='bbox 1630 5240 1868 5317; x_wconf 69' lang='lat' dir='ltr'><strong>templum</strong></span> <span class='ocrx_word' id='word_1_447' title='bbox 1885 5260 2044 5314; x_wconf 86' lang='lat' dir='ltr'><strong>tuum,</strong></span> 
     </span>
    </p>
   </div>
   <div class='ocr_carea' id='block_1_56' title="bbox 455 5331 2044 5404">
    <p class='ocr_par' dir='ltr' id='par_1_56' title="bbox 455 5331 2044 5404">
     <span class='ocr_line' id='line_1_56' title="bbox 455 5331 2044 5404; baseline 0.004 -15"><span class='ocrx_word' id='word_1_448' title='bbox 455 5336 685 5389; x_wconf 74' lang='lat' dir='ltr'><strong>mirabile</strong></span> <span class='ocrx_word' id='word_1_449' title='bbox 719 5335 771 5387; x_wconf 87' lang='lat' dir='ltr'><strong>in</strong></span> <span class='ocrx_word' id='word_1_450' title='bbox 791 5333 1015 5404; x_wconf 76' lang='lat' dir='ltr'><strong>justitia.</strong></span> <span class='ocrx_word' id='word_1_451' title='bbox 1047 5331 1150 5387; x_wconf 82' lang='lat' dir='ltr'><strong>Ista</strong></span> <span class='ocrx_word' id='word_1_452' title='bbox 1194 5340 1317 5386; x_wconf 88' lang='lat' dir='ltr'><strong>sunt</strong></span> <span class='ocrx_word' id='word_1_453' title='bbox 1346 5333 1482 5387; x_wconf 87' lang='lat' dir='ltr'><strong>bona</strong></span> <span class='ocrx_word' id='word_1_454' title='bbox 1524 5336 1714 5391; x_wconf 89' lang='lat' dir='ltr'><strong>domus</strong></span> <span class='ocrx_word' id='word_1_455' title='bbox 1740 5338 1899 5393; x_wconf 91' lang='lat' dir='ltr'><strong>illius.</strong></span> <span class='ocrx_word' id='word_1_456' title='bbox 1927 5339 2044 5395; x_wconf 88' lang='lat' dir='ltr'><strong>Non</strong></span> 
     </span>
    </p>
   </div>
   <div class='ocr_carea' id='block_1_57' title="bbox 454 5426 2041 5497">
    <p class='ocr_par' dir='ltr' id='par_1_57' title="bbox 454 5426 2041 5497">
     <span class='ocr_line' id='line_1_57' title="bbox 454 5426 2041 5497; baseline 0.006 -17"><span class='ocrx_word' id='word_1_457' title='bbox 454 5428 606 5491; x_wconf 82' lang='lat' dir='ltr'><strong>dixit,</strong></span> <span class='ocrx_word' id='word_1_458' title='bbox 637 5426 917 5496; x_wconf 81' lang='lat' dir='ltr'><strong>Templum</strong></span> <span class='ocrx_word' id='word_1_459' title='bbox 945 5434 1187 5480; x_wconf 86' lang='lat' dir='ltr'><strong>sanctum</strong></span> <span class='ocrx_word' id='word_1_460' title='bbox 1217 5434 1387 5491; x_wconf 87' lang='lat' dir='ltr'><strong>tuum,</strong></span> <span class='ocrx_word' id='word_1_461' title='bbox 1416 5426 1660 5483; x_wconf 86' lang='lat' dir='ltr'><strong>mirabile</strong></span> <span class='ocrx_word' id='word_1_462' title='bbox 1680 5428 1733 5484; x_wconf 92' lang='lat' dir='ltr'><strong>in</strong></span> <span class='ocrx_word' id='word_1_463' title='bbox 1759 5430 2041 5497; x_wconf 86' lang='lat' dir='ltr'><strong>columnis,</strong></span> 
     </span>
    </p>
   </div>
   <div class='ocr_carea' id='block_1_58' title="bbox 456 5516 2041 5591">
    <p class='ocr_par' dir='ltr' id='par_1_58' title="bbox 456 5516 2041 5591">
     <span class='ocr_line' id='line_1_58' title="bbox 456 5516 2041 5591; baseline 0.007 -23"><span class='ocrx_word' id='word_1_464' title='bbox 456 5519 698 5574; x_wconf 74' lang='lat' dir='ltr'><strong>mirabile</strong></span> <span class='ocrx_word' id='word_1_465' title='bbox 728 5519 779 5572; x_wconf 88' lang='lat' dir='ltr'><strong>in</strong></span> <span class='ocrx_word' id='word_1_466' title='bbox 810 5516 1187 5583; x_wconf 74' lang='lat' dir='ltr'><strong>marmoribus,</strong></span> <span class='ocrx_word' id='word_1_467' title='bbox 1239 5516 1484 5579; x_wconf 78' lang='lat' dir='ltr'><strong>mirabile</strong></span> <span class='ocrx_word' id='word_1_468' title='bbox 1528 5517 1583 5574; x_wconf 84' lang='lat' dir='ltr'><strong>in</strong></span> <span class='ocrx_word' id='word_1_469' title='bbox 1619 5522 1774 5581; x_wconf 83' lang='lat' dir='ltr'><strong>tectis</strong></span> <span class='ocrx_word' id='word_1_470' title='bbox 1810 5523 2041 5591; x_wconf 82' lang='lat' dir='ltr'><strong>auratis;</strong></span> 
     </span>
    </p>
   </div>
   <div class='ocr_carea' id='block_1_59' title="bbox 455 5606 2047 5677">
    <p class='ocr_par' dir='ltr' id='par_1_59' title="bbox 455 5606 2047 5677">
     <span class='ocr_line' id='line_1_59' title="bbox 455 5606 2047 5677; baseline 0.008 -19"><span class='ocrx_word' id='word_1_471' title='bbox 455 5612 546 5665; x_wconf 71' lang='lat' dir='ltr'><strong>sed</strong></span> <span class='ocrx_word' id='word_1_472' title='bbox 577 5608 803 5663; x_wconf 80' lang='lat' dir='ltr'><strong>mirabile</strong></span> <span class='ocrx_word' id='word_1_473' title='bbox 827 5609 880 5661; x_wconf 81' lang='lat' dir='ltr'><strong>in</strong></span> <span class='ocrx_word' id='word_1_474' title='bbox 892 5608 1119 5677; x_wconf 81' lang='lat' dir='ltr'><strong>justitia.</strong></span> <span class='ocrx_word' id='word_1_475' title='bbox 1143 5606 1323 5661; x_wconf 78' lang='lat' dir='ltr'><strong>Habes</strong></span> <span class='ocrx_word' id='word_1_476' title='bbox 1343 5608 1473 5663; x_wconf 74' lang='lat' dir='ltr'><strong>foris</strong></span> <span class='ocrx_word' id='word_1_477' title='bbox 1492 5610 1674 5665; x_wconf 92' lang='lat' dir='ltr'><strong>oculos</strong></span> <span class='ocrx_word' id='word_1_478' title='bbox 1693 5612 1835 5668; x_wconf 78' lang='lat' dir='ltr'><strong>unde</strong></span> <span class='ocrx_word' id='word_1_479' title='bbox 1863 5614 2047 5670; x_wconf 78' lang='lat' dir='ltr'><strong>videas</strong></span> 
     </span>
    </p>
   </div>
   <div class='ocr_carea' id='block_1_60' title="bbox 453 5701 2040 5765">
    <p class='ocr_par' dir='ltr' id='par_1_60' title="bbox 453 5701 2040 5765">
     <span class='ocr_line' id='line_1_60' title="bbox 453 5701 2040 5765; baseline 0.008 -12"><span class='ocrx_word' id='word_1_480' title='bbox 453 5713 719 5759; x_wconf 75' lang='lat' dir='ltr'><strong>marmora</strong></span> <span class='ocrx_word' id='word_1_481' title='bbox 750 5711 801 5760; x_wconf 88' lang='lat' dir='ltr'><strong>et</strong></span> <span class='ocrx_word' id='word_1_482' title='bbox 839 5715 1027 5764; x_wconf 71' lang='lat' dir='ltr'><strong>aurum</strong></span> <span class='ocrx_word' id='word_1_483' title='bbox 1053 5719 1067 5756; x_wconf 92' lang='lat'><strong>:</strong></span> <span class='ocrx_word' id='word_1_484' title='bbox 1092 5701 1231 5755; x_wconf 85' lang='lat' dir='ltr'><strong>intus</strong></span> <span class='ocrx_word' id='word_1_485' title='bbox 1276 5712 1357 5756; x_wconf 83' lang='lat' dir='ltr'><strong>est</strong></span> <span class='ocrx_word' id='word_1_486' title='bbox 1398 5703 1583 5759; x_wconf 77' lang='lat' dir='ltr'><strong>oculus</strong></span> <span class='ocrx_word' id='word_1_487' title='bbox 1624 5705 1766 5761; x_wconf 88' lang='lat' dir='ltr'><strong>unde</strong></span> <span class='ocrx_word' id='word_1_488' title='bbox 1798 5707 2040 5765; x_wconf 84' lang='lat' dir='ltr'><strong>videatur</strong></span> 
     </span>
    </p>
   </div>
   <div class='ocr_carea' id='block_1_61' title="bbox 1743 250 2550 336">
    <p class='ocr_par' dir='ltr' id='par_1_61' title="bbox 1743 250 2550 336">
     <span class='ocr_line' id='line_1_61' title="bbox 1743 250 2550 336; baseline -0.015 -1"><span class='ocrx_word' id='word_1_489' title='bbox 1743 277 1804 335; x_wconf 88' lang='lat' dir='ltr'><strong>s.</strong></span> <span class='ocrx_word' id='word_1_490' title='bbox 1843 250 2213 336; x_wconf 69' lang='lat' dir='ltr'><strong>sucus&#39;rlm</strong></span> <span class='ocrx_word' id='word_1_491' title='bbox 2249 275 2550 333; x_wconf 73' lang='lat' dir='ltr'><strong>EPISCOPI</strong></span> 
     </span>
    </p>
   </div>
   <div class='ocr_carea' id='block_1_62' title="bbox 2151 389 3793 469">
    <p class='ocr_par' dir='ltr' id='par_1_62' title="bbox 2151 389 3793 469">
     <span class='ocr_line' id='line_1_62' title="bbox 2151 389 3793 469; baseline 0.008 -26"><span class='ocrx_word' id='word_1_492' title='bbox 2151 393 2154 397; x_wconf 79' lang='lat'><strong>&#39;</strong></span> <span class='ocrx_word' id='word_1_493' title='bbox 2200 389 2547 460; x_wconf 84' lang='lat' dir='ltr'><strong>pulchritudo</strong></span> <span class='ocrx_word' id='word_1_494' title='bbox 2567 391 2810 462; x_wconf 61' lang='lat' dir='ltr'><strong>iustitiae.</strong></span> <span class='ocrx_word' id='word_1_495' title='bbox 2851 391 3018 461; x_wconf 83' lang='lat' dir='ltr'><strong>intus,</strong></span> <span class='ocrx_word' id='word_1_496' title='bbox 3053 396 3294 469; x_wconf 87' lang='lat' dir='ltr'><strong>inquam,</strong></span> <span class='ocrx_word' id='word_1_497' title='bbox 3321 406 3409 454; x_wconf 89' lang='lat' dir='ltr'><strong>est</strong></span> <span class='ocrx_word' id='word_1_498' title='bbox 3437 398 3628 455; x_wconf 85' lang='lat' dir='ltr'><strong>oculus</strong></span> <span class='ocrx_word' id='word_1_499' title='bbox 3652 403 3793 456; x_wconf 83' lang='lat' dir='ltr'><strong>unde</strong></span> 
     </span>
    </p>
   </div>
   <div class='ocr_carea' id='block_1_63' title="bbox 3684 287 3787 345">
    <p class='ocr_par' dir='ltr' id='par_1_63' title="bbox 3684 287 3787 345">
     <span class='ocr_line' id='line_1_63' title="bbox 3684 287 3787 345; baseline -0.019 -1"><span class='ocrx_word' id='word_1_500' title='bbox 3684 287 3787 345; x_wconf 68' lang='lat'><strong>780</strong></span> 
     </span>
    </p>
   </div>
   <div class='ocr_carea' id='block_1_64' title="bbox 2204 482 3794 563">
    <p class='ocr_par' dir='ltr' id='par_1_64' title="bbox 2204 482 3794 563">
     <span class='ocr_line' id='line_1_64' title="bbox 2204 482 3794 563; baseline 0.008 -28"><span class='ocrx_word' id='word_1_501' title='bbox 2204 482 2452 537; x_wconf 84' lang='lat' dir='ltr'><strong>videatur</strong></span> <span class='ocrx_word' id='word_1_502' title='bbox 2476 484 2818 554; x_wconf 81' lang='lat' dir='ltr'><strong>pulchritudo</strong></span> <span class='ocrx_word' id='word_1_503' title='bbox 2834 486 3076 557; x_wconf 75' lang='lat' dir='ltr'><strong>justitite.</strong></span> <span class='ocrx_word' id='word_1_504' title='bbox 3105 490 3162 544; x_wconf 86' lang='lat' dir='ltr'><strong>Si</strong></span> <span class='ocrx_word' id='word_1_505' title='bbox 3188 491 3331 546; x_wconf 83' lang='lat' dir='ltr'><strong>nulla</strong></span> <span class='ocrx_word' id='word_1_506' title='bbox 3353 502 3437 547; x_wconf 85' lang='lat' dir='ltr'><strong>est</strong></span> <span class='ocrx_word' id='word_1_507' title='bbox 3455 492 3794 563; x_wconf 84' lang='lat' dir='ltr'><strong>pulchritudo</strong></span> 
     </span>
    </p>
   </div>
   <div class='ocr_carea' id='block_1_65' title="bbox 2197 574 3792 657">
    <p class='ocr_par' dir='ltr' id='par_1_65' title="bbox 2197 574 3792 657">
     <span class='ocr_line' id='line_1_65' title="bbox 2197 574 3792 657; baseline 0.006 -27"><span class='ocrx_word' id='word_1_508' title='bbox 2197 574 2438 646; x_wconf 56' lang='lat' dir='ltr'><strong>iustitiae,</strong></span> <span class='ocrx_word' id='word_1_509' title='bbox 2462 576 2604 632; x_wconf 89' lang='lat' dir='ltr'><strong>unde</strong></span> <span class='ocrx_word' id='word_1_510' title='bbox 2621 586 2832 633; x_wconf 88' lang='lat' dir='ltr'><strong>amatur</strong></span> <span class='ocrx_word' id='word_1_511' title='bbox 2850 581 3026 648; x_wconf 76' lang='lat' dir='ltr'><strong>justus</strong></span> <span class='ocrx_word' id='word_1_512' title='bbox 3046 583 3245 637; x_wconf 72' lang='lat' dir='ltr'><strong>senex?</strong></span> <span class='ocrx_word' id='word_1_513' title='bbox 3264 582 3398 651; x_wconf 82' lang='lat' dir='ltr'><strong>Quid</strong></span> <span class='ocrx_word' id='word_1_514' title='bbox 3423 584 3583 639; x_wconf 78' lang='lat' dir='ltr'><strong>aﬂ‘ert</strong></span> <span class='ocrx_word' id='word_1_515' title='bbox 3604 586 3659 640; x_wconf 89' lang='lat' dir='ltr'><strong>in</strong></span> <span class='ocrx_word' id='word_1_516' title='bbox 3681 601 3792 657; x_wconf 86' lang='lat' dir='ltr'><strong>eor-</strong></span> 
     </span>
    </p>
   </div>
   <div class='ocr_carea' id='block_1_66' title="bbox 2201 667 3791 739">
    <p class='ocr_par' dir='ltr' id='par_1_66' title="bbox 2201 667 3791 739">
     <span class='ocr_line' id='line_1_66' title="bbox 2201 667 3791 739; baseline 0.006 -18"><span class='ocrx_word' id='word_1_517' title='bbox 2201 681 2334 737; x_wconf 89' lang='lat' dir='ltr'><strong>pore</strong></span> <span class='ocrx_word' id='word_1_518' title='bbox 2364 667 2516 738; x_wconf 74' lang='lat' dir='ltr'><strong>‘quod</strong></span> <span class='ocrx_word' id='word_1_519' title='bbox 2558 669 2743 725; x_wconf 86' lang='lat' dir='ltr'><strong>oculos</strong></span> <span class='ocrx_word' id='word_1_520' title='bbox 2768 670 3034 727; x_wconf 71' lang='lat' dir='ltr'><strong>delectet?</strong></span> <span class='ocrx_word' id='word_1_521' title='bbox 3062 675 3233 729; x_wconf 86' lang='lat' dir='ltr'><strong>Curva</strong></span> <span class='ocrx_word' id='word_1_522' title='bbox 3262 677 3526 739; x_wconf 87' lang='lat' dir='ltr'><strong>membra.</strong></span> <span class='ocrx_word' id='word_1_523' title='bbox 3568 677 3791 733; x_wconf 80' lang='lat' dir='ltr'><strong>frontem</strong></span> 
     </span>
    </p>
   </div>
   <div class='ocr_carea' id='block_1_67' title="bbox 2202 755 3792 840">
    <p class='ocr_par' dir='ltr' id='par_1_67' title="bbox 2202 755 3792 840">
     <span class='ocr_line' id='line_1_67' title="bbox 2202 755 3792 840; baseline 0.009 -30"><span class='ocrx_word' id='word_1_524' title='bbox 2202 756 2464 829; x_wconf 68' lang='lat' dir='ltr'><strong>rogatam,</strong></span> <span class='ocrx_word' id='word_1_525' title='bbox 2485 769 2646 829; x_wconf 91' lang='lat' dir='ltr'><strong>caput</strong></span> <span class='ocrx_word' id='word_1_526' title='bbox 2663 761 2813 815; x_wconf 87' lang='lat' dir='ltr'><strong>canis</strong></span> <span class='ocrx_word' id='word_1_527' title='bbox 2834 762 3091 831; x_wconf 88' lang='lat' dir='ltr'><strong>albatum,</strong></span> <span class='ocrx_word' id='word_1_528' title='bbox 3121 755 3539 825; x_wconf 80' lang='lat' dir='ltr'><strong>imbecillitatem</strong></span> <span class='ocrx_word' id='word_1_529' title='bbox 3562 771 3792 840; x_wconf 89' lang='lat' dir='ltr'><strong>undique</strong></span> 
     </span>
    </p>
   </div>
   <div class='ocr_carea' id='block_1_68' title="bbox 2200 851 3790 929">
    <p class='ocr_par' dir='ltr' id='par_1_68' title="bbox 2200 851 3790 929">
     <span class='ocr_line' id='line_1_68' title="bbox 2200 851 3790 929; baseline 0.009 -27"><span class='ocrx_word' id='word_1_530' title='bbox 2200 852 2433 919; x_wconf 85' lang='lat' dir='ltr'><strong>querelis</strong></span> <span class='ocrx_word' id='word_1_531' title='bbox 2462 851 2696 921; x_wconf 87' lang='lat' dir='ltr'><strong>plenam.</strong></span> <span class='ocrx_word' id='word_1_532' title='bbox 2728 852 2833 909; x_wconf 88' lang='lat' dir='ltr'><strong>Sed</strong></span> <span class='ocrx_word' id='word_1_533' title='bbox 2866 855 3001 910; x_wconf 87' lang='lat' dir='ltr'><strong>forte</strong></span> <span class='ocrx_word' id='word_1_534' title='bbox 3020 859 3140 927; x_wconf 88' lang='lat' dir='ltr'><strong>quia</strong></span> <span class='ocrx_word' id='word_1_535' title='bbox 3174 868 3293 913; x_wconf 89' lang='lat' dir='ltr'><strong>tuos</strong></span> <span class='ocrx_word' id='word_1_536' title='bbox 3328 860 3517 929; x_wconf 80' lang='lat' dir='ltr'><strong>oculos</strong></span> <span class='ocrx_word' id='word_1_537' title='bbox 3548 877 3655 917; x_wconf 93' lang='lat' dir='ltr'><strong>non</strong></span> <span class='ocrx_word' id='word_1_538' title='bbox 3702 862 3790 917; x_wconf 73' lang='lat' dir='ltr'><strong>de~</strong></span> 
     </span>
    </p>
   </div>
   <div class='ocr_carea' id='block_1_69' title="bbox 2200 940 3787 1024">
    <p class='ocr_par' dir='ltr' id='par_1_69' title="bbox 2200 940 3787 1024">
     <span class='ocr_line' id='line_1_69' title="bbox 2200 940 3787 1024; baseline 0.011 -31"><span class='ocrx_word' id='word_1_539' title='bbox 2200 940 2364 995; x_wconf 87' lang='lat' dir='ltr'><strong>lectat</strong></span> <span class='ocrx_word' id='word_1_540' title='bbox 2386 957 2550 998; x_wconf 67' lang='lat' dir='ltr'><strong>senex</strong></span> <span class='ocrx_word' id='word_1_541' title='bbox 2578 944 2677 998; x_wconf 87' lang='lat' dir='ltr'><strong>iste</strong></span> <span class='ocrx_word' id='word_1_542' title='bbox 2704 944 3027 1015; x_wconf 88' lang='lat' dir='ltr'><strong>decrepitus,</strong></span> <span class='ocrx_word' id='word_1_543' title='bbox 3057 963 3214 1003; x_wconf 83' lang='lat' dir='ltr'><strong>aures</strong></span> <span class='ocrx_word' id='word_1_544' title='bbox 3243 959 3360 1005; x_wconf 89' lang='lat' dir='ltr'><strong>tuas</strong></span> <span class='ocrx_word' id='word_1_545' title='bbox 3383 952 3653 1008; x_wconf 85' lang='lat' dir='ltr'><strong>delectat:</strong></span> <span class='ocrx_word' id='word_1_546' title='bbox 3677 955 3787 1024; x_wconf 84' lang='lat' dir='ltr'><strong>qui-</strong></span> 
     </span>
    </p>
   </div>
   <div class='ocr_carea' id='block_1_70' title="bbox 2200 1033 3789 1108">
    <p class='ocr_par' dir='ltr' id='par_1_70' title="bbox 2200 1033 3789 1108">
     <span class='ocr_line' id='line_1_70' title="bbox 2200 1033 3789 1108; baseline 0.009 -20"><span class='ocrx_word' id='word_1_547' title='bbox 2200 1033 2299 1089; x_wconf 90' lang='lat' dir='ltr'><strong>bus</strong></span> <span class='ocrx_word' id='word_1_548' title='bbox 2328 1035 2586 1092; x_wconf 81' lang='lat' dir='ltr'><strong>vocibus?</strong></span> <span class='ocrx_word' id='word_1_549' title='bbox 2613 1053 2719 1108; x_wconf 92' lang='lat' dir='ltr'><strong>quo</strong></span> <span class='ocrx_word' id='word_1_550' title='bbox 2748 1040 2947 1095; x_wconf 89' lang='lat' dir='ltr'><strong>cantu?</strong></span> <span class='ocrx_word' id='word_1_551' title='bbox 2976 1042 3076 1095; x_wconf 89' lang='lat' dir='ltr'><strong>etsi</strong></span> <span class='ocrx_word' id='word_1_552' title='bbox 3121 1040 3259 1099; x_wconf 83' lang='lat' dir='ltr'><strong>forte</strong></span> <span class='ocrx_word' id='word_1_553' title='bbox 3299 1043 3614 1101; x_wconf 80' lang='lat' dir='ltr'><strong>adolescens</strong></span> <span class='ocrx_word' id='word_1_554' title='bbox 3659 1047 3789 1103; x_wconf 81' lang='lat' dir='ltr'><strong>bene</strong></span> 
     </span>
    </p>
   </div>
   <div class='ocr_carea' id='block_1_71' title="bbox 2196 1128 3789 1195">
    <p class='ocr_par' dir='ltr' id='par_1_71' title="bbox 2196 1128 3789 1195">
     <span class='ocr_line' id='line_1_71' title="bbox 2196 1128 3789 1195; baseline 0.01 -16"><span class='ocrx_word' id='word_1_555' title='bbox 2196 1128 2450 1193; x_wconf 86' lang='lat' dir='ltr'><strong>cantavit,</strong></span> <span class='ocrx_word' id='word_1_556' title='bbox 2471 1131 2648 1184; x_wconf 83' lang='lat' dir='ltr'><strong>omnia</strong></span> <span class='ocrx_word' id='word_1_557' title='bbox 2670 1146 2792 1186; x_wconf 89' lang='lat' dir='ltr'><strong>cum</strong></span> <span class='ocrx_word' id='word_1_558' title='bbox 2823 1142 2980 1188; x_wconf 81' lang='lat' dir='ltr'><strong>:etate</strong></span> <span class='ocrx_word' id='word_1_559' title='bbox 2999 1132 3328 1190; x_wconf 86' lang='lat' dir='ltr'><strong>defecerunt.</strong></span> <span class='ocrx_word' id='word_1_560' title='bbox 3358 1138 3435 1191; x_wconf 82' lang='lat' dir='ltr'><strong>An</strong></span> <span class='ocrx_word' id='word_1_561' title='bbox 3465 1137 3602 1192; x_wconf 85' lang='lat' dir='ltr'><strong>forte</strong></span> <span class='ocrx_word' id='word_1_562' title='bbox 3627 1154 3789 1195; x_wconf 85' lang='lat' dir='ltr'><strong>sonus</strong></span> 
     </span>
    </p>
   </div>
   <div class='ocr_carea' id='block_1_72' title="bbox 2195 1220 3786 1303">
    <p class='ocr_par' dir='ltr' id='par_1_72' title="bbox 2195 1220 3786 1303">
     <span class='ocr_line' id='line_1_72' title="bbox 2195 1220 3786 1303; baseline 0.008 -30"><span class='ocrx_word' id='word_1_563' title='bbox 2195 1220 2482 1279; x_wconf 86' lang='lat' dir='ltr'><strong>verborum</strong></span> <span class='ocrx_word' id='word_1_564' title='bbox 2508 1222 2626 1293; x_wconf 84' lang='lat' dir='ltr'><strong>ejus</strong></span> <span class='ocrx_word' id='word_1_565' title='bbox 2649 1224 2882 1280; x_wconf 82' lang='lat' dir='ltr'><strong>delectat</strong></span> <span class='ocrx_word' id='word_1_566' title='bbox 2911 1240 3069 1282; x_wconf 88' lang='lat' dir='ltr'><strong>aures</strong></span> <span class='ocrx_word' id='word_1_567' title='bbox 3090 1235 3228 1294; x_wconf 90' lang='lat' dir='ltr'><strong>tuas,</strong></span> <span class='ocrx_word' id='word_1_568' title='bbox 3245 1229 3332 1297; x_wconf 87' lang='lat' dir='ltr'><strong>qui</strong></span> <span class='ocrx_word' id='word_1_569' title='bbox 3351 1231 3511 1286; x_wconf 86' lang='lat' dir='ltr'><strong>verba</strong></span> <span class='ocrx_word' id='word_1_570' title='bbox 3534 1234 3617 1286; x_wconf 76' lang='lat' dir='ltr'><strong>vix</strong></span> <span class='ocrx_word' id='word_1_571' title='bbox 3636 1233 3786 1303; x_wconf 72' lang='lat' dir='ltr'><strong>plent.</strong></span> 
     </span>
    </p>
   </div>
   <div class='ocr_carea' id='block_1_73' title="bbox 2195 1312 3787 1389">
    <p class='ocr_par' dir='ltr' id='par_1_73' title="bbox 2195 1312 3787 1389">
     <span class='ocr_line' id='line_1_73' title="bbox 2195 1312 3787 1389; baseline 0.009 -25"><span class='ocrx_word' id='word_1_572' title='bbox 2195 1312 2628 1383; x_wconf 76' lang='lat' dir='ltr'><strong>enuntiatlapsis</strong></span> <span class='ocrx_word' id='word_1_573' title='bbox 2655 1315 2939 1371; x_wconf 75' lang='lat' dir='ltr'><strong>dentibus?</strong></span> <span class='ocrx_word' id='word_1_574' title='bbox 2964 1316 3168 1373; x_wconf 83' lang='lat' dir='ltr'><strong>Tamen</strong></span> <span class='ocrx_word' id='word_1_575' title='bbox 3198 1320 3243 1374; x_wconf 86' lang='lat' dir='ltr'><strong>si</strong></span> <span class='ocrx_word' id='word_1_576' title='bbox 3268 1318 3444 1389; x_wconf 86' lang='lat' dir='ltr'><strong>justus</strong></span> <span class='ocrx_word' id='word_1_577' title='bbox 3464 1332 3564 1388; x_wconf 88' lang='lat' dir='ltr'><strong>est,</strong></span> <span class='ocrx_word' id='word_1_578' title='bbox 3593 1324 3638 1377; x_wconf 88' lang='lat' dir='ltr'><strong>si</strong></span> <span class='ocrx_word' id='word_1_579' title='bbox 3662 1323 3787 1378; x_wconf 87' lang='lat' dir='ltr'><strong>alie-</strong></span> 
     </span>
    </p>
   </div>
   <div class='ocr_carea' id='block_1_74' title="bbox 2197 1407 3785 1487">
    <p class='ocr_par' dir='ltr' id='par_1_74' title="bbox 2197 1407 3785 1487">
     <span class='ocr_line' id='line_1_74' title="bbox 2197 1407 3785 1487; baseline 0.011 -32"><span class='ocrx_word' id='word_1_580' title='bbox 2197 1417 2321 1456; x_wconf 92' lang='lat' dir='ltr'><strong>num</strong></span> <span class='ocrx_word' id='word_1_581' title='bbox 2352 1418 2457 1459; x_wconf 91' lang='lat' dir='ltr'><strong>non</strong></span> <span class='ocrx_word' id='word_1_582' title='bbox 2487 1407 2836 1477; x_wconf 89' lang='lat' dir='ltr'><strong>concupiscit,</strong></span> <span class='ocrx_word' id='word_1_583' title='bbox 2869 1407 2915 1463; x_wconf 90' lang='lat' dir='ltr'><strong>si</strong></span> <span class='ocrx_word' id='word_1_584' title='bbox 2954 1409 3023 1465; x_wconf 87' lang='lat' dir='ltr'><strong>de</strong></span> <span class='ocrx_word' id='word_1_585' title='bbox 3067 1425 3168 1465; x_wconf 90' lang='lat' dir='ltr'><strong>suo</strong></span> <span class='ocrx_word' id='word_1_586' title='bbox 3209 1412 3350 1483; x_wconf 91' lang='lat' dir='ltr'><strong>quod</strong></span> <span class='ocrx_word' id='word_1_587' title='bbox 3394 1415 3554 1469; x_wconf 87' lang='lat' dir='ltr'><strong>habet</strong></span> <span class='ocrx_word' id='word_1_588' title='bbox 3595 1428 3785 1487; x_wconf 73' lang='lat' dir='ltr'><strong>erogat</strong></span> 
     </span>
    </p>
   </div>
   <div class='ocr_carea' id='block_1_75' title="bbox 2197 1488 3781 1575">
    <p class='ocr_par' dir='ltr' id='par_1_75' title="bbox 2197 1488 3781 1575">
     <span class='ocr_line' id='line_1_75' title="bbox 2197 1488 3781 1575; baseline 0.009 -28"><span class='ocrx_word' id='word_1_589' title='bbox 2197 1488 2573 1566; x_wconf 76' lang='lat' dir='ltr'><strong>indigentibus,</strong></span> <span class='ocrx_word' id='word_1_590' title='bbox 2603 1500 2648 1554; x_wconf 89' lang='lat' dir='ltr'><strong>si</strong></span> <span class='ocrx_word' id='word_1_591' title='bbox 2679 1499 2817 1555; x_wconf 87' lang='lat' dir='ltr'><strong>bene</strong></span> <span class='ocrx_word' id='word_1_592' title='bbox 2845 1510 3044 1567; x_wconf 86' lang='lat' dir='ltr'><strong>monet,</strong></span> <span class='ocrx_word' id='word_1_593' title='bbox 3076 1513 3130 1558; x_wconf 91' lang='lat' dir='ltr'><strong>et</strong></span> <span class='ocrx_word' id='word_1_594' title='bbox 3157 1515 3360 1559; x_wconf 89' lang='lat' dir='ltr'><strong>rectum</strong></span> <span class='ocrx_word' id='word_1_595' title='bbox 3384 1508 3557 1575; x_wconf 67' lang='lat' dir='ltr'><strong>sapitr</strong></span> <span class='ocrx_word' id='word_1_596' title='bbox 3572 1508 3615 1560; x_wconf 80' lang='lat' dir='ltr'><strong>si</strong></span> <span class='ocrx_word' id='word_1_597' title='bbox 3648 1509 3781 1561; x_wconf 53' lang='lat' dir='ltr'><strong>inte-</strong></span> 
     </span>
    </p>
   </div>
   <div class='ocr_carea' id='block_1_76' title="bbox 2192 1579 3783 1673">
    <p class='ocr_par' dir='ltr' id='par_1_76' title="bbox 2192 1579 3783 1673">
     <span class='ocr_line' id='line_1_76' title="bbox 2192 1579 3783 1673; baseline 0.006 -29"><span class='ocrx_word' id='word_1_598' title='bbox 2192 1579 2291 1661; x_wconf 66' lang='grc' dir='ltr'>[ξι-ε</span> <span class='ocrx_word' id='word_1_599' title='bbox 2314 1592 2485 1647; x_wconf 90' lang='lat' dir='ltr'><strong>credit</strong></span> <span class='ocrx_word' id='word_1_600' title='bbox 2503 1593 2541 1658; x_wconf 79' lang='grc'><strong>⁸,</strong></span> <span class='ocrx_word' id='word_1_601' title='bbox 2576 1594 2619 1648; x_wconf 90' lang='lat' dir='ltr'><strong>si</strong></span> <span class='ocrx_word' id='word_1_602' title='bbox 2646 1604 2857 1662; x_wconf 81' lang='lat' dir='ltr'><strong>paratus</strong></span> <span class='ocrx_word' id='word_1_603' title='bbox 2879 1605 2959 1651; x_wconf 90' lang='lat' dir='ltr'><strong>est</strong></span> <span class='ocrx_word' id='word_1_604' title='bbox 2984 1612 3078 1666; x_wconf 89' lang='lat' dir='ltr'><strong>pro</strong></span> <span class='ocrx_word' id='word_1_605' title='bbox 3106 1597 3209 1651; x_wconf 83' lang='lat' dir='ltr'><strong>fide</strong></span> <span class='ocrx_word' id='word_1_606' title='bbox 3226 1600 3465 1654; x_wconf 75' lang='lat' dir='ltr'><strong>veritatis</strong></span> <span class='ocrx_word' id='word_1_607' title='bbox 3490 1602 3651 1664; x_wconf 87' lang='lat' dir='ltr'><strong>etiam</strong></span> <span class='ocrx_word' id='word_1_608' title='bbox 3672 1601 3783 1673; x_wconf 80' lang='lat' dir='ltr'><strong>ipsa</strong></span> 
     </span>
    </p>
   </div>
   <div class='ocr_carea' id='block_1_77' title="bbox 2190 1679 3785 1764">
    <p class='ocr_par' dir='ltr' id='par_1_77' title="bbox 2190 1679 3785 1764">
     <span class='ocr_line' id='line_1_77' title="bbox 2190 1679 3785 1764; baseline 0.005 -29"><span class='ocrx_word' id='word_1_609' title='bbox 2190 1679 2465 1736; x_wconf 88' lang='lat' dir='ltr'><strong>confracta</strong></span> <span class='ocrx_word' id='word_1_610' title='bbox 2512 1686 2754 1740; x_wconf 86' lang='lat' dir='ltr'><strong>membra</strong></span> <span class='ocrx_word' id='word_1_611' title='bbox 2804 1686 3135 1756; x_wconf 86' lang='lat' dir='ltr'><strong>impendere,</strong></span> <span class='ocrx_word' id='word_1_612' title='bbox 3168 1690 3317 1743; x_wconf 91' lang='lat' dir='ltr'><strong>multi</strong></span> <span class='ocrx_word' id='word_1_613' title='bbox 3348 1691 3490 1744; x_wconf 89' lang='lat' dir='ltr'><strong>enim</strong></span> <span class='ocrx_word' id='word_1_614' title='bbox 3521 1702 3785 1764; x_wconf 76' lang='lat' dir='ltr'><strong>tttarlyres</strong></span> 
     </span>
    </p>
   </div>
   <div class='ocr_carea' id='block_1_78' title="bbox 2190 1773 3783 1851">
    <p class='ocr_par' dir='ltr' id='par_1_78' title="bbox 2190 1773 3783 1851">
     <span class='ocr_line' id='line_1_78' title="bbox 2190 1773 3783 1851; baseline 0.006 -23"><span class='ocrx_word' id='word_1_615' title='bbox 2190 1773 2353 1828; x_wconf 88' lang='lat' dir='ltr'><strong>etiam</strong></span> <span class='ocrx_word' id='word_1_616' title='bbox 2380 1790 2566 1840; x_wconf 88' lang='lat' dir='ltr'><strong>senes;</strong></span> <span class='ocrx_word' id='word_1_617' title='bbox 2595 1776 2738 1832; x_wconf 85' lang='lat' dir='ltr'><strong>unde</strong></span> <span class='ocrx_word' id='word_1_618' title='bbox 2768 1777 2915 1831; x_wconf 91' lang='lat' dir='ltr'><strong>illum</strong></span> <span class='ocrx_word' id='word_1_619' title='bbox 2955 1781 3229 1834; x_wconf 77' lang='lat' dir='ltr'><strong>amamus?</strong></span> <span class='ocrx_word' id='word_1_620' title='bbox 3257 1781 3382 1851; x_wconf 91' lang='lat' dir='ltr'><strong>quid</strong></span> <span class='ocrx_word' id='word_1_621' title='bbox 3408 1782 3460 1836; x_wconf 90' lang='lat' dir='ltr'><strong>in</strong></span> <span class='ocrx_word' id='word_1_622' title='bbox 3496 1798 3563 1837; x_wconf 88' lang='lat' dir='ltr'><strong>eo</strong></span> <span class='ocrx_word' id='word_1_623' title='bbox 3587 1784 3783 1838; x_wconf 87' lang='lat' dir='ltr'><strong>bonum</strong></span> 
     </span>
    </p>
   </div>
   <div class='ocr_carea' id='block_1_79' title="bbox 2188 1862 3781 1945">
    <p class='ocr_par' dir='ltr' id='par_1_79' title="bbox 2188 1862 3781 1945">
     <span class='ocr_line' id='line_1_79' title="bbox 2188 1862 3781 1945; baseline 0.009 -30"><span class='ocrx_word' id='word_1_624' title='bbox 2188 1862 2435 1920; x_wconf 82' lang='lat' dir='ltr'><strong>videmus</strong></span> <span class='ocrx_word' id='word_1_625' title='bbox 2458 1867 2629 1923; x_wconf 85' lang='lat' dir='ltr'><strong>oculis</strong></span> <span class='ocrx_word' id='word_1_626' title='bbox 2652 1867 2863 1922; x_wconf 86' lang='lat' dir='ltr'><strong>carnis?</strong></span> <span class='ocrx_word' id='word_1_627' title='bbox 2888 1868 3050 1925; x_wconf 85' lang='lat' dir='ltr'><strong>Nihil.</strong></span> <span class='ocrx_word' id='word_1_628' title='bbox 3082 1868 3334 1938; x_wconf 65' lang='lat' dir='ltr'><strong>Quasdam</strong></span> <span class='ocrx_word' id='word_1_629' title='bbox 3380 1887 3509 1944; x_wconf 77' lang='lat' dir='ltr'><strong>ergo</strong></span> <span class='ocrx_word' id='word_1_630' title='bbox 3531 1884 3617 1928; x_wconf 90' lang='lat' dir='ltr'><strong>est</strong></span> <span class='ocrx_word' id='word_1_631' title='bbox 3663 1876 3781 1945; x_wconf 84' lang='lat' dir='ltr'><strong>pul-</strong></span> 
     </span>
    </p>
   </div>
   <div class='ocr_carea' id='block_1_80' title="bbox 2186 1956 3782 2033">
    <p class='ocr_par' dir='ltr' id='par_1_80' title="bbox 2186 1956 3782 2033">
     <span class='ocr_line' id='line_1_80' title="bbox 2186 1956 3782 2033; baseline 0.007 -21"><span class='ocrx_word' id='word_1_632' title='bbox 2186 1956 2436 2014; x_wconf 87' lang='lat' dir='ltr'><strong>cbritudo</strong></span> <span class='ocrx_word' id='word_1_633' title='bbox 2472 1958 2710 2031; x_wconf 69' lang='lat' dir='ltr'><strong>justitite,</strong></span> <span class='ocrx_word' id='word_1_634' title='bbox 2769 1977 2928 2032; x_wconf 88' lang='lat' dir='ltr'><strong>quam</strong></span> <span class='ocrx_word' id='word_1_635' title='bbox 2977 1963 3218 2020; x_wconf 82' lang='lat' dir='ltr'><strong>videmus</strong></span> <span class='ocrx_word' id='word_1_636' title='bbox 3263 1966 3423 2022; x_wconf 90' lang='lat' dir='ltr'><strong>oculo</strong></span> <span class='ocrx_word' id='word_1_637' title='bbox 3468 1968 3682 2033; x_wconf 87' lang='lat' dir='ltr'><strong>cordis,</strong></span> <span class='ocrx_word' id='word_1_638' title='bbox 3729 1978 3782 2023; x_wconf 88' lang='lat' dir='ltr'><strong>et</strong></span> 
     </span>
    </p>
   </div>
   <div class='ocr_carea' id='block_1_81' title="bbox 2188 2054 3783 2132">
    <p class='ocr_par' dir='ltr' id='par_1_81' title="bbox 2188 2054 3783 2132">
     <span class='ocr_line' id='line_1_81' title="bbox 2188 2054 3783 2132; baseline 0.01 -30"><span class='ocrx_word' id='word_1_639' title='bbox 2188 2064 2453 2118; x_wconf 84' lang='lat' dir='ltr'><strong>amamus,</strong></span> <span class='ocrx_word' id='word_1_640' title='bbox 2484 2059 2539 2107; x_wconf 87' lang='lat' dir='ltr'><strong>et.</strong></span> <span class='ocrx_word' id='word_1_641' title='bbox 2574 2054 3003 2132; x_wconf 65' lang='lat' dir='ltr'><strong>exartleseimns;</strong></span> <span class='ocrx_word' id='word_1_642' title='bbox 3037 2072 3195 2128; x_wconf 87' lang='lat' dir='ltr'><strong>quam</strong></span> <span class='ocrx_word' id='word_1_643' title='bbox 3227 2058 3449 2115; x_wconf 90' lang='lat' dir='ltr'><strong>multum</strong></span> <span class='ocrx_word' id='word_1_644' title='bbox 3477 2060 3783 2119; x_wconf 83' lang='lat' dir='ltr'><strong>dilexerunt</strong></span> 
     </span>
    </p>
   </div>
   <div class='ocr_carea' id='block_1_82' title="bbox 2188 2139 3777 2219">
    <p class='ocr_par' dir='ltr' id='par_1_82' title="bbox 2188 2139 3777 2219">
     <span class='ocr_line' id='line_1_82' title="bbox 2188 2139 3777 2219; baseline 0.011 -27"><span class='ocrx_word' id='word_1_645' title='bbox 2188 2139 2432 2197; x_wconf 85' lang='lat' dir='ltr'><strong>homines</strong></span> <span class='ocrx_word' id='word_1_646' title='bbox 2457 2142 2509 2198; x_wconf 90' lang='lat' dir='ltr'><strong>in</strong></span> <span class='ocrx_word' id='word_1_647' title='bbox 2538 2143 2665 2215; x_wconf 87' lang='lat' dir='ltr'><strong>ipsis</strong></span> <span class='ocrx_word' id='word_1_648' title='bbox 2693 2146 3033 2219; x_wconf 81' lang='lat' dir='ltr'><strong>martyribus,</strong></span> <span class='ocrx_word' id='word_1_649' title='bbox 3066 2164 3187 2204; x_wconf 92' lang='lat' dir='ltr'><strong>eum</strong></span> <span class='ocrx_word' id='word_1_650' title='bbox 3216 2165 3403 2207; x_wconf 88' lang='lat' dir='ltr'><strong>eorum</strong></span> <span class='ocrx_word' id='word_1_651' title='bbox 3425 2156 3666 2212; x_wconf 86' lang='lat' dir='ltr'><strong>membra</strong></span> <span class='ocrx_word' id='word_1_652' title='bbox 3688 2155 3777 2210; x_wconf 82' lang='lat' dir='ltr'><strong>be-</strong></span> 
     </span>
    </p>
   </div>
   <div class='ocr_carea' id='block_1_83' title="bbox 2184 2231 3777 2314">
    <p class='ocr_par' dir='ltr' id='par_1_83' title="bbox 2184 2231 3777 2314">
     <span class='ocr_line' id='line_1_83' title="bbox 2184 2231 3777 2314; baseline 0.009 -29"><span class='ocrx_word' id='word_1_653' title='bbox 2184 2231 2303 2287; x_wconf 77' lang='lat' dir='ltr'><strong>stite.</strong></span> <span class='ocrx_word' id='word_1_654' title='bbox 2331 2233 2837 2292; x_wconf 85' lang='lat' dir='ltr'><strong>lauiarent..Nonue</strong></span> <span class='ocrx_word' id='word_1_655' title='bbox 2879 2252 3000 2295; x_wconf 91' lang='lat' dir='ltr'><strong>cum</strong></span> <span class='ocrx_word' id='word_1_656' title='bbox 3047 2243 3264 2312; x_wconf 75' lang='lat' dir='ltr'><strong>sanguis</strong></span> <span class='ocrx_word' id='word_1_657' title='bbox 3306 2240 3534 2300; x_wconf 69' lang='lat' dir='ltr'><strong>foedaret</strong></span> <span class='ocrx_word' id='word_1_658' title='bbox 3574 2247 3777 2314; x_wconf 84' lang='lat' dir='ltr'><strong>omnia,</strong></span> 
     </span>
    </p>
   </div>
   <div class='ocr_carea' id='block_1_84' title="bbox 2184 2325 3779 2402">
    <p class='ocr_par' dir='ltr' id='par_1_84' title="bbox 2184 2325 3779 2402">
     <span class='ocr_line' id='line_1_84' title="bbox 2184 2325 3779 2402; baseline 0.012 -26"><span class='ocrx_word' id='word_1_659' title='bbox 2184 2336 2306 2378; x_wconf 91' lang='lat' dir='ltr'><strong>cum</strong></span> <span class='ocrx_word' id='word_1_660' title='bbox 2334 2325 2602 2382; x_wconf 88' lang='lat' dir='ltr'><strong>morsibus</strong></span> <span class='ocrx_word' id='word_1_661' title='bbox 2630 2326 2874 2384; x_wconf 88' lang='lat' dir='ltr'><strong>belluinis</strong></span> <span class='ocrx_word' id='word_1_662' title='bbox 2902 2330 3107 2387; x_wconf 87' lang='lat' dir='ltr'><strong>viscera</strong></span> <span class='ocrx_word' id='word_1_663' title='bbox 3133 2331 3504 2402; x_wconf 79' lang='lat' dir='ltr'><strong>funderentur,</strong></span> <span class='ocrx_word' id='word_1_664' title='bbox 3543 2352 3649 2392; x_wconf 89' lang='lat' dir='ltr'><strong>non</strong></span> <span class='ocrx_word' id='word_1_665' title='bbox 3681 2337 3779 2395; x_wconf 79' lang='lat' dir='ltr'><strong>ha-</strong></span> 
     </span>
    </p>
   </div>
   <div class='ocr_carea' id='block_1_85' title="bbox 2186 2412 3775 2500">
    <p class='ocr_par' dir='ltr' id='par_1_85' title="bbox 2186 2412 3775 2500">
     <span class='ocr_line' id='line_1_85' title="bbox 2186 2412 3775 2500; baseline 0.011 -34"><span class='ocrx_word' id='word_1_666' title='bbox 2186 2412 2383 2470; x_wconf 85' lang='lat' dir='ltr'><strong>bebant</strong></span> <span class='ocrx_word' id='word_1_667' title='bbox 2407 2418 2550 2474; x_wconf 91' lang='lat' dir='ltr'><strong>oculi</strong></span> <span class='ocrx_word' id='word_1_668' title='bbox 2579 2418 2680 2475; x_wconf 89' lang='lat' dir='ltr'><strong>nisi</strong></span> <span class='ocrx_word' id='word_1_669' title='bbox 2711 2420 2853 2491; x_wconf 88' lang='lat' dir='ltr'><strong>quod</strong></span> <span class='ocrx_word' id='word_1_670' title='bbox 2886 2420 3206 2479; x_wconf 82' lang='lat' dir='ltr'><strong>horrerent?</strong></span> <span class='ocrx_word' id='word_1_671' title='bbox 3233 2424 3371 2498; x_wconf 84' lang='lat' dir='ltr'><strong>Quid</strong></span> <span class='ocrx_word' id='word_1_672' title='bbox 3399 2426 3468 2483; x_wconf 89' lang='lat' dir='ltr'><strong>ibi</strong></span> <span class='ocrx_word' id='word_1_673' title='bbox 3494 2437 3613 2483; x_wconf 89' lang='lat' dir='ltr'><strong>erat</strong></span> <span class='ocrx_word' id='word_1_674' title='bbox 3633 2431 3775 2500; x_wconf 84' lang='lat' dir='ltr'><strong>quod</strong></span> 
     </span>
    </p>
   </div>
   <div class='ocr_carea' id='block_1_86' title="bbox 2181 2510 3775 2580">
    <p class='ocr_par' dir='ltr' id='par_1_86' title="bbox 2181 2510 3775 2580">
     <span class='ocr_line' id='line_1_86' title="bbox 2181 2510 3775 2580; baseline 0.009 -21"><span class='ocrx_word' id='word_1_675' title='bbox 2181 2517 2471 2574; x_wconf 88' lang='lat' dir='ltr'><strong>amaretur,</strong></span> <span class='ocrx_word' id='word_1_676' title='bbox 2499 2510 2599 2565; x_wconf 85' lang='lat' dir='ltr'><strong>nisi</strong></span> <span class='ocrx_word' id='word_1_677' title='bbox 2629 2513 2753 2580; x_wconf 84' lang='lat' dir='ltr'><strong>quia</strong></span> <span class='ocrx_word' id='word_1_678' title='bbox 2792 2522 2909 2567; x_wconf 87' lang='lat' dir='ltr'><strong>erat</strong></span> <span class='ocrx_word' id='word_1_679' title='bbox 2935 2513 3101 2568; x_wconf 69' lang='lat' dir='ltr'><strong>inilla</strong></span> <span class='ocrx_word' id='word_1_680' title='bbox 3134 2514 3373 2572; x_wconf 73' lang='lat' dir='ltr'><strong>ftetlitate</strong></span> <span class='ocrx_word' id='word_1_681' title='bbox 3397 2516 3775 2573; x_wconf 88' lang='lat' dir='ltr'><strong>dilaniatorum</strong></span> 
     </span>
    </p>
   </div>
   <div class='ocr_carea' id='block_1_87' title="bbox 2182 2599 3778 2677">
    <p class='ocr_par' dir='ltr' id='par_1_87' title="bbox 2182 2599 3778 2677">
     <span class='ocr_line' id='line_1_87' title="bbox 2182 2599 3778 2677; baseline 0.009 -26"><span class='ocrx_word' id='word_1_682' title='bbox 2182 2599 2543 2656; x_wconf 83' lang='lat' dir='ltr'><strong>membrorum</strong></span> <span class='ocrx_word' id='word_1_683' title='bbox 2589 2601 2793 2673; x_wconf 71' lang='lat' dir='ltr'><strong>integra</strong></span> <span class='ocrx_word' id='word_1_684' title='bbox 2846 2604 3183 2672; x_wconf 87' lang='lat' dir='ltr'><strong>pulchritudo</strong></span> <span class='ocrx_word' id='word_1_685' title='bbox 3221 2606 3473 2677; x_wconf 71' lang='lat' dir='ltr'><strong>jnstitim?</strong></span> <span class='ocrx_word' id='word_1_686' title='bbox 3506 2608 3607 2664; x_wconf 85' lang='lat' dir='ltr'><strong>Ista</strong></span> <span class='ocrx_word' id='word_1_687' title='bbox 3652 2623 3778 2666; x_wconf 85' lang='lat' dir='ltr'><strong>sunt</strong></span> 
     </span>
    </p>
   </div>
   <div class='ocr_carea' id='block_1_88' title="bbox 2166 2684 3776 2761">
    <p class='ocr_par' dir='ltr' id='par_1_88' title="bbox 2166 2684 3776 2761">
     <span class='ocr_line' id='line_1_88' title="bbox 2166 2684 3776 2761; baseline 0.008 -19"><span class='ocrx_word' id='word_1_688' title='bbox 2166 2687 2318 2743; x_wconf 85' lang='lat' dir='ltr'><strong>bona</strong></span> <span class='ocrx_word' id='word_1_689' title='bbox 2344 2689 2535 2745; x_wconf 90' lang='lat' dir='ltr'><strong>domus</strong></span> <span class='ocrx_word' id='word_1_690' title='bbox 2567 2691 2693 2756; x_wconf 89' lang='lat' dir='ltr'><strong>Dei;</strong></span> <span class='ocrx_word' id='word_1_691' title='bbox 2726 2692 2809 2746; x_wconf 85' lang='lat' dir='ltr'><strong>bis</strong></span> <span class='ocrx_word' id='word_1_692' title='bbox 2840 2700 2891 2747; x_wconf 84' lang='lat' dir='ltr'><strong>te</strong></span> <span class='ocrx_word' id='word_1_693' title='bbox 2914 2684 3037 2761; x_wconf 81' lang='lat' dir='ltr'><strong>para</strong></span> <span class='ocrx_word' id='word_1_694' title='bbox 3068 2695 3270 2751; x_wconf 88' lang='lat' dir='ltr'><strong>satiari.</strong></span> <span class='ocrx_word' id='word_1_695' title='bbox 3301 2696 3406 2754; x_wconf 86' lang='lat' dir='ltr'><strong>Sed</strong></span> <span class='ocrx_word' id='word_1_696' title='bbox 3438 2708 3493 2752; x_wconf 93' lang='lat' dir='ltr'><strong>nt</strong></span> <span class='ocrx_word' id='word_1_697' title='bbox 3519 2700 3645 2755; x_wconf 89' lang='lat' dir='ltr'><strong>inde</strong></span> <span class='ocrx_word' id='word_1_698' title='bbox 3684 2716 3776 2755; x_wconf 85' lang='lat' dir='ltr'><strong>sa-</strong></span> 
     </span>
    </p>
   </div>
   <div class='ocr_carea' id='block_1_89' title="bbox 2184 2779 3773 2858">
    <p class='ocr_par' dir='ltr' id='par_1_89' title="bbox 2184 2779 3773 2858">
     <span class='ocr_line' id='line_1_89' title="bbox 2184 2779 3773 2858; baseline 0.007 -25"><span class='ocrx_word' id='word_1_699' title='bbox 2184 2780 2356 2847; x_wconf 88' lang='lat' dir='ltr'><strong>ticris,</strong></span> <span class='ocrx_word' id='word_1_700' title='bbox 2389 2795 2510 2837; x_wconf 91' lang='lat' dir='ltr'><strong>cum</strong></span> <span class='ocrx_word' id='word_1_701' title='bbox 2539 2785 2881 2852; x_wconf 87' lang='lat' dir='ltr'><strong>perveneris;</strong></span> <span class='ocrx_word' id='word_1_702' title='bbox 2913 2785 3015 2841; x_wconf 82' lang='lat' dir='ltr'><strong>hoc</strong></span> <span class='ocrx_word' id='word_1_703' title='bbox 3046 2796 3095 2841; x_wconf 91' lang='lat' dir='ltr'><strong>te</strong></span> <span class='ocrx_word' id='word_1_704' title='bbox 3133 2779 3345 2858; x_wconf 82' lang='lat' dir='ltr'><strong>oportet</strong></span> <span class='ocrx_word' id='word_1_705' title='bbox 3371 2793 3577 2845; x_wconf 74' lang='lat' dir='ltr'><strong>esurire</strong></span> <span class='ocrx_word' id='word_1_706' title='bbox 3604 2801 3659 2845; x_wconf 84' lang='lat' dir='ltr'><strong>et</strong></span> <span class='ocrx_word' id='word_1_707' title='bbox 3697 2794 3773 2846; x_wconf 87' lang='lat' dir='ltr'><strong>si-</strong></span> 
     </span>
    </p>
   </div>
   <div class='ocr_carea' id='block_1_90' title="bbox 2180 2873 3772 2956">
    <p class='ocr_par' dir='ltr' id='par_1_90' title="bbox 2180 2873 3772 2956">
     <span class='ocr_line' id='line_1_90' title="bbox 2180 2873 3772 2956; baseline 0.008 -29"><span class='ocrx_word' id='word_1_708' title='bbox 2180 2873 2304 2939; x_wconf 89' lang='lat' dir='ltr'><strong>tire,</strong></span> <span class='ocrx_word' id='word_1_709' title='bbox 2339 2888 2461 2928; x_wconf 92' lang='lat' dir='ltr'><strong>cum</strong></span> <span class='ocrx_word' id='word_1_710' title='bbox 2492 2877 2884 2946; x_wconf 76' lang='lat' dir='ltr'><strong>peregrinaris:</strong></span> <span class='ocrx_word' id='word_1_711' title='bbox 2911 2880 3011 2936; x_wconf 85' lang='lat' dir='ltr'><strong>hoc</strong></span> <span class='ocrx_word' id='word_1_712' title='bbox 3034 2880 3141 2946; x_wconf 90' lang='lat' dir='ltr'><strong>siti,</strong></span> <span class='ocrx_word' id='word_1_713' title='bbox 3172 2881 3273 2937; x_wconf 90' lang='lat' dir='ltr'><strong>hoc</strong></span> <span class='ocrx_word' id='word_1_714' title='bbox 3300 2884 3475 2947; x_wconf 89' lang='lat' dir='ltr'><strong>esuri;</strong></span> <span class='ocrx_word' id='word_1_715' title='bbox 3507 2887 3631 2955; x_wconf 87' lang='lat' dir='ltr'><strong>quia</strong></span> <span class='ocrx_word' id='word_1_716' title='bbox 3658 2886 3772 2956; x_wconf 82' lang='lat' dir='ltr'><strong>ipsa</strong></span> 
     </span>
    </p>
   </div>
   <div class='ocr_carea' id='block_1_91' title="bbox 2176 2962 3768 3042">
    <p class='ocr_par' dir='ltr' id='par_1_91' title="bbox 2176 2962 3768 3042">
     <span class='ocr_line' id='line_1_91' title="bbox 2176 2962 3768 3042; baseline 0.008 -24"><span class='ocrx_word' id='word_1_717' title='bbox 2176 2972 2339 3018; x_wconf 89' lang='lat' dir='ltr'><strong>erunt</strong></span> <span class='ocrx_word' id='word_1_718' title='bbox 2366 2962 2502 3018; x_wconf 86' lang='lat' dir='ltr'><strong>bona</strong></span> <span class='ocrx_word' id='word_1_719' title='bbox 2532 2964 2650 3021; x_wconf 88' lang='lat' dir='ltr'><strong>Dei.</strong></span> <span class='ocrx_word' id='word_1_720' title='bbox 2671 2968 2813 3021; x_wconf 63' lang='lat' dir='ltr'><strong>&#39;Audi</strong></span> <span class='ocrx_word' id='word_1_721' title='bbox 2844 2969 2989 3024; x_wconf 91' lang='lat' dir='ltr'><strong>illum</strong></span> <span class='ocrx_word' id='word_1_722' title='bbox 3022 2986 3199 3042; x_wconf 77' lang='lat' dir='ltr'><strong>regem</strong></span> <span class='ocrx_word' id='word_1_723' title='bbox 3239 2974 3325 3027; x_wconf 90' lang='lat' dir='ltr'><strong>cui</strong></span> <span class='ocrx_word' id='word_1_724' title='bbox 3372 2975 3469 3028; x_wconf 78' lang='lat' dir='ltr'><strong>ista</strong></span> <span class='ocrx_word' id='word_1_725' title='bbox 3495 2976 3768 3039; x_wconf 82' lang='lat' dir='ltr'><strong>dicuntur,</strong></span> 
     </span>
    </p>
   </div>
   <div class='ocr_carea' id='block_1_92' title="bbox 2175 3052 3766 3137">
    <p class='ocr_par' dir='ltr' id='par_1_92' title="bbox 2175 3052 3766 3137">
     <span class='ocr_line' id='line_1_92' title="bbox 2175 3052 3766 3137; baseline 0.011 -33"><span class='ocrx_word' id='word_1_726' title='bbox 2175 3052 2266 3122; x_wconf 92' lang='lat' dir='ltr'><strong>qui</strong></span> <span class='ocrx_word' id='word_1_727' title='bbox 2292 3054 2439 3107; x_wconf 86' lang='lat' dir='ltr'><strong>venit</strong></span> <span class='ocrx_word' id='word_1_728' title='bbox 2468 3063 2526 3107; x_wconf 91' lang='lat' dir='ltr'><strong>ut</strong></span> <span class='ocrx_word' id='word_1_729' title='bbox 2555 3063 2607 3110; x_wconf 90' lang='lat' dir='ltr'><strong>te</strong></span> <span class='ocrx_word' id='word_1_730' title='bbox 2638 3055 2877 3124; x_wconf 86' lang='lat' dir='ltr'><strong>reducat,</strong></span> <span class='ocrx_word' id='word_1_731' title='bbox 2907 3068 2960 3113; x_wconf 83' lang='lat' dir='ltr'><strong>et</strong></span> <span class='ocrx_word' id='word_1_732' title='bbox 2990 3074 3047 3115; x_wconf 90' lang='lat' dir='ltr'><strong>se</strong></span> <span class='ocrx_word' id='word_1_733' title='bbox 3091 3062 3201 3135; x_wconf 87' lang='lat' dir='ltr'><strong>tibi</strong></span> <span class='ocrx_word' id='word_1_734' title='bbox 3224 3062 3350 3118; x_wconf 87' lang='lat' dir='ltr'><strong>fecit</strong></span> <span class='ocrx_word' id='word_1_735' title='bbox 3394 3058 3533 3119; x_wconf 85' lang='lat' dir='ltr'><strong>viam</strong></span> <span class='ocrx_word' id='word_1_736' title='bbox 3582 3067 3766 3137; x_wconf 78' lang='lat' dir='ltr'><strong>(Joan.</strong></span> 
     </span>
    </p>
   </div>
   <div class='ocr_carea' id='block_1_93' title="bbox 2176 3142 3772 3231">
    <p class='ocr_par' dir='ltr' id='par_1_93' title="bbox 2176 3142 3772 3231">
     <span class='ocr_line' id='line_1_93' title="bbox 2176 3142 3772 3231; baseline 0.008 -35"><span class='ocrx_word' id='word_1_737' title='bbox 2176 3158 2285 3209; x_wconf 75' lang='lat' dir='ltr'><strong>xtv,</strong></span> <span class='ocrx_word' id='word_1_738' title='bbox 2317 3142 2396 3217; x_wconf 86' lang='lat'><strong>6).</strong></span> <span class='ocrx_word' id='word_1_739' title='bbox 2423 3144 2559 3212; x_wconf 85' lang='lat' dir='ltr'><strong>Quid</strong></span> <span class='ocrx_word' id='word_1_740' title='bbox 2587 3146 2657 3200; x_wconf 76' lang='lat' dir='ltr'><strong>dit</strong></span> <span class='ocrx_word' id='word_1_741' title='bbox 2676 3146 2751 3202; x_wconf 13' lang='lat' dir='ltr'><strong>ita?</strong></span> <span class='ocrx_word' id='word_1_742' title='bbox 2776 3146 2919 3203; x_wconf 72' lang='lat' dir='ltr'><strong>Beati</strong></span> <span class='ocrx_word' id='word_1_743' title='bbox 2946 3153 3031 3222; x_wconf 77' lang='lat' dir='ltr'><strong>qui</strong></span> <span class='ocrx_word' id='word_1_744' title='bbox 3056 3152 3275 3209; x_wconf 71' lang='lat' dir='ltr'><strong>esuriant</strong></span> <span class='ocrx_word' id='word_1_745' title='bbox 3316 3164 3364 3209; x_wconf 86' lang='lat' dir='ltr'><strong>et</strong></span> <span class='ocrx_word' id='word_1_746' title='bbox 3406 3159 3581 3212; x_wconf 81' lang='lat' dir='ltr'><strong>sitiunt</strong></span> <span class='ocrx_word' id='word_1_747' title='bbox 3612 3162 3772 3231; x_wconf 73' lang='lat' dir='ltr'><strong>justi.</strong></span> 
     </span>
    </p>
   </div>
   <div class='ocr_carea' id='block_1_94' title="bbox 2175 3232 3769 3318">
    <p class='ocr_par' dir='ltr' id='par_1_94' title="bbox 2175 3232 3769 3318">
     <span class='ocr_line' id='line_1_94' title="bbox 2175 3232 3769 3318; baseline 0.013 -32"><span class='ocrx_word' id='word_1_748' title='bbox 2175 3232 2319 3299; x_wconf 86' lang='lat' dir='ltr'><strong>tiam,</strong></span> <span class='ocrx_word' id='word_1_749' title='bbox 2348 3237 2583 3305; x_wconf 80' lang='lat' dir='ltr'><strong>quoniam</strong></span> <span class='ocrx_word' id='word_1_750' title='bbox 2604 3237 2703 3307; x_wconf 88' lang='lat' dir='ltr'><strong>ipsi</strong></span> <span class='ocrx_word' id='word_1_751' title='bbox 2721 3232 3082 3311; x_wconf 62' lang='lat' dir='ltr'><strong>saturnbuntur</strong></span> <span class='ocrx_word' id='word_1_752' title='bbox 3100 3243 3316 3312; x_wconf 75' lang='lat' dir='ltr'><strong>(llattlt.</strong></span> <span class='ocrx_word' id='word_1_753' title='bbox 3348 3263 3400 3311; x_wconf 79' lang='grc' dir='ltr'><strong>ν,</strong></span> <span class='ocrx_word' id='word_1_754' title='bbox 3424 3248 3499 3318; x_wconf 85' lang='grc'><strong>6).</strong></span> <span class='ocrx_word' id='word_1_755' title='bbox 3520 3250 3769 3306; x_wconf 79' lang='lat' dir='ltr'><strong>Sanctum</strong></span> 
     </span>
    </p>
   </div>
   <div class='ocr_carea' id='block_1_95' title="bbox 2174 3325 3767 3412">
    <p class='ocr_par' dir='ltr' id='par_1_95' title="bbox 2174 3325 3767 3412">
     <span class='ocr_line' id='line_1_95' title="bbox 2174 3325 3767 3412; baseline 0.014 -35"><span class='ocrx_word' id='word_1_756' title='bbox 2174 3325 2416 3397; x_wconf 76' lang='lat' dir='ltr'><strong>templum</strong></span> <span class='ocrx_word' id='word_1_757' title='bbox 2456 3338 2621 3395; x_wconf 84' lang='lat' dir='ltr'><strong>tuum,</strong></span> <span class='ocrx_word' id='word_1_758' title='bbox 2651 3331 2948 3388; x_wconf 79' lang='lat' dir='ltr'><strong>admirabile</strong></span> <span class='ocrx_word' id='word_1_759' title='bbox 2985 3336 3036 3390; x_wconf 77' lang='lat' dir='ltr'><strong>in</strong></span> <span class='ocrx_word' id='word_1_760' title='bbox 3067 3337 3291 3408; x_wconf 84' lang='lat' dir='ltr'><strong>justitia.</strong></span> <span class='ocrx_word' id='word_1_761' title='bbox 3327 3341 3391 3395; x_wconf 87' lang='lat' dir='ltr'><strong>Et</strong></span> <span class='ocrx_word' id='word_1_762' title='bbox 3420 3340 3592 3412; x_wconf 88' lang='lat' dir='ltr'><strong>ipsum</strong></span> <span class='ocrx_word' id='word_1_763' title='bbox 3627 3355 3767 3400; x_wconf 85' lang='lat' dir='ltr'><strong>tem-</strong></span> 
     </span>
    </p>
   </div>
   <div class='ocr_carea' id='block_1_96' title="bbox 2175 3412 3767 3508">
    <p class='ocr_par' dir='ltr' id='par_1_96' title="bbox 2175 3412 3767 3508">
     <span class='ocr_line' id='line_1_96' title="bbox 2175 3412 3767 3508; baseline 0.014 -37"><span class='ocrx_word' id='word_1_764' title='bbox 2175 3418 2343 3499; x_wconf 86' lang='lat' dir='ltr'><strong>plum,</strong></span> <span class='ocrx_word' id='word_1_765' title='bbox 2381 3412 2593 3488; x_wconf 83' lang='lat' dir='ltr'><strong>fratres,</strong></span> <span class='ocrx_word' id='word_1_766' title='bbox 2625 3425 2789 3481; x_wconf 89' lang='lat' dir='ltr'><strong>nolite</strong></span> <span class='ocrx_word' id='word_1_767' title='bbox 2828 3437 3022 3496; x_wconf 73' lang='lat' dir='ltr'><strong>pneter</strong></span> <span class='ocrx_word' id='word_1_768' title='bbox 3048 3446 3142 3485; x_wconf 90' lang='lat' dir='ltr'><strong>vos</strong></span> <span class='ocrx_word' id='word_1_769' title='bbox 3171 3433 3427 3503; x_wconf 78' lang='lat' dir='ltr'><strong>cogitare.</strong></span> <span class='ocrx_word' id='word_1_770' title='bbox 3468 3441 3659 3493; x_wconf 81' lang='lat' dir='ltr'><strong>Amate</strong></span> <span class='ocrx_word' id='word_1_771' title='bbox 3678 3440 3767 3508; x_wconf 84' lang='lat' dir='ltr'><strong>ju-</strong></span> 
     </span>
    </p>
   </div>
   <div class='ocr_carea' id='block_1_97' title="bbox 2172 3510 3663 3589">
    <p class='ocr_par' dir='ltr' id='par_1_97' title="bbox 2172 3510 3663 3589">
     <span class='ocr_line' id='line_1_97' title="bbox 2172 3510 3663 3589; baseline 0.008 -26"><span class='ocrx_word' id='word_1_772' title='bbox 2172 3510 2389 3572; x_wconf 78' lang='lat' dir='ltr'><strong>Stitiam,</strong></span> <span class='ocrx_word' id='word_1_773' title='bbox 2419 3519 2475 3566; x_wconf 90' lang='lat' dir='ltr'><strong>et</strong></span> <span class='ocrx_word' id='word_1_774' title='bbox 2500 3528 2595 3567; x_wconf 85' lang='lat' dir='ltr'><strong>vos</strong></span> <span class='ocrx_word' id='word_1_775' title='bbox 2623 3516 2753 3571; x_wconf 87' lang='lat' dir='ltr'><strong>estis</strong></span> <span class='ocrx_word' id='word_1_776' title='bbox 2782 3518 3033 3589; x_wconf 87' lang='lat' dir='ltr'><strong>templum</strong></span> <span class='ocrx_word' id='word_1_777' title='bbox 3062 3519 3175 3576; x_wconf 86' lang='lat' dir='ltr'><strong>Dei.</strong></span> <span class='ocrx_word' id='word_1_778' title='bbox 3660 3574 3663 3575; x_wconf 30' lang='grc' dir='ltr'><em>ν</em></span> 
     </span>
    </p>
   </div>
   <div class='ocr_carea' id='block_1_98' title="bbox 2244 3602 3763 3687">
    <p class='ocr_par' dir='ltr' id='par_1_98' title="bbox 2244 3602 3763 3687">
     <span class='ocr_line' id='line_1_98' title="bbox 2244 3602 3763 3687; baseline 0.011 -28"><span class='ocrx_word' id='word_1_779' title='bbox 2244 3602 2298 3659; x_wconf 80' lang='lat'><strong>9.</strong></span> <span class='ocrx_word' id='word_1_780' title='bbox 2339 3603 2547 3659; x_wconf 70' lang='lat' dir='ltr'><strong>Exaudi</strong></span> <span class='ocrx_word' id='word_1_781' title='bbox 2572 3624 2684 3674; x_wconf 82' lang='lat' dir='ltr'><strong>nos,</strong></span> <span class='ocrx_word' id='word_1_782' title='bbox 2709 3607 2867 3676; x_wconf 83' lang='lat' dir='ltr'><strong>Deus,</strong></span> <span class='ocrx_word' id='word_1_783' title='bbox 2893 3608 3323 3669; x_wconf 20' lang='lat' dir='ltr'><strong>salvator‘noster.</strong></span> <span class='ocrx_word' id='word_1_784' title='bbox 3360 3616 3579 3687; x_wconf 78' lang='lat' dir='ltr'><strong>Aperuit</strong></span> <span class='ocrx_word' id='word_1_785' title='bbox 3601 3621 3763 3676; x_wconf 82' lang='lat' dir='ltr'><strong>modo</strong></span> 
     </span>
    </p>
   </div>
   <div class='ocr_carea' id='block_1_99' title="bbox 2172 3695 3761 3776">
    <p class='ocr_par' dir='ltr' id='par_1_99' title="bbox 2172 3695 3761 3776">
     <span class='ocr_line' id='line_1_99' title="bbox 2172 3695 3761 3776; baseline 0.016 -32"><span class='ocrx_word' id='word_1_786' title='bbox 2172 3709 2331 3762; x_wconf 90' lang='lat' dir='ltr'><strong>quem</strong></span> <span class='ocrx_word' id='word_1_787' title='bbox 2365 3695 2528 3753; x_wconf 88' lang='lat' dir='ltr'><strong>Deum</strong></span> <span class='ocrx_word' id='word_1_788' title='bbox 2556 3697 2717 3752; x_wconf 68' lang='lat' dir='ltr'><strong>dicit.</strong></span> <span class='ocrx_word' id='word_1_789' title='bbox 2753 3697 2997 3756; x_wconf 86' lang='lat' dir='ltr'><strong>Salvator</strong></span> <span class='ocrx_word' id='word_1_790' title='bbox 3029 3713 3109 3757; x_wconf 89' lang='lat' dir='ltr'><strong>est</strong></span> <span class='ocrx_word' id='word_1_791' title='bbox 3139 3707 3637 3776; x_wconf 83' lang='lat' dir='ltr'><strong>proprieDominus</strong></span> <span class='ocrx_word' id='word_1_792' title='bbox 3672 3713 3761 3771; x_wconf 80' lang='lat' dir='ltr'><strong>Je-</strong></span> 
     </span>
    </p>
   </div>
   <div class='ocr_carea' id='block_1_100' title="bbox 2171 3784 3759 3871">
    <p class='ocr_par' dir='ltr' id='par_1_100' title="bbox 2171 3784 3759 3871">
     <span class='ocr_line' id='line_1_100' title="bbox 2171 3784 3759 3871; baseline 0.013 -33"><span class='ocrx_word' id='word_1_793' title='bbox 2171 3800 2264 3838; x_wconf 91' lang='lat' dir='ltr'><strong>sus</strong></span> <span class='ocrx_word' id='word_1_794' title='bbox 2284 3784 2545 3840; x_wconf 86' lang='lat' dir='ltr'><strong>Christus.</strong></span> <span class='ocrx_word' id='word_1_795' title='bbox 2577 3789 2838 3858; x_wconf 82' lang='lat' dir='ltr'><strong>Apparuit</strong></span> <span class='ocrx_word' id='word_1_796' title='bbox 2865 3792 3025 3847; x_wconf 87' lang='lat' dir='ltr'><strong>modo</strong></span> <span class='ocrx_word' id='word_1_797' title='bbox 3053 3798 3288 3863; x_wconf 87' lang='lat' dir='ltr'><strong>apertius</strong></span> <span class='ocrx_word' id='word_1_798' title='bbox 3305 3797 3373 3853; x_wconf 86' lang='lat' dir='ltr'><strong>de</strong></span> <span class='ocrx_word' id='word_1_799' title='bbox 3394 3814 3499 3871; x_wconf 84' lang='lat' dir='ltr'><strong>quo</strong></span> <span class='ocrx_word' id='word_1_800' title='bbox 3518 3801 3759 3859; x_wconf 80' lang='lat' dir='ltr'><strong>dixerat:</strong></span> 
     </span>
    </p>
   </div>
   <div class='ocr_carea' id='block_1_101' title="bbox 2169 3873 3761 3954">
    <p class='ocr_par' dir='ltr' id='par_1_101' title="bbox 2169 3873 3761 3954">
     <span class='ocr_line' id='line_1_101' title="bbox 2169 3873 3761 3954; baseline 0.015 -27"><span class='ocrx_word' id='word_1_801' title='bbox 2169 3873 2253 3927; x_wconf 74' lang='lat' dir='ltr'><strong>Ad</strong></span> <span class='ocrx_word' id='word_1_802' title='bbox 2278 3876 2503 3929; x_wconf 65' lang='lat' dir='ltr'><strong>te’omnis</strong></span> <span class='ocrx_word' id='word_1_803' title='bbox 2528 3893 2647 3949; x_wconf 75' lang='lat' dir='ltr'><strong>caro</strong></span> <span class='ocrx_word' id='word_1_804' title='bbox 2673 3881 2850 3932; x_wconf 77' lang='lat' dir='ltr'><strong>venirt.</strong></span> <span class='ocrx_word' id='word_1_805' title='bbox 2880 3880 3083 3937; x_wconf 72' lang='lat' dir='ltr'><strong>Exaudi</strong></span> <span class='ocrx_word' id='word_1_806' title='bbox 3112 3901 3222 3950; x_wconf 82' lang='lat' dir='ltr'><strong>nos,</strong></span> <span class='ocrx_word' id='word_1_807' title='bbox 3253 3886 3408 3954; x_wconf 80' lang='lat' dir='ltr'><strong>Deus,</strong></span> <span class='ocrx_word' id='word_1_808' title='bbox 3432 3891 3656 3947; x_wconf 79' lang='lat' dir='ltr'><strong>salvator</strong></span> <span class='ocrx_word' id='word_1_809' title='bbox 3676 3914 3761 3950; x_wconf 85' lang='lat' dir='ltr'><strong>uo-</strong></span> 
     </span>
    </p>
   </div>
   <div class='ocr_carea' id='block_1_102' title="bbox 2168 3965 3758 4052">
    <p class='ocr_par' dir='ltr' id='par_1_102' title="bbox 2168 3965 3758 4052">
     <span class='ocr_line' id='line_1_102' title="bbox 2168 3965 3758 4052; baseline 0.014 -33"><span class='ocrx_word' id='word_1_810' title='bbox 2168 3975 2288 4020; x_wconf 84' lang='lat' dir='ltr'><strong>ster.</strong></span> <span class='ocrx_word' id='word_1_811' title='bbox 2322 3965 2413 4020; x_wconf 89' lang='lat' dir='ltr'><strong>Ille</strong></span> <span class='ocrx_word' id='word_1_812' title='bbox 2443 3984 2578 4022; x_wconf 91' lang='lat' dir='ltr'><strong>unus</strong></span> <span class='ocrx_word' id='word_1_813' title='bbox 2611 3970 2694 4022; x_wconf 92' lang='lat' dir='ltr'><strong>vir</strong></span> <span class='ocrx_word' id='word_1_814' title='bbox 2718 3972 2806 4040; x_wconf 90' lang='lat' dir='ltr'><strong>qui</strong></span> <span class='ocrx_word' id='word_1_815' title='bbox 2834 3973 3124 4030; x_wconf 88' lang='lat' dir='ltr'><strong>assumitur</strong></span> <span class='ocrx_word' id='word_1_816' title='bbox 3153 3976 3204 4030; x_wconf 90' lang='lat' dir='ltr'><strong>in</strong></span> <span class='ocrx_word' id='word_1_817' title='bbox 3250 3981 3504 4052; x_wconf 88' lang='lat' dir='ltr'><strong>templum</strong></span> <span class='ocrx_word' id='word_1_818' title='bbox 3539 3982 3655 4050; x_wconf 89' lang='lat' dir='ltr'><strong>Dei,</strong></span> <span class='ocrx_word' id='word_1_819' title='bbox 3702 3996 3758 4042; x_wconf 87' lang='lat' dir='ltr'><strong>et</strong></span> 
     </span>
    </p>
   </div>
   <div class='ocr_carea' id='block_1_103' title="bbox 2171 4056 3753 4142">
    <p class='ocr_par' dir='ltr' id='par_1_103' title="bbox 2171 4056 3753 4142">
     <span class='ocr_line' id='line_1_103' title="bbox 2171 4056 3753 4142; baseline 0.015 -36"><span class='ocrx_word' id='word_1_820' title='bbox 2171 4056 2351 4125; x_wconf 84' lang='lat' dir='ltr'><strong>plures</strong></span> <span class='ocrx_word' id='word_1_821' title='bbox 2377 4068 2522 4123; x_wconf 87' lang='lat' dir='ltr'><strong>sunt,</strong></span> <span class='ocrx_word' id='word_1_822' title='bbox 2572 4066 2627 4112; x_wconf 88' lang='lat' dir='ltr'><strong>et</strong></span> <span class='ocrx_word' id='word_1_823' title='bbox 2671 4077 2807 4114; x_wconf 84' lang='lat' dir='ltr'><strong>unus</strong></span> <span class='ocrx_word' id='word_1_824' title='bbox 2853 4074 2953 4115; x_wconf 72' lang='lat' dir='ltr'><strong>est.</strong></span> <span class='ocrx_word' id='word_1_825' title='bbox 3006 4065 3081 4124; x_wconf 77' lang='lat' dir='ltr'><strong>Ex</strong></span> <span class='ocrx_word' id='word_1_826' title='bbox 3124 4067 3280 4123; x_wconf 87' lang='lat' dir='ltr'><strong>unius</strong></span> <span class='ocrx_word' id='word_1_827' title='bbox 3327 4085 3553 4139; x_wconf 79' lang='lat' dir='ltr'><strong>persona</strong></span> <span class='ocrx_word' id='word_1_828' title='bbox 3597 4076 3753 4142; x_wconf 77' lang='lat' dir='ltr'><strong>dixit,</strong></span> 
     </span>
    </p>
   </div>
   <div class='ocr_carea' id='block_1_104' title="bbox 2169 4147 3753 4232">
    <p class='ocr_par' dir='ltr' id='par_1_104' title="bbox 2169 4147 3753 4232">
     <span class='ocr_line' id='line_1_104' title="bbox 2169 4147 3753 4232; baseline 0.014 -30"><span class='ocrx_word' id='word_1_829' title='bbox 2169 4147 2395 4217; x_wconf 73' lang='lat' dir='ltr'><strong>Emudi,</strong></span> <span class='ocrx_word' id='word_1_830' title='bbox 2433 4148 2593 4217; x_wconf 80' lang='lat' dir='ltr'><strong>Deus,</strong></span> <span class='ocrx_word' id='word_1_831' title='bbox 2621 4155 2897 4209; x_wconf 84' lang='lat' dir='ltr'><strong>orationem</strong></span> <span class='ocrx_word' id='word_1_832' title='bbox 2926 4173 3086 4211; x_wconf 76' lang='lat' dir='ltr'><strong>meant</strong></span> <span class='ocrx_word' id='word_1_833' title='bbox 3107 4175 3126 4213; x_wconf 91' lang='lat'><strong><em>:</em></strong></span> <span class='ocrx_word' id='word_1_834' title='bbox 3154 4170 3205 4215; x_wconf 90' lang='lat' dir='ltr'><strong>et</strong></span> <span class='ocrx_word' id='word_1_835' title='bbox 3234 4163 3355 4231; x_wconf 89' lang='lat' dir='ltr'><strong>quia</strong></span> <span class='ocrx_word' id='word_1_836' title='bbox 3382 4163 3495 4232; x_wconf 89' lang='lat' dir='ltr'><strong>ipse</strong></span> <span class='ocrx_word' id='word_1_837' title='bbox 3524 4183 3664 4223; x_wconf 85' lang='lat' dir='ltr'><strong>unus</strong></span> <span class='ocrx_word' id='word_1_838' title='bbox 3687 4185 3753 4224; x_wconf 77' lang='lat' dir='ltr'><strong>ex</strong></span> 
     </span>
    </p>
   </div>
   <div class='ocr_carea' id='block_1_105' title="bbox 2169 4238 3754 4323">
    <p class='ocr_par' dir='ltr' id='par_1_105' title="bbox 2169 4238 3754 4323">
     <span class='ocr_line' id='line_1_105' title="bbox 2169 4238 3754 4323; baseline 0.015 -31"><span class='ocrx_word' id='word_1_839' title='bbox 2169 4241 2409 4309; x_wconf 89' lang='lat' dir='ltr'><strong>pluribus</strong></span> <span class='ocrx_word' id='word_1_840' title='bbox 2426 4238 2659 4310; x_wconf 84' lang='lat' dir='ltr'><strong>constat,</strong></span> <span class='ocrx_word' id='word_1_841' title='bbox 2695 4245 2854 4300; x_wconf 85' lang='lat' dir='ltr'><strong>modo</strong></span> <span class='ocrx_word' id='word_1_842' title='bbox 2879 4247 2972 4311; x_wconf 85' lang='lat' dir='ltr'><strong>ait,</strong></span> <span class='ocrx_word' id='word_1_843' title='bbox 3010 4248 3214 4307; x_wconf 72' lang='lat' dir='ltr'><strong>Exaudi</strong></span> <span class='ocrx_word' id='word_1_844' title='bbox 3241 4270 3352 4317; x_wconf 84' lang='lat' dir='ltr'><strong>uos,</strong></span> <span class='ocrx_word' id='word_1_845' title='bbox 3383 4253 3543 4323; x_wconf 77' lang='lat' dir='ltr'><strong>Deus,</strong></span> <span class='ocrx_word' id='word_1_846' title='bbox 3582 4263 3754 4314; x_wconf 73' lang='lat' dir='ltr'><strong>salva-</strong></span> 
     </span>
    </p>
   </div>
   <div class='ocr_carea' id='block_1_106' title="bbox 2166 4337 3752 4419">
    <p class='ocr_par' dir='ltr' id='par_1_106' title="bbox 2166 4337 3752 4419">
     <span class='ocr_line' id='line_1_106' title="bbox 2166 4337 3752 4419; baseline 0.015 -33"><span class='ocrx_word' id='word_1_847' title='bbox 2166 4345 2246 4387; x_wconf 85' lang='lat' dir='ltr'><strong>tor</strong></span> <span class='ocrx_word' id='word_1_848' title='bbox 2270 4346 2456 4389; x_wconf 81' lang='lat' dir='ltr'><strong>noster.</strong></span> <span class='ocrx_word' id='word_1_849' title='bbox 2491 4337 2625 4391; x_wconf 80' lang='lat' dir='ltr'><strong>Audi</strong></span> <span class='ocrx_word' id='word_1_850' title='bbox 2656 4337 2801 4393; x_wconf 90' lang='lat' dir='ltr'><strong>illum</strong></span> <span class='ocrx_word' id='word_1_851' title='bbox 2817 4340 3182 4412; x_wconf 8' lang='lat' dir='ltr'><strong>jamvapertius</strong></span> <span class='ocrx_word' id='word_1_852' title='bbox 3205 4348 3515 4419; x_wconf 68' lang='lat' dir='ltr'><strong>pra&#39;dicari:</strong></span> <span class='ocrx_word' id='word_1_853' title='bbox 3546 4351 3752 4410; x_wconf 62' lang='lat' dir='ltr'><strong>Exaudi</strong></span> 
     </span>
    </p>
   </div>
   <div class='ocr_carea' id='block_1_107' title="bbox 2165 4425 3745 4512">
    <p class='ocr_par' dir='ltr' id='par_1_107' title="bbox 2165 4425 3745 4512">
     <span class='ocr_line' id='line_1_107' title="bbox 2165 4425 3745 4512; baseline 0.013 -33"><span class='ocrx_word' id='word_1_854' title='bbox 2165 4443 2277 4490; x_wconf 79' lang='lat' dir='ltr'><strong>nos,</strong></span> <span class='ocrx_word' id='word_1_855' title='bbox 2309 4425 2467 4494; x_wconf 83' lang='lat' dir='ltr'><strong>Deus,</strong></span> <span class='ocrx_word' id='word_1_856' title='bbox 2502 4427 2725 4483; x_wconf 76' lang='lat' dir='ltr'><strong>salvator</strong></span> <span class='ocrx_word' id='word_1_857' title='bbox 2755 4441 2955 4497; x_wconf 76' lang='lat' dir='ltr'><strong>uoster;</strong></span> <span class='ocrx_word' id='word_1_858' title='bbox 2982 4451 3095 4505; x_wconf 69' lang='lat' dir='ltr'><strong>apes</strong></span> <span class='ocrx_word' id='word_1_859' title='bbox 3120 4438 3344 4492; x_wconf 77' lang='lat' dir='ltr'><strong>omnium</strong></span> <span class='ocrx_word' id='word_1_860' title='bbox 3370 4440 3553 4510; x_wconf 78' lang='lat' dir='ltr'><strong>ﬁnium</strong></span> <span class='ocrx_word' id='word_1_861' title='bbox 3579 4455 3745 4512; x_wconf 67' lang='lat' dir='ltr'><strong>terrtr,</strong></span> 
     </span>
    </p>
   </div>
   <div class='ocr_carea' id='block_1_108' title="bbox 2164 4518 3751 4593">
    <p class='ocr_par' dir='ltr' id='par_1_108' title="bbox 2164 4518 3751 4593">
     <span class='ocr_line' id='line_1_108' title="bbox 2164 4518 3751 4593; baseline 0.014 -22"><span class='ocrx_word' id='word_1_862' title='bbox 2164 4527 2209 4571; x_wconf 85' lang='lat' dir='ltr'><strong>et</strong></span> <span class='ocrx_word' id='word_1_863' title='bbox 2234 4518 2286 4572; x_wconf 82' lang='lat' dir='ltr'><strong>in</strong></span> <span class='ocrx_word' id='word_1_864' title='bbox 2317 4518 2446 4572; x_wconf 83' lang='lat' dir='ltr'><strong>mari</strong></span> <span class='ocrx_word' id='word_1_865' title='bbox 2476 4520 2640 4592; x_wconf 82' lang='lat' dir='ltr'><strong>longe.</strong></span> <span class='ocrx_word' id='word_1_866' title='bbox 2689 4522 2824 4579; x_wconf 86' lang='lat' dir='ltr'><strong>Ecce</strong></span> <span class='ocrx_word' id='word_1_867' title='bbox 2852 4526 2992 4580; x_wconf 87' lang='lat' dir='ltr'><strong>unde</strong></span> <span class='ocrx_word' id='word_1_868' title='bbox 3018 4526 3218 4584; x_wconf 82' lang='lat' dir='ltr'><strong>dictum</strong></span> <span class='ocrx_word' id='word_1_869' title='bbox 3246 4538 3363 4587; x_wconf 85' lang='lat' dir='ltr'><strong>est:</strong></span> <span class='ocrx_word' id='word_1_870' title='bbox 3396 4534 3476 4586; x_wconf 81' lang='lat' dir='ltr'><strong>Ad</strong></span> <span class='ocrx_word' id='word_1_871' title='bbox 3509 4544 3557 4591; x_wconf 77' lang='lat' dir='ltr'><strong>te</strong></span> <span class='ocrx_word' id='word_1_872' title='bbox 3584 4540 3751 4593; x_wconf 84' lang='lat' dir='ltr'><strong>omnis</strong></span> 
     </span>
    </p>
   </div>
   <div class='ocr_carea' id='block_1_109' title="bbox 2159 4612 3754 4697">
    <p class='ocr_par' dir='ltr' id='par_1_109' title="bbox 2159 4612 3754 4697">
     <span class='ocr_line' id='line_1_109' title="bbox 2159 4612 3754 4697; baseline 0.013 -33"><span class='ocrx_word' id='word_1_873' title='bbox 2159 4627 2282 4665; x_wconf 80' lang='lat' dir='ltr'><strong>caro</strong></span> <span class='ocrx_word' id='word_1_874' title='bbox 2323 4614 2503 4667; x_wconf 81' lang='lat' dir='ltr'><strong>veniet.</strong></span> <span class='ocrx_word' id='word_1_875' title='bbox 2552 4612 2799 4684; x_wconf 85' lang='lat' dir='ltr'><strong>Undique</strong></span> <span class='ocrx_word' id='word_1_876' title='bbox 2843 4619 3072 4676; x_wconf 80' lang='lat' dir='ltr'><strong>venitur.</strong></span> <span class='ocrx_word' id='word_1_877' title='bbox 3122 4621 3254 4690; x_wconf 87' lang='lat' dir='ltr'><strong>Spes</strong></span> <span class='ocrx_word' id='word_1_878' title='bbox 3297 4627 3519 4681; x_wconf 85' lang='lat' dir='ltr'><strong>omnium</strong></span> <span class='ocrx_word' id='word_1_879' title='bbox 3564 4630 3754 4697; x_wconf 73' lang='lat' dir='ltr'><strong>ﬁnium</strong></span> 
     </span>
    </p>
   </div>
   <div class='ocr_carea' id='block_1_110' title="bbox 2160 4707 3767 4786">
    <p class='ocr_par' dir='ltr' id='par_1_110' title="bbox 2160 4707 3767 4786">
     <span class='ocr_line' id='line_1_110' title="bbox 2160 4707 3767 4786; baseline 0.016 -31"><span class='ocrx_word' id='word_1_880' title='bbox 2160 4712 2307 4757; x_wconf 68' lang='lat' dir='ltr'><strong>terrae</strong></span> <span class='ocrx_word' id='word_1_881' title='bbox 2329 4720 2346 4757; x_wconf 91' lang='lat'><strong><em>:</em></strong></span> <span class='ocrx_word' id='word_1_882' title='bbox 2368 4720 2473 4758; x_wconf 86' lang='lat' dir='ltr'><strong>non</strong></span> <span class='ocrx_word' id='word_1_883' title='bbox 2500 4719 2622 4773; x_wconf 83' lang='lat' dir='ltr'><strong>spes</strong></span> <span class='ocrx_word' id='word_1_884' title='bbox 2650 4707 2805 4763; x_wconf 89' lang='lat' dir='ltr'><strong>unius</strong></span> <span class='ocrx_word' id='word_1_885' title='bbox 2832 4709 3030 4779; x_wconf 79' lang='lat' dir='ltr'><strong>anguli,</strong></span> <span class='ocrx_word' id='word_1_886' title='bbox 3063 4726 3169 4766; x_wconf 82' lang='lat' dir='ltr'><strong>non</strong></span> <span class='ocrx_word' id='word_1_887' title='bbox 3188 4718 3313 4784; x_wconf 81' lang='lat' dir='ltr'><strong>spes</strong></span> <span class='ocrx_word' id='word_1_888' title='bbox 3332 4716 3494 4772; x_wconf 84' lang='lat' dir='ltr'><strong>solius</strong></span> <span class='ocrx_word' id='word_1_889' title='bbox 3520 4718 3546 4775; x_wconf 88' lang='lat' dir='ltr'><strong>J</strong></span> <span class='ocrx_word' id='word_1_890' title='bbox 3557 4721 3767 4786; x_wconf 21' lang='lat' dir='ltr'><strong>uda-.13..</strong></span> 
     </span>
    </p>
   </div>
   <div class='ocr_carea' id='block_1_111' title="bbox 2161 4799 3746 4887">
    <p class='ocr_par' dir='ltr' id='par_1_111' title="bbox 2161 4799 3746 4887">
     <span class='ocr_line' id='line_1_111' title="bbox 2161 4799 3746 4887; baseline 0.015 -41"><span class='ocrx_word' id='word_1_891' title='bbox 2161 4812 2265 4851; x_wconf 85' lang='lat' dir='ltr'><strong>non</strong></span> <span class='ocrx_word' id='word_1_892' title='bbox 2296 4811 2418 4867; x_wconf 83' lang='lat' dir='ltr'><strong>spes</strong></span> <span class='ocrx_word' id='word_1_893' title='bbox 2445 4799 2613 4854; x_wconf 89' lang='lat' dir='ltr'><strong>solius</strong></span> <span class='ocrx_word' id='word_1_894' title='bbox 2644 4799 2858 4867; x_wconf 74' lang='lat' dir='ltr'><strong>Africrr,</strong></span> <span class='ocrx_word' id='word_1_895' title='bbox 2895 4818 3000 4859; x_wconf 92' lang='lat' dir='ltr'><strong>non</strong></span> <span class='ocrx_word' id='word_1_896' title='bbox 3025 4818 3147 4875; x_wconf 82' lang='lat' dir='ltr'><strong>Spes</strong></span> <span class='ocrx_word' id='word_1_897' title='bbox 3174 4806 3478 4877; x_wconf 74' lang='lat' dir='ltr'><strong>Pamionitc,</strong></span> <span class='ocrx_word' id='word_1_898' title='bbox 3499 4827 3605 4869; x_wconf 91' lang='lat' dir='ltr'><strong>non</strong></span> <span class='ocrx_word' id='word_1_899' title='bbox 3623 4828 3746 4887; x_wconf 86' lang='lat' dir='ltr'><strong>spes</strong></span> 
     </span>
    </p>
   </div>
   <div class='ocr_carea' id='block_1_112' title="bbox 2158 4888 3745 4973">
    <p class='ocr_par' dir='ltr' id='par_1_112' title="bbox 2158 4888 3745 4973">
     <span class='ocr_line' id='line_1_112' title="bbox 2158 4888 3745 4973; baseline 0.012 -31"><span class='ocrx_word' id='word_1_900' title='bbox 2158 4888 2411 4952; x_wconf 87' lang='lat' dir='ltr'><strong>Orientis,</strong></span> <span class='ocrx_word' id='word_1_901' title='bbox 2444 4899 2534 4945; x_wconf 88' lang='lat' dir='ltr'><strong>aut</strong></span> <span class='ocrx_word' id='word_1_902' title='bbox 2560 4889 2898 4958; x_wconf 84' lang='lat' dir='ltr'><strong>Occidentis;</strong></span> <span class='ocrx_word' id='word_1_903' title='bbox 2935 4895 3029 4950; x_wconf 89' lang='lat' dir='ltr'><strong>sed</strong></span> <span class='ocrx_word' id='word_1_904' title='bbox 3061 4914 3173 4965; x_wconf 84' lang='lat' dir='ltr'><strong>spes</strong></span> <span class='ocrx_word' id='word_1_905' title='bbox 3199 4900 3423 4953; x_wconf 82' lang='lat' dir='ltr'><strong>omnium</strong></span> <span class='ocrx_word' id='word_1_906' title='bbox 3448 4902 3627 4973; x_wconf 76' lang='lat' dir='ltr'><strong>ﬁnium</strong></span> <span class='ocrx_word' id='word_1_907' title='bbox 3650 4916 3745 4961; x_wconf 82' lang='lat' dir='ltr'><strong>ter-</strong></span> 
     </span>
    </p>
   </div>
   <div class='ocr_carea' id='block_1_113' title="bbox 2157 4982 3748 5058">
    <p class='ocr_par' dir='ltr' id='par_1_113' title="bbox 2157 4982 3748 5058">
     <span class='ocr_line' id='line_1_113' title="bbox 2157 4982 3748 5058; baseline 0.014 -25"><span class='ocrx_word' id='word_1_908' title='bbox 2157 4999 2251 5045; x_wconf 75' lang='lat' dir='ltr'><strong>rm,</strong></span> <span class='ocrx_word' id='word_1_909' title='bbox 2280 4993 2327 5036; x_wconf 85' lang='lat' dir='ltr'><strong>et</strong></span> <span class='ocrx_word' id='word_1_910' title='bbox 2352 4982 2405 5035; x_wconf 83' lang='lat' dir='ltr'><strong>in</strong></span> <span class='ocrx_word' id='word_1_911' title='bbox 2434 4984 2564 5037; x_wconf 88' lang='lat' dir='ltr'><strong>mari</strong></span> <span class='ocrx_word' id='word_1_912' title='bbox 2588 4985 2736 5057; x_wconf 81' lang='lat' dir='ltr'><strong>longe</strong></span> <span class='ocrx_word' id='word_1_913' title='bbox 2759 5001 2778 5040; x_wconf 91' lang='lat'><strong><em>:</em></strong></span> <span class='ocrx_word' id='word_1_914' title='bbox 2796 4986 3029 5057; x_wconf 85' lang='lat' dir='ltr'><strong>ipsorum</strong></span> <span class='ocrx_word' id='word_1_915' title='bbox 3056 4990 3235 5058; x_wconf 78' lang='lat' dir='ltr'><strong>ﬁniunt</strong></span> <span class='ocrx_word' id='word_1_916' title='bbox 3266 5002 3430 5051; x_wconf 60' lang='lat' dir='ltr'><strong>terra.</strong></span> <span class='ocrx_word' id='word_1_917' title='bbox 3462 4994 3523 5049; x_wconf 88' lang='lat' dir='ltr'><strong>Et</strong></span> <span class='ocrx_word' id='word_1_918' title='bbox 3539 4998 3591 5052; x_wconf 86' lang='lat' dir='ltr'><strong>in</strong></span> <span class='ocrx_word' id='word_1_919' title='bbox 3613 4990 3748 5055; x_wconf 82' lang='lat' dir='ltr'><strong>mari</strong></span> 
     </span>
    </p>
   </div>
   <div class='ocr_carea' id='block_1_114' title="bbox 2157 5076 3742 5162">
    <p class='ocr_par' dir='ltr' id='par_1_114' title="bbox 2157 5076 3742 5162">
     <span class='ocr_line' id='line_1_114' title="bbox 2157 5076 3742 5162; baseline 0.013 -35"><span class='ocrx_word' id='word_1_920' title='bbox 2157 5076 2305 5144; x_wconf 82' lang='lat' dir='ltr'><strong>longe</strong></span> <span class='ocrx_word' id='word_1_921' title='bbox 2323 5092 2341 5129; x_wconf 93' lang='lat'><strong><em>:</em></strong></span> <span class='ocrx_word' id='word_1_922' title='bbox 2364 5086 2416 5130; x_wconf 88' lang='lat' dir='ltr'><strong>et</strong></span> <span class='ocrx_word' id='word_1_923' title='bbox 2439 5076 2559 5147; x_wconf 87' lang='lat' dir='ltr'><strong>quia</strong></span> <span class='ocrx_word' id='word_1_924' title='bbox 2580 5078 2630 5132; x_wconf 89' lang='lat' dir='ltr'><strong>in</strong></span> <span class='ocrx_word' id='word_1_925' title='bbox 2652 5080 2806 5144; x_wconf 85' lang='lat' dir='ltr'><strong>mari,</strong></span> <span class='ocrx_word' id='word_1_926' title='bbox 2837 5079 2956 5135; x_wconf 88' lang='lat' dir='ltr'><strong>ideo</strong></span> <span class='ocrx_word' id='word_1_927' title='bbox 2973 5082 3149 5154; x_wconf 80' lang='lat' dir='ltr'><strong>longe.</strong></span> <span class='ocrx_word' id='word_1_928' title='bbox 3176 5085 3320 5146; x_wconf 74' lang='lat' dir='ltr'><strong>Mare</strong></span> <span class='ocrx_word' id='word_1_929' title='bbox 3341 5088 3481 5144; x_wconf 88' lang='lat' dir='ltr'><strong>enim</strong></span> <span class='ocrx_word' id='word_1_930' title='bbox 3500 5090 3550 5145; x_wconf 90' lang='lat' dir='ltr'><strong>in</strong></span> <span class='ocrx_word' id='word_1_931' title='bbox 3574 5090 3742 5162; x_wconf 76' lang='lat' dir='ltr'><strong>ﬁgunt</strong></span> 
     </span>
    </p>
   </div>
   <div class='ocr_carea' id='block_1_115' title="bbox 2155 5166 3740 5248">
    <p class='ocr_par' dir='ltr' id='par_1_115' title="bbox 2155 5166 3740 5248">
     <span class='ocr_line' id='line_1_115' title="bbox 2155 5166 3740 5248; baseline 0.013 -31"><span class='ocrx_word' id='word_1_932' title='bbox 2155 5166 2351 5219; x_wconf 84' lang='lat' dir='ltr'><strong>dicitur</strong></span> <span class='ocrx_word' id='word_1_933' title='bbox 2379 5168 2632 5222; x_wconf 69' lang='lat' dir='ltr'><strong>swculum</strong></span> <span class='ocrx_word' id='word_1_934' title='bbox 2666 5167 2784 5235; x_wconf 78' lang='lat' dir='ltr'><strong>hoc,</strong></span> <span class='ocrx_word' id='word_1_935' title='bbox 2811 5171 3047 5229; x_wconf 86' lang='lat' dir='ltr'><strong>salsitate</strong></span> <span class='ocrx_word' id='word_1_936' title='bbox 3071 5189 3332 5241; x_wconf 89' lang='lat' dir='ltr'><strong>amarum,</strong></span> <span class='ocrx_word' id='word_1_937' title='bbox 3359 5182 3602 5248; x_wconf 87' lang='lat' dir='ltr'><strong>procellis</strong></span> <span class='ocrx_word' id='word_1_938' title='bbox 3626 5190 3740 5237; x_wconf 86' lang='lat' dir='ltr'><strong>tur-</strong></span> 
     </span>
    </p>
   </div>
   <div class='ocr_carea' id='block_1_116' title="bbox 2155 5257 3736 5343">
    <p class='ocr_par' dir='ltr' id='par_1_116' title="bbox 2155 5257 3736 5343">
     <span class='ocr_line' id='line_1_116' title="bbox 2155 5257 3736 5343; baseline 0.011 -32"><span class='ocrx_word' id='word_1_939' title='bbox 2155 5258 2461 5320; x_wconf 85' lang='lat' dir='ltr'><strong>bulentum;</strong></span> <span class='ocrx_word' id='word_1_940' title='bbox 2491 5257 2583 5313; x_wconf 88' lang='lat' dir='ltr'><strong>ubi</strong></span> <span class='ocrx_word' id='word_1_941' title='bbox 2608 5257 2852 5317; x_wconf 88' lang='lat' dir='ltr'><strong>homines</strong></span> <span class='ocrx_word' id='word_1_942' title='bbox 2870 5263 3241 5334; x_wconf 80' lang='lat' dir='ltr'><strong>cupiditatibus</strong></span> <span class='ocrx_word' id='word_1_943' title='bbox 3269 5270 3530 5337; x_wconf 84' lang='lat' dir='ltr'><strong>perversis</strong></span> <span class='ocrx_word' id='word_1_944' title='bbox 3549 5283 3603 5327; x_wconf 93' lang='lat' dir='ltr'><strong>ct</strong></span> <span class='ocrx_word' id='word_1_945' title='bbox 3620 5291 3736 5343; x_wconf 85' lang='lat' dir='ltr'><strong>pra-</strong></span> 
     </span>
    </p>
   </div>
   <div class='ocr_carea' id='block_1_117' title="bbox 2154 5347 3740 5421">
    <p class='ocr_par' dir='ltr' id='par_1_117' title="bbox 2154 5347 3740 5421">
     <span class='ocr_line' id='line_1_117' title="bbox 2154 5347 3740 5421; baseline 0.013 -22"><span class='ocrx_word' id='word_1_946' title='bbox 2154 5348 2234 5401; x_wconf 82' lang='lat' dir='ltr'><strong>vis</strong></span> <span class='ocrx_word' id='word_1_947' title='bbox 2262 5347 2383 5401; x_wconf 82' lang='lat' dir='ltr'><strong>facti</strong></span> <span class='ocrx_word' id='word_1_948' title='bbox 2412 5357 2540 5403; x_wconf 81' lang='lat' dir='ltr'><strong>sunt</strong></span> <span class='ocrx_word' id='word_1_949' title='bbox 2568 5350 2712 5404; x_wconf 82' lang='lat' dir='ltr'><strong>velut</strong></span> <span class='ocrx_word' id='word_1_950' title='bbox 2740 5351 2912 5421; x_wconf 78' lang='lat' dir='ltr'><strong>pisces</strong></span> <span class='ocrx_word' id='word_1_951' title='bbox 2942 5352 3167 5411; x_wconf 79' lang='lat' dir='ltr'><strong>invicem</strong></span> <span class='ocrx_word' id='word_1_952' title='bbox 3193 5371 3252 5413; x_wconf 88' lang='lat' dir='ltr'><strong>se</strong></span> <span class='ocrx_word' id='word_1_953' title='bbox 3280 5357 3618 5418; x_wconf 80' lang='lat' dir='ltr'><strong>devorantes.</strong></span> <span class='ocrx_word' id='word_1_954' title='bbox 3643 5367 3740 5419; x_wconf 72' lang='lat' dir='ltr'><strong>At-</strong></span> 
     </span>
    </p>
   </div>
   <div class='ocr_carea' id='block_1_118' title="bbox 2151 5438 3737 5524">
    <p class='ocr_par' dir='ltr' id='par_1_118' title="bbox 2151 5438 3737 5524">
     <span class='ocr_line' id='line_1_118' title="bbox 2151 5438 3737 5524; baseline 0.014 -33"><span class='ocrx_word' id='word_1_955' title='bbox 2151 5438 2356 5492; x_wconf 79' lang='lat' dir='ltr'><strong>tcndite</strong></span> <span class='ocrx_word' id='word_1_956' title='bbox 2377 5454 2525 5493; x_wconf 84' lang='lat' dir='ltr'><strong>mare</strong></span> <span class='ocrx_word' id='word_1_957' title='bbox 2545 5441 2761 5506; x_wconf 88' lang='lat' dir='ltr'><strong>malum,</strong></span> <span class='ocrx_word' id='word_1_958' title='bbox 2793 5458 2937 5499; x_wconf 85' lang='lat' dir='ltr'><strong>mare</strong></span> <span class='ocrx_word' id='word_1_959' title='bbox 2964 5460 3224 5515; x_wconf 86' lang='lat' dir='ltr'><strong>amarum,</strong></span> <span class='ocrx_word' id='word_1_960' title='bbox 3246 5448 3491 5512; x_wconf 82' lang='lat' dir='ltr'><strong>ﬂuctibus</strong></span> <span class='ocrx_word' id='word_1_961' title='bbox 3512 5470 3737 5524; x_wconf 56' lang='lat' dir='ltr'><strong>sevum;</strong></span> 
     </span>
    </p>
   </div>
   <div class='ocr_carea' id='block_1_119' title="bbox 2152 5526 3741 5619">
    <p class='ocr_par' dir='ltr' id='par_1_119' title="bbox 2152 5526 3741 5619">
     <span class='ocr_line' id='line_1_119' title="bbox 2152 5526 3741 5619; baseline 0.015 -38"><span class='ocrx_word' id='word_1_962' title='bbox 2152 5528 2413 5585; x_wconf 84' lang='lat' dir='ltr'><strong>attendite</strong></span> <span class='ocrx_word' id='word_1_963' title='bbox 2438 5530 2686 5601; x_wconf 87' lang='lat' dir='ltr'><strong>qualibus</strong></span> <span class='ocrx_word' id='word_1_964' title='bbox 2731 5532 3033 5591; x_wconf 85' lang='lat' dir='ltr'><strong>hominibus</strong></span> <span class='ocrx_word' id='word_1_965' title='bbox 3060 5538 3273 5608; x_wconf 85' lang='lat' dir='ltr'><strong>plenum</strong></span> <span class='ocrx_word' id='word_1_966' title='bbox 3292 5526 3388 5599; x_wconf 0' lang='lat' dir='ltr'><strong>dsit.</strong></span> <span class='ocrx_word' id='word_1_967' title='bbox 3431 5544 3559 5613; x_wconf 87' lang='lat' dir='ltr'><strong>Quis</strong></span> <span class='ocrx_word' id='word_1_968' title='bbox 3589 5561 3741 5619; x_wconf 81' lang='lat' dir='ltr'><strong>optat</strong></span> 
     </span>
    </p>
   </div>
   <div class='ocr_carea' id='block_1_120' title="bbox 2148 5659 3735 5787">
    <p class='ocr_par' dir='ltr' id='par_1_120' title="bbox 2148 5659 3735 5787">
     <span class='ocr_line' id='line_1_120' title="bbox 2148 5659 3735 5787; baseline 0.013 -69"><span class='ocrx_word' id='word_1_969' title='bbox 2148 5659 2575 5787; x_wconf 36' lang='lat' dir='ltr'><strong>palma“</strong></span> <span class='ocrx_word' id='word_1_970' title='bbox 2601 5674 2644 5722; x_wconf 81' lang='lat' dir='ltr'><strong>et</strong></span> <span class='ocrx_word' id='word_1_971' title='bbox 2672 5676 2851 5721; x_wconf 75' lang='lat' dir='ltr'><strong>rectum</strong></span> <span class='ocrx_word' id='word_1_972' title='bbox 2874 5670 3014 5735; x_wconf 74' lang='lat' dir='ltr'><strong>sapit,</strong></span> <span class='ocrx_word' id='word_1_973' title='bbox 3043 5671 3282 5738; x_wconf 74' lang='lat' dir='ltr'><strong>itttrgrmu</strong></span> <span class='ocrx_word' id='word_1_974' title='bbox 3312 5677 3455 5731; x_wconf 58' lang='lat' dir='ltr'><strong>colit.</strong></span> <span class='ocrx_word' id='word_1_975' title='bbox 3483 5682 3586 5749; x_wconf 75' lang='lat' dir='ltr'><strong>Alii,</strong></span> <span class='ocrx_word' id='word_1_976' title='bbox 3614 5686 3735 5739; x_wconf 68' lang='lat' dir='ltr'><strong>am-</strong></span> 
     </span>
    </p>
   </div>
  </div>
