3934 6356
154 455 238 514 781
1240 433 1641 499 ENARRATIO
1680 432 1716 494 ἸΙ

1827 435 2111 496 'SALMUM
2131 443 2138 447 ’
2155 441 2268 494 LXI
2281 441 2313 493 κ·
2327 480 2340 493 .

150 563 514 624 hereditatem,
549 559 646 614 nisi
678 569 848 614 morte
878 556 1128 613 alterius?
1158 556 1278 626 quis
1306 564 1452 623 nptat
1484 555 1710 619 lucrum,

147 657 234 713 nisi
259 656 449 710 damno
477 650 733 706 alterius?
760 650 928 717 Quam
972 647 1119 701 multi
1162 647 1386 699 aliorum
1415 642 1716 698 defectione

145 749 341 818 cupiunt
367 721 677 799 sublimari!
707 758 865 812 quam
899 740 1048 794 multi
1083 751 1139 792 ut
1165 749 1343 791 emant
1370 748 1557 806 optant
1580 735 1714 789 alios

147 839 352 894 vendere
381 852 470 891 res
500 835 656 890 suas!
688 832 957 903 quomodo
984 847 1042 884 se
1063 832 1288 884 invicem
1313 829 1643 897 opprimunt,
1662 835 1714 878 et

144 930 221 1003 qui
247 925 764 999 possuntdevorant!
796 933 849 977 et
872 938 993 976 cum
1019 921 1359 974 devoraverit
1389 933 1525 971 unus
1555 918 1714 986 piscis

146 1023 293 1092 major
312 1023 595 1083 minorem,
628 1016 920 1070 devoratur
947 1023 997 1066 et
1025 1012 1138 1081 ipse
1168 1028 1196 1063 a
1227 1011 1449 1080 majore.
1481 1007 1526 1062 Ο
1557 1008 1714 1078 piscis

146 1114 282 1176 male,
313 1110 545 1180 pranlam
579 1109 656 1161 iis
682 1107 748 1160 de
780 1121 977 1176 parvo;
1010 1103 1186 1173 prteda
1217 1101 1468 1156 efncieris
1496 1117 1711 1168 magno.

148 1203 371 1274 Quotidie
400 1203 497 1256 ista
520 1200 792 1263 eveniunt,
823 1207 949 1252 ante
978 1211 1075 1250 nos
1107 1204 1262 1260 sunt;
1291 1194 1566 1248 videmus‘
1599 1192 1710 1258 illa,

145 1297 439 1350 horreamus
461 1292 570 1345 illa.
592 1289 705 1344 Non
732 1289 819 1342 illa
847 1302 1083 1356 agamus,
1115 1287 1326 1350 fratres,
1355 1285 1476 1354 quia
1497 1300 1612 1352 spes
1632 1293 1714 1336 est

146 1387 222 1441 ille
245 1386 417 1455 ﬁnium
440 1398 603 1438 ten-tr.
641 1382 731 1435 llle
755 1379 799 1433 si
831 1393 932 1433 non
965 1390 1108 1434 CSsel
1132 1394 1264 1446 spes,
1293 1384 1341 1429 et
1363 1377 1414 1429 in
1449 1375 1576 1427 mari
1597 1375 1712 1426 ton-

143 1493 332 1551 ge,_non
359 1479 565 1531 diceret
592 1474 866 1542 discipulis
894 1471 1004 1524 suis
1027 1488 1038 1524 :
1065 1469 1276 1523 Faciant
1315 1484 1401 1523 vos
1441 1468 1714 1536 piscatores

145 1574 381 1626 hominum
413 1568 623 1640 (Matth.
649 1583 720 1630 tv,
754 1564 864 1634 l9).
891 1564 1009 1618 Jam
1037 1568 1088 1616 lu
1123 1561 1254 1616 mari
1283 1560 1422 1630 capti
1457 1575 1550 1628 pcr
1577 1559 1711 1624 retia

145 1663 269 1725 fidei,
290 1661 611 1732 gaudeamus
631 1673 728 1711 nos
750 1657 818 1710 ibi
847 1663 1030 1708 natare
1048 1653 1219 1707 adhuc
1235 1652 1369 1704 intra
1396 1651 1528 1704 retia
1552 1666 1566 1714 ;
1587 1650 1714 1719 quia

145 1750 297 1808 adhuc
324 1767 473 1806 mare
503 1749 602 1803 hoc
649 1746 797 1803 sevit
845 1744 1111 1813 procellis,
1144 1742 1236 1793 sed
1270 1741 1400 1794 retia
1448 1755 1566 1808 qua:
1613 1756 1711 1793 nos

143 1852 402 1912 ceperunt,
435 1839 792 1910 perducentur
820 1835 884 1888 ad
919 1836 1084 1887 littus.
1116 1833 1287 1886 Littus
1315 1839 1398 1885 est
1440 1832 1558 1884 linis
1599 1847 1712 1882 tua-

144 1936 237 1989 ris:
259 1949 382 2002 ergo
413 1931 686 2002 perventio
709 1929 761 1980 in
793 1929 950 1979 linem
975 1923 1178 1980 sa'Culi.
1207 1921 1419 1976 Interim
1440 1922 1575 1974 intra
1599 1921 1709 1989 ipsa

144 2026 278 2085 retia.
321 2023 538 2086 fratres,
585 2020 720 2075 bene
767 2018 1039 2070 vivamus:
1069 2031 1172 2068 non
1224 2015 1353 2068 retia
1403 2021 1712 2080 rumpentes

145 2118 267 2170 foras
296 2128 567 2168 exeamus.
601 2111 743 2166 Multi
779 2109 923 2162 enim
969 2113 1227 2175 ruperunt
1273 2103 1427 2165 retia,
1469 2110 1524 2156 et
1565 2101 1712 2156 schi-

141 2219 292 2263 smata
323 2207 586 2268 fecerunt,
633 2210 688 2256 et
719 2200 860 2253 foras
887 2199 1153 2260 exierunt,
1187 2196 1309 2264 quia
1337 2191 1507 2245 malos
1538 2191 1713 2259 pisces

146 2299 263 2353 intra
283 2297 410 2351 retia
433 2305 617 2364 captos
649 2293 877 2345 tolerare
905 2304 963 2342 se
991 2289 1133 2342 nolle
1160 2287 1440 2348 dixerunt;
1471 2284 1568 2352 ipsi
1587 2282 1713 2336 mali

145 2389 250 2444 facti
287 2399 408 2442 sunt
440 2386 774 2455 potiusquam
815 2382 888 2436 illi
919 2395 1055 2449 quos
1083 2393 1142 2432 se
1171 2393 1276 2431 non
1309 2375 1546 2446 potuisse
1572 2375 1710 2428 tole-

144 2497 247 2535 rare
275 2480 581 2534 dixerunt’.
609 2477 848 2544 Namque
886 2471 976 2526 illa
1004 2471 1136 2525 retia
1170 2477 1426 2538 ceperunt
1456 2468 1629 2536 pisces
1658 2475 1712 2519 et

146 2574 314 2630 honos.
344 2581 398 2625 et
429 2571 618 2624 malos.
670 2566 926 2621 Dominus
956 2564 1083 2617 dicit
1119 2579 1133 2614 :
1172 2561 1354 2615 Simile
1390 2567 1463 2614 est
1503 2574 1713 2627 regnum

141 2665 357 2717 coriorum
390 2675 592 2730 sugente
622 2659 787 2712 missa
807 2657 856 2709 in
881 2672 1036 2717 mare,
1059 2669 1174 2725 qua:
1196 2661 1547 2722 congregata:
1577 2651 1713 2702 omni

141 2773 303 2830 genere
319 2773 338 2822 ,‘
365 2774 518 2829 quam
543 2772 657 2809 cum
684 2753 890 2822 impleta
913 2761 1038 2804 esset
1059 2749 1344 2811 educentis,
1375 2755 1422 2798 et
1457 2761 1598 2797 secus
1631 2745 1713 2796 lit-

143 2859 210 2902 ttts
232 2849 475 2911 sedentes,
503 2845 752 2915 elegerunt
782 2841 938 2896 bonos
960 2842 1011 2893 in
1037 2855 1174 2903 vasa,
1204 2837 1364 2891 malos
1386 2845 1555 2889 autem
1575 2839 1714 2904 foras

143 2941 411 2993 miserunt:
446 2939 518 2992 sic
555 2937 668 2996 erit.
719 2935 908 3003 inquit,
955 2932 1009 2985 in
1050 2930 1478 2985 consummatione
1515 2927 1710 2981 stecnfi.

141 3028 365 3083 OStcndit
394 3030 564 3090 littus,
597 3025 831 3080 ostendit
861 3026 1016 3076 linem
1047 3021 1228 3074 maris.
1261 3018 1483 3072 Exibunt
1505 3019 1709 3089 Angeli,

141 3130 180 3174 st
204 3121 503 3188 separabttut
532 3118 690 3170 malos
713 3117 776 3169 de
803 3114 965 3168 medio
984 3115 1267 3182 justornm,
1307 3120 1354 3163 et
1397 3111 1590 3163 mittent
1630 3114 1715 3162 eos

141 3212 186 3263 in
205 3211 450 3263 caminum
478 3209 608 3279 ignis
628 3224 645 3259 :
669 3207 737 3259 ibi
766 3205 856 3258 erit
882 3205 1030 3274 ﬂetus
1060 3212 1105 3255 et
1130 3201 1318 3255 stridor
1346 3201 1571 3252 dentium
1595 3200 1709 3270 (Id.

141 3316 240 3366 xm,
261 3301 464 3368 47-50).
496 3300 610 3364 Eia,
628 3299 770 3353 cives
798 3297 1116 3358 Jerusalem,
1144 3294 1231 3364 qui
1259 3294 1393 3346 intra
1413 3293 1543 3347 retia
1563 3293 1713 3359 estis,

136 3403 189 3445 et
217 3392 380 3460 pisces
410 3391 532 3446 boni
556 3390 703 3453 estis,
738 3388 958 3442 tolerate
985 3387 1181 3449 malos;
1215 3388 1343 3439 retia
1376 3386 1543 3439 nolite
1571 3401 1719 3439 rum-

144 3495 288 3549 pere:
317 3497 440 3535 cum
479 3481 584 3534 illis
611 3479 741 3534 estis
765 3478 818 3532 in
847 3477 1010 3541 mari;
1041 3492 1145 3529 non
1177 3492 1297 3530 cum
1341 3475 1445 3529 illis
1483 3476 1635 3530 eritis
1663 3477 1715 3530 in

147 3573 291 3626 vasis.
328 3573 456 3642 Spes
481 3571 623 3626 enim
654 3571 741 3624 ille
766 3570 943 3638 [inium
972 3584 1137 3632 terrm,
1173 3569 1286 3637 ipse
1315 3584 1428 3637 spes
1460 3576 1560 3634 est,
1595 3577 1639 3622 et
1664 3571 1715 3622 in

143 3665 256 3716 nutri
281 3664 446 3733 longe.
476 3663 660 3731 Longe.
691 3663 809 3731 quia
838 3671 888 3714 et
922 3662 972 3714 in
996 3661 1152 3714 n'tari.

209 3754 286 3813 ιο.
325 3753 484 3827 [vers.
515 3753 591 3824 7.]
633 3751 943 3820 Prwparans
969 3762 1160 3806 montes
1179 3752 1230 3804 in
1259 3750 1557 3822 fortitudine
1581 3767 1675 3806 sua
1697 3771 1717 3807 ε

143 3864 236 3901 non
263 3848 315 3903 in
344 3846 657 3904 fortitudine
688 3846 921 3900 illorum.
960 3845 1294 3914 Prmparavit
1322 3845 1464 3899 enim
1496 3860 1718 3914 magnos

141 3939 529 4007 praedicatores,
556 3949 612 3993 et
636 3938 779 4007 ipsos
805 3937 1093 4006 appellavit
1132 3943 1373 4002 montes;
1409 3935 1636 3989 humiles
1665 3936 1716 3989 in

143 4044 213 4096 se,
234 4031 475 4084 excelsos
507 4029 557 4081 in
587 4028 697 4082 illo.
741 4026 1052 4096 Praeparans
1096 4037 1288 4078 montes
1333 4027 1384 4078 in
1423 4024 1721 4095 fortitudine

142 4138 241 4175 sua.
273 4123 407 4188 Quid
437 4121 567 4176 dicit
596 4136 729 4173 unus
756 4135 821 4172 cx
856 4117 984 4187 ipsis
1015 4117 1320 4170 montibus?
1345 4115 1373 4169 1
1380 4117 1456 4184 psi
1473 4117 1524 4170 in
1551 4117 1719 4170 nobis-

144 4213 349 4281 metipsis
375 4228 674 4280 responsum
697 4209 870 4262 mortis
890 4209 1181 4274 habuimus,
1215 4218 1266 4260 ut
1296 4224 1396 4260 non
1422 4207 1637 4274 ﬁdentes
1665 4207 1718 4259 in

143 4303 273 4358 nobis
296 4303 479 4368 simus,
503 4301 591 4354 sed
612 4302 664 4354 in
692 4300 798 4354 Deo
838 4299 923 4366 qui
943 4299 1153 4352 suscitat
1190 4308 1411 4352 mortuos
1443 4297 1506 4368 (ll
1528 4297 1646 4353 Cor.
1679 4315 1716 4362 1,

145 4393 212 4465 9).
241 4394 339 4462 Qui
360 4395 414 4448 in
446 4409 509 4448 se
536 4392 669 4459 ﬁdit,
699 4401 753 4446 et
780 4391 830 4443 in
859 4389 1075 4444 Christo
1097 4405 1202 4442 non
1235 4388 1366 4454 fidit,
1397 4406 1502 4443 non
1542 4399 1626 4445 est
1653 4390 1720 4445 de

145 4483 215 4539 his
239 4487 512 4540 montibus
536 4498 671 4554 quos
701 4483 790 4536 ille
832 4489 1094 4552 praeparat
1147 4481 1197 4533 in
1247 4479 1559 4534 fortitudine
1602 4496 1717 4534 sua.

145 4573 446 4646 Prwparans
471 4585 663 4628 montes
684 4573 736 4626 in
764 4571 1063 4641 fortitudine
1100 4588 1213 4637 sua,
1256 4573 1638 4625 circumcinctus
1669 4574 1720 4625 in

146 4677 412 4735 potentatu.
467 4666 805 4720 Potentatum
851 4663 1549 4734 intelligo:circumcinctus,
1594 4663 1721 4733 quid

143 4761 247 4814 est?
270 4760 547 4817 Christum
580 4759 667 4828 qui
687 4757 706 4788 ³
733 4757 783 4810 in
815 4756 992 4810 medio
1023 4765 1245 4822 ponunt,
1288 4755 1722 4810 cireumcinctum

136 4847 346 4917 faciunt,
374 4851 427 4905 id
456 4860 539 4906 est
557 4849 787 4918 undique
805 4847 1060 4900 cinctum.
1086 4845 1351 4899 Habemus
1368 4845 1515 4899 illum
1537 4861 1724 4900 omnes

135 4942 518 5005 communiter;
543 4938 662 4994 ideo
685 4939 735 4991 in
765 4936 941 4991 medio
963 4947 1044 4990 est
1064 4955 1076 4991 :
1096 4937 1560 5006 circumcingimus
1578 4937 1722 4990 illum

146 5046 316 5088 omnes
354 5031 448 5103 qui
481 5030 747 5085 credimus
790 5028 842 5082 in
888 5027 1070 5093 illum;
1115 5035 1168 5080 et
1211 5027 1331 5096 quia
1374 5026 1504 5080 fides
1544 5037 1724 5082 nostra

147 5139 238 5178 non
277 5123 345 5178 de
385 5122 592 5177 viribus
633 5119 864 5183 nostris,
910 5117 1002 5172 sed
1047 5116 1114 5171 de
1155 5117 1294 5172 illius
1337 5118 1572 5186 potentia
1621 5128 1723 5185 est,

148 5212 255 5269 ideo
280 5215 676 5269 circumcinctus
703 5211 758 5264 in
784 5218 1046 5281 potentatu
1077 5223 1195 5274 suo,
1230 5224 1335 5262 non
1364 5217 1542 5264 nostra
1575 5208 1726 5263 forti-

149 5305 334 5360 tudine.

211 5395 292 5451 11.
334 5393 492 5468 [τετε.
526 5395 580 5457 8,
612 5389 695 5465 9.]
723 5392 820 5458 Qui
839 5390 1109 5446 conturbas
1133 5389 1349 5459 fundum
1373 5390 1544 5444 maris.
1579 5390 1731 5445 Fecit

151 5485 240 5541 hoc
266 5505 279 5539 :
307 5487 525 5540 videtur
553 5484 678 5553 quid
708 5483 914 5542 fecerit.
964 5480 1288 5552 Prteparavit
1333 5482 1474 5536 enim
1518 5490 1730 5536 montes

141 5575 198 5632 tiu
235 5578 548 5634 fortitudine
584 5592 716 5642 sua;
747 5575 890 5631 misit
917 5575 1038 5630 illos
1068 5573 1390 5646 praedicare;
1415 5574 1731 5630 circumcin—

205 5780 222 5811 ¹
239 5781 312 5831 sic
331 5787 440 5831 188.
473 5786 530 5828 ιι
551 5776 688 5834 Elida
707 5776 920 5828 vitemus.

204 5843 225 5906 ξ
249 5841 434 5906 Iillquot
457 5836 869 5906 lss.,_fiua:erunt.

205 5903 226 5935 ⁸
244 5906 314 5955 Sic
329 5900 441 5954 "Issa.
473 5909 530 5951 At
553 5900 685 5962 add,
702 5911 857 5963 quem.

3311 442 3432 497 ‘78!

1826 563 1944 605 ctus
1972 563 2053 606 cst
2078 567 2108 605 a
2131 553 2472 608 credentibus
2496 556 2546 608 in
2579 565 2880 624 potentatu;
2905 567 2958 611 et
2982 567 3313 612 commotum
3345 566 3427 608 est

1825 660 2011 709 mare;
2050 655 2377 699 commotum
2422 657 2502 700 est
2547 650 2818 714 saxulum,
2867 653 2920 705 et
2964 653 3126 720 ('(Bpit
3172 649 3422 721 persequi

1827 749 2043 790 sanctos
2061 737 2194 804 ejus.
2220 739 2619 792 Circumcinctns
2652 742 2700 792 in
2727 751 2985 810 potentatu
3008 759 3025 794 :
3045 742 3130 810 qui
3152 745 3426 795 conturbas

1825 829 2040 896 fundum
2068 829 2244 882 nun-is.
2279 829 2391 882 Non
2425 830 2579 893 dixit,
2613 831 2711 898 Qui
2742 833 3027 886 conturbas
3075 850 3251 896 mare;
3297 835 3418 896 sed,

1823 921 2041 989 fundum
2061 922 2234 974 maris.
2258 921 2500 974 Funditur
2521 924 2676 976 maris
2701 934 2786 977 cst
2810 940 2904 978 cor
2933 927 3236 993 impiorum.
3271 927 3427 982 Sicut

1822 1015 1963 1064 en?m
1991 1029 2017 1064 a
2041 1013 2202 1066 fundo
2228 1016 2599 1069 vehementius
2620 1017 2797 1070 omnia
2826 1026 3128 1083 moventur,
3154 1029 3208 1071 et.
3228 1019 3430 1074 fundus

1822 1106 2060 1158 continet
2089 1108 2297 1172 munia;
2330 1108 2407 1162 sic
2443 1109 2698 1178 quidquid
2741 1111 3003 1178 proc05sit
3033 1126 3128 1179 per
3168 1111 3426 1180 linguam,

1823 1212 1916 1264 per
1938 1214 2146 1264 manus,
2183 1216 2276 1267 per
2307 1212 2597 1266 potestates
2624 1202 2864 1256 diversas
2891 1203 2958 1257 ad
2992 1204 3426 1273 persecutionem

1824 1288 2098 1354 liccleshc,
2123 1290 2187 1343 de
2212 1291 2371 1345 fundo
2401 1295 2678 1361 processit.
2702 1293 2755 1347 Si
2785 1297 2929 1348 cnim
2959 1311 3063 1348 non
3091 1304 3236 1348 esset
3270 1295 3422 1348 radix

1823 1379 2113 1448 iniquitatis
2144 1381 2195 1434 in
2226 1383 2408 1443 corde,
2456 1399 2562 1436 non
2596 1385 2680 1436 illa
2725 1387 2903 1438 omnia
2936 1386 3290 1454 procederent
3317 1387 3417 1439 ad-

1823 1484 2008 1526 versus
2031 1471 2321 1525 Christum.
2341 1471 2588 1526 Fundum
2606 1476 2965 1540 cunturbavit,
2991 1475 3125 1529 forte
3148 1485 3201 1528 ttt
3231 1486 3280 1532 et
3301 1475 3419 1528 fitn-

1824 1559 1950 1613 dum
1981 1559 2319 1626 exhauriret;
2364 1579 2484 1616 nam
2518 1564 2568 1616 in
2612 1567 2764 1618 malis
2808 1566 3122 1635 quibusdam
3172 1565 3419 1621 exhausit

1822 1665 1969 1702 mare
1999 1666 2029 1704 a
2064 1651 2248 1715 fundo,
2276 1662 2331 1705 et
2371 1654 2546 1720 posuit
2577 1670 2724 1711 mare
2763 1655 3056 1710 desertum.
3107 1656 3242 1710 Dicit
3283 1657 3416 1711 illud

1819 1740 1953 1794 alius
1999 1741 2236 1809 psalmus
2280 1760 2293 1795 :
2341 1742 2438 1807 Qui
2466 1747 2706 1798 convertit
2743 1763 2879 1800 mare
2921 1747 2975 1799 in
3016 1747 3214 1800 aridum
3244 1747 3414 1816 (f’sat.

1822 1848 1943 1894 LXV,
1974 1832 2052 1902 6).
2084 1834 2280 1886 Omnes
2304 1835 2449 1902 impii
2476 1844 2529 1888 et
2556 1837 2744 1905 pagani
2765 1837 2853 1906 qtti
2885 1837 3247 1897 crediderunt.
3271 1856 3442 1894 mare.

1817 1933 2000 1985 crant;
2029 1935 2166 1977 terra
2193 1925 2316 1977 facti
2345 1935 2466 1977 sunt
2489 1943 2502 1977 :
2529 1926 2683 1980 Salsis
2712 1927 2958 1982 fluctibus
2983 1929 3157 1997 primo
3183 1932 3414 1993 steriles;

1820 2025 2002 2082 postea
2028 2015 2249 2085 justititc
2280 2016 2453 2070 fructu
2482 2016 2717 2072 fecundi.
2758 2019 2857 2085 Qui
2887 2019 3158 2073 conturbas
3199 2021 3418 2088 fundunt

1820 2105 1974 2158 moris
2013 2121 2233 2158 :sonum
2275 2107 2526 2175 ﬂuctuum
2571 2107 2680 2177 ejus
2721 2110 2834 2172 quis
2870 2107 3113 2176 stt/feret?
3140 2109 3277 2177 Quid
3312 2122 3416 2176 est,

1818 2197 1929 2262 quis
1955 2195 2199 2262 stt/feret?
2227 2196 2360 2262 Quis
2382 2198 2542 2252 homo
2568 2197 2790 2253 sufferet
2812 2215 3001 2254 sonum
3031 2201 3420 2257 fluctuumtna-

1820 2287 1914 2350 ris,
1943 2285 2214 2355 jussiones
2242 2286 2630 2342 sublimitatum
2674 2287 2896 2343 saeculi?
2942 2289 3048 2344 Sed
3076 2290 3218 2346 unde
3263 2292 3420 2346 suffe-

1820 2376 2052 2429 runtur?
2094 2376 2227 2442 Quia
2273 2387 2538 2447 praeparat
2579 2389 2793 2434 montes
2837 2380 2888 2434 in
2938 2380 3247 2437 fortitudine
3296 2399 3413 2438 sua.

1817 2466 1969 2534 Quod
2015 2483 2142 2538 ergo
2182 2469 2334 2532 dixit,
2376 2473 2488 2541 quis
2528 2468 2773 2538 sufferet?
2800 2472 2901 2528 hoc
2934 2475 3030 2542 ait,
3057 2472 3166 2528 Nos
3194 2475 3292 2545 ipsi
3321 2476 3419 2546 per

1819 2561 2176 2629 nosmetipsos
2217 2560 2438 2616 sufl‘errc
2486 2563 2604 2617 illas
2649 2565 3046 2632 persecutiones
3077 2581 3181 2620 non
3223 2582 3413 2642 possc-

1819 2667 1958 2716 mus,
2007 2653 2105 2706 nisi
2139 2653 2225 2707 ille
2263 2653 2415 2708 daret
2443 2653 2828 2710 fortitudinem.
2862 2656 2962 2721 Qui
2989 2659 3262 2712 conturbas
3291 2663 3416 2730 fun-

1819 2745 1938 2795 dum
1968 2745 2121 2797 maris
2141 2760 2159 2797 :
2181 2762 2358 2799 sonum
2385 2748 2630 2816 ﬂuctuum
2652 2748 2764 2818 ejus
2792 2750 2904 2815 quis
2932 2750 3137 2818 sufferet
3154 2753 3180 2806 Ρ

1895 2836 1978 2889 12.
2022 2835 2381 2892 Turbabuntur
2404 2847 2593 2909 gentes.
2619 2839 2798 2894 Primo
2821 2841 3175 2896 turbabuntur
3197 2862 3208 2898 :
3228 2844 3320 2898 sed
3341 2845 3416 2898 illi

1821 2934 2031 2979 montes
2059 2928 2224 2997 parati
2251 2928 2301 2981 in
2331 2928 2643 2985 fortitudine
2673 2929 2891 2997 Christi,
2931 2934 3190 3004 numquid
3221 2934 3416 2989 turbati

1820 3017 1983 3070 sunt?
2012 3017 2304 3072 Turbatnm
2350 3029 2434 3073 est
2477 3035 2652 3086 mare;
2699 3021 2890 3093 elisum
2937 3032 3020 3078 cst
3070 3025 3122 3078 in
3168 3035 3414 3081 montes:

1823 3123 1968 3162 mare
2012 3108 2234 3163 fractum
2292 3119 2416 3175 est;
2474 3123 2683 3166 montes
2731 3111 3033 3169 inconcussi
3083 3129 3417 3172 manserunt.

1821 3199 2179 3254 Turbabuntur
2220 3212 2392 3273 gentes
2427 3219 2446 3255 :
2489 3212 2538 3255 et
2591 3204 2832 3257 timebunt
2882 3221 3075 3260 omnes.
3126 3207 3265 3263 Ecce
3306 3208 3419 3278 jam

1819 3304 2010 3344 omnes
2041 3291 2261 3344 timent:
2293 3302 2448 3346 antea
2474 3292 2561 3361 qui
2587 3295 2892 3348 cunturbati
2919 3296 3065 3361 sunt,
3097 3297 3414 3367 timentjasn

1821 3394 2028 3434 omnes.
2060 3379 2214 3434 Non‘
2249 3381 2538 3436 timuerunt
2566 3383 2876 3450 Christiani,
2921 3395 2975 3440 ct
3016 3388 3270 3444 timentur
3307 3389 3420 3460 jam

1819 3473 2134 3527 Christiani.
2161 3472 2360 3528 Omnes
2389 3474 2477 3544 qui
2510 3478 2990 3546 persequebantur,
3023 3479 3182 3534 modo
3210 3481 3417 3536 timent.

1822 3562 2106 3631 Superavit
2133 3565 2273 3619 enim
2307 3564 2393 3619 ille
2421 3565 2510 3635 qui
2536 3567 2952 3623 circumcinctus
2998 3577 3085 3624 est
3127 3570 3180 3625 in
3226 3579 3423 3641 poten-

1823 3662 1964 3717 tatu;
1993 3655 2069 3709 sic
2096 3655 2162 3707 ad
2191 3655 2342 3709 illum
2389 3657 2534 3711 venit
2575 3658 2752 3712 omnis
2796 3674 2943 3724 caro,
2976 3668 3035 3714 ut
3070 3663 3255 3717 ceteri
3287 3677 3421 3731 pau-

1820 3747 1982 3800 citate
2010 3746 2119 3815 ipsa
2161 3747 2270 3815 jam
2305 3749 2549 3802 timeant.
2583 3746 2651 3802 Et
2680 3750 2922 3804 timebunt
2961 3769 3134 3807 omnes
3156 3755 3244 3823 qui
3269 3755 3423 3809 inltao

1821 3838 1979 3889 bitunt
2005 3839 2131 3906 fines
2157 3847 2322 3903 terrm,
2347 3855 2378 3891 a
2402 3841 2562 3909 signis
2591 3841 2707 3894 tuis.
2741 3841 3160 3898 Miraculaenim
3186 3845 3426 3901 fecerunt

1822 3929 2097 3998 Apostoli;
2130 3940 2184 3984 et
2213 3931 2336 3986 inde
2378 3947 2568 3988 omnes
2613 3933 2747 3990 fines
2795 3943 2954 3990 teme
3000 3938 3314 4006 timuerunt,
3369 3954 3424 3995 et

1822 4021 2186 4076 crediderunt.

1897 4115 1984 4167 15.
2027 4113 2210 4168 Exitus
2237 4122 2385 4170 mane
2409 4126 2459 4172 et
2485 4133 2686 4188 uespere
2713 4119 2983 4173 delectabis
3016 4138 3031 4174 :
3057 4122 3112 4180 id
3140 4133 3241 4188 est,
3270 4123 3424 4181 dele-

1823 4204 2046 4258 ctaliiles
2072 4205 2217 4258 facis.
2249 4204 2367 4260 Jam
2396 4205 2450 4260 in
2477 4206 2577 4262 ista
2600 4209 2708 4262 vita
2731 4209 2857 4278 quid
2884 4211 3037 4264 nobis
3061 4215 3424 4282 promittitur?

1830 4294 2009 4349 Exitus
2040 4295 2307 4350 delectabis
2328 4299 2347 4328 ³
2371 4314 2517 4352 mane
2541 4308 2589 4353 et
2617 4317 2840 4370 vespere.
2868 4303 3005 4356 Sunt
3028 4305 3203 4360 exitus
3228 4321 3424 4375 mane;

1827 4394 1953 4439 sunt
2000 4387 2173 4440 exitus
2218 4401 2462 4456 vespere.
2515 4387 2672 4444 Mane
2711 4391 2977 4461 significat
3013 4392 3423 4463 prosperitatcm

1827 4476 2007 4530 saeculi
2029 4492 2258 4545 ;vespcre
2272 4476 2537 4547 significat
2550 4480 2945 4537 tribulationem
2961 4487 3162 4540 smeuli.
3182 4486 3427 4543 lntendat

1826 4568 2071 4642 Charitas
2097 4568 2287 4622 Vestra
2337 4569 2412 4639 (in
2445 4579 2670 4640 utroque
2697 4573 2839 4626 enim
2869 4584 3099 4629 tentatur
3122 4577 3425 4634 animaliu-

1827 4661 2039 4730 mana);
2068 4672 2120 4715 et
2137 4663 2492 4730 prosperitate
2512 4678 2580 4717 ne
2606 4675 2997 4736 corrumpatur,
3025 4677 3078 4722 et
3098 4667 3424 4728 adversitate

1830 4769 1895 4806 ne
1934 4752 2227 4823 frangatur.
2274 4753 2397 4809 ldeo
2426 4764 2603 4809 autem
2633 4772 2790 4812 mane
2821 4761 3229 4829 prosperitatem
3258 4763 3427 4834 signi-

1831 4845 1952 4899 ficat
1975 4887 1987 4911 ,
2023 4849 2142 4914 quia
2185 4861 2341 4901 mane
2372 4846 2550 4900 lautum
2589 4855 2708 4913 est,
2743 4856 3011 4904 transacta
3039 4853 3185 4907 velut
3213 4854 3427 4910 tristitia

1831 4935 2020 4988 noctis.
2047 4934 2250 4990 Tristes
2273 4947 2448 4990 autem
2472 4945 2594 4990 sunt
2618 4938 2873 5005 tenebrat,
2898 4942 3145 4996 veniente
3167 4959 3384 5014 vespera
3409 4965 3425 5002 :
3489 4934 3507 4994 ί

1833 5025 1953 5079 ideo
1975 5025 2222 5082 veniente
2247 5028 2398 5095 quasi
2422 5028 2604 5083 mundi
2627 5044 2872 5100 vespera,
2897 5033 3084 5088 obtulit
3108 5038 3426 5095 sacrificium

1831 5117 2217 5185 vespertinum.
2242 5116 2358 5172 Non
2381 5134 2508 5188 ergo
2535 5119 2719 5174 timeat
2741 5123 3104 5193 unusquisque
3122 5141 3424 5198 vesperam,

1832 5223 1931 5263 nec
1962 5223 2117 5263 mane
2141 5220 2514 5280 corrumpatur
2535 5210 2575 5264 ³.
2617 5211 2760 5268 Ecce
2788 5216 2970 5269 nescio
2997 5218 3116 5286 quis
3137 5259 3150 5283 ,
3183 5229 3239 5272 ut
3265 5221 3430 5279 facias

1833 5299 1956 5353 mali
1984 5299 2201 5369 aliquid,
2234 5301 2478 5369 promisit
2503 5301 2750 5368 lucrum;
2782 5317 2940 5359 mane
2964 5299 3045 5360 est.
3067 5327 3081 5364 :
3106 5309 3306 5365 arridet
3332 5313 3425 5367 tibi

1834 5391 2008 5462 ampla
2042 5390 2262 5460 pecunia
2288 5407 2304 5457 ;
2336 5407 2495 5448 mane
2523 5392 2618 5448 tibi
2648 5392 2884 5450 fit..Noli
2908 5400 3176 5468 corrumpi
3201 5440 3218 5468 ,
3248 5411 3303 5456 ct
3329 5402 3428 5457 ha-

1897 5598 1914 5630 ¹
1950 5598 2032 5647 Sic
2060 5597 2141 5647 Er.
2183 5596 2236 5646 et
2268 5595 2382 5645 Mss.
2417 5593 2648 5652 AtLov.,
2681 5597 2746 5643 et.

1951 5660 2247 5743 Sliclall'iquot
2271 5659 2386 5708 Mss.
2413 5657 2621 5718 Quidam
2650 5667 2788 5715 vero,
2830 5652 3155 5706 dclectabilcs.
3182 5657 3248 5705 At
3286 5653 3431 5716 ΕΜ..

1831 5722 2174 5834 ἀελπέῗὲ
2199 5783 2425 5851 euceptis
2447 5777 2618 5851 paucis
2637 5781 2724 5842 qui
2745 5792 2858 5851 cum
2880 5779 2961 5828 Er.
2985 5776 3194 5839 habent,
3212 5792 3271 5829 ne
3289 5791 3431 5851 mane

1831 5853 2194 5909 corrumpatur.
2221 5846 2287 5909 At
2308 5844 2427 5893 Lor.
2463 5857 2475 5892 :
2503 5845 2611 5894 Nos
2643 5853 2767 5906 ergo
2811 5844 3065 5893 timeamus
3101 5844 3430 5906 unusquisque

1832 5908 2106 5973 vesperum,
2130 5920 2191 5957 ne
2214 5908 2356 5957 nam
2379 5916 2767 5968 corrumpantur.
