3934 6326
507 358 611 411 783

505 469 655 522 behis
682 466 879 521 exitum
908 479 1082 519 mane.
1111 462 1163 517 Si
1189 462 1331 517 enim
1358 459 1524 515 habes
1545 459 1771 522 exitum,
1798 473 1902 512 non
1925 460 2105 527 capie-

504 562 596 613 ris.
630 559 718 614 Sic
743 567 825 612 est
845 558 989 612 enim
1019 555 1305 626 promissio
1328 553 1481 620 lucri,
1510 553 1661 622 quasi
1687 567 1810 607 esca
1834 552 1885 605 in
1909 551 2105 606 musci.-

505 652 625 719 pula
656 666 671 704 :
700 648 1026 713 eoarcturis,
1065 638 1121 703 et
1159 661 1266 701 non
1310 655 1393 699 est
1430 660 1531 715 qua
1571 657 1772 708 exeas;
1810 643 2019 713 caperis
2050 642 2101 696 in

504 741 821 813 muscipula.
868 738 1026 795 Dedit
1068 747 1245 793 autem
1290 738 1381 790 tibi
1425 727 1626 791 exitum
1674 735 1929 791 Dominus
1965 735 2103 789 Deus

505 845 647 897 tuus,
679 848 748 887 ne
776 833 926 887 lucro
951 829 1180 900 capiaris
1200 868 1217 893 ,
1250 843 1371 882 cum
1406 826 1495 880 tibi
1523 826 1653 881 dicit
1684 827 1735 879 in
1761 825 1921 879 corde
1951 841 1964 878 :
1992 824 2105 894 Ego

504 941 625 979 sum
650 920 851 979 divitia:
878 930 1003 977 tuae.
1026 918 1145 975 Noli
1170 919 1447 973 attendere
1468 916 1609 987 quod
1634 915 1861 970 mundus
1884 915 2106 984 promit-

505 1018 586 1078 tit,
619 1015 715 1070 sed
743 1012 884 1085 quod
911 1010 1173 1083 promittit
1198 1009 1455 1064 Conditor
1482 1007 1661 1062 mundi
1687 1023 1700 1061 :
1725 1006 1940 1061 attende
1963 1006 2105 1075 quod

510 1108 601 1161 tibi
627 1105 871 1175 promisit
890 1105 1030 1178 Deus
1051 1103 1260 1158 facienti
1278 1100 1557 1172 justitiam,
1583 1111 1635 1154 et
1655 1110 1940 1154 contemne
1962 1098 2103 1169 quod

509 1200 602 1253 tibi
634 1180 896 1269 premittit
924 1195 1119 1262 homo,
1148 1204 1205 1249 ut
1230 1194 1459 1248 abducat
1482 1208 1512 1246 a
1534 1191 1767 1262 justitia,
1799 1202 1852 1246 et
1876 1190 2106 1247 adducat

503 1287 574 1343 ad
603 1287 935 1357 injustitiam.
962 1284 1082 1341 Noli
1109 1300 1237 1353 ergo
1261 1282 1539 1338 attendere
1562 1280 1703 1353 quod
1732 1280 1960 1337 mundus
1981 1294 2106 1349 pro-

510 1381 705 1446 mittit,
734 1379 827 1434 sed
854 1376 995 1449 quod
1024 1375 1285 1430 Conditor
1314 1374 1494 1428 mundi
1522 1391 1536 1439 ;
1565 1383 1622 1428 et
1656 1371 1874 1429 habebis
1904 1373 2104 1427 exitum

509 1489 666 1527 inane
696 1454 793 1541 per
822 1470 1028 1525 Domini
1056 1469 1277 1523 verbum
1309 1466 1538 1524 dicentis
1566 1483 1580 1518 :
1610 1463 1748 1532 Quid
1777 1464 1982 1535 prodest
2009 1463 2105 1516 Ito-

510 1567 654 1629 mini,
680 1566 725 1621 si
749 1548 907 1617 totum
935 1561 1179 1615 mundum
1208 1559 1431 1613 lucretur
1450 1598 1465 1624 ,
1491 1558 1678 1611 animo:
1697 1565 1864 1610 autem
1887 1571 1996 1609 suae
2018 1554 2106 1607 de-

510 1657 800 1709 trimentum
840 1654 1062 1723 patiatur
1090 1653 1106 1718 (
1132 1649 1319 1705 Matth.
1349 1664 1437 1703 κιί
1462 1690 1477 1712 ,
1508 1645 1657 1719 26)?
1683 1646 1789 1703 Sed
1821 1646 1908 1701 ille
1933 1644 2023 1716 qui
2054 1654 2106 1699 te

514 1746 779 1814 promisso
824 1744 977 1799 lucro
1022 1742 1408 1810 corrumpere,
1450 1748 1507 1794 et
1551 1738 1618 1793 ad
1646 1737 1976 1808 iniquitatem
2005 1737 2102 1791 ad-

506 1835 712 1889 ducere
741 1849 847 1887 non
874 1832 1078 1903 potuit,
1108 1829 1398 1885 minabitur
1425 1843 1643 1898 poenas,
1671 1839 1726 1882 et
1748 1836 2027 1882 convertet
2047 1840 2107 1881 se

510 1925 577 1978 ad
607 1922 946 1987 inimicitias,
978 1930 1034 1975 et
1062 1920 1277 1991 incipiet
1308 1919 1400 1992 tibi
1430 1918 1609 1973 dicere
1636 1934 1651 1971 :
1676 1918 1731 1973 Si
1759 1917 1863 1972 hoc
1890 1931 1995 1971 non
2024 1914 2103 1972 fc-

510 2016 671 2083 reris,
698 2010 1102 2085 ego‘ost’endsm
1126 2053 1143 2079 ,
1173 2028 1273 2082 ego
1300 2012 1528 2078 faciam;
1559 2010 1783 2066 habebis
1808 2026 1893 2066 me
1923 2010 2101 2065 inimi-

510 2123 654 2160 cum.
684 2106 863 2162 Primo
891 2120 1011 2160 cum
1041 2105 1245 2158 lucrum
1275 2103 1634 2173 promittebat,
1660 2118 1816 2159 mane
1837 2103 1928 2158 tibi
1949 2113 2100 2159 erat:

510 2196 671 2263 modo
692 2198 802 2266 jam
829 2195 1192 2263 vesperascit;
1220 2193 1387 2249 tristis
1412 2192 1581 2247 factus
1605 2207 1687 2247 es.
1710 2192 1816 2248 Sed
1841 2194 1931 2264 qui
1957 2193 2104 2249 dedit

510 2273 606 2343 tibi
649 2289 850 2344 exitum
882 2302 1038 2342 mane
1062 2328 1079 2351 ,
1119 2285 1266 2340 dabit
1294 2294 1349 2339 ct
1388 2297 1633 2353 veSpere.
1666 2284 1949 2350 Quomodo
1974 2300 2103 2340 oon-

512 2378 773 2449 tempsisti
803 2393 960 2432 mane
985 2378 1165 2433 saeculi
1195 2392 1260 2430 cx
1291 2372 1407 2441 luce
1436 2374 1640 2429 Domini
1666 2416 1681 2441 ,
1715 2375 1793 2430 sic
1820 2384 2103 2432 contemne

510 2481 567 2525 et
597 2469 876 2539 vesperam
908 2484 973 2524 ex
1006 2469 1341 2538 passionibus
1371 2467 1583 2522 Domini
1608 2507 1624 2529 ,
1659 2476 1717 2521 ut
1742 2467 1887 2521 dicas
1910 2467 2102 2522 anima:

514 2571 617 2613 tua:
640 2575 657 2614 :
678 2558 813 2626 Quid
843 2557 972 2613 mihi
1001 2557 1230 2626 amplius
1252 2554 1487 2610 facturus
1506 2566 1590 2611 est
1614 2557 1713 2611 iste
1732 2572 1889 2627 quam
1913 2571 2102 2628 passus

508 2660 590 2703 est
619 2664 716 2719 pro
744 2662 831 2703 me
872 2648 1128 2702 Dominus
1153 2646 1344 2702 meus?
1374 2646 1607 2702 Teneain
1633 2648 1649 2678 ¹
1667 2646 1927 2716 justitiam
1949 2689 1965 2714 ,
1993 2661 2099 2702 non

508 2728 837 2797 consentiam
869 2742 935 2794 ad
974 2726 1327 2809 iniquitatem.
1355 2739 1551 2794 vaiat
1579 2740 1630 2792 in
1660 2750 1822 2794 carne
1850 2758 1863 2795 :
1894 2740 2101 2811 frange-

512 2845 599 2887 tur
627 2832 919 2901 ntusci‘pula
936 2872 951 2898 ,
976 2839 1032 2886 et
1057 2831 1247 2886 volabo
1267 2829 1332 2885 ad
1355 2831 1634 2885 Dominum
1658 2847 1833 2886 meum
1856 2832 1945 2902 qui
1972 2833 2100 2887 mihi

508 2927 584 2978 ait
612 2942 626 2977 :
661 2922 836 2976 Nolite
855 2922 1029 2977 timere
1053 2939 1136 2976 eos
1160 2922 1243 2992 qui
1269 2938 1451 2992 corpus
1477 2923 1730 2987 occidunt,
1761 2924 1983 2977 animant
2007 2940 2101 2978 au-

488 3011 607 3068 tem
633 3031 737 3067 non
763 3022 973 3086 possunt
999 3012 1227 3067 occidere
1251 3010 1373 3083 (Id.
1409 3028 1467 3078 ιι,
1496 3012 1567 3068 28
1588 3014 1627 3083 ).
1660 3015 1724 3068 Et
1751 3013 1818 3069 de
1848 3014 1962 3084 ipso
1981 3029 2102 3070 cor-

510 3121 639 3175 pore
677 3105 1017 3159 securitatem
1044 3102 1190 3158 dedit
1219 3103 1402 3157 diceus
1429 3117 1445 3157 :
1485 3103 1713 3174 Capillus
1742 3105 1922 3174 capitis
1952 3105 2105 3159 vestri

507 3202 609 3251 non
636 3196 815 3266 perin
840 3193 993 3264 (Luc.
1018 3210 1136 3262 ut,
1160 3193 1274 3266 18).
1299 3194 1573 3263 Magniﬁce
1605 3195 1689 3249 hic
1718 3197 1912 3266 posuit,
1941 3194 2093 3251 Dele:

505 3286 662 3341 stabis
697 3286 858 3345 exitus
897 3302 1043 3343 mane
1068 3296 1115 3339 et
1153 3300 1373 3355 vespere.
1405 3283 1459 3340 Si
1487 3287 1628 3340 enim
1660 3302 1764 3339 non
1796 3296 1845 3340 te
1873 3286 2102 3341 delectet

507 3379 621 3448 ipse
648 3379 848 3442 exitus,
882 3392 990 3440 non
1016 3375 1285 3430 lahorabis
1311 3376 1458 3430 exire
1488 3374 1633 3429 inde.
1666 3375 1829 3429 Mittis
1856 3388 2015 3447 caput
2046 3376 2099 3430 in

507 3470 716 3523 lucrum
748 3468 1101 3536 promissum,
1129 3467 1172 3519 si
1207 3481 1311 3520 non
1344 3477 1394 3520 te
1420 3466 1649 3521 deleCtet
1680 3466 1961 3535 promissio
1985 3466 2100 3521 Sal-

507 3559 728 3615 iatoris.
758 3560 1065 3622 Etrursus,
1097 3559 1245 3612 cedis
1276 3559 1501 3612 tentauti
1522 3599 1537 3622 ,
1566 3559 1895 3622 etterrenti,
1921 3560 1965 3613 si
1993 3575 2097 3614 non

509 3666 561 3707 te
586 3654 818 3710 delectet
848 3653 936 3707 ille
960 3642 1050 3721 qui
1078 3651 1224 3721 prior
1250 3664 1437 3720 passus
1468 3659 1571 3716 est,
1599 3651 1656 3705 ut
1682 3650 1774 3705 tibi
1798 3651 1999 3706 exitum
2018 3650 2100 3706 fa-

506 3755 673 3800 ceret.
703 3741 889 3797 Exitus
918 3759 1065 3796 mane
1090 3755 1137 3795 et
1168 3757 1365 3811 vespere
1389 3742 1675 3796 delcctabis.

582 3835 669 3890 ﬂ.
694 3833 847 3908 [rem
867 3829 981 3905 10.]
1009 3830 1232 3887 Visitasti
1246 3842 1451 3896 terram,
1471 3840 1516 3883 ct
1531 3830 1789 3885 inebriasti
1803 3848 1933 3886 eam.
1950 3830 2102 3888 Unde

507 3926 795 3983 inebriavit
824 3934 1021 3980 terram
1045 3923 1068 3977 ?
1096 3921 1246 3978 Catia:
1278 3933 1394 3977 tuus
1421 3922 1674 3977 inebrians
1706 3940 1856 3993 quam
1881 3925 2099 3996 privata-

506 4036 592 4075 rus
619 4028 691 4073 est
719 4014 903 4090 (Psul.
936 4032 1047 4071 xm
1072 4057 1086 4079 ,
1120 4016 1190 4085 ὃ)
1216 4018 1229 4069 ι
1271 4014 1495 4069 Visitasti
1525 4024 1709 4069 terram
1727 4057 1750 4090 ,,
1772 4028 1816 4071 et
1846 4017 2103 4081 inebriain

506 4129 620 4164 eam
658 4125 678 4164 :
714 4088 902 4164 misisti
951 4111 1121 4163 nubes
1167 4116 1323 4171 tuas,
1376 4107 1621 4177 plucrunt
1670 4088 2100 4176 pricdicationcm

509 4203 771 4265 veritatis.
805 4202 1063 4257 iuebriata
1091 4211 1173 4256 cst
1200 4210 1362 4256 terra.
1396 4199 1751 4271 Multiplicasti
1771 4201 1939 4270 ditare
1967 4218 2098 4257 eam.

512 4297 662 4353 Unde
692 4296 1040 4368 multiplicasti
1066 4311 1177 4349 eam
1206 4295 1369 4348 ditare
1388 4295 1414 4349 ?
1440 4292 1653 4349 Flavius
1674 4292 1771 4347 Dei
1790 4295 2012 4365 repletus
2030 4307 2102 4348 est

506 4406 659 4461 aqua.
700 4389 830 4454 Quis
858 4396 939 4447 est
965 4387 1150 4458 ﬂuvius
1184 4383 1323 4439 Dei?
1362 4385 1595 4454 Populus
1624 4384 1737 4439 Dei.
1768 4384 1980 4440 Primus
2010 4402 2104 4457 po-

508 4482 664 4551 pulus
692 4482 923 4551 repletus
950 4488 1059 4543 est,
1094 4478 1235 4533 unde
1263 4488 1456 4532 ca-tcra
1489 4487 1626 4532 terra
1658 4478 1937 4549 rigaretur.
1966 4480 2103 4534 Audi

508 4577 657 4632 illum
690 4577 1087 4645 promittentem
1117 4589 1307 4643 aquam
1344 4593 1357 4627 :
1387 4572 1447 4627 Si
1472 4563 1583 4643 quis
1610 4574 1734 4637 sitit,
1762 4562 1925 4627 veniat
1949 4586 1995 4628 et
2024 4574 2072 4628 bi
2082 4603 2103 4616 -

506 4672 611 4721 bat.
644 4668 752 4734 Qui
771 4666 925 4719 credit
952 4666 1002 4718 in
1030 4682 1127 4725 nte,
1161 4665 1375 4733 [lumina
1400 4680 1545 4734 aqua:
1571 4666 1693 4717 viva?
1716 4667 1778 4718 de
1804 4676 1970 4719 ventre
1993 4666 2103 4735 ejus

511 4761 667 4827 ﬂuent
697 4756 874 4827 (Joan.
893 4773 984 4820 vn,
1010 4757 1076 4811 57
1095 4767 1140 4808 et
1157 4754 1272 4825 38).
1293 4754 1348 4809 Si
1376 4755 1615 4819 ﬂumina,
1634 4766 1693 4810 et
1718 4773 1851 4810 unus
1876 4756 2100 4822 ﬂuvius;

509 4849 631 4918 quia
679 4858 893 4917 propter
933 4847 1189 4900 unitatem
1221 4846 1369 4900 nmlti
1414 4862 1575 4900 unum
1607 4857 1753 4904 sunt.
1787 4847 1962 4901 Multa:
1997 4848 2100 4903 Ec-

508 4938 709 5002 clesiae,
740 4947 797 4993 ct
823 4953 924 4991 una
957 4936 1232 5000 Ecclesia;
1262 4937 1410 4990 multi
1440 4935 1626 4991 ﬁdeles
1646 4979 1661 5001 ,
1692 4947 1874 5010 etuna
1904 4928 2102 5009 Sponsa

509 5028 708 5084 Christi
743 5045 757 5081 :
790 5028 870 5084 sic
895 5028 1058 5082 multa
1088 5026 1327 5091 ﬂumina,
1356 5038 1411 5082 ct
1441 5043 1578 5081 unus
1609 5027 1816 5083 lluvius.
1850 5030 2101 5085 Credide-

510 5129 635 5175 runt
664 5120 813 5175 multi
845 5119 1096 5174 Israelita:
1122 5161 1136 5184 ,
1169 5129 1224 5175 et
1255 5120 1457 5191 impleti
1489 5131 1610 5174 sunt
1638 5120 1836 5191 Spiritu
1866 5134 2051 5178 sancto
2086 5143 2100 5181 :

510 5213 634 5269 inde
674 5212 851 5267 diffusi
894 5222 1019 5276 sunt
1061 5227 1156 5281 per
1198 5211 1439 5275 Gentes;
1486 5223 1766 5282 cmpcrunt
1810 5215 2103 5285 prwdicare

454 5360 456 5363 ,
510 5306 787 5359 veritatem
805 5345 826 5369 ,
855 5314 910 5358 et
933 5303 1001 5358 de
1028 5304 1188 5358 lluvio
1218 5305 1309 5358 Dei
1337 5306 1421 5374 qui
1450 5305 1702 5374 impletus
1726 5317 1807 5361 est
1831 5322 1965 5378 aqua
1986 5351 2001 5373 ,
2033 5310 2105 5363 iro

510 5398 677 5473 rigata
718 5406 802 5452 est
842 5407 951 5452 tota
998 5406 1160 5452 terra.
1199 5396 1404 5451 Parasti
1430 5399 1596 5451 cibum
1624 5398 1866 5465 illorum;
1892 5404 2009 5472 quia
2034 5404 2105 5457 ita

510 5499 581 5542 cst
608 5488 913 5555 prtzparatio
939 5499 1048 5542 tua.
1075 5487 1189 5545 Non
1216 5489 1339 5559 quia
1371 5500 1421 5542 te
1450 5502 1884 5559 promeruerunt,
1912 5494 2103 5563 quibus

513 5588 730 5648 peccata
767 5580 978 5635 donasti
1006 5597 1024 5635 :
1053 5580 1241 5635 merita
1285 5580 1497 5635 illorum
1530 5582 1669 5636 mala
1697 5594 1889 5649 erant;
1921 5584 2013 5641 sed
2047 5594 2101 5639 tu

576 5776 593 5809 ⁸
619 5776 756 5839 ωδ..
784 5785 832 5829 ut
855 5785 1056 5829 teneam.
1078 5779 1331 5841 Ριιϋειὼ,
1356 5786 1428 5843 ut,
1450 5782 1591 5834 abest
1612 5796 1640 5834 ιι
1663 5791 1768 5834 uss.

1741 347 1799 402 S.
1843 344 2102 402 AUGUS’l

2250 343 2551 399 EPISCOPI
3707 344 3795 401 786

2206 464 2421 524 propter
2458 455 2876 510 miscricordiam
2922 464 3062 510 tuam
3092 498 3106 523 ,
3135 458 3253 526 quia
3282 456 3353 510 ita
3398 468 3471 512 est
3500 461 3796 529 preparatio

2208 556 2315 607 tua,
2346 548 2415 600 ita
2445 547 2638 614 parasti
2667 546 2828 600 cibum
2854 547 3077 602 illorum.
3367 600 3370 602 ν

2281 637 2369 691 15.
2402 635 2553 709 [vers.
2585 635 2699 709 1L]
2729 636 2911 691 Sulcos
2933 640 3040 708 ejus
3069 636 3280 693 iaebria.
3304 639 3458 693 Fiant
3482 655 3615 709 ergo
3636 640 3798 709 primo

2211 729 2343 783 sulci
2376 730 2464 798 qui
2491 729 2819 784 inebrientur
2842 748 2855 782 :
2880 730 3067 784 duritia
3098 716 3322 801 pectoris
3344 718 3510 786 nostri
3537 735 3799 803 aperiatur

2212 835 2429 873 vomere
2456 821 2721 874 sermonis
2752 820 2866 881 Dei.
2898 820 3078 875 Sulcos
3116 822 3225 891 ejus
3263 822 3491 888 inebria;
3523 824 3799 893 multiplica

2210 910 2553 980 generationes
2591 910 2721 981 ejus.
2764 911 3018 965 Videmus
3048 933 3061 966 :
3088 911 3331 975 credunt,
3358 923 3412 966 et
3439 928 3505 966 ex
3532 902 3797 969 credenti-

2210 1000 2308 1055 bus
2336 1000 2424 1055 alii
2451 1000 2696 1064 credunt,
2729 1011 2782 1055 et
2807 1017 2871 1056 ex
2902 1002 3003 1056 illis
3028 1002 3114 1056 alii
3145 988 3406 1066 credunt;
3436 1015 3490 1058 et
3519 1020 3626 1057 non
3653 1005 3797 1059 sum-

2208 1092 2282 1145 cit
2320 1092 2408 1145 uui
2448 1091 2648 1145 homini
2679 1102 2734 1145 ut
2763 1091 2931 1146 factus
2963 1094 3073 1161 ipse
3105 1092 3275 1146 fidelis
3305 1111 3464 1147 unum
3495 1095 3733 1149 lucretur
3762 1099 3797 1150 '.

2210 1180 2299 1236 Sic
2343 1182 2726 1251 multiplicatur
2769 1194 2823 1236 et
2851 1200 3037 1238 semen
3072 1202 3084 1236 :
3114 1199 3274 1255 pauca
3305 1202 3466 1255 grana
3498 1187 3796 1253 mittuntur,

2210 1281 2263 1328 et
2291 1283 2499 1343 segetes
2543 1286 2862 1343 exsurgunt.
2907 1269 3091 1330 Sulcos
3119 1278 3227 1346 ejus
3260 1278 3484 1344 inebriu;
3522 1280 3798 1351 multiplica

2209 1365 2550 1434 generationes
2574 1365 2683 1435 ejus
2706 1380 2725 1419 :
2749 1366 2799 1419 in
2827 1366 3101 1419 stillicidiis
3121 1367 3226 1421 suis
3249 1368 3516 1435 (celabitur,
3544 1386 3661 1423 cum
3684 1388 3799 1425 exo-

2210 1456 2384 1509 rietur.
2424 1455 2480 1511 ιιι
2508 1467 2601 1511 est
2623 1496 2640 1522 ,
2681 1467 2963 1528 antequam
2996 1459 3078 1512 sit
3120 1458 3253 1515 forte
3289 1460 3477 1523 idonea
3512 1450 3795 1532 capacitati

2211 1544 2477 1610 ﬂuminis,
2506 1564 2619 1599 cum
2645 1548 2915 1610 exorietur,
2954 1548 3005 1602 in
3042 1548 3313 1604 stillicidiis
3339 1551 3474 1615 suis,
3507 1551 3559 1605 id
3589 1562 3673 1608 est
3700 1555 3794 1608 sibi

2210 1639 2493 1708 eongruis,
2538 1639 2809 1693 (celabitur.
2844 1640 3081 1696 l‘arvulis
3119 1643 3263 1695 enim.
3288 1627 3542 1697 adhucct
3575 1644 3797 1699 inﬁrmis

2210 1720 2477 1784 stillantur
2501 1731 2743 1801 qumdam
2779 1730 2843 1785 de
2873 1733 3222 1797 sacramentis
3245 1773 3261 1799 ,
3292 1720 3544 1803 quianon
3576 1748 3799 1805 possunt

2210 1835 2401 1891 capere
2435 1821 2816 1891 plenitudinem
2856 1824 3113 1879 veritatis.
3154 1825 3289 1880 Audi
3327 1827 3597 1895 quomodo
3633 1830 3798 1884 Stillcl

2214 1914 2447 1984 parvulis
2473 1914 2599 1969 dum
2625 1915 2957 1982 exoriuntur,
2988 1916 3037 1970 id
3064 1926 3147 1971 est
3174 1918 3224 1970 in
3252 1919 3451 1971 recenti
3480 1928 3600 1972 ortu
3624 1920 3798 1975 minus

2210 2008 2511 2078 capacibus.
2538 2010 2825 2079 Apostolus
2847 2010 2975 2065 dicit
2998 2029 3011 2064 :
3040 2009 3158 2065 Non
3184 2014 3322 2081 potui
3341 2015 3476 2066 vobis
3500 2013 3636 2083 loqui
3654 2015 3797 2085 quasi

2207 2101 2554 2171 spiritualibus
2578 2143 2593 2167 ,
2633 2104 2722 2157 sed
2757 2104 2902 2179 quasi
2937 2106 3222 2160 carnalibus
3245 2147 3261 2171 ,
3301 2109 3445 2177 quasi
3484 2104 3711 2175 paruulis
3748 2112 3797 2164 in

2209 2189 2409 2246 Clu-isto
2436 2192 2481 2261 (l
2507 2192 2624 2247 Cor.
2658 2209 2743 2257 ut,
2774 2194 2850 2263 1).
2878 2193 3011 2248 Cum
3039 2193 3196 2259 dicit,
3229 2197 3451 2262 parvulis
3480 2198 3533 2250 in
3559 2196 3760 2251 Christo
3779 2241 3793 2261 ,

2201 2283 2312 2352 jam
2342 2285 2471 2340 dicit
2492 2296 2727 2353 exortos,
2761 2287 2854 2340 sed
2880 2286 3113 2342 nondum
3141 2286 3361 2343 idoneos
3387 2288 3453 2345 ad
3481 2292 3794 2360 capiendam

2209 2375 2354 2430 illam
2384 2378 2600 2433 uberem
2639 2377 2954 2446 sapientiam
2982 2418 3000 2442 ,
3038 2378 3108 2434 de
3145 2397 3246 2450 qua
3275 2380 3405 2436 dicit
3436 2400 3450 2433 :
3482 2365 3797 2453 Sapientiam

2208 2466 2458 2537 loquimur
2480 2469 2609 2522 inter
2636 2468 2881 2539 perfectos
2917 2469 2937 2539 (
2958 2468 3048 2524 Id.
3076 2485 3147 2536 ιι,
3175 2470 3208 2526 6
3233 2469 3274 2542 ).
3305 2470 3537 2527 Lzetetur
3562 2474 3615 2527 in
3641 2475 3797 2528 stilli-

2207 2557 2360 2612 cidiis
2388 2560 2499 2612 suis
2520 2600 2538 2624 ,
2565 2560 2953 2622 cumexoritur
2980 2571 3035 2616 et
3061 2571 3322 2632 augetur;
3353 2563 3633 2620 roboratus
3662 2567 3683 2597 ³
3712 2583 3798 2621 ca-

2210 2647 2315 2716 piet
2342 2658 2396 2703 et
2421 2648 2737 2726 sapientiam
2764 2667 2780 2704 :
2808 2651 3080 2721 quomodo
3108 2652 3279 2708 infans
3305 2655 3537 2708 nutritur
3560 2657 3716 2721 lacte,
3744 2670 3797 2711 et

2211 2741 2269 2793 lit
2296 2739 2522 2795 idoneus
2548 2740 2706 2805 cibo;
2738 2750 2913 2796 tamen
2939 2743 3109 2811 primo
3132 2743 3199 2798 de
3226 2748 3340 2813 ipso
3370 2745 3489 2799 cibo
3512 2748 3595 2800 cui
3624 2748 3796 2802 minus

2209 2832 2431 2887 idoneus
2476 2843 2621 2900 erat,
2668 2834 2739 2889 illi
2781 2834 2861 2889 lac
2893 2833 3102 2906 factum
3142 2846 3245 2890 est.
3276 2834 3343 2890 In
3376 2837 3649 2892 stillicidiis
3693 2842 3796 2893 suis

2206 2920 2472 2986 lartabitur,
2500 2938 2612 2975 cum
2637 2924 2905 2977 exorietur.

2279 3011 2364 3066 l6.
2406 3002 2559 3085 [rers.
2586 3010 2697 3086 12.]
2738 3012 3004 3069 Benedices
3038 3031 3276 3069 coronam
3310 3017 3432 3070 anni
3468 3017 3792 3090 benignitatis

2206 3112 2325 3155 tate.
2357 3101 2658 3157 Seminatur
2684 3103 2861 3169 modo,
2891 3105 3083 3159 crescit
3104 3090 3245 3175 quod
3272 3107 3585 3173 seminatur,
3615 3110 3721 3164 erit
3743 3121 3795 3164 ct

2206 3193 2416 3246 messis.
2450 3192 2518 3249 Et
2548 3194 2708 3249 modo
2736 3194 2899 3264 super
2927 3211 3110 3251 semen
3141 3197 3584 3265 superseminavit
3615 3201 3790 3255 inimi-

2204 3302 2298 3340 cus
2326 3285 2556 3352 zizania;
2586 3297 2638 3342 et
2666 3288 2835 3342 exorti
2864 3299 2987 3342 sunt
3015 3289 3140 3344 mali
3178 3291 3315 3345 inter
3341 3291 3530 3356 bonos,
3561 3294 3787 3362 pseudo-

2206 3377 2512 3442 christiani,
2545 3380 2773 3433 similem
2804 3377 3063 3435 habentes
3089 3379 3328 3445 herbam,
3357 3382 3450 3435 Sed
3481 3398 3583 3436 non
3614 3401 3789 3453 parem

2206 3470 2456 3524 fructum.
2504 3470 2712 3524 Etenim
2765 3471 2964 3525 zizania
3004 3488 3066 3527 ca
3113 3474 3326 3545 proprie
3367 3474 3636 3541 dicuntur,
3678 3492 3792 3545 qua:

2208 3570 2498 3617 nascuntur
2551 3562 2602 3616 in
2655 3562 2999 3618 similitudine
3051 3563 3475 3637 frumentorum;
3515 3566 3670 3620 sicuti
3715 3576 3793 3622 est

2209 3653 2413 3719 lolium,
2454 3655 2611 3709 sicuti
2652 3665 2734 3707 est
2765 3670 2951 3719 avena,
2974 3664 3028 3708 et
3060 3648 3249 3709 castora
3280 3657 3401 3710 talia
3427 3673 3545 3727 qua:
3572 3660 3791 3728 primam

2208 3745 2424 3800 herbam
2457 3762 2674 3818 prorsus
2705 3748 2937 3801 similem
2982 3748 3196 3802 habent.
3229 3750 3513 3817 Propterea
3538 3751 3607 3806 de
3632 3754 3793 3807 semi-

2207 3838 2420 3892 natione
2440 3838 2763 3892 zizaniorum
2789 3839 2887 3892 hoc
2907 3838 3035 3894 dicit
3060 3840 3310 3915 Dominus
3333 3860 3347 3893 :
3378 3840 3518 3899 Venit
3539 3843 3791 3906 inimicus,

2206 3939 2254 3983 et
2280 3929 2690 3999 superseminavit
2719 3931 2951 3996 zizania;
2980 3948 3091 3983 cum
3132 3941 3300 3984 autem
3338 3932 3569 3988 crevisset
3599 3934 3755 3987 Iterba
3776 3975 3793 4000 ,

2207 4032 2255 4074 et
2272 4022 2495 4091 fructum
2520 4024 2747 4094 fecisset,
2770 4034 2885 4075 tunc
2905 4035 3250 4093 apparuerunt
3270 4026 3486 4079 zizania.
3512 4028 3651 4095 Ergo
3673 4032 3797 4083 venit

2207 4112 2438 4165 inimicus
2458 4155 2472 4181 ,
2504 4122 2548 4167 et
2578 4114 2987 4184 superseminavit
3009 4115 3208 4168 zizania
3237 4131 3256 4169 :
3277 4116 3369 4169 sed
3395 4118 3517 4183 quid
3550 4118 3678 4172 fecit
3709 4121 3797 4173 tri-

2212 4203 2353 4257 lico?
2381 4203 2494 4258 Non
2517 4204 2835 4274 Opprimitur
2856 4205 3070 4259 zizaniis
3093 4205 3445 4271 frumentum;
3474 4209 3581 4264 imo
3604 4226 3702 4278 per
3722 4221 3801 4264 tu-

2209 4296 2484 4351 lerantiam
2528 4295 2852 4349 zizaniorum
2899 4295 3092 4350 crescit
3131 4295 3336 4351 fructus
3387 4296 3797 4354 frumentorum.

2211 4385 2328 4455 Ipse
2362 4387 2505 4439 enim
2538 4386 2797 4440 Dominus
2825 4387 2958 4442 dixit
2982 4388 3297 4455 quihusdam
3326 4390 3583 4459 operariis
3613 4392 3797 4446 volen-

2210 4480 2350 4537 tibus
2370 4476 2651 4533 eradicarc
2676 4479 2876 4532 zizania
2910 4478 3116 4538 :Sinite
3156 4490 3363 4549 utraque
3396 4466 3617 4535 crescere
3646 4500 3803 4551 usque

2207 4574 2275 4625 ad
2304 4568 2530 4635 messem,
2560 4588 2621 4625 ne
2646 4572 2774 4642 forte
2801 4588 2917 4629 cum
2944 4574 3091 4626 vultis
3114 4574 3371 4627 eradicare
3389 4575 3608 4639 zizania,
3633 4578 3800 4628 eradi-

2208 4665 2328 4717 cetis
2358 4664 2509 4717 simul
2548 4672 2593 4718 et
2623 4666 2971 4735 frumentum;
2999 4670 3085 4718 sed
3112 4665 3164 4717 in
3194 4674 3414 4735 tempore
3437 4667 3611 4719 messis
3634 4667 3801 4720 dicant

2208 4760 2510 4811 messoribus
2532 4775 2550 4810 :
2572 4756 2802 4828 Colligite
2830 4761 3049 4827 primum
3078 4746 3276 4813 zizania
3300 4801 3316 4824 ,
3342 4772 3389 4813 ct
3412 4760 3617 4831 alligatc
3641 4764 3772 4831 fasci
3780 4795 3801 4804 -

2209 4848 2349 4902 culus
2382 4849 2449 4901 ad
2478 4849 2911 4911 comburendam;
2942 4850 3246 4916 {ramentum
3271 4860 3437 4904 autem
3466 4852 3721 4906 recondita
3749 4854 3801 4907 in

2209 4940 2442 4997 horreum
2464 4938 2673 5007 (Matth.
2701 4956 2810 4999 xui.
2833 4939 3045 5007 25-50).
3074 4938 3166 4994 llle
3189 4948 3273 4995 est
3299 4941 3417 4995 linis
3438 4941 3584 5006 anni,
3607 4936 3800 4997 messis

2210 5030 2414 5085 Sicculi.
2445 5030 2714 5084 Benedices
2740 5048 2979 5085 coronam
3004 5033 3125 5085 anni
3150 5031 3467 5102 benignitatis
3490 5045 3607 5088 tute.
3632 5035 3802 5088 Coro.

2209 5139 2331 5177 nam
2361 5124 2445 5176 ubi
2473 5124 2642 5187 audis,
2671 5124 2835 5193 gloria
2859 5124 3095 5178 victoria:
3115 5124 3457 5195 signiﬁcatur.
3489 5125 3650 5181 Vince
3673 5127 3795 5183 Dia.-

2212 5213 2390 5269 bolum
2418 5256 2431 5276 ,
2464 5225 2517 5267 et
2555 5215 2773 5269 habebis
2808 5229 3081 5268 coronam.
3113 5213 3385 5269 Benedices
3409 5232 3647 5269 coronam
3677 5219 3799 5270 anni

2210 5306 2527 5374 benignitatis
2549 5317 2666 5361 tum.
2694 5307 2895 5362 Rursus
2913 5308 3249 5362 commendat
3270 5308 3648 5378 benignitatem
3677 5312 3797 5375 Dei,

2212 5416 2279 5453 ne
2310 5400 2586 5469 quisquam
2619 5400 2686 5455 de
2715 5401 2826 5454 suis
2856 5401 3062 5455 meritis
3084 5401 3363 5472 glorietur.

2284 5493 2371 5547 Π.
2413 5491 2566 5565 [υρνε.
2610 5491 2722 5566 15.]
2762 5493 2831 5546 Et
2877 5495 3042 5565 (enipi
3080 5495 3152 5548 tui
3190 5496 3514 5563 replebantur
3550 5498 3793 5551 ubertate.

2279 5607 2293 5636 ι
2310 5606 2393 5675 sic
2414 5617 2586 5675 omnes
2609 5612 2714 5655 Mss.
2741 5615 2797 5657 Αι
2817 5606 2928 5656 Edd.
2956 5614 3008 5657 ut
3028 5610 3183 5673 factus
3203 5606 3305 5671 ipse
3321 5608 3384 5659 sit
3416 5606 3596 5672 ﬁdelis,
3631 5609 3674 5660 si
3705 5623 3793 5660 non

2210 5672 2256 5716 et
2272 5666 2421 5714 alium
2439 5667 2668 5716 lucretur.

2218 5729 2407 5840 boui:
2412 5728 2594 5793 aliquot
2612 5732 2717 5780 Mss.
2744 5737 2798 5779 At
2820 5730 2954 5794 Edd.,
2977 5743 3088 5782 cum
3114 5730 3376 5793 emistur,
3400 5741 3634 5796 augeatur
3654 5740 3697 5783 et
3724 5746 3791 5783 ro-

2277 5802 2301 5837 r
2409 5821 2424 5837 .

2277 5802 2424 5837 l'ﬂw'.
