3934 6334
227 417 328 475 185

229 533 562 606 Pinguescant
604 535 728 602 ﬁnes
768 535 968 597 deserti,
1012 545 1056 590 et
1085 535 1237 589 colles
1274 536 1609 590 exsultatione
1643 533 1816 586 accin-

226 638 428 695 gentur.
459 625 644 694 Campi
669 669 685 693 ,
714 625 878 680 Colles
901 669 916 691 ,
947 625 1080 679 lines
1109 626 1305 680 deserti
1335 668 1350 690 ,
1384 626 1538 679 iidem
1571 626 1666 693 ipsi
1695 633 1817 676 sunt

228 720 496 773 homines.
544 719 746 787 Campi
769 728 981 788 pr0pter
1008 719 1365 788 aequalitatem
1398 735 1412 771 :
1443 734 1569 787 ergo
1600 725 1817 785 propter

223 810 605 879 aequalitatem,
639 809 762 864 inde
785 791 910 862 dicti
935 819 1058 863 sunt
1081 810 1277 878 campi,
1305 809 1487 878 populi
1512 808 1663 876 justi.
1692 806 1815 860 Col-

224 900 308 955 les
343 911 558 970 propter
582 901 906 954 erectionem
927 918 941 964 ;
963 900 1085 970 quia
1109 901 1263 971 erigit
1289 903 1340 954 in
1367 916 1425 953 se
1450 900 1586 952 Dens
1607 913 1700 953 eos
1722 898 1811 966 qui

222 1007 284 1045 se
314 992 609 1045 humiliant.
641 991 801 1045 Fines
825 991 1044 1057 deserti,
1076 1006 1261 1045 omnes
1293 990 1509 1045 Gentes.
1540 990 1714 1054 Quare
1745 987 1810 1040 ft-

221 1100 324 1137 nes
360 1084 596 1139 deserti?
641 1084 843 1137 Deserti
873 1091 1066 1149 erant;
1111 1084 1286 1137 nullus
1324 1082 1391 1135 ad
1420 1097 1514 1137 eos
1542 1080 1808 1151 Drepbcta

222 1175 422 1227 missus
447 1185 563 1229 erat
592 1191 605 1227 :
632 1175 709 1228 sic
737 1183 889 1229 erant
916 1175 988 1228 illi
1016 1174 1284 1243 quomodo
1313 1188 1545 1234 cremus.
1575 1189 1674 1241 qua
1704 1188 1807 1224 non

223 1265 417 1317 transit
440 1266 616 1318 homo.
647 1264 854 1318 Nullum
875 1265 1095 1317 verbum
1124 1264 1214 1317 Dei
1241 1264 1458 1316 missum
1479 1273 1562 1317 est
1582 1262 1808 1316 adGen-

221 1354 428 1407 teszsoli
449 1356 640 1423 pepulo
657 1356 814 1409 lsrael
835 1355 1254 1424 prmdicarcrunt
1271 1355 1804 1423 ProphetseNentnm

216 1453 303 1496 cst
331 1444 394 1496 ad
421 1445 733 1509 Dominum;
757 1446 1096 1499 crediderunt
1117 1444 1377 1498 frumenta
1402 1444 1452 1497 in
1478 1445 1592 1513 ipso
1615 1447 1807 1514 populo

214 1535 545 1588 Judtcorutn.
593 1536 722 1589 Nam
771 1537 904 1589 dixit
951 1545 1073 1590 tunc
1118 1536 1434 1604 discipulis:
1466 1535 1645 1588 Dicitis
1689 1536 1806 1604 quia

215 1629 369 1698 longe
393 1638 462 1680 est
500 1623 671 1680 mes'sis
694 1646 712 1694 ;
741 1630 968 1695 respicite
991 1670 1006 1693 ,
1033 1639 1078 1681 et
1108 1629 1268 1682 videte
1289 1629 1408 1698 quia
1432 1628 1560 1680 alba:
1585 1639 1700 1680 sunt
1722 1645 1804 1680 re-

215 1706 392 1787 giones
418 1717 485 1769 ad
510 1735 732 1770 messem.
761 1719 877 1773 Fuit
899 1735 1024 1788 ergo
1050 1719 1240 1772 messis
1262 1718 1428 1787 prima
1451 1734 1464 1781 ;
1489 1718 1588 1770 erit
1609 1733 1802 1772 secun—

215 1811 282 1864 da
332 1812 381 1864 in
423 1813 606 1867 ultimo
645 1814 860 1866 satculo.
906 1812 1090 1865 Mcssis
1133 1813 1300 1881 prima
1327 1813 1394 1866 dc
1418 1813 1652 1876 Judzcis;
1681 1813 1800 1882 quia

216 1903 565 1956 mittebantur
588 1904 652 1956 ad
677 1904 794 1956 illos
820 1903 1097 1970 l’mphcta:
1122 1903 1495 1957 annuntiantes
1521 1913 1799 1956 venturunt

212 1996 568 2048 Salvatorem.
597 1995 717 2048 Ideo
741 1995 873 2048 dixit
904 1994 1174 2063 discipulis
1200 1998 1312 2056 suis
1336 1996 1612 2058 Dominus,
1649 1993 1800 2048 Vide-

212 2095 260 2134 te
289 2086 407 2152 quia
436 2086 563 2138 alba:
590 2097 702 2139 sunt
730 2088 954 2154 regiones
979 2087 1045 2138 ad
1076 2103 1278 2140 messem
1308 2103 1326 2140 :
1353 2089 1592 2157 regiones
1620 2089 1799 2156 utique

211 2174 438 2228 ιιιόωω.
471 2177 590 2240 Alii,
625 2177 820 2244 inquit,
851 2178 1232 2240 laboraverunt,
1261 2187 1304 2230 et
1336 2194 1418 2253 vos
1448 2179 1498 2231 in
1525 2195 1695 2230 eorum
1724 2182 1800 2231 la-

213 2264 357 2318 bores
384 2268 607 2318 intrastis
636 2267 812 2335 (Joan.
843 2283 893 2320 tv
915 2309 930 2332 ,
964 2268 1030 2320 55
1052 2308 1066 2330 ,
1099 2268 1210 2336 58).
1243 2268 1638 2321 Laboraverunt
1668 2269 1798 2322 Pro-

212 2356 391 2421 pheta:
435 2366 491 2410 ιιι
530 2358 882 2421 scminarent,
927 2369 977 2412 ct
1011 2373 1102 2412 vos
1131 2375 1251 2412 cum
1283 2360 1415 2413 falce
1455 2360 1690 2414 intrastis
1728 2361 1796 2414 ad

212 2448 427 2501 illorum
454 2450 680 2521 labores.
710 2450 865 2504 Facta
887 2459 968 2504 est
989 2465 1116 2521 ergo
1139 2452 1306 2519 prima
1329 2452 1550 2517 messis;
1575 2459 1628 2506 et
1651 2453 1792 2518 inde,

207 2537 278 2591 de
307 2539 422 2606 ipso
447 2539 710 2593 frumento
735 2541 873 2610 quod
907 2551 1030 2595 tunc
1057 2550 1334 2612 purgatum
1363 2550 1472 2608 est,
1503 2543 1795 2596 seminatns

205 2637 290 2681 est
333 2628 478 2682 orbis
509 2639 765 2684 terrarum
787 2673 800 2694 ,
835 2640 885 2684 ut
918 2641 1100 2700 surgat
1121 2632 1220 2685 alia
1249 2633 1438 2686 messis
1463 2647 1582 2702 quae
1607 2633 1658 2686 in
1691 2634 1793 2687 liuc

207 2719 455 2772 metenda
495 2730 594 2774 est.
637 2721 692 2774 lu
735 2722 969 2776 secunda
1010 2738 1185 2776 messe
1213 2725 1630 2792 superseminata
1667 2736 1792 2777 sunt

205 2811 444 2873 zizania;
487 2811 645 2865 modo
677 2812 760 2866 hic
786 2813 1076 2867 laboratur.
1116 2813 1392 2880 Quomodo
1418 2815 1469 2868 in
1502 2814 1592 2868 illa
1621 2815 1787 2883 prima

206 2903 580 2957 laboraverunt
609 2905 887 2974 Prophetm
907 2947 921 2970 ,
953 2920 1229 2975 quousque
1258 2908 1460 2961 veniret
1491 2909 1787 2972 Dominus;

203 2995 284 3047 sic
328 2995 378 3047 in
423 2995 519 3048 ista
562 2996 790 3049 secunda
824 2997 1197 3051 laboraverunt
1225 2998 1491 3066 Apostoli,
1521 3007 1575 3053 et
1604 3012 1790 3053 omnes

205 3084 587 3149 praedicatores
628 3087 864 3139 veritatis
906 3085 1187 3150 laborant,
1232 3103 1505 3157 quousque
1535 3089 1587 3142 in
1627 3089 1785 3144 linem

205 3176 466 3230 Dominus
494 3177 666 3230 mittat
693 3178 743 3232 in
775 3192 1000 3233 messem
1032 3179 1263 3246 Angelos
1288 3194 1435 3233 suos.
1464 3181 1632 3234 Antea
1658 3196 1786 3250 ergo

197 3268 472 3321 desertum
503 3277 646 3333 erat;
676 3268 768 3322 sed
801 3269 1119 3339 piuguescent
1148 3269 1273 3338 ﬁnes
1300 3271 1500 3324 deserti.
1529 3273 1668 3326 Ecce
1697 3273 1782 3325 ubi

201 3358 485 3426 Propheta:
523 3375 627 3411 non
669 3370 975 3425 sonuerant,
1007 3360 1259 3414 Dominus
1286 3361 1664 3430 PrOphetarum
1693 3379 1780 3417 aes

197 3458 389 3518 ceptus
429 3457 534 3504 est.
580 3448 913 3520 Pinguescem
948 3451 1074 3520 ﬁnes
1111 3451 1327 3520 deserti,
1369 3462 1414 3506 et
1451 3453 1784 3508 exsultatione

196 3540 352 3594 collos
389 3541 731 3612 accingentur.
1197 3611 1200 3614 ψ

270 3631 359 3686 l8.
379 3629 530 3704 [νεα.
560 3631 672 3704 14.]
692 3630 867 3686 Induti
895 3643 1011 3687 sunt
1039 3635 1214 3689 arietes
1236 3635 1402 3689 ovium
1423 3652 1443 3689 :
1464 3637 1782 3691 subaudien-

192 3723 346 3788 dum,
370 3725 725 3780 exsultatione.
749 3726 861 3793 Qua
884 3727 1026 3782 enim
1049 3728 1404 3783 exsultatione
1422 3729 1587 3784 colles
1607 3732 1781 3784 accin-

191 3825 410 3883 gcntnr,
442 3815 541 3869 hac
570 3817 862 3876 induuntur
887 3819 1081 3873 arietes
1103 3805 1300 3873 ovium.
1329 3821 1428 3889 Ipsi
1455 3823 1667 3888 arietes,
1691 3824 1779 3892 qui

190 3905 382 3957 colles.
409 3904 583 3959 Colles
608 3907 770 3972 enim,
799 3908 1148 3964 eminentiore
1172 3911 1337 3978 gratia
1361 3927 1375 3974 ;
1400 3913 1621 3974 arietes,
1649 3914 1772 3982 quia

191 3995 360 4049 duces
389 4012 629 4066 gregum.
672 3999 878 4052 Arietcs
913 4015 1038 4068 ergo
1066 4001 1304 4067 Apostoli
1335 4002 1500 4055 induti
1530 4012 1651 4056 sunt
1677 4018 1780 4058 ex-

189 4087 496 4152 tollatione,
527 4089 753 4156 gaudent
782 4088 847 4142 de
875 4088 1131 4143 fructibus
1157 4092 1301 4151 suis;
1332 4107 1434 4144 non
1467 4095 1582 4146 sine
1607 4109 1765 4148 causa

189 4181 607 4247 laboraverunt,
642 4200 746 4237 non
778 4184 893 4238 sine
931 4201 1089 4239 causa
1129 4187 1565 4256 praedicaverunt.
1601 4187 1780 4242 Induti

189 4283 311 4325 sunt
351 4274 531 4328 arietes
557 4271 754 4340 ovium;
782 4287 829 4330 et
857 4278 1105 4332 convalles
1129 4280 1455 4333 abundabunt
1480 4283 1728 4351 frumento
1759 4298 1778 4335 :

187 4375 244 4418 et
284 4366 514 4420 lnnniles
555 4369 729 4436 pepuli
773 4370 996 4423 multum
1039 4371 1264 4426 fructum
1301 4372 1542 4428 allerent.
1572 4373 1776 4426 Clama-

188 4457 312 4509 bunt
347 4471 369 4510 :
398 4457 519 4511 inde
558 4459 902 4513 abundabunt
942 4460 1245 4529 frumento,
1287 4465 1408 4532 quia
1454 4465 1774 4518 clamabunt.

186 4550 327 4615 Quid
369 4551 714 4606 clamabunt?
753 4552 952 4608 Etenim
993 4556 1232 4624 hymnum
1275 4558 1456 4609 dicent.
1499 4557 1656 4618 Aliud
1697 4568 1777 4611 est

185 4641 330 4693 enim
358 4640 590 4695 clamare
615 4643 871 4698 adversus
900 4646 1084 4710 Deum,
1113 4646 1251 4699 aliud
1283 4646 1534 4718 hymnum
1560 4649 1775 4714 dicere;

183 4731 327 4785 aliud
356 4735 590 4786 clamare
617 4735 912 4804 sacrilegia,
941 4735 1084 4789 aliud
1114 4738 1344 4791 clamare
1371 4738 1549 4792 laudes
1581 4737 1692 4792 Dei.
1721 4740 1774 4792 Si

183 4825 390 4878 clamas
425 4826 475 4878 in
514 4826 864 4894 blasphemia,
897 4827 1077 4896 spinas
1107 4831 1402 4898 protulisti;
1430 4832 1472 4884 si
1501 4831 1698 4884 clamas
1722 4831 1774 4884 in

187 4913 410 4984 hymno,
445 4915 684 4983 abundas
715 4918 998 4971 frumento.
1077 4929 1080 4932 ’

631 5123 709 5183 ΙΝ
755 5124 892 5184 PSA
903 5126 1014 5184 LM
1023 5127 1133 5185 UM
1177 5126 1343 5186 LXV

793 5247 1214 5302 ENARRATIO.

699 5376 866 5414 δεηωο
919 5377 987 5414 ΑΒ
1031 5377 1256 5415 ΡιΕΒΕΙ.

249 5477 300 5528 l.
346 5474 520 5548 [vera
553 5469 644 5543 L]
684 5471 994 5527 lnscribitur
1020 5472 1070 5525 in
1102 5473 1249 5525 titulo
1279 5473 1511 5540 psalmus
1540 5475 1636 5527 iste
1662 5515 1674 5536 .
1704 5474 1768 5528 in

179 5570 364 5633 ﬁnem,
406 5564 662 5618 canticum
689 5563 884 5617 Psalmi
923 5564 1315 5616 resurrectionis.
1359 5563 1425 5616 In
1465 5565 1615 5630 ﬁnem
1648 5581 1766 5618 cum

178 5660 402 5722 auditis,
435 5657 650 5728 quando
695 5656 886 5710 Psalmi
917 5657 1360 5726 pronuntiantur,
1405 5657 1457 5708 in
1496 5656 1765 5710 Christum

180 5751 486 5820 intelligite;
512 5748 724 5802 dicente
765 5748 1017 5814 Apostolo
1045 5765 1058 5799 :
1090 5747 1233 5801 Finis
1270 5753 1401 5801 enim
1437 5747 1585 5818 Legis
1614 5748 1762 5802 Citri-

178 5856 292 5911 τιμε,
345 5843 417 5898 ad
449 5842 710 5915 justitiam
752 5842 888 5895 omni
926 5841 1148 5896 credenti
1184 5841 1336 5912 (Itoni
1391 5857 1454 5905 ς,
1491 5842 1562 5910 lt).
1615 5842 1757 5910 Quo-

1330 418 1726 481 ENARRA'I‘IO
1765 417 1825 470 ΙΝ
1868 416 2185 473 ΡΞΑΙΛΙΗΜ
2231 421 2385 476 LXV.

3409 443 3515 496 78η

1928 531 2086 584 modo
2124 549 2251 605 ergo
2281 535 2367 591 hic
2393 549 2633 596 cantetur
2663 545 3010 606 resurrectio.
3051 559 3102 602 ct
3141 550 3292 619 cujus
3329 568 3511 607 resur-

1924 624 2125 685 rectio.
2171 636 2423 694 quantum
2473 631 2583 699 ipse
2625 633 2826 689 donare
2873 649 2924 691 et
2963 641 3171 706 aperire
3223 641 3504 711 dignatur.
3543 663 3548 667 ·

1921 711 2166 768 audietis.
2200 716 2661 777 Resurrcctionem
2687 728 2827 780 enim
2858 726 3140 787 Christiani
3174 735 3417 786 novimus
3457 737 3516 789 i-n

1920 801 2094 872 capite
2141 816 2324 860 nostro
2359 808 2468 877 jam
2510 809 2724 879 factam,
2765 825 2818 869 et
2863 819 2915 870 in
2969 821 3504 894 membrisgfutnram.

1919 893 2090 962 Caput
2119 896 2373 953 Ecclesia:
2398 901 2640 957 Christus
2663 916 2764 968 est,
2789 910 3026 963 membra
3049 913 3244 967 Christi
3271 916 3504 970 Ecclesia

1923 981 2137 1052 (Coloss.
2166 1002 2204 1051 ι,
2234 989 2343 1059 18).
2372 991 2524 1057 Quod
2551 997 2824 1061 praecessit
2852 998 2901 1050 iu
2932 1002 3106 1068 capite
3127 1044 3141 1065 ,
3170 1015 3424 1072 sequetur
3452 1007 3500 1056 in

1916 1086 2160 1141 corpore.
2195 1077 2319 1132 [hec
2354 1090 2436 1134 est
2471 1097 2594 1151 spes
2621 1096 2798 1139 nostra
2825 1104 2840 1139 :
2869 1089 2934 1141 ad
2966 1088 3068 1144 hoc
3102 1091 3368 1146 credimus
3393 1135 3406 1153 .
3442 1096 3504 1146 ait

1918 1161 2018 1216 hoc
2060 1164 2332 1234 duramus,
2373 1180 2426 1225 et
2455 1187 2857 1242 perseveramus
2897 1179 2947 1232 in
3003 1189 3147 1236 tanta
3185 1185 3509 1254 malignitate

1918 1253 2073 1323 hujus
2098 1259 2274 1313 saeculi
2298 1302 2315 1324 ,
2341 1265 2650 1321 consolante
2677 1283 2773 1321 nos
2799 1285 2914 1338 spe,
2948 1281 3229 1341 antequam
3262 1253 3388 1343 spes
3416 1277 3504 1329 liat

1917 1359 2023 1396 res.
2057 1343 2165 1398 Res
2197 1350 2339 1402 enim
2365 1352 2467 1404 erit
2492 1364 2687 1409 cumet
2715 1371 2811 1410 nos
2851 1363 3335 1430 resurrexerimus,
3369 1374 3420 1418 et
3451 1365 3501 1417 in

1913 1435 2184 1491 cmlestem
2209 1438 2226 1470 ί
2250 1439 2486 1495 habitum
2516 1448 2846 1512 commutati,
2871 1450 3101 1518 aequales
3130 1441 3348 1520 Angelis
3375 1452 3496 1508 facti

1912 1525 2185 1581 fuerimus.
2216 1530 2343 1597 Quis
2369 1533 2469 1588 hoc
2490 1548 2705 1603 Sperare
2731 1537 2986 1605 auderet,
3019 1542 3117 1595 nisi
3150 1543 3344 1597 veritas
3372 1536 3496 1612 pro-

1913 1619 2181 1676 mitteret?
2224 1622 2370 1677 lianc
2407 1635 2583 1680 autent
2632 1644 2783 1698 spem
2830 1633 3144 1700 promissam
3184 1635 3287 1689 sibi
3326 1636 3493 1690 Judaei

1913 1711 2189 1776 tenebant;
2218 1723 2270 1768 ct
2298 1715 2364 1770 de
2387 1717 2539 1771 bonis
2561 1728 2614 1772 et
2637 1721 2786 1791 quasi
2809 1721 2966 1789 jostis
2993 1726 3244 1792 Operibus
3267 1728 3491 1782 multum

1908 1803 2288 1872 gloriabantur,
2312 1809 2449 1876 quod
2474 1824 2789 1879 acccpemnt
2811 1813 3001 1884 Legem
3022 1817 3314 1873 secundum
3336 1836 3493 1889 quam

1911 1893 2135 1948 vivendo
2163 1907 2217 1949 et
2244 1896 2330 1952 bic
2355 1899 2612 1956 baberent
2638 1904 2770 1956 bona
2798 1905 3030 1970 carnalia
3047 1948 3059 1968 ,
3091 1919 3143 1961 et
3170 1909 3220 1961 in
3254 1925 3493 1964 resurre-

1908 1985 2086 2040 ctione
2133 2000 2462 2044 mormorum
2507 1994 2629 2046 talia
2675 1997 2959 2062 sperabant
3016 1998 3083 2051 de
3123 2000 3367 2068 qualibus
3409 2004 3492 2056 hic

1907 2076 2221 2144 gaudebant.
2267 2080 2548 2151 Propterea
2580 2083 2904 2151 Saddueazis,
2931 2090 3020 2158 qui
3053 2092 3314 2159 negabant
3352 2093 3492 2146 fota-

1908 2183 2019 2220 ratn
2051 2174 2491 2227 resurrectionem
2513 2218 2529 2239 ,
2556 2176 2724 2231 Judtni
2754 2181 3078 2248 respondere
3108 2198 3211 2235 non
3247 2193 3492 2252 poterant

1907 2263 2322 2327 proponenlibus
2349 2267 2717 2332 qumstinnetn,
2745 2283 2903 2336 quam
2942 2271 3165 2324 Domino
3194 2289 3480 2342 proposue-

1906 2359 2029 2401 runt
2048 2349 2205 2404 iidem
2227 2352 2522 2408 Sadducmi.
2554 2355 2684 2410 llinc
2704 2357 2845 2411 enim
2871 2358 3213 2429 intelligimus
3235 2377 3327 2416 eos
3350 2361 3487 2420 hanc

1903 2439 2248 2506 qinestionem
2283 2445 2491 2498 solvere
2527 2461 2631 2498 non
2661 2447 2927 2514 potuisse,
2971 2449 3090 2518 quia
3125 2450 3345 2505 Domino
3374 2455 3484 2508 sol-

1903 2541 2056 2584 vente
2085 2532 2258 2586 mirati
2297 2544 2435 2588 sunt.
2469 2535 2843 2605 Proponebant
2864 2555 2990 2608 ergo
3016 2540 3288 2596 Sadducaei
3333 2560 3481 2615 qna:-

1901 2621 2126 2676 stionem
2148 2625 2215 2679 de
2234 2627 2455 2695 quadam
2480 2628 2722 2694 muliere,
2747 2644 2864 2699 quae
2887 2630 3070 2685 habuit
3088 2644 3290 2702 septem
3309 2636 3478 2700 viros;

1900 2729 2004 2768 non
2053 2715 2245 2783 simul,
2297 2719 2391 2771 sed
2433 2719 2782 2775 succedentes
2823 2721 2944 2776 sibi.
3000 2723 3130 2778 Erat
3184 2726 3324 2779 enim
3380 2727 3480 2781 hoc

1900 2805 2028 2874 legis
2049 2807 2114 2860 ad
2144 2810 2388 2878 populum
2417 2813 2830 2882 propagandum,
2861 2816 3021 2885 utqui
3049 2815 3186 2871 forte
3207 2819 3322 2874 sine
3350 2820 3481 2876 libe-

1899 2897 1971 2950 ris
2019 2898 2412 2968 defungeretur,
2460 2901 2621 2956 frater
2662 2904 2797 2971 ejus,
2841 2905 2882 2958 si
2928 2903 3166 2972 haberet,
3212 2908 3481 2978 acciperet

1899 3001 2114 3041 uxorem
2142 2989 2276 3057 ejus,
2308 2992 2372 3043 ad
2405 2993 2764 3047 suscitanilutn
2791 3011 2972 3049 semen
3000 2996 3145 3050 fratri
3176 3015 3274 3052 suo
3300 2999 3472 3070 (Deut.

1897 3093 2020 3144 xxv,
2053 3079 2134 3148 5).
2172 3079 2450 3150 Proposita
2478 3100 2605 3153 ergo
2642 3085 2726 3140 illa
2759 3087 3003 3153 muliere,
3032 3105 3149 3159 qua:
3178 3090 3359 3144 habuit
3386 3108 3473 3146 se-

1896 3181 2036 3237 ptem
2067 3171 2209 3226 viros
2229 3188 2414 3227 omnes
2441 3186 2678 3229 mortuos
2707 3177 2822 3231 sine
2844 3178 3045 3245 liberis,
3070 3195 3123 3234 ct
3147 3181 3210 3235 ad
3240 3181 3341 3236 hoc
3359 3183 3478 3236 ofli-

1894 3262 2031 3314 cium
2073 3262 2396 3331 implendum
2441 3265 2692 3320 ducentes
2737 3267 2914 3322 fratris
2940 3285 3178 3333 uxorem.
3225 3271 3474 3327 dixerunt

1891 3359 2233 3419 quzerentes:
2267 3351 2330 3405 In
2369 3355 2728 3408 resurrectione
2771 3358 2916 3428 cujus
2959 3376 3130 3412 eorum
3175 3361 3267 3414 erit
3302 3364 3475 3414 uxor?

1893 3442 2083 3498 Procul
2113 3446 2274 3500 dubio
2297 3447 2464 3501 Judan
2496 3466 2599 3502 non
2633 3449 2982 3519 fatigarentur
3004 3492 3018 3513 ,
3052 3466 3155 3506 non
3183 3455 3474 3509 delicercnt

1892 3531 1942 3585 in
1973 3534 2069 3589 ista
2113 3538 2426 3604 quaestione,
2474 3539 2517 3592 si
2547 3553 2649 3592 non
2695 3541 2819 3593 talia
2865 3542 2962 3596 sibi
3003 3543 3053 3595 in
3086 3545 3472 3598 resurrectione

1890 3635 2189 3693 sperarent,
2210 3627 2383 3696 qualia
2408 3629 2636 3699 agebant
2661 3630 2711 3682 in
2740 3630 2839 3684 hac
2858 3634 2985 3686 vita.
3016 3632 3271 3687 Dominus
3291 3643 3468 3688 autem

1889 3714 2244 3786 aequalitatem
2286 3719 2611 3788 Angelorum
2657 3724 3006 3790 promittens,
3050 3738 3153 3776 non
3183 3723 3469 3779 humanam

1887 3804 2065 3859 carnis
2112 3807 2543 3876 corruptionem,
2591 3809 2666 3863 ait
2708 3810 2855 3863 illis:
2914 3811 3144 3878 Erratis,
3198 3813 3470 3868 nescientes

1890 3893 2186 3966 Scriptura:
2209 3938 2224 3963 ,
2254 3915 2413 3968 neque
2441 3900 2669 3955 virtutem
2695 3901 2809 3955 Dei.
2843 3901 2910 3956 In
2936 3906 3298 3959 resurrectione
3337 3908 3468 3959 enim

1888 4005 2045 4057 neque
2063 3989 2263 4056 nubent,
2287 4007 2443 4060 neque
2458 4008 2637 4046 uxores
2661 3993 2881 4047 ducent:
2901 4011 3060 4065 neque
3077 3998 3210 4050 enim
3235 3999 3471 4067 incipient

1887 4079 2034 4141 mori,
2056 4079 2144 4133 sed
2162 4091 2305 4134 erunt
2325 4083 2548 4151 ecquale:
2564 4083 2766 4153 Angelis
2786 4083 2877 4138 Dei
2894 4083 3101 4157 (Matth.
3134 4103 3263 4152 χχιι,
3287 4087 3464 4150 25-50.

1887 4181 1934 4224 et
1956 4170 2079 4224 Luc.
2099 4189 2188 4239 xx,
2204 4172 2412 4245 27-56).
2429 4175 2819 4232 Demonstravit
2833 4177 2972 4246 quod
2993 4177 3062 4232 ibi
3080 4179 3149 4232 sit
3170 4182 3466 4235 necessaria

1887 4263 2173 4328 successio,
2206 4265 2291 4319 ubi
2330 4249 2540 4319 doletur
2553 4265 2792 4322 decessio
2823 4268 2880 4322 ’λε
2911 4267 2985 4322 ibi
3011 4270 3128 4338 quia
3159 4270 3470 4326 decessores

1888 4370 1992 4408 non
2018 4364 2174 4409 erunt
2197 4395 2212 4421 ,
2242 4371 2344 4410 nec
2368 4373 2703 4412 successores
2728 4370 3053 4427 quaerentur.
3084 4362 3161 4414 Ad
3199 4362 3298 4418 hoc
3323 4365 3465 4417 enim

1887 4447 2146 4517 subjecit:
2194 4447 2312 4501 Non
2340 4451 2473 4502 enim
2495 4450 2735 4518 incipient
2759 4452 2907 4505 mori.
2939 4452 3312 4509 Verumtamen
3343 4460 3464 4526 quia

1886 4536 2053 4591 Judaei
2085 4539 2371 4603 tenebant,
2403 4539 2502 4593 etsi
2532 4539 3030 4612 carnaliter,'spem
3061 4548 3466 4601 resurrectionis

1887 4631 2074 4682 futurae
2092 4670 2109 4696 ,
2141 4629 2307 4699 gavisi
2332 4638 2460 4684 sunt
2486 4646 2796 4700 responsum
2826 4647 2946 4688 esse
2971 4634 3277 4691 Sadduczeis
3298 4679 3310 4701 ,
3344 4632 3464 4694 cum

1885 4721 2076 4789 quibus
2104 4721 2208 4775 illis
2235 4732 2350 4776 erat
2371 4722 2437 4776 de
2463 4721 2562 4777 hac
2595 4724 2808 4792 ancipiti
2837 4734 2892 4779 et
2915 4726 3138 4782 obscura
3169 4731 3472 4798 qtuustione

1885 4821 2175 4867 certamen.
2207 4814 2480 4868 Tcnebant
2507 4830 2634 4884 ergo
2678 4815 2849 4870 Judaei
2874 4834 3022 4887 spem
3059 4826 3467 4879 resurrectionis

1886 4911 2251 4966 mortuorum;
2277 4912 2331 4956 et
2355 4905 2496 4958 solos
2516 4918 2576 4958 se
2599 4901 2663 4959 ad
2689 4905 2897 4960 beatam
2925 4909 3086 4963 vitam
3129 4925 3467 4970 resurrectu-

1885 5008 1974 5046 ros
1998 4995 2282 5061 sperabant
2306 4994 2327 5024 ³
2355 5005 2571 5064 propter
2590 5012 2723 5066 opus
2745 4996 2923 5067 Legis,
2951 5011 3003 5054 ct
3033 5013 3247 5072 propter
3262 5006 3426 5072 justiti
3442 5037 3468 5046 -

1882 5084 2118 5138 cationes
2145 5085 2534 5152 Scriptor-arum
2558 5130 2572 5152 ,
2602 5104 2732 5157 quas
2762 5090 3025 5144 habebant
3051 5095 3149 5147 Soli
3176 5095 3346 5150 Jndmi
3366 5137 3382 5162 ,
3411 5109 3465 5154 ct

1883 5177 2078 5231 Gentes
2104 5193 2207 5230 non
2241 5177 2520 5231 habebant.
2551 5177 2845 5236 Crucilixus
2869 5190 2950 5235 est
2973 5182 3245 5247 Christus;
3269 5189 3465 5243 carcitus

1883 5284 1946 5321 ea:
1971 5276 2113 5337 parte
2151 5266 2316 5320 Isracl
2341 5271 2475 5338 facta
2503 5278 2596 5330 est,
2623 5278 2676 5322 ut
2696 5272 2954 5338 plenitudo
2998 5273 3230 5327 Gentium
3255 5279 3462 5334 intraret

1884 5358 2055 5426 (Rom.
2087 5375 2167 5422 xx,
2212 5357 2305 5429 9.5)
2337 5377 2348 5413 :
2382 5360 2482 5413 hoc
2510 5361 2767 5430 Apostolo
2810 5360 3037 5418 dicente.
3087 5365 3261 5435 Cmpit
3303 5372 3462 5424 etiam

1882 5448 2137 5503 Gentibus
2161 5449 2392 5517 promitti
2413 5451 2731 5505 resurrectio
2753 5462 3104 5523 mortuorum,
3125 5459 3464 5516 credentibus

1945 5609 1957 5635 τ
1989 5604 2208 5667 Plerique
2234 5613 2356 5659 Mssa
2385 5605 2663 5667 caglestium.

1943 5669 1962 5697 π
1984 5669 2055 5736 sic
2073 5663 2175 5714 stas.
2189 5675 2257 5736 ⁵έιι
2278 5668 2411 5728 edd,
2429 5663 2495 5716 ibi
2516 5680 2608 5716 non
2623 5666 2683 5717 sit
2706 5670 2976 5720 necessario
3000 5675 3250 5736 successio,
3281 5676 3362 5726 ubi
3379 5679 3461 5726 de-

1878 5727 2000 5777 letur
2017 5729 2241 5778 decessio.

1929 5791 1961 5900 (3
1987 5789 2209 5853 Plerique
2233 5797 2362 5851 Mss,
2378 5789 2465 5841 soli
2486 5802 2536 5841 se
2552 5791 2617 5839 ad
2642 5787 2826 5841 beatam
2851 5792 2992 5844 citam
3009 5807 3360 5848 resurrecttu'os
3377 5815 3463 5865 pu-

1943 5859 2056 5900 iant-

1878 5857 2034 5900 tabam
2043 5894 2057 5909 ,
