3934 6336
474 343 581 403 787

466 454 728 512 inlesum
756 453 1030 510 Christum
1065 449 1209 525 quod
1247 451 1624 507 resurrexerit.
1665 451 1792 508 lude
1823 449 2064 520 psalmus

467 549 567 603 iste
586 557 671 602 est
691 548 949 611 adversus
970 544 1443 614 praesumptionem
1461 553 1514 598 et
1533 542 1839 612 superbiam
1856 541 2065 595 Judzeo-

467 654 606 704 rum,
638 652 736 708 pro
761 639 867 692 tide
893 637 1141 689 Gentium
1165 633 1231 688 ad
1262 634 1505 689 cattttlcm
1537 649 1685 702 spem
1713 631 2067 687 resurrectio-

467 729 550 782 uis
582 737 912 782 vocaturum.

533 819 590 870 9,.
631 815 1058 886 Quodammodo,
1107 815 1300 870 fratres
1339 816 1470 880 mei,
1518 815 1754 870 animum
1806 815 1822 845 ¹
1871 813 2066 866 Psalmi

465 910 709 963 audistis.
737 909 794 963 lu
822 910 925 964 hoc
951 909 1090 976 quod
1117 908 1250 971 dixi,
1280 909 1329 962 in
1361 908 1460 960 huc
1489 907 1628 977 quad
1660 905 1933 976 proposui,
1959 914 2066 958 tota

470 994 644 1052 vestra
695 997 1053 1068 suspendatur
1081 997 1340 1062 intentio;
1371 997 1493 1050 hinc
1523 1011 1619 1049 vos
1649 995 1788 1049 nulla
1818 994 2069 1064 cogitatio

467 1099 674 1143 avertat
703 1107 718 1143 ε
762 1099 948 1144 contra
979 1072 1449 1159 prmstunptiouem
1482 1088 1677 1158 dicitur
1714 1085 2022 1150 Judznorum
2051 1125 2066 1151 ,

469 1179 564 1249 qui
592 1179 663 1236 de
685 1179 1155 1249 jttstilicationibus
1183 1178 1341 1249 Legis
1365 1180 1655 1248 sperabant
1681 1177 1783 1232 sibi
1823 1189 2072 1232 resurre-

471 1271 730 1337 ctionem,
758 1281 812 1325 et
837 1273 1215 1325 cruciliserunt
1237 1269 1508 1326 Christum
1539 1271 1630 1339 qui
1661 1269 1864 1326 primus
1889 1280 2069 1320 resur-

451 1362 632 1424 rexit.
661 1349 765 1414 non
793 1361 1030 1426 membra
1061 1366 1425 1415 resurrectura
1451 1359 1595 1413 solos
1619 1357 1835 1414 Judmns
1857 1356 2069 1410 babitn~

471 1469 568 1509 rus
612 1457 670 1520 ³,
714 1453 807 1508 sed
852 1468 1040 1507 omnes
1079 1454 1168 1519 qui
1209 1453 1261 1505 in
1309 1467 1429 1506 eum
1473 1449 1847 1513 credidissent,
1893 1449 1944 1502 id
1989 1457 2072 1502 est

470 1561 658 1600 otnncs
687 1556 893 1619 gentes.
923 1545 1049 1599 lndc
1073 1546 1236 1613 cmpit
1260 1563 1274 1597 :
1303 1542 1529 1598 Jubilate
1559 1539 1687 1610 Deo.
1718 1540 1862 1619 Qui?
1893 1539 2072 1598 Omnis

471 1647 626 1689 terra.
672 1635 786 1697 Non
831 1651 960 1707 ergo
1008 1638 1120 1690 Sola
1164 1635 1369 1699 ludum.
1402 1633 1610 1700 Videte,
1645 1633 1857 1700 fratres,
1880 1648 2069 1703 quem-

473 1729 765 1801 admodum
823 1731 1231 1783 commendetur
1273 1727 1592 1782 universitas
1641 1725 1910 1781 Ecclesia:
1961 1733 2074 1779 toto

471 1823 605 1876 orbe
624 1823 831 1876 dill'nsa:
856 1838 871 1884 ;
901 1830 1082 1876 etnon
1106 1820 1279 1892 solum
1299 1819 1477 1874 delete
1499 1817 1719 1886 Jud;cos
1737 1817 1825 1888 qui
1845 1817 2072 1889 gratiam

474 1913 630 1966 istam
659 1913 920 1978 Gentibus
957 1911 1297 1976 invidebant,
1323 1910 1426 1967 sed
1446 1909 1573 1980 plus,
1607 1907 1892 1976 haereticos.
1917 1907 2072 1977 plan—

473 2006 601 2077 gite.
619 2003 674 2060 Si
695 2004 839 2059 enim
859 2003 1073 2057 dolendi
1096 2011 1221 2056 sunt
1240 2002 1328 2072 qui
1350 2001 1562 2055 collecti
1579 2005 1857 2066 non-sunt,
1875 2006 2076 2068 quanto

474 2093 706 2174 amplius
741 2094 832 2163 qui
853 2094 1064 2160 collecti
1095 2091 1249 2147 divisi
1288 2091 1449 2146 sunt?
1484 2089 1711 2145 Jubilate
1753 2087 1882 2155 Deo,
1913 2087 2076 2146 omnis

475 2197 629 2240 terra.
645 2185 781 2256 Quid
793 2195 898 2246 est.
915 2183 1176 2243 Jubi'late?
1193 2182 1246 2239 In
1264 2197 1450 2238 vocem
1461 2181 1724 2251 erumpite
1738 2179 2073 2252 gaudiorum,

474 2281 521 2333 si
549 2295 655 2333 non
685 2277 906 2348 potestis
939 2277 1244 2341 verborum.
1276 2273 1392 2330 Non
1417 2274 1560 2329 enim
1587 2273 1765 2328 verbis
1787 2271 2073 2343 jubilatur;

473 2369 572 2426 sed
598 2371 744 2431 solus
781 2368 1127 2440 gaudentium
1167 2367 1372 2422 sonitus
1399 2364 1661 2431 redditur,
1699 2364 1851 2434 quasi
1898 2372 2076 2432 partu-

411 2519 415 2522 .
474 2462 666 2518 rientis
693 2474 748 2518 et
777 2463 1032 2532 parientis
1051 2461 1230 2516 cordis
1257 2461 1494 2515 laetitiam
1528 2459 1581 2514 in
1614 2447 1803 2530 vocem
1839 2456 1914 2513 rei
1943 2471 2074 2512 con-

477 2563 649 2627 cepta:
663 2555 710 2620 ³,
732 2571 850 2626 qum.
872 2555 1050 2610 verbis
1074 2553 1329 2623 explicari
1357 2567 1462 2607 non
1485 2552 1673 2622 possit.
1699 2549 1925 2609 [ubilate
1945 2546 2078 2614 Deo,

477 2646 654 2700 orunis'
672 2654 805 2713 terra
826 2661 846 2699 :
887 2659 1045 2700 nemo
1067 2643 1260 2714 jubilet
1296 2643 1349 2697 in
1377 2655 1549 2714 parte.
1587 2638 1758 2707 Nemo
1777 2683 1792 2707 ,
1823 2640 2038 2710 inquam
2058 2681 2076 2704 ,

475 2735 669 2807 iubilet
693 2736 746 2792 in
772 2745 928 2811 parte
951 2755 966 2790 :
1003 2737 1181 2791 omnis
1207 2743 1349 2791 terra
1380 2734 1602 2802 iubilet,
1635 2733 1908 2790 Catholica
1931 2732 2077 2802 jubi-

477 2827 574 2882 let.
613 2824 888 2883 Catholica
923 2836 1093 2880 totum
1122 2835 1306 2882 tenet:
1335 2825 1656 2896 quicumque
1685 2819 1888 2894 partem
1910 2832 2075 2886 tenet,

477 2928 536 2976 et
561 2935 593 2974 a
623 2927 735 2974 toto
765 2914 1024 2989 prmcisus
1050 2928 1153 2982 est,
1185 2917 1390 2972 ululare
1412 2917 1544 2984 vult,
1575 2914 1946 2984 nonjubilare.
1975 2914 2083 2969 Ju-

479 3011 634 3068 bitate
659 3008 788 3076 Deo,
820 3010 984 3064 omnis
1011 3017 1169 3064 terra.

551 3101 607 3158 3.
648 3098 827 3173 [vera
871 3097 980 3172 2.]
1033 3097 1251 3171 Psallite
1294 3106 1464 3170 autem
1495 3098 1708 3152 nomini
1761 3099 1892 3170 ejus.
1939 3097 2077 3166 Quid

479 3191 661 3246 dixit?
699 3190 1058 3245 Psallentibus
1102 3189 1254 3244 vobis
1303 3187 1654 3254 benedicatur
1694 3203 1888 3243 nomen
1936 3188 2073 3259 ejus.

477 3283 618 3355 Quid
643 3281 714 3336 sit
735 3290 912 3336 autem
935 3279 1189 3352 psallere,
1217 3279 1330 3335 heri
1351 3279 1484 3347 dixi,
1509 3288 1565 3336 et
1584 3279 1747 3335 credo
1770 3279 2076 3334 meminisse

477 3360 822 3430 Charitatent'
851 3371 1119 3428 Vestram.
1164 3371 1424 3435 Psallere,
1481 3379 1565 3426 est
1611 3385 1868 3441 organum
1915 3371 2074 3424 etiam

479 3478 755 3520 assumere
801 3464 942 3534 quod
988 3463 1297 3534 psalterium
1346 3462 1562 3530 dicitur,
1603 3469 1658 3516 et
1710 3461 1866 3532 pulsu
1917 3471 2076 3532 atque

477 3570 642 3627 opere
680 3571 931 3610 manuum
972 3555 1193 3626 vocibus
1217 3555 1565 3609 concordare.
1597 3553 1655 3609 Si
1684 3568 1814 3622 ergo
1834 3552 2076 3622 jubilatis

477 3647 634 3716 quod,
653 3648 792 3714 Deus
815 3647 1018 3709 audiat,
1042 3646 1256 3717 psallite
1280 3646 1441 3700 etiam
1469 3643 1612 3715 quod
1643 3642 1890 3697 homines
1917 3651 1971 3697 et
1997 3645 2074 3696 vi-

478 3739 643 3795 deant
667 3747 722 3793 et
742 3738 995 3803 audiant;
1025 3737 1120 3792 sed
1148 3753 1253 3792 non
1277 3737 1476 3791 nomini
1505 3745 1705 3791 vestro.
1729 3737 1908 3790 Cavete
1929 3737 2073 3790 enim

478 3834 648 3901 facere
661 3829 919 3902 justitiam
945 3839 1164 3882 vestram
1188 3844 1358 3880 coram
1386 3826 1693 3889 hominibus,
1723 3837 1777 3880 ut
1803 3826 2076 3880 videamini

477 3920 639 3975 abeis
679 3918 893 3991 (Matth.
920 3936 975 3974 τι
1000 3961 1015 3981 ,
1048 3919 1124 3990 l).
1169 3918 1236 3973 Et
1273 3927 1494 3990 propter
1533 3918 1687 3987 cujus
1739 3933 1955 3984 nomen,
1996 3919 2075 3972 in-

477 4013 654 4084 quies,
678 4012 923 4082 psallam,
949 4021 1002 4065 ut
1029 4024 1134 4065 non
1157 4009 1179 4041 ⁸
1205 4011 1488 4077 videantur
1504 4009 1573 4074 ah
1595 4009 1898 4063 hominibus
1913 4024 2072 4080 opera

478 4105 637 4160 mea?
666 4103 936 4180 Attendite
962 4103 1067 4156 alin
1099 4104 1250 4157 loco:
1285 4100 1511 4155 Luceant
1538 4117 1693 4171 opera
1718 4111 1880 4173 vestra
1903 4118 2074 4156 coram

478 4199 785 4264 ﬂaminibus,
830 4209 884 4253 ut
921 4198 1122 4251 uideant
1162 4198 1293 4251 bona
1333 4197 1467 4266 facta
1493 4205 1672 4260 uestra,
1704 4204 1750 4249 et
1792 4197 2075 4266 gloriﬁcent

479 4290 690 4346 Patrem
717 4299 935 4344 uestrum
973 4290 1057 4360 qui
1089 4291 1140 4342 in
1187 4289 1324 4342 caelis
1369 4299 1441 4341 est
1472 4285 1582 4358 (ιιι.
1614 4303 1676 4351 v,
1709 4285 1821 4359 16).
1861 4285 2074 4341 Videant

477 4385 610 4438 bona
638 4384 775 4453 facta
802 4391 962 4436 uestra
983 4424 997 4444 ,
1023 4390 1071 4434 et
1099 4381 1384 4452 gloriﬁrent
1406 4421 1420 4444 ,
1451 4395 1557 4433 non
1596 4395 1713 4445 vos,
1743 4377 1838 4434 sed
1880 4377 2071 4433 Deum.

477 4475 610 4531 Nam
641 4476 686 4530 si
717 4483 934 4546 propter
965 4489 1062 4526 vos
1090 4471 1468 4542 glorillcuttdns
1499 4471 1668 4525 facitis
1704 4485 1865 4539 opera
1893 4468 2031 4524 bona
2055 4511 2068 4533 ,

477 4566 834 4638 respondetur
873 4564 1013 4634 quod
1063 4565 1177 4632 ipse
1215 4562 1350 4616 dixit
1391 4562 1459 4614 dc
1483 4561 1802 4630 quibusdam
1833 4560 2070 4613 talibus:

477 4664 638 4714 Amen
663 4660 777 4712 dico
806 4657 942 4712 tabis
964 4673 984 4721 ;
1016 4664 1345 4725 perceperunt
1374 4655 1650 4718 mercedem
1677 4669 1838 4707 suam.
1875 4651 1944 4706 Et
1972 4651 2072 4708 ite-

475 4765 635 4805 rum:
677 4750 918 4819 Alioquin
956 4748 1232 4807 mercedem
1261 4761 1364 4798 non
1404 4743 1648 4808 habebitis
1691 4742 1833 4812 apud
1865 4740 2074 4794 Patrem

478 4853 696 4900 uestrum
723 4842 808 4913 qui
834 4842 886 4893 in
916 4839 1054 4892 cretis
1093 4846 1166 4891 est
1195 4835 1307 4906 (Id.
1336 4851 1420 4900 Vl,
1447 4833 1516 4896 2,
1549 4832 1624 4906 l).
1655 4833 1815 4903 Ergo,
1845 4832 2069 4901 inquieti,

477 4934 652 4989 debeo
677 4931 1009 4987 abscondere
1036 4944 1198 4999 Opera
1230 4943 1372 4992 mea,
1401 4943 1470 4982 nc
1499 4927 1683 4980 faciam
1712 4943 1883 4979 coram
1910 4926 2075 4980 Itami-

482 5023 668 5078 nibus?
693 5022 830 5077 Non.
859 5021 966 5076 Sed
988 5020 1113 5091 quid
1141 5019 1257 5074 ait?
1285 5017 1512 5072 Luceant
1531 5034 1686 5087 opera
1714 5027 1876 5071 vestra
1904 5032 2076 5071 coram

481 5114 787 5167 hominibus.
825 5117 1046 5182 Anceps
1085 5125 1215 5182 ergo
1246 5109 1569 5163 remanebo:
1601 5108 1702 5162 bac
1740 5108 1870 5171 mibi
1896 5107 2033 5162 dicis
2055 5149 2073 5175 ,

479 5202 670 5269 Cavete
697 5204 864 5273 facere
881 5201 1136 5272 justitiam
1163 5209 1378 5273 vestram
1410 5214 1581 5252 coram
1622 5197 1944 5270 hominibus;
1975 5196 2076 5252 hac

481 5294 613 5350 mihi
631 5294 788 5358 dicis,
810 5291 1034 5346 Luceant
1052 5308 1205 5362 opera
1229 5300 1392 5344 vestra
1417 5289 1546 5352 bona
1565 5304 1734 5341 coram
1755 5287 2075 5352 hominibus;

481 5384 607 5453 quid
633 5382 973 5441 observabo?
997 5381 1124 5452 quid
1152 5381 1384 5435 faciam?
1425 5379 1552 5449 quid
1580 5377 1874 5452 relinquam
1895 5378 1920 5432 ?
1941 5377 2078 5435 'l‘am

482 5492 587 5530 mm
617 5485 794 5546 potest
822 5475 983 5528 homo
1009 5474 1210 5528 seri-ire
1239 5471 1449 5526 duobus
1475 5470 1708 5526 dominis
1735 5471 1946 5525 diversa
1983 5469 2074 5540 ju-

530 5633 562 5670 ’ί
586 5645 767 5698 0mm
780 5647 932 5698 μηρυ
1098 5625 1328 5698 etiame"-

544 5702 570 5733 ³
591 5701 667 5748 sic
688 5687 881 5760 aliq'uot'
1105 5687 1526 5760 edundi-abituros.

543 5763 569 5796 ι
590 5769 720 5819 κει,
741 5749 793 5809 ii;
814 5769 926 5808 υοεε
1159 5749 1261 5810 (vel
1284 5749 1522 5814 ttetitiam)
1546 5749 1621 5801 rei
1641 5754 1901 5814 concepte.

547 5827 570 5858 ι
592 5813 762 5885 Mr,
779 5832 893 5883 non,
914 5830 944 5868 α
966 5813 1214 5880 plerisque
1240 5819 1346 5862 Mss.

1704 339 1763 396 S.
1805 335 2176 394 AUGUSTI!“
2217 335 2535 394 EPISCOPI.

3665 339 3772 408 78³

2181 449 2426 511 bentibus
2447 491 2460 514 ,
2488 465 2646 534 quam
2678 465 2774 505 nec
2801 452 2890 511 uni
2911 451 3118 515 diversa
3140 452 3367 523 jubenti.
3394 454 3534 518 Non.
3560 455 3640 514 ait
3663 455 3774 514 Do-

2175 540 2370 605 atinas,
2403 541 2613 596 diversa
2639 542 2818 609 iubeo.
2849 543 3032 606 Finem
3053 545 3286 609 attende.
3317 545 3374 608 in
3393 545 3554 603 linem
3583 558 3774 609 Cauta:

2175 646 2281 701 quo
2320 631 2422 684 line
2462 630 2646 698 facias,
2673 633 2815 687 vide.
2851 631 2908 688 Si
2939 633 3058 688 ideo
3090 633 3220 689 lacis
3254 647 3310 690 ut
3346 645 3401 692 tu
3429 637 3776 707 gloriﬁceris,

2175 719 2278 783 hoc
2327 721 2612 787 prohibui;
2648 722 2691 776 si
2738 733 2914 778 autem
2961 723 3082 794 ideo
3126 736 3185 779 ut
3231 727 3368 781 Deus
3406 729 3776 798 glorilicctur,

2177 810 2277 864 hoc
2318 811 2474 879 jussi.
2515 801 2736 875 'Psalljte
2789 830 2954 885 ergo,
3006 831 3114 876 non
3165 819 3363 872 nomini
3409 833 3629 878 veStro.
3679 819 3779 876 sed

2176 902 2378 957 nomini
2409 904 2617 965 Domini
2654 903 2748 962 Dei
2790 906 2972 961 vestri.
3019 906 3124 963 Vos
3161 908 3398 976 psallite;
3449 911 3535 965 ille
3585 909 3779 964 laude-

2178 1003 2301 1047 tur:
2352 1009 2448 1049 vos
2485 995 2622 1050 bene
2664 997 2861 1062 vivite;
2911 997 3002 1061 ille
3045 997 3391 1067 gloriﬁcatur.
3430 999 3581 1057 Unde
3627 1001 3778 1057 enim

2179 1084 2384 1140 habt-tis
2415 1086 2586 1153 ipsum
2629 1086 2766 1142 bene
2813 1082 3030 1144 vivere?
3069 1090 3126 1143 Si
3161 1101 3424 1150 :eternum
3458 1091 3738 1148 haberetis
3759 1134 3780 1160 ,

2178 1190 2445 1244 nunquam
2499 1177 2641 1230 male
2705 1177 3011 1244 vixissetis;
3061 1179 3106 1235 si
3157 1195 3188 1234 a
3255 1182 3406 1236 vobis
3460 1182 3778 1248 haberetis,

2179 1280 2447 1335 nunquam
2480 1283 2583 1320 non
2616 1268 2632 1298 ί
2664 1267 2799 1323 bene
2824 1268 3128 1340 vixissetis;
3160 1267 3372 1348 Psaltite
3392 1283 3563 1328 autem
3583 1273 3783 1333 nomini

2177 1373 2306 1426 qus.

2246 1449 2323 1503 4.⁴
2345 1447 2474 1502 Date
2495 1449 2710 1519 gloriam
2737 1450 2878 1503 laudi
2915 1450 3043 1521 ejus.
3083 1449 3270 1505 Totam
3301 1450 3650 1527 intentiunetu
3676 1465 3779 1506 no-

2176 1549 2343 1594 stram
2365 1539 2419 1594 in
2449 1539 2661 1600 laudem
2690 1539 2780 1603 Dei
2807 1541 3000 1607 mittit;
3024 1541 3156 1597 nihil
3185 1541 3338 1597 nobis
3361 1543 3614 1617 relinquit
3629 1543 3782 1602 unde

2178 1632 2476 1700 laudemur.
2519 1618 2824 1693 Glorientur
2861 1632 2995 1694 inde.
3025 1635 3278 1704 magis",
3319 1644 3374 1689 et
3415 1635 3780 1715 gaudemus;

2178 1726 2252 1784 illi
2281 1728 2658 1798 inlimreamus,
2690 1728 2744 1785 in
2777 1727 2868 1783 illo
2897 1727 3192 1792 laudemur.
3222 1727 3458 1782 Audistis
3482 1743 3608 1787 cum
3633 1729 3784 1799 lege-

2179 1827 2328 1878 retur
2361 1820 2686 1888 Apostolus:
2732 1817 2904 1876 Videte
2933 1818 3244 1882 vocationem
3280 1831 3527 1880 vestram.
3555 1823 3783 1889 fratres;

2177 1908 2299 1979 quia
2327 1925 2427 1962 non
2456 1912 2602 1960 ηιυιιι
2630 1909 2883 1976 sapientes
2907 1907 3186 1962 secundum
3214 1924 3446 1973 carnem,
3481 1927 3584 1963 non
3631 1891 3782 1968 multi

2181 2007 2425 2066 potentes,
2452 2015 2552 2054 non
2574 1986 2723 2053 multi
2742 1996 2953 2067 nobiles,
2981 1999 3070 2051 sed
3093 1999 3249 2058 stulta
3272 1999 3450 2057 mundi
3473 2001 3623 2070 elegit
3647 2000 3785 2056 Deus

2181 2103 2234 2147 ut
2257 2093 2535 2166 confundat
2560 2095 2851 2170 sapientes;
2879 2101 2928 2148 et
2953 2093 3160 2164 inﬁrma
3183 2093 3362 2148 mundi
3385 2093 3533 2169 elegit
3557 2091 3702 2148 Deus
3729 2105 3784 2149 ιιι

2179 2184 2459 2254 confundat
2497 2185 2692 2255 fortia;
2719 2194 2770 2240 et
2793 2183 3037 2257 ignobilia
3062 2185 3238 2239 mundi
3277 2185 3423 2248 eleqit
3456 2183 3614 2242 Deus.
3647 2193 3698 2240 et
3723 2202 3784 2242 ea

2183 2288 2299 2346 qua:
2320 2290 2422 2327 non
2450 2282 2568 2328 sunt
2583 2317 2599 2340 ,
2633 2283 2882 2345 tanquam,
2898 2289 3012 2350 qut:
3033 2283 3153 2331 sunt
3171 2315 3186 2339 ,
3215 2286 3271 2328 ut
3299 2292 3356 2328 ou
3381 2291 3498 2344 qua
3520 2285 3640 2334 sunt
3665 2292 3783 2330 era-

2182 2374 2396 2421 cuentur
2421 2364 2462 2438 (Ι
2489 2364 2607 2421 Cor.
2637 2382 2676 2432 ι,
2699 2365 2916 2440 26-28).
2943 2365 3080 2444 Quid
3107 2366 3273 2422 voluit
3301 2367 3514 2424 dicere?
3540 2369 3669 2439 quid
3688 2383 3783 2430 vo-

2185 2456 2281 2510 luit
2304 2455 2630 2512 ostendere?
2655 2457 2942 2513 Descendit
2965 2457 3223 2515 Dominus
3249 2458 3392 2516 Deus
3417 2469 3599 2522 noster
3624 2459 3784 2518 Jesus

2182 2547 2429 2603 Christus
2457 2548 2480 2581 ³
2507 2563 2760 2619 reparare
2779 2565 2947 2626 genus
2975 2549 3288 2617 humanum,
3317 2559 3372 2606 et
3395 2550 3528 2608 dare
3553 2552 3783 2622 gratiam

2183 2654 2335 2694 suam
2375 2641 2625 2697 omnibus
2661 2640 3075 2711 intelligeuu'hns
3120 2642 3241 2712 quia
3280 2644 3448 2713 gratia
3491 2643 3634 2700 illius
3677 2655 3783 2711 est,

2185 2749 2291 2786 non
2319 2732 2506 2788 merita
2527 2749 2750 2799 eorum;
2777 2744 2920 2790 etne
2939 2735 3189 2807 qnazlibet
3214 2743 3438 2806 persona
3464 2736 3786 2807 gloriaretur

2184 2825 2238 2890 in
2271 2837 2465 2889 carne,
2495 2825 2736 2880 inﬁrmos
2763 2825 2945 2896 elegit.
2985 2823 3120 2882 Nam
3161 2825 3288 2882 inde
3313 2841 3417 2882 non
3453 2837 3537 2883 est
3579 2828 3783 2886 electts

2182 2915 2348 2974 etiam
2366 2915 2462 2971 ille
2482 2914 2803 2975 Natbanael.
2826 2916 2963 2983 Quid
2989 2917 3131 2972 enim
3158 2916 3251 2972 tibi
3274 2916 3500 2984 videtur,
3531 2927 3588 2973 ut
3610 2919 3783 2989 publi-

2183 3023 2375 3064 canum
2402 3006 2456 3062 in
2481 3007 2679 3064 telonio
2696 3008 2977 3064 sedentem
2995 3008 3223 3080 eligeret
3235 3008 3541 3066 Mattbaaum
3565 3009 3778 3081 (nam.

2183 3115 2236 3154 ix
2255 3141 2270 3163 ,
2302 3097 2400 3170 9),
2427 3108 2482 3153 et
2507 3114 2615 3154 non
2645 3099 2870 3174 eligeret
2894 3098 3188 3161 Nathanael
3216 3101 3600 3174 cuiperbibuit
3627 3101 3781 3159 testi.

2189 3192 2427 3246 monium
2455 3191 2568 3262 ipse
2592 3192 2872 3262 Dominus,
2903 3193 3126 3249 dicens:
3177 3180 3310 3249 Ecce
3330 3209 3476 3263 rem
3505 3192 3780 3263 Israelita,

2181 3285 2235 3336 in
2254 3299 2352 3354 quo
2380 3283 2529 3339 dolus
2566 3300 2668 3342 non
2705 3294 2778 3341 est
2798 3286 2826 3340 Ρ
2853 3285 3168 3358 lntelligitur
3203 3301 3333 3358 ergo
3350 3285 3652 3353 Natbanael
3683 3288 3780 3344 iste

2184 3375 2377 3452 doctus
2422 3375 2587 3433 fuisse
2635 3379 2690 3432 in
2728 3378 2890 3450 Lege.
2938 3377 3072 3447 Non
3103 3379 3228 3450 quia
3275 3379 3477 3445 doctos,
3509 3393 3617 3436 non
3665 3389 3782 3438 erat

2184 3467 2449 3523 electurus
2474 3486 2487 3522 :
2516 3469 2612 3524 sed
2642 3470 2687 3524 si
2717 3470 2862 3539 ipsos
2891 3471 3062 3541 primo
3090 3471 3358 3542 elegisset,
3385 3472 3641 3546 doctrina:
3665 3489 3778 3534 sua

2183 3560 2372 3614 merito
2395 3576 2454 3615 se
2477 3561 2678 3616 electos
2704 3570 2948 3631 putarent
2970 3563 3084 3632 {ita
3106 3562 3317 3631 illorum
3343 3561 3565 3625 scientia
3596 3565 3778 3629 lauda-

2183 3661 2349 3719 retur,
2396 3660 2451 3706 et
2492 3651 2607 3706 laus
2649 3651 2844 3716 Christi
2873 3654 3069 3722 gratiae.
3107 3653 3459 3713 minueretur.
3504 3653 3777 3718 Perhibuit

2186 3742 2544 3797 teStimnnium
2587 3752 2840 3813 tanquam
2865 3742 3008 3812 bono
3037 3743 3178 3798 lideli
3203 3785 3220 3809 ,
3259 3745 3314 3800 in
3344 3759 3454 3815 quo
3479 3743 3632 3807 dolus
3670 3760 3776 3805 non

2181 3843 2327 3902 erat;
2357 3835 2450 3889 sed
2485 3843 2668 3891 tamen
2706 3850 2826 3891 eum
2858 3852 2963 3892 non
2990 3841 3278 3908 assumpsit
3305 3836 3445 3892 inter
3467 3836 3775 3898 illosdisci-

2183 3924 2359 3994 pulos,
2385 3940 2520 3998 quos
2551 3927 2778 3996 primum
2796 3925 3001 3991 idiotas
3029 3927 3221 3998 elegit.
3254 3928 3322 3984 Et
3348 3927 3492 3983 unde
3518 3928 3779 4001 intelligi-

2181 4032 2300 4072 mus
2323 4017 2466 4088 quod
2492 4017 2584 4073 ille
2623 4018 2836 4087 peritus
2854 4025 2973 4074 erat
2997 4018 3196 4090 Legis?
3219 4018 3443 4088 Quando
3477 4018 3686 4084 audivit
3707 4020 3777 4079 ab

2183 4122 2288 4162 uno
2315 4124 2380 4163 ex
2407 4108 2486 4162 eis
2505 4109 2596 4178 qui
2620 4108 2790 4164 secuti
2814 4116 2972 4166 erant
3000 4109 3284 4165 Dominum
3302 4151 3320 4174 ,
3348 4111 3592 4180 dicente,
3624 4108 3775 4175 Inae-

2179 4200 2346 4252 nimus
2377 4197 2641 4263 Messium,
2668 4199 2808 4272 quod
2847 4201 3208 4267 interpretatur
3235 4197 3465 4269 Clu-irtus
3483 4243 3499 4268 ,
3531 4201 3774 4271 quaesivit

2181 4290 2350 4356 unde;
2377 4299 2432 4344 et
2454 4289 2654 4344 dictum
2675 4299 2778 4356 est,
2808 4290 2852 4342 Α
2877 4287 3139 4344 Nazaretlt
3161 4305 3183 4345 :
3224 4298 3281 4346 et
3302 4291 3416 4354 ille,
3436 4291 3481 4344 Α
3516 4291 3774 4347 Nazareni

2182 4389 2342 4450 potest
2372 4381 2567 4452 aliquid
2609 4381 2727 4435 boni
2765 4397 2890 4435 esse.
2928 4380 3119 4443 Procul
3159 4380 3343 4456 dubio,
3387 4383 3475 4453 qui
3521 4385 3774 4453 intellexit

2179 4471 2300 4541 quia
2349 4486 2378 4525 a
2418 4470 2678 4526 Nazarctb
2732 4480 2908 4541 potest
2955 4469 3150 4542 aliquid
3201 4471 3325 4526 boni
3365 4487 3524 4538 esse,
3573 4474 3771 4543 peritus

2180 4574 2296 4619 erat
2323 4564 2497 4634 Legis.
2526 4573 2582 4619 et
2625 4563 2763 4620 bene
2806 4561 3451 4640 Prophetasinspexerat.
3482 4563 3618 4624 Novi
3657 4581 3772 4622 esse

2182 4655 2233 4708 in
2265 4654 2367 4709 illis
2397 4653 2574 4709 verbis
2609 4653 2767 4708 aliam
2799 4652 3320 4724 pronuntiationem;
3351 4655 3444 4709 sed
3472 4669 3505 4709 a
3536 4657 3770 4725 pruden-

2181 4746 2406 4800 tioribus
2433 4761 2538 4799 uon
2559 4755 2643 4800 est
2667 4745 2960 4815 approbata
2984 4762 2997 4798 :
3032 4754 3091 4798 ut
3117 4747 3267 4815 quasi
3288 4744 3603 4815 desperasse
3630 4747 3769 4802 vide-

2182 4848 2331 4891 retur
2357 4836 2480 4905 ille,
2521 4851 2642 4890 cum
2677 4835 2902 4892 audiens
2947 4835 3189 4902 dixisset,
3236 4837 3278 4888 Α
3323 4835 3579 4893 Nazareni
3609 4849 3769 4909 potest

2180 4929 2374 4997 aliquid
2393 4928 2509 4982 boni
2537 4943 2644 4981 esse
2661 4926 2688 4980 ?
2711 4925 2762 4981 id
2785 4936 2886 4990 est,
2912 4925 3166 4996 numquid
3193 4927 3403 4996 potest?
3423 4925 3512 4982 Sic
3539 4942 3768 4996 pronun-

2184 5017 2363 5073 tiando
2390 5020 2541 5088 quasi
2565 5026 2895 5088 desperaret.
2923 5015 3379 5086 Sequiturautem
3402 5018 3490 5084 ibi,
3536 5017 3663 5074 Veni
3677 5061 3694 5083 ,
3721 5031 3766 5075 et

2181 5110 2294 5164 vide
2318 5109 2496 5181 (Joan.
2516 5125 2563 5176 ι,
2589 5105 2800 5178 M47).
2829 5107 2955 5163 llzec
2974 5107 3154 5173 verba,
3173 5106 3228 5162 id
3254 5100 3370 5175 est,
3387 5107 3534 5176 Veni,
3561 5121 3610 5164 et
3635 5111 3760 5177 vide,

2183 5211 2462 5271 utramque
2499 5208 2722 5269 possunt
2760 5198 3248 5270 pronuntiationem
3288 5201 3462 5270 sequi.
3502 5200 3558 5258 Si
3599 5204 3759 5269 dicas,

2181 5292 2332 5364 quasi
2361 5305 2464 5345 non
2485 5289 2727 5354 credens,
2750 5290 2796 5343 Α
2814 5288 3076 5349 ,Ναωνεειι
3096 5299 3260 5359 potest
3275 5275 3469 5360 aliquid
3487 5291 3606 5347 boni
3621 5295 3765 5349 esse?

2183 5381 2557 5453 respondetur,
2599 5380 2742 5450 Veni,
2772 5392 2818 5436 et
2844 5382 2956 5437 vide
2977 5383 3120 5455 quod
3145 5397 3252 5438 non
3282 5384 3475 5440 credis.
3502 5384 3704 5447 Rursus
3718 5387 3760 5441 si

2248 5563 2264 5592 ¹
2292 5559 2403 5609 edd.
2431 5568 2484 5628 et
2503 5565 2632 5618 Mss,
2666 5573 2910 5623 nunquam
2935 5559 3059 5626 bene
3084 5573 3103 5610 :
3135 5562 3308 5618 omissa
3349 5563 3628 5625 negatione,
3655 5577 3758 5628 qua

2182 5623 2362 5671 abesse
2382 5621 2516 5670 salvo
2530 5634 2679 5671 sensu
2701 5620 2796 5683 non
2815 5620 3052 5683 poterat."
3421 5620 3439 5623 '
3603 5620 3609 5625 ’

2247 5687 2268 5715 ³
2285 5685 2359 5732 sic
2381 5689 2486 5731 Mss.
2514 5690 2569 5732 At
2587 5684 2720 5740 ειμι,
2736 5682 2787 5732 in
2811 5682 2926 5732 beo.

2183 5745 2276 5857 ﬂ:
2287 5745 2420 5806 £dd.,
2444 5744 2492 5794 in
2515 5744 2689 5809 spiritu
2711 5757 2961 5807 reparare.
2987 5745 3152 5809 Abest,
3170 5745 3221 5796 in
3244 5744 3439 5810 spiritu,
3459 5759 3485 5797 a
3515 5745 3757 5816 plerisque
