3934 6334
203 442 320 506 789

204 560 353 614 dicas
374 547 719 628 conﬁrmans,
754 565 792 615 Λ
827 562 1083 616 Nazarellt
1114 572 1274 634 potest
1298 564 1493 632 aliquid
1518 562 1634 616 boni
1659 577 1798 623 esse;

204 652 580 718 respondetur,
621 653 771 717 Veni,
803 664 849 707 et
869 655 980 707 vide
1003 669 1161 723 quam
1190 669 1313 708 vere
1340 647 1409 707 si't
1432 654 1627 705 bonum
1654 650 1794 719 quod

203 744 397 797 nuntio
438 758 468 797 a
512 743 808 810 Nazaretlt;
852 754 904 799 et
930 760 1086 814 quam
1135 756 1281 800 recte
1320 744 1530 806 credas,
1572 742 1711 802 veni.
1741 754 1796 796 et

201 834 471 904 experire.
504 836 636 889 Hinc
664 845 838 890 tamen
879 835 1209 890 existimatur
1237 834 1426 889 doctus
1452 834 1539 887 ille
1577 833 1631 886 in
1655 831 1797 900 Lege

202 924 394 990 fuisse,
426 927 546 995 quia
575 942 679 981 non
702 938 779 981 est
806 928 1010 981 electus
1032 928 1169 980 inter
1189 926 1476 995 discipulos
1497 925 1563 977 ab
1595 924 1685 978 illo
1706 924 1794 988 qui

200 1017 365 1070 stulta
399 1017 581 1071 mundi
610 1019 755 1087 prius
781 1018 978 1087 elegit;
1010 1034 1130 1071 cum
1157 1028 1356 1071 tantum
1382 1017 1429 1071 ei
1465 1015 1796 1084 perhibuerit

200 1096 564 1163 testimonium
594 1109 847 1163 Dominus
872 1109 1055 1164 dicens
1080 1127 1092 1161 :
1125 1107 1257 1161 Ecce
1282 1124 1394 1161 vere
1422 1107 1660 1161 Israelita
1679 1148 1693 1171 ,
1741 1107 1794 1159 in

195 1215 303 1266 quo
323 1200 470 1252 dolus
498 1216 598 1252 non
627 1208 719 1253 est.
752 1199 923 1269 Elegit
948 1214 1075 1270 ergo
1102 1199 1359 1253 Dominus
1388 1206 1567 1266 postea
1599 1206 1652 1249 et
1673 1210 1795 1250 ora-

201 1300 347 1357 tores
372 1306 386 1353 ;
416 1290 507 1343 sed
532 1290 603 1342 illi
634 1289 989 1358 superbirent,
1013 1289 1057 1342 si
1080 1303 1184 1342 non
1208 1289 1353 1358 prius
1377 1288 1597 1357 eligeret
1621 1287 1792 1355 pisca-

197 1391 384 1435 tores:
415 1382 573 1449 elegit
598 1382 821 1444 divites;
851 1381 946 1435 sed
982 1381 1221 1435 dicerent
1256 1380 1449 1434 merito
1482 1380 1787 1433 divitiarum

195 1488 418 1527 suarum
443 1488 501 1527 se
522 1473 721 1527 electos
742 1488 884 1539 esse,
904 1473 1001 1527 nisi
1027 1473 1197 1540 primo
1216 1472 1466 1541 elegisset
1492 1484 1751 1539 pauperes
1773 1486 1788 1524 :

193 1564 361 1632 elegit
391 1566 737 1633 imperatores
768 1573 983 1633 postea;
1012 1562 1105 1617 sed
1135 1564 1323 1617 melius
1358 1571 1441 1617 est
1478 1570 1535 1616 ut
1562 1562 1785 1616 Romam

192 1666 323 1708 cum
347 1655 551 1708 venerit
578 1654 884 1722 imperator,
916 1653 1159 1723 deposito
1179 1653 1494 1716 diademate,
1525 1653 1695 1721 ploret
1718 1650 1785 1706 ad

193 1746 510 1798 memoriam
552 1745 866 1813 piscatoris,
916 1760 1072 1813 quam
1125 1754 1180 1797 ut
1222 1744 1454 1813 piscator
1500 1742 1672 1811 ploret
1717 1742 1785 1796 ad

193 1838 508 1890 memoriam
549 1837 899 1906 imperatoris.
954 1836 1169 1905 Infirma
1217 1838 1359 1889 enim
1408 1836 1586 1890 mundi
1638 1834 1785 1907 elegit

191 1927 357 1991 Deus,
400 1938 455 1981 ut
481 1930 757 1997 confundat
777 1930 966 2000 fortia;
990 1938 1036 1981 et
1069 1926 1310 1998 ignobilia
1330 1927 1703 1997 mundi‘elegit,
1738 1935 1785 1981 et

190 2038 253 2073 ea
291 2038 409 2087 qua:
447 2040 543 2075 non
573 2033 710 2085 sunt,
754 2035 990 2093 tanquam
1015 2038 1130 2093 qua:
1166 2030 1301 2085 sunt,
1334 2032 1387 2074 ut
1430 2037 1489 2073 ea
1517 2036 1631 2093 qut:
1668 2030 1785 2074 sunt

190 2124 507 2167 eoae-nentur.
535 2115 600 2169 Et
625 2116 749 2183 quid
771 2115 1047 2183 sequitur?
1072 2113 1345 2168 Conclusit
1366 2112 1651 2181 Apostolus
1674 2129 1686 2163 :
1715 2111 1785 2166 Ut

190 2221 294 2256 non
329 2206 572 2273 glorietur
606 2222 774 2258 raram
803 2205 905 2258 Deo
943 2205 1107 2258 omnis
1136 2221 1274 2258 caro.
1306 2203 1496 2257 Videte
1521 2202 1780 2273 quemad-

189 2296 411 2349 modum
456 2296 608 2349 nobis
652 2296 867 2349 abstulit
909 2297 1154 2365 gloriam,
1206 2306 1265 2349 ut
1315 2295 1467 2348 daret
1517 2294 1778 2365 gloriam:

188 2387 409 2440 abstulit
437 2396 669 2441 nostram
696 2430 709 2449 ,
740 2396 797 2440 ut
821 2389 968 2441 daret
995 2403 1142 2441 suam
1168 2404 1183 2451 ;
1212 2387 1427 2441 abstulit
1455 2388 1663 2441 inanem
1681 2428 1694 2451 ,
1725 2392 1783 2442 ut

186 2476 345 2531 daret
385 2478 628 2547 plenam;
658 2479 874 2532 abstulit
915 2468 1209 2543 nutantem,
1254 2488 1309 2533 ut
1342 2479 1493 2533 daret
1530 2478 1776 2533 solidam.

186 2569 404 2635 Quanto
431 2586 557 2639 ergo
585 2571 752 2641 gloria
792 2581 969 2624 nostra
1002 2570 1187 2623 fortior
1216 2579 1271 2623 ct
1298 2570 1516 2630 firmior,
1562 2569 1685 2639 quia
1725 2571 1779 2624 in

187 2664 306 2718 Deo
328 2667 440 2719 est!
469 2664 582 2720 Non
610 2679 737 2735 ergo
764 2667 813 2720 in
846 2674 895 2719 te.
924 2666 1089 2720 debes
1115 2666 1359 2736 gloriari;
1393 2666 1780 2736 proliibuitVe-

186 2758 354 2811 ritas:
386 2758 479 2811 sed
522 2760 660 2828 quod
688 2759 764 2812 ait
801 2759 1084 2828 Apostolus
1108 2803 1122 2823 ,
1153 2758 1253 2813 hoc
1289 2760 1774 2831 pra‘ccpitVeritas,

190 2848 295 2914 Qui
316 2850 580 2917 gloriatur,
596 2849 649 2901 in
672 2849 887 2902 Domina
907 2851 1148 2921 glorietur
1164 2851 1204 2921 (I
1221 2850 1336 2905 Cor.
1353 2867 1388 2917 I,
1413 2850 1503 2917 29,
1519 2850 1629 2923 3i).
1650 2852 1781 2905 Date

185 2958 319 3010 ergo
360 2944 575 3012 gloriam
615 2942 755 2994 laudi
797 2944 927 3013 ejus.
970 2942 1141 2997 Nolite
1176 2943 1367 2996 imitari
1409 2943 1641 3008 Judreos,
1688 2940 1779 3012 qui

184 3034 339 3098 quasi
394 3033 596 3087 meritis
648 3035 755 3087 suis
804 3034 1051 3089 volebant
1097 3034 1326 3089 tribuere
1371 3026 1782 3104 justilicationes

185 3140 334 3188 suas,
363 3134 417 3179 et
446 3124 751 3182 invidebant
777 3125 1031 3181 Gentibus
1057 3126 1432 3181 accedentibus
1460 3128 1525 3181 ad
1552 3131 1793 3197 gratiam

184 3216 569 3286 evangelicam,
596 3228 656 3271 ut
682 3227 891 3285 peccata
921 3218 1098 3271 omnia
1134 3217 1459 3271 donarentur
1483 3218 1596 3284 eis;
1626 3220 1779 3289 quasi

186 3308 260 3360 illi
284 3324 389 3361 non
411 3308 666 3364 haberent
685 3309 824 3378 quod
851 3310 950 3363 sibi
977 3309 1295 3375 donaretur;
1319 3310 1452 3377 jam,
1474 3312 1627 3380 quasi
1654 3312 1777 3366 boni

183 3400 440 3469 operarii,
460 3399 758 3455 mercedem
774 3408 1163 3469 exspectantes.
1184 3401 1381 3455 Etcum
1403 3401 1579 3457 adhuc
1593 3402 1779 3472 mgroti

183 3502 392 3557 ment,
434 3506 591 3545 sanos
626 3507 685 3546 se
714 3506 832 3545 esse
873 3491 1144 3559 putabant,
1175 3502 1229 3547 et
1266 3492 1390 3547 inde
1430 3494 1782 3562 periculosius

184 3583 532 3652 :rgrmabant.
566 3582 695 3636 Nam
720 3583 763 3636 si
793 3584 876 3637 vel
902 3582 1077 3637 mitius
1099 3592 1463 3653 a‘grotassent,
1494 3601 1599 3641 non
1627 3588 1778 3655 quasi

184 3675 484 3742 phrenetici
527 3675 787 3729 medicum
826 3674 1166 3730 occidissent.
1210 3674 1341 3729 Date
1375 3678 1590 3747 gloriam
1638 3678 1780 3731 laudi

183 3784 319 3835 ejus.

257 3861 315 3913 5.
358 3859 377 3931 [
406 3875 531 3911 vers.
561 3858 652 3931 3.]
686 3858 848 3912 Dicite
871 3857 982 3913 Deo
1011 3876 1029 3913 :
1052 3860 1217 3924 Quam
1243 3860 1465 3913 timenda
1484 3870 1599 3913 sunt
1625 3876 1781 3930 opera

184 3952 318 4005 tua!
342 3952 519 4019 Quare
546 3952 797 4016 timenda,
826 3962 881 4007 et
912 3968 1015 4006 non
1043 3952 1307 4007 amanda?
1337 3952 1471 4007 Audi
1499 3953 1657 4007 aliam
1683 3969 1777 4005 vo-

184 4059 305 4097 cem
339 4043 523 4114 psalmi
555 4060 569 4094 :
603 4043 798 4097 Seroite
825 4043 1040 4096 Domino
1070 4044 1121 4096 in
1148 4045 1344 4109 timore,
1386 4052 1433 4097 et
1461 4046 1708 4097 exsultate
1734 4049 1777 4098 ei

184 4150 305 4187 eum
335 4144 548 4186 tremore
575 4135 592 4202 (
620 4133 763 4188 Psal.
796 4151 851 4197 ιι,
890 4136 944 4188 Η
976 4134 1016 4204 ).
1046 4134 1180 4202 Quid
1207 4134 1307 4189 sibi
1337 4136 1436 4187 hoc
1463 4135 1609 4188 vult?
1641 4134 1778 4203 Audi

187 4244 377 4283 vocem
396 4230 631 4298 Apostoli
660 4247 672 4282 :
697 4228 823 4281 Cum
844 4230 1036 4287 timore.
1059 4227 1246 4298 inquit,
1270 4236 1317 4279 et
1334 4236 1545 4280 tremore
1566 4236 1779 4280 vestrum

184 4323 415 4390 ipsorum
443 4321 654 4373 salutem
680 4319 976 4390 operamini.
1010 4318 1184 4384 Quare
1208 4359 1222 4382 ,
1254 4334 1367 4370 cum
1397 4318 1574 4370 timore
1601 4328 1647 4370 et
1675 4327 1778 4371 tre-

185 4412 369 4465 more!
412 4409 645 4479 Subjecit
676 4424 888 4464 causam
924 4429 936 4461 :
968 4408 1107 4462 Deus
1146 4416 1220 4462 est
1258 4410 1391 4461 enim
1428 4408 1515 4474 qui
1542 4418 1781 4475 operatur

186 4506 237 4555 in
267 4503 425 4563 vobis,
451 4512 494 4555 et
515 4502 657 4567 relle,
677 4512 721 4555 et
739 4502 957 4566 aperori,
974 4517 1064 4570 pro
1092 4502 1220 4554 bona
1236 4499 1491 4553 voluntate
1513 4497 1774 4567 (Philipp.

188 4612 243 4652 ιι.
282 4594 520 4661 12,15).
553 4592 606 4647 Si
638 4609 764 4659 ergo
788 4593 930 4646 Deus
980 4600 1231 4658 operatur
1260 4591 1310 4643 in
1359 4600 1438 4654 te,
1485 4589 1652 4659 gratia
1685 4589 1775 4641 Dei

188 4689 329 4741 inme
356 4686 596 4755 operaris
620 4728 635 4751 ,
667 4700 770 4738 non
803 4684 1003 4737 viribus
1044 4682 1163 4736 tuis.
1200 4682 1336 4751 Ergo
1388 4682 1429 4733 si
1458 4679 1655 4749 gaudes
1680 4719 1695 4743 ,
1725 4688 1781 4731 et

188 4782 320 4831 time
344 4796 358 4842 ;
394 4792 460 4831 ne
484 4776 619 4829 forte
647 4776 785 4845 quod
814 4776 993 4829 datum
1023 4784 1104 4828 est
1133 4772 1316 4833 humili
1340 4814 1353 4837 ,
1386 4770 1659 4824 auferatur
1684 4784 1776 4822 su-

189 4871 378 4936 perbo.
413 4868 564 4928 Nam,
597 4877 651 4919 ut
682 4868 943 4920 noveritis
967 4865 1067 4918 hoc
1094 4880 1211 4917 esse
1237 4863 1429 4916 factum
1458 4860 1523 4914 de
1546 4862 1656 4929 ipsa
1682 4875 1776 4913 su.

188 4961 373 5029 perbia
401 4957 726 5019 Jtnlaaorum,
754 4956 901 5025 quasi
932 4973 989 5009 se
1019 4971 1084 5009 ex
1114 4954 1365 5024 operibus
1407 4953 1563 5021 chis
1584 4951 1775 5020 justiﬁ—

187 5052 449 5113 cantimu,
477 5060 531 5101 et
562 5048 680 5100 ideo
703 5046 1002 5098 cadentium
1026 5087 1040 5111 ,
1074 5045 1200 5098 dicit
1229 5044 1364 5096 alius
1396 5044 1629 5111 psalmus
1663 5060 1674 5095 :
1706 5041 1777 5094 Ili

186 5143 238 5194 in
271 5140 506 5193 curribus
531 5180 543 5201 ,
592 5151 636 5191 et
669 5138 721 5190 hi
764 5140 815 5189 in
846 5137 984 5208 equis
1012 5179 1025 5201 ,
1054 5136 1200 5205 quasi
1233 5136 1284 5188 iu
1328 5136 1438 5188 suis
1463 5134 1776 5205 quibusdam

191 5233 437 5300 passibus
458 5241 511 5285 ct
541 5229 905 5283 inslrtttttculis
926 5229 990 5280 ad
1007 5227 1344 5280 'crcctionem
1367 5241 1515 5279 suam
1540 5242 1553 5290 ;
1578 5241 1669 5279 nos
1685 5240 1779 5276 au-

192 5336 311 5389 tem,
342 5324 548 5391 inquit,
581 5323 631 5373 in
662 5321 859 5372 nomine
890 5318 1090 5371 Domini
1125 5317 1215 5370 Dei
1251 5318 1411 5370 nostri
1436 5315 1781 5385 magni/imbi-

191 5432 304 5467 mur
333 5432 352 5466 :
390 5411 459 5465 IIi
480 5413 533 5465 in
559 5412 808 5471 curribus,
841 5420 883 5462 et
912 5409 963 5461 hi
989 5410 1039 5460 in
1078 5408 1251 5477 equis;
1294 5423 1384 5459 nos
1412 5416 1578 5458 autem
1604 5406 1653 5457 in
1684 5422 1780 5458 no-

196 5507 328 5558 mine
374 5503 582 5567 Domini
637 5500 728 5553 Dei
759 5500 915 5553 nostri
942 5498 1393 5569 magni/icabimur.
1434 5496 1566 5549 Vide
1596 5510 1780 5565 quem—

199 5594 485 5649 admodum
537 5592 610 5646 illi
643 5588 1125 5645 cxtollebantur’in
1172 5602 1264 5652 sc;
1294 5586 1413 5641 vide
1432 5585 1780 5656 quemadmo-

194 5687 313 5739 dum
343 5687 429 5738 isti
455 5683 819 5753 gloriabantur
843 5680 895 5732 iu
922 5679 1048 5733 Deo.
1075 5680 1365 5747 Propterea
1392 5677 1516 5746 quid
1539 5686 1778 5731 secutum

198 5779 313 5831 eSt?
341 5775 459 5830 Illis
484 5772 695 5844 obligati
719 5782 834 5823 sunt
860 5771 1008 5838 pedes
1031 5812 1043 5833 ,
1079 5778 1126 5823 et
1153 5769 1469 5829 ceciderunt;
1496 5783 1584 5819 nos
1610 5770 1779 5818 autem

205 5870 502 5923 steterimus
530 5908 545 5931 ,
580 5875 626 5919 et
678 5865 823 5917 erecti
870 5877 1041 5916 sumus
1073 5860 1089 5909 l
1125 5859 1264 5912 Psul.
1299 5852 1409 5924 xix,
1434 5858 1483 5921 8,
1520 5858 1553 5912 9
1576 5866 1617 5927 λ
1639 5854 1779 5908 Audi

1312 449 1708 506 ENARRATIO
1746 447 1811 503 1N
1852 449 2175 510 PSALMUM
2215 456 2375 512 LXV.

3396 470 3495 525 790

1911 564 2083 633 ipsum
2114 566 2394 622 Dominum
2422 581 2659 626 nostrum
2685 572 2788 628 hoc
2814 574 2955 629 idem
2978 576 3241 632 dicentem
3292 596 3305 632 τ
3336 580 3450 652 Ego
3480 623 3493 645 ,

1910 651 2115 723 inquit,
2147 659 2255 709 veni
2274 699 2286 719 ,
2317 662 2473 729 utqui
2500 678 2598 715 non
2621 664 2805 729 vident,
2835 664 3033 719 videant
3054 684 3073 732 ;
3102 679 3151 721 et
3171 670 3256 739 qui
3277 651 3443 725 vident
3476 713 3490 735 ,

1908 745 2027 797 eieci
2048 746 2195 814 ﬁant.
2230 747 2361 802 Vide
2390 750 2440 803 iu
2468 766 2569 804 una
2598 761 2751 823 parte
2773 754 3095 821 bonitatem;
3128 758 3178 812 in
3205 758 3308 812 alia
3338 762 3489 829 quasi

1906 836 2180 897 malitiam.
2211 838 2313 893 Sed
2343 840 2469 908 quid
2504 840 2598 894 illo
2626 843 2862 896 melius?
2889 845 3014 914 quid
3046 847 3489 903 misericordias?

1904 925 2033 994 quid
2075 926 2310 996 justius?
2336 930 2514 995 Quare
2564 947 2693 1002 ergo
2720 974 2737 1000 ,
2770 934 2854 1003 qui
2884 951 2986 987 non
3029 930 3213 999 vident,
3246 940 3485 993 videant?

1906 1015 2129 1085 Propter
2155 1018 2467 1076 bonitatem.
2500 1022 2675 1086 Quare
2695 1065 2711 1088 ,
2745 1034 2790 1076 et
2817 1024 2903 1092 qui
2926 1026 3091 1078 vident
3121 1066 3135 1089 ,
3176 1029 3297 1080 eieci
3327 1030 3487 1096 ﬁant?

1904 1105 2128 1176 Pr0pter
2155 1110 2461 1165 elationem.
2509 1112 2577 1165 Et
2606 1128 2732 1167 vere
2778 1114 3060 1182 videbant,
3106 1126 3162 1169 et
3199 1117 3322 1171 facti
3371 1130 3490 1171 sunt

1900 1198 2028 1250 caeci
2050 1197 2074 1249 ’ἒ
2100 1198 2218 1252 Non
2250 1201 2518 1265 videbant,
2551 1203 2643 1256 sed
2671 1203 2851 1259 videre
2872 1205 2971 1259 sibi
2994 1204 3332 1261 videbantur.
3362 1208 3491 1260 Nam

1898 1300 2025 1341 ecce
2054 1289 2247 1353 videte,
2280 1290 2471 1346 fratres
2505 1311 2516 1343 :
2549 1307 2672 1347 cum
2703 1294 2945 1349 dicerent
2979 1296 3077 1364 ipsi
3108 1295 3277 1351 Judaei
3302 1339 3315 1361 ,
3349 1297 3489 1350 Nunt

1896 1395 2070 1431 sumus
2092 1383 2210 1433 cteci
2223 1381 2249 1433 .’
2278 1382 2351 1434 ait
2366 1382 2469 1435 illis
2492 1384 2737 1437 Dominus
2759 1427 2772 1447 ,
2792 1385 2852 1439 Si
2872 1388 2990 1438 εωεὲ
3011 1387 3202 1452 essetis,
3232 1400 3487 1456 peccaturi:

1896 1485 1998 1522 non
2022 1471 2269 1527 haberetis
2296 1488 2316 1527 :
2344 1474 2494 1528 modo
2524 1485 2691 1528 autem
2710 1477 2830 1545 quia
2858 1478 3045 1542 dicitis,
3081 1478 3340 1543 Videmus,
3371 1498 3485 1548 pec-

1894 1570 2065 1613 catum
2091 1572 2307 1617 vestrum
2345 1565 2397 1617 in
2423 1565 2557 1620 vobis
2601 1578 2767 1619 manet
2794 1567 2813 1637 (
2836 1566 2994 1621 Joan.
3019 1586 3067 1622 Ix
3094 1611 3108 1634 ,
3136 1570 3299 1625 59—4!
3334 1571 3373 1641 ).
3403 1574 3482 1625 Ad

1896 1652 2160 1707 medicum
2184 1655 2410 1720 venisti;
2441 1656 2624 1711 videre
2653 1668 2705 1712 te
2726 1657 2897 1711 dicis?
2916 1656 3213 1713 Cessabuut
3231 1660 3479 1730 collyria;

1891 1756 2108 1811 semper
2133 1758 2308 1800 ctecus
2331 1747 2634 1802 remanebis
2660 1764 2674 1800 :
2706 1748 2967 1813 confitere
2985 1757 3037 1804 te
3054 1764 3275 1817 caecum,
3292 1762 3349 1806 ut
3374 1752 3481 1806 illu-

1891 1836 2083 1889 minari
2137 1841 2414 1893 mcrearis.
2447 1840 2675 1895 Attende
2720 1840 2971 1905 Judmos;
3012 1843 3230 1897 attende
3259 1843 3480 1917 Gentes.

1894 1926 1998 1991 Qui
2020 1942 2122 1982 non
2151 1928 2319 1983 vident
2341 1970 2357 1995 ,
2381 1930 2580 1985 videant
2604 1973 2621 1997 ,
2645 1928 2854 2001 inquit:
2888 1931 3008 1988 ideo
3036 1934 3181 1997 veni,
3206 1944 3263 1989 nt
3292 1937 3376 2003 qui
3406 1936 3481 1988 vi-

1890 2020 2051 2086 dent,
2104 2021 2223 2074 eieci
2280 2020 2428 2089 ﬁant.
2479 2021 2655 2090 Ipsum
2700 2022 2985 2077 Dominum
3032 2030 3272 2077 nostrum
3301 2025 3477 2080 Jesum

1889 2110 2162 2165 Christum
2193 2111 2246 2166 in
2275 2126 2439 2167 carne
2463 2112 2717 2167 videbant
2736 2112 2907 2169 Judaei
2932 2130 2946 2178 ;
2978 2114 3178 2169 Gentes
3207 2129 3312 2169 non
3336 2116 3481 2171 vidc-

1889 2201 2019 2255 baut
2048 2219 2063 2255 :
2090 2217 2216 2256 ecce
2246 2202 2336 2272 qui
2382 2202 2666 2269 viderunt,
2700 2203 3115 2267 cruciﬁxeruot;
3144 2204 3235 2273 qui
3266 2221 3372 2259 non
3400 2209 3479 2258 vi-

1887 2291 2128 2355 derunt,
2174 2291 2535 2348 crediderunt.
2567 2294 2706 2363 Ergo
2751 2293 2877 2362 quid
2910 2292 3121 2358 fecisti,
3164 2308 3199 2347 o
3227 2295 3437 2349 Christe
3461 2338 3473 2359 ,

1886 2380 2146 2435 adversus
2188 2383 2485 2451 superbos?
2513 2382 2639 2452 quid
2672 2382 2879 2437 fecisti?
2902 2380 3158 2437 Videmus
3182 2425 3195 2445 ,
3239 2384 3362 2452 quia
3390 2384 3477 2437 di-

1885 2481 2075 2541 gnatus
2102 2488 2192 2537 es,
2223 2482 2277 2526 et
2302 2473 2539 2527 membra
2575 2480 2661 2527 tua
2692 2488 2907 2534 sumus;
2941 2473 3181 2528 videmus
3209 2492 3223 2530 :
3254 2476 3477 2530 abscon-

1885 2564 2008 2617 disti
2067 2564 2283 2627 Deum;
2335 2564 2577 2633 objecisti
2630 2564 2923 2619 hominem.
2979 2564 3156 2632 Quare
3212 2567 3353 2621 hoc?
3409 2568 3476 2621 Ut

1884 2658 2087 2709 ueritas
2135 2673 2198 2710 ex
2251 2668 2393 2725 parte
2428 2656 2595 2711 Israel
2632 2659 2791 2726 ﬁeret,
2839 2667 2886 2710 et
2941 2659 3200 2727 plenitudo
3242 2660 3476 2715 Gentium

1884 2748 2114 2802 intraret.
2164 2748 2242 2801 Ad
2293 2748 2396 2803 hoc
2452 2748 2777 2802 abscondisti
2830 2750 3035 2809 Deum.
3094 2759 3151 2803 et
3206 2752 3472 2803 hominem

1884 2839 2188 2907 aspectibus
2212 2837 2477 2907 OlleCiSli.
2508 2836 2804 2902 Videbam,
2831 2848 2885 2892 et
2914 2855 3017 2891 non
3054 2839 3307 2895 videbant
3338 2858 3351 2893 :
3391 2842 3475 2893 vi-

1884 2929 2084 2982 debant
2122 2929 2263 2998 quod
2290 2944 2576 2998 acceperas
2600 2971 2615 2995 ,
2644 2937 2698 2983 ct
2726 2944 2832 2982 non
2860 2928 3111 2984 videbant
3138 2929 3276 2997 quod
3307 2942 3427 2984 cras
3458 2949 3469 2982 :

1883 3020 2133 3074 videbant
2178 3008 2405 3074 formam
2449 3020 2629 3085 servi,
2664 3036 2770 3073 non
2824 3021 3070 3073 videbant
3126 3020 3353 3074 formam
3383 3021 3471 3076 Dei

1884 3109 2144 3182 (Philipp.
2179 3127 2233 3177 ιι,
2264 3112 2319 3177 6,
2349 3112 2443 3181 7);
2478 3111 2706 3167 fortnam
2736 3112 2901 3177 servi,
2939 3128 3042 3180 qua
3075 3113 3245 3180 major
3269 3121 3349 3167 est
3371 3113 3473 3167 Pa-

1884 3213 1973 3256 ter
1994 3202 2013 3271 (
2036 3201 2193 3255 Joan.
2224 3217 2334 3269 xuv,
2358 3202 2431 3257 28
2452 3202 2472 3275 )
2496 3219 2511 3267 ;
2541 3216 2647 3256 non
2673 3202 2895 3256 fortnam
2922 3203 3036 3268 Dei,
3074 3212 3292 3271 propter
3314 3219 3469 3272 quam

1882 3294 2043 3349 modo
2076 3294 2300 3350 audistis
2318 3336 2332 3358 ,
2369 3293 2480 3365 Ego
2497 3303 2544 3348 et
2574 3293 2731 3349 Pater
2759 3311 2917 3348 unum
2935 3312 3109 3350 sumus
3133 3295 3242 3365 (Id.
3278 3313 3330 3359 ς,
3351 3296 3468 3365 30).

1885 3385 2196 3443 Teuucntut
2234 3386 2378 3456 quod
2405 3386 2654 3444 videbant
2682 3429 2697 3451 ,
2728 3387 3113 3440 cruxilixcruut
3143 3388 3282 3456 quod
3326 3387 3471 3440 vide-

1882 3478 2044 3542 bant;
2073 3478 2467 3533 insultaverunt
2491 3478 2541 3531 ei
2570 3492 2729 3547 quem
2766 3477 3017 3531 videbant
3042 3519 3055 3540 ,
3089 3492 3195 3531 non
3238 3492 3472 3545 agnove-

1884 3576 2008 3621 runt
2034 3567 2123 3638 qui
2150 3567 2366 3621 latebat.
2398 3568 2534 3621 Audi
2572 3567 2884 3633 Apostolqu
2914 3567 3179 3621 dicentem
3212 3584 3225 3619 :
3254 3566 3315 3621 Si
3344 3569 3475 3619 enim

1883 3658 2262 3727 cognovissent,
2296 3671 2554 3719 nunquam
2585 3656 2861 3709 Dominum
2887 3654 3068 3726 gloria:
3109 3656 3475 3724 crucifixissent

1884 3747 1904 3818 (
1932 3748 1947 3801 Ι
1978 3746 2095 3801 Cor.
2128 3763 2184 3811 ιι,
2214 3746 2312 3818 8).
2343 3747 2484 3817 Ergo
2512 3746 2713 3802 Gentes
2739 3762 2855 3817 qua:
2884 3756 3085 3800 vocata:
3113 3747 3242 3800 estis
3267 3790 3280 3807 ,
3300 3753 3474 3800 atten-

1883 3835 1992 3891 dite
2023 3853 2199 3891 ramos
2237 3837 2491 3907 pmcisos
2520 3846 2736 3907 propter
2765 3838 3138 3901 severitatem;
3172 3852 3265 3889 vos
3294 3848 3473 3889 autem

1884 3928 2111 3982 insertos
2138 3936 2355 3996 propter
2380 3927 2673 3980 bonitatem
2703 3969 2715 3991 ,
2744 3936 2795 3979 et
2818 3927 3105 3995 participes
3152 3927 3316 3979 factos
3360 3928 3477 3994 piu-

1882 4020 2304 4089 gucdiuisolac,
2328 4034 2435 4072 non
2463 4019 2626 4070 altum
2659 4019 2946 4088 sapientes;
2980 4018 3032 4071 id
3054 4028 3135 4071 cst
3160 4032 3266 4071 non
3293 4032 3477 4086 super-

1884 4114 2109 4167 bientes.
2143 4110 2263 4165 Non
2294 4113 2425 4165 enim
2472 4121 2523 4165 tu
2552 4111 2772 4164 radicem
2802 4123 2973 4177 portas
3002 4152 3015 4173 ,
3058 4096 3181 4173 ait;'
3204 4110 3297 4163 sed
3326 4110 3475 4163 radix

1886 4215 1955 4257 te.
2013 4204 2175 4271 Ilagis
2207 4202 2514 4257 terreamini
2540 4242 2553 4265 ,
2595 4203 2717 4272 quia
2749 4200 2945 4255 videtis
2974 4210 3273 4268 amputatos
3300 4216 3477 4253 ramos

1884 4297 2173 4349 naturales.
2202 4295 2370 4348 Jttda‘i
2409 4293 2550 4348 enim
2592 4309 2687 4361 per
2706 4292 3060 4347 rPatriarclias
3089 4299 3379 4352 venerunt;
3409 4290 3476 4342 do

1883 4404 2042 4442 carne
2067 4386 2294 4441 Abralim
2335 4386 2441 4439 nati
2471 4395 2614 4439 sunt.
2644 4384 2712 4437 Et
2741 4384 2865 4451 quid
2898 4384 2970 4434 ait
3016 4383 3339 4450 Apostolus?
3371 4381 3477 4435 Sed

1882 4482 2041 4532 dicis:
2074 4478 2243 4530 Γωσιὶ
2272 4488 2385 4530 sunt
2408 4477 2556 4540 rami,
2582 4486 2635 4527 ut
2656 4492 2745 4545 ego
2766 4475 2975 4526 inserar.
2994 4471 3151 4535 Bene;
3173 4482 3376 4543 propter
3398 4472 3477 4523 in-

1884 4572 2176 4637 ﬁdelitatem
2199 4569 2349 4637 fracti
2377 4577 2511 4620 sunt.
2536 4565 2612 4618 Tu
2641 4576 2828 4627 autem,
2863 4565 3051 4633 inquit,
3086 4565 3188 4630 ﬁde
3210 4572 3348 4623 stas;
3372 4563 3477 4614 noli

1883 4662 2040 4714 altum
2068 4676 2245 4723 sapere
2264 4701 2277 4724 ,
2306 4658 2392 4712 sed
2410 4660 2532 4711 time
2559 4672 2577 4709 :
2599 4656 2643 4709 si
2674 4656 2805 4706 enim
2836 4654 3149 4706 naturalibus
3166 4652 3317 4705 ramis
3340 4651 3477 4705 Deus

1884 4773 1984 4808 non
2015 4755 2239 4825 pepercit
2261 4795 2275 4815 ,
2317 4769 2473 4819 neque
2513 4752 2601 4803 tibi
2631 4763 2820 4819 parcet.
2872 4750 3099 4803 Attende
3127 4765 3255 4817 ergo
3298 4764 3477 4803 ramos

1884 4847 2173 4908 fractos,et
2200 4855 2250 4898 te
2281 4847 2535 4897 insertum
2571 4860 2585 4896 :
2619 4843 2722 4895 noli
2756 4842 2939 4895 catulli
2968 4857 3130 4908 super
3162 4855 3338 4893 ramos
3366 4839 3477 4892 fra-

1883 4948 2034 5001 ctos;
2059 4935 2151 4988 scd
2174 4935 2340 5004 magis
2357 4934 2520 4986 dicito
2542 4934 2674 4996 Deo,
2702 4930 2867 4995 Quam
2898 4931 3161 4989 metuenda
3187 4940 3303 4983 sunt
3325 4946 3479 4998 opera

1886 5043 1971 5081 tua
1994 5030 2012 5081 .'
2040 5028 2255 5082 Fratres
2285 5068 2299 5092 ,
2351 5027 2394 5079 si
2424 5025 2680 5078 adversus
2705 5023 2919 5076 Julianus
2957 5022 3080 5074 olim
3109 5021 3365 5089 ιηἐιξείεοε
3413 5018 3479 5073 de.

1886 5120 2065 5173 radice
2088 5119 2512 5173 Patriarcliarum
2533 5115 2791 5169 extollere
2815 5128 2909 5165 nos
2940 5128 3041 5165 non
3074 5112 3356 5173 debemus,
3383 5110 3476 5164 sed

1887 5212 2075 5265 timere
2102 5210 2304 5279 potius,
2333 5219 2386 5261 et
2405 5208 2583 5261 dicere
2606 5207 2736 5269 Deo,
2761 5206 2924 5273 Quam
2949 5205 3171 5256 timentia
3189 5214 3307 5258 sunt
3327 5220 3479 5273 apem

1888 5318 1972 5357 tua
1995 5304 2016 5357 !
2042 5299 2240 5371 quanto
2267 5302 2443 5353 minus
2466 5313 2569 5353 non
2593 5313 2692 5352 nos
2718 5298 2977 5352 debemus
3003 5296 3260 5349 extollere
3286 5294 3476 5347 adver-

1886 5413 1977 5449 sus
2000 5390 2231 5451 recentia
2259 5393 2477 5447 vulnera
2517 5389 2930 5461 prmeisiouum?
2962 5389 3177 5442 Ρηιεὶδί
3206 5396 3330 5440 sunt
3356 5398 3480 5439 ante

1884 5486 2053 5541 Judaei
2076 5528 2089 5547 ,
2123 5485 2338 5538 insertm
2366 5491 2489 5535 sunt
2517 5480 2718 5535 Gentes
2748 5480 2853 5533 :de
2883 5481 2991 5547 ipsa
3017 5480 3310 5532 insertione
3342 5492 3480 5544 pra:-

1886 5577 1981 5631 eisi
2012 5584 2136 5629 sunt
2167 5574 2436 5637 limretici;
2467 5573 2561 5626 sed
2594 5588 2764 5642 neque
2796 5580 2982 5627 contra
3012 5562 3134 5625 illos
3182 5585 3279 5623 nos
3306 5566 3480 5623 cxtol-

1886 5669 1998 5724 lere
2042 5667 2299 5723 debemus
2324 5710 2336 5729 ,
2371 5682 2438 5720 ne
2468 5666 2601 5718 forte
2625 5662 2839 5734 prmcidi
2869 5676 3164 5727 mereatur,
3197 5652 3356 5731 queui
3381 5659 3479 5713 de-

1888 5764 2046 5818 lectat
2090 5761 2341 5814 insultare
2369 5756 2622 5827 pra'cisis.
2654 5756 2869 5811 Fratres
2893 5756 3002 5811 mei
3029 5798 3043 5821 ,
3076 5754 3481 5825 qualiscumque

1894 5854 2125 5924 episcopi
2163 5868 2255 5905 vos
2298 5849 2474 5904 sonuit
2500 5848 2649 5901 vobis
2673 5890 2687 5913 ,
2723 5859 2975 5917 rogamus
3001 5860 3092 5900 vos
3125 5855 3181 5899 ut
3206 5841 3471 5898 caveatis:
