3934 6348
521 425 617 479 791

519 539 841 607 quicumque
872 536 923 590 in
956 536 1197 591 Ecclesia
1228 537 1357 591 estis
1380 577 1394 598 ,
1444 534 1609 588 nolite
1630 534 1882 595 insultare
1910 533 1990 585 eis
2019 530 2107 598 qni

524 647 628 682 non
651 638 777 683 sunt
805 629 981 691 intus;
1013 628 1105 681 sed
1134 636 1282 680 orate
1310 626 1486 695 potius
1525 634 1580 677 ut
1605 635 1658 678 et
1686 625 1782 693 ipsi
1814 623 1953 677 intus
1980 622 2107 675 sint.

533 720 717 774 Potens
741 731 817 774 est
841 721 973 773 enim
1003 719 1135 774 Deus
1164 720 1344 779 iterum
1368 718 1586 770 inserere
1611 717 1743 770 illos.
1768 716 1841 769 De
1869 712 2111 784 ipsisin-

522 814 653 865 dmis
681 812 808 865 dixit
842 811 944 864 bne
966 810 1253 880 Apostolus
1273 825 1288 873 ;
1308 818 1361 862 et
1390 808 1586 862 factum
1610 816 1691 860 est
1713 808 1762 858 in
1790 806 1888 859 eis.
1917 802 2111 858 Resur-

522 904 659 955 rexit
686 903 939 955 Dominus
967 941 983 963 ,
1032 911 1087 953 et
1113 899 1260 952 mulli
1291 898 1634 952 crediderunt
1660 914 1674 951 :
1707 910 1810 948 non
1839 894 2114 947 intellexe-

525 1005 653 1047 runt
680 1009 799 1048 eum
822 994 1226 1062 crnciligcrent;
1258 998 1433 1044 tamen
1462 999 1643 1057 postea
1687 986 2020 1041 crediderunt
2058 986 2108 1036 in

523 1100 672 1144 eum.
700 1093 756 1139 et
778 1084 1033 1137 donatum
1053 1091 1138 1135 est
1163 1082 1242 1136 eis
1274 1089 1379 1134 tam
1423 1093 1671 1148 magnum
1700 1077 1973 1133 delictum.
2002 1074 2110 1129 Fu-

527 1190 619 1224 sus
658 1174 870 1227 Domini
924 1172 1137 1241 salignis
1169 1171 1395 1224 donatus
1442 1178 1526 1223 est
1556 1167 1834 1221 homicidis
1856 1208 1870 1228 ,
1901 1173 1959 1219 ut
2005 1179 2109 1218 IIO'I

524 1264 699 1317 dicam
726 1262 974 1325 deicidis;
1005 1262 1124 1329 quia
1154 1262 1199 1315 si
1220 1261 1569 1331 cognovissent
1589 1300 1605 1322 ,
1623 1273 1893 1323 nunquam
1930 1254 2108 1308 Domi-

526 1372 645 1408 uum
670 1356 849 1426 gloria;-
873 1355 1009 1408 cruci
1014 1353 1262 1421 fuissent.
1296 1351 1450 1405 Modo
1471 1347 1752 1403 homicidis
1776 1348 2005 1401 donatus
2030 1356 2113 1399 est

524 1449 673 1501 (usus
712 1430 929 1516 sanguis
960 1445 1293 1508 innocentis;
1320 1452 1374 1496 et
1412 1443 1584 1510 ipsum
1612 1440 1922 1509 sanguinem
1950 1454 2110 1508 quem

522 1554 619 1608 per
642 1536 899 1593 insaniam
942 1537 1224 1597 fuderunt,
1272 1550 1367 1604 per
1390 1536 1612 1603 gratiam
1640 1532 1909 1587 biberunt.
1949 1530 2113 1584 Dicite

521 1644 655 1698 ergo
668 1627 771 1682 Deo
794 1644 811 1681 :
836 1627 1000 1693 Quam
1022 1626 1242 1680 timenda
1259 1637 1375 1678 sunt
1387 1640 1539 1694 opera
1557 1624 1667 1676 tua!
1682 1624 1831 1679 Unde
1854 1620 2112 1676 timenda?

525 1718 658 1781 Quia
683 1718 878 1770 caecitas
899 1732 961 1770 ea:
990 1727 1131 1785 parte
1150 1713 1312 1767 Israel
1336 1717 1470 1783 facta
1492 1723 1582 1775 est,
1614 1724 1668 1764 ut
1698 1711 1956 1781 plenitudo
1979 1708 2113 1763 Gen-

522 1810 648 1861 tium
674 1807 884 1861 intraret
918 1808 937 1876 (
960 1808 1103 1861 Rom.
1131 1823 1205 1870 xv,
1233 1804 1398 1859 17-25
1416 1804 1456 1874 ).
1476 1803 1521 1858 Ο
1545 1805 1793 1859 Gentium
1819 1801 2110 1871 plenitudo,

527 1901 615 1953 die
647 1900 756 1954 Deo
786 1942 800 1962 ,
832 1882 995 1964 Quam
1027 1898 1249 1951 timenda
1271 1908 1388 1949 sunt
1419 1914 1572 1965 opera
1602 1896 1729 1949 tua!
1756 1906 1811 1951 et
1835 1895 1915 1950 sic
1941 1895 2112 1963 gaude

462 2034 463 2037 η
527 2000 584 2043 ιιι
608 1990 1026 2049 contretniscas;
1059 1987 1163 2041 noli
1211 1986 1398 2040 extolli
1444 2001 1604 2054 super
1639 2000 1815 2039 ramos
1842 1985 2108 2055 pracisos.

528 2080 693 2137 Dicite
723 2080 829 2151 Deo
853 2097 871 2133 :
904 2078 1066 2145 Quam
1090 2080 1312 2132 timendo
1339 2089 1457 2132 sunt
1486 2094 1637 2147 opera
1664 2087 1750 2130 tua
1772 2077 1794 2131 !

596 2173 649 2224 6.
692 2169 757 2224 In
787 2172 1106 2224 multitudine
1131 2171 1366 2239 potentia
1406 2180 1508 2222 tua:
1548 2154 1849 2222 mentiemur
1891 2169 1980 2223 tibi
2015 2169 2114 2222 ini-

525 2263 645 2314 mici
674 2262 767 2314 tui.
802 2260 877 2315 Ad
905 2260 1006 2315 hoc
1038 2261 1151 2324 tibi,
1177 2260 1381 2329 inquit,
1415 2259 1738 2313 mentiantur
1774 2259 1971 2314 inimici
2000 2260 2074 2312 tui
2095 2300 2111 2325 ,

531 2361 589 2404 ut
619 2350 784 2405 multa
812 2350 880 2403 sit
908 2349 1139 2419 potentia
1172 2360 1277 2403 tua.
1302 2348 1436 2417 Quid
1469 2361 1551 2402 est
1574 2348 1710 2403 hoc?
1740 2349 1997 2408 luleulius
2015 2364 2111 2402 au-

529 2442 662 2496 dite.
699 2440 941 2495 Potentia
967 2440 1173 2493 Domini
1204 2436 1372 2493 nOstri
1396 2439 1521 2508 Jesu
1548 2439 1745 2494 Christi
1768 2440 1998 2494 maxime
2016 2456 2113 2508 ap-

450 2556 455 2561 ι
530 2534 705 2603 paruit
722 2533 772 2587 in
788 2532 1194 2594 resurrectione,
1218 2531 1358 2585 unde
1375 2516 1609 2601 psalmus
1623 2530 1721 2585 iste
1743 2530 1947 2585 titulum
1964 2545 2114 2585 acce-

525 2625 623 2693 pit.
646 2624 709 2677 Et
726 2636 1009 2691 resurgens
1027 2623 1272 2689 apparuit
1294 2618 1570 2688 discipulis
1590 2620 1718 2673 suis.
1738 2618 1854 2673 Non
1873 2621 2115 2688 apparuit

526 2711 757 2768 inimicis
790 2713 900 2765 suis
926 2751 942 2776 ,
966 2710 1060 2765 sed
1086 2710 1359 2781 discipulis
1385 2709 1493 2762 suis
1523 2708 1674 2779 (Act.
1694 2724 1748 2771 ιι,
1772 2709 1831 2763 41
1861 2706 1900 2778 ).
1932 2708 2114 2762 Cruri-

528 2806 667 2859 lixus
682 2804 927 2873 apparuit
951 2802 1195 2856 omnibus
1220 2817 1234 2864 ;
1262 2815 1543 2869 resurgens
1566 2786 1839 2863 ﬁdelibus:
1871 2807 1921 2852 ut
1954 2800 2113 2856 etiam

530 2902 713 2963 postea
757 2894 846 2964 qui
888 2893 1048 2948 vellet
1084 2878 1374 2956 crederet,
1406 2898 1464 2944 et
1516 2891 1751 2945 credenti
1797 2891 2115 2947 resurrectio

529 2985 948 3057 promitteretur.
980 2983 1124 3038 Multi
1153 2982 1319 3036 sancti
1364 2981 1524 3035 multa
1554 2980 1804 3035 miracula
1834 2979 2112 3044 fecerunt;

529 3078 710 3134 nullus
758 3078 994 3147 ipsorum
1044 3076 1305 3129 mortuus
1332 3073 1626 3129 resurrexit
1655 3089 1668 3124 :
1698 3075 1820 3141 quia
1851 3082 1904 3147 et
1930 3074 2019 3143 qui
2047 3075 2115 3127 ab

529 3158 611 3222 eis
633 3166 928 3221 rcsuscitati
951 3176 1095 3227 sunt,
1122 3164 1362 3219 morituri
1381 3164 1677 3218 resuscitati
1704 3171 1845 3217 sunt.
1873 3163 2117 3219 lntendat

530 3260 778 3313 Charitas
812 3257 1019 3314 Vestra.
1072 3256 1466 3315 Commendans
1513 3254 1766 3310 Deminus
1815 3272 1977 3325 opera
2020 3272 2114 3310 sua

528 3350 695 3403 dixit:
718 3348 964 3420 Operibus
983 3350 1188 3410 credite,
1208 3348 1251 3402 si
1272 3347 1400 3400 milii
1417 3363 1517 3400 non
1547 3346 1697 3401 vultis
1716 3347 1915 3400 credere
1936 3346 2113 3416 (Joon.

532 3457 587 3505 x,
611 3442 680 3496 58
702 3442 739 3511 ).
764 3442 829 3495 Et
852 3439 1293 3495 commendantur
1311 3440 1471 3494 etiam
1502 3439 1766 3507 prmterita
1800 3444 1960 3506 o‘pera
1986 3438 2115 3491 Pro-

528 3532 917 3601 phetarum;et
967 3531 1016 3586 si
1063 3545 1171 3585 non
1219 3529 1445 3594 eadem,
1488 3538 1664 3583 tamen
1692 3529 1857 3581 multa
1905 3528 2112 3593 eadem,

528 3623 695 3678 multa
725 3622 966 3690 ejusdem
996 3622 1270 3692 potentiae.
1298 3621 1610 3675 Ambulavit
1657 3620 1911 3675 Dominus
1954 3634 2118 3690 super

528 3726 700 3776 mare,
726 3710 887 3778 jussit
914 3711 929 3742 ⁸
961 3721 1015 3765 et
1038 3710 1251 3765 Petrum
1279 3710 1297 3780 (
1328 3709 1512 3764 Matth.
1545 3724 1653 3776 xiv,
1681 3703 1773 3773 9.5,
1793 3710 1862 3765 9.9
1886 3711 1925 3776 ).
1954 3710 2119 3765 Nom-

528 3802 664 3872 quid
699 3820 805 3858 non
862 3802 932 3856 ibi
980 3810 1097 3857 erat
1126 3798 1252 3870 ipse
1290 3802 1579 3865 Dominus,
1614 3803 1827 3871 quando
1853 3818 1911 3857 se
1940 3804 2119 3857 divisit

530 3907 700 3957 mare,
726 3901 785 3946 ut
809 3892 1016 3962 Moyses
1045 3907 1165 3947 cum
1196 3892 1388 3961 populo
1426 3889 1586 3946 Israel
1619 3895 1867 3947 transiret
1895 3896 1912 3964 (
1944 3892 2113 3951 Exod.

531 4000 643 4048 xw,
668 3986 731 4037 21
762 3982 822 4054 )?
852 3983 994 4037 ldem
1030 3970 1294 4039 Dominus
1321 3982 1407 4035 illa
1440 3981 1683 4047 faciebat.
1709 3985 1810 4051 Qui
1856 3985 1979 4040 fecit
2019 3987 2116 4040 ista

532 4090 631 4143 per
667 4090 882 4129 carnem
911 4088 1061 4129 suam
1083 4115 1099 4139 ,
1127 4074 1241 4143 ipse
1272 4073 1359 4127 illa
1389 4073 1618 4129 faciebat
1640 4089 1733 4144 per
1758 4090 1972 4130 carnem
1998 4092 2116 4130 ser—

528 4179 718 4218 Vorum
748 4178 985 4219 suorum.
1022 4162 1160 4233 Illud
1191 4172 1365 4216 tamen
1409 4177 1504 4231 per
1527 4177 1716 4217 servos
1751 4179 1879 4218 suos
1909 4180 2012 4218 non
2039 4164 2117 4219 fe-

529 4260 602 4313 cit
627 4259 770 4330 (nam
798 4258 912 4327 ipse
927 4256 1103 4310 omnia
1130 4251 1402 4325 faciebat),
1421 4263 1478 4309 ut
1501 4255 1691 4324 aliquis
1710 4256 1947 4324 ipsorum
1972 4271 2127 4309 mor—

532 4360 652 4405 tuus
673 4354 836 4408 esset,
860 4355 915 4401 et
939 4340 1242 4414 resurgeret
1267 4344 1321 4398 in
1347 4343 1505 4398 vitam
1532 4354 1806 4397 aeternam.
1831 4343 1962 4412 Quia
1989 4360 2117 4415 ergo

533 4436 751 4508 possent
773 4437 952 4492 dicere
975 4436 1167 4499 Judtei,
1185 4450 1306 4490 cum
1331 4435 1585 4488 miracula
1609 4435 1810 4501 laceret
1838 4435 2116 4502 Dominus,

530 4530 679 4585 Fecit
706 4530 821 4584 luce
839 4537 896 4583 et
918 4528 1147 4599 Moyses,
1181 4526 1305 4599 fecit
1331 4525 1475 4580 Eiias
1494 4568 1506 4589 ,
1539 4526 1661 4582 fecit
1690 4526 1915 4580 Elisazus
1946 4544 1960 4579 :
1993 4542 2085 4595 pos

529 4632 652 4677 sent
680 4622 777 4675 sibi
803 4622 899 4674 ista
930 4620 1129 4681 dicere,
1155 4617 1274 4687 quia
1306 4625 1363 4671 et
1387 4617 1458 4669 illi
1491 4628 1733 4670 mortuos
1762 4618 2117 4683 resuscitave-

529 4723 678 4779 runt,
708 4725 763 4767 et
788 4713 954 4766 multa
986 4712 1239 4763 miracula
1274 4710 1511 4766 fect-runt
1546 4726 1559 4761 :
1595 4719 1871 4776 propterea
1901 4723 2020 4763 cum
2050 4710 2118 4763 ab

528 4806 623 4858 illo
676 4806 884 4872 signum
942 4810 1241 4871 peteretur;
1274 4800 1546 4867 proprium
1587 4799 1795 4867 signum
1846 4814 2117 4852 commcn-

528 4894 665 4949 dans
694 4892 834 4962 quod
866 4894 915 4945 in
944 4907 1003 4945 se
1024 4891 1140 4944 solo
1165 4889 1400 4948 futurum
1425 4899 1560 4951 erat,
1584 4887 1660 4941 ait
1692 4906 1707 4943 :
1734 4886 2001 4943 Generatio
2020 4891 2119 4945 ista

529 5003 686 5057 prava
717 4996 765 5038 et
792 4972 1079 5037 amaricans
1100 4983 1119 5012 ²
1142 4982 1340 5051 signum
1365 4982 1576 5050 (Interit;
1600 4991 1645 5033 et
1672 4981 1870 5049 signum
1900 4998 1999 5034 non
2026 4983 2121 5033 da-

527 5078 661 5131 bitur
687 5076 734 5129 ei
756 5116 772 5141 ,
813 5075 912 5127 nisi
939 5074 1135 5143 signum
1159 5070 1310 5124 Jonu:
1359 5070 1633 5139 prophetw.
1680 5070 1823 5124 Sicut
1862 5072 1992 5124 enim
2021 5073 2119 5141 fuit

524 5168 689 5219 Jonas
718 5165 770 5216 in
794 5174 959 5215 ventre
978 5163 1073 5215 ceti
1099 5162 1255 5212 tribus
1283 5159 1471 5219 diebus,
1505 5169 1549 5211 et
1576 5158 1732 5211 tribus
1762 5161 2021 5223 noctibus;
2044 5163 2118 5217 sic

526 5259 622 5309 erit
650 5265 697 5308 et
720 5255 859 5321 ﬁlius
887 5253 1104 5305 hominis
1133 5251 1183 5302 in
1207 5250 1354 5305 corde
1379 5259 1527 5301 terrm
1550 5250 1708 5301 tribus
1732 5249 1924 5315 diebus,
1958 5261 2004 5303 et
2022 5250 2117 5304 tri-

528 5350 621 5402 bus
646 5345 872 5399 noctibus
904 5341 1133 5414 (Matth.
1165 5355 1275 5403 xu,
1317 5339 1408 5404 59,
1439 5338 1568 5407 40).
1602 5338 1879 5406 Quomodo
1908 5338 2004 5392 luit
2025 5340 2114 5393 Jo-

528 5454 624 5492 nas
659 5437 715 5490 in
740 5444 925 5489 ventre
948 5431 1091 5486 ceti?
1131 5429 1318 5484 Nonne
1348 5439 1402 5483 ut
1434 5438 1614 5496 postea
1652 5428 1800 5481 vivus
1841 5430 2117 5484 evomere-

532 5526 784 5582 tur?lloe
810 5523 907 5577 fuit
936 5521 1176 5578 infernus
1200 5520 1447 5585 Domino,
1466 5516 1607 5586 quod
1632 5516 1782 5571 Jnnze
1808 5528 1977 5572 cetus.
2005 5518 2115 5573 lloe

527 5621 739 5690 signum
781 5614 1057 5691 proprium
1108 5608 1535 5674 commendavit;
1563 5607 1664 5663 hoc
1692 5619 1774 5664 est
1814 5610 2115 5680 potentissi-

588 5778 606 5808 ι
635 5774 821 5839 Aliquot
844 5781 969 5832 um,
997 5770 1157 5823 duxit.
1243 5830 1253 5839 _

588 5839 612 5874 1
635 5829 857 5899 Plei'ique
882 5829 1005 5883 ass:
1033 5830 1284 5882 Generatio
1303 5829 1433 5882 mala
1451 5837 1498 5881 et
1527 5831 1767 5882 adultera.

1737 421 1793 478 S.
1836 416 2202 475 AUGUSTINI
2242 418 2542 473 EPlSCOPI

3706 423 3811 479 792

2220 546 2383 583 mutu.
2413 531 2690 586 Potentius
2734 543 2813 585 cst
2847 533 3099 587 revixisse
3128 550 3395 588 mortuum
3424 575 3442 600 ,
3494 551 3669 605 quam
3702 553 3811 591 non

2218 620 2384 675 fuisse
2414 631 2700 685 intortumn.
2733 621 3033 691 Magnitudo
3063 625 3311 692 potentiae
3358 625 3569 679 Domini
3614 641 3811 680 secvru-

2217 712 2343 765 dutn
2365 711 2503 780 qunti
2534 711 2692 765 homo
2719 713 2887 766 factus
2923 724 3026 778 est,
3070 716 3121 767 in
3164 717 3359 769 virtute
3388 716 3814 770 resurrectionis

2217 812 2454 870 apparet.
2478 802 2622 856 Hanc
2647 804 2987 857 commendat
3012 806 3313 875 Apostolus,
3334 820 3455 859 cum
3476 807 3647 860 dicit:
3688 804 3814 859 Non

2218 893 2405 946 habens
2431 909 2592 945 ineant
2617 895 2872 962 justitiam
2896 910 3009 961 quae
3032 912 3094 949 ea:
3136 894 3268 965 Lege
3292 908 3363 949 est
3385 914 3405 960 ;
3433 898 3526 950 sed
3552 913 3671 950 eant
3700 911 3815 961 qm

2217 994 2288 1038 est
2317 1002 2406 1054 per
2451 986 2606 1054 [idem
2648 985 2836 1041 Christi
2856 1003 3008 1056 ,qute
3035 998 3196 1042 estea:
3221 989 3328 1042 Deo
3355 990 3561 1058 justitia
3585 990 3639 1043 in
3669 990 3812 1057 fide,

2217 1076 2287 1127 ad
2325 1077 2721 1145 cognoscendum
2750 1093 2864 1130 eum
2891 1119 2906 1140 ,
2933 1087 2979 1132 et
3020 1080 3248 1132 uirtutem
3276 1080 3662 1133 resurrectionis
3702 1081 3813 1149 ejus

2219 1163 2492 1236 (Philipp.
2527 1181 2603 1227 nt,
2644 1166 2699 1230 9,
2729 1166 2857 1239 10).
2883 1168 2974 1239 Sic
2995 1169 3395 1243 commandatur
3430 1179 3487 1223 et
3514 1171 3621 1225 alio
3645 1172 3811 1225 loco:

2214 1252 2287 1305 'Et
2302 1254 2345 1307 si
2365 1256 2639 1321 cruciﬁxus
2664 1267 2737 1311 est
2761 1258 3152 1327 exinﬁrmitate,
3175 1259 3262 1311 sed
3282 1260 3398 1313 vicit
3425 1261 3478 1313 in
3504 1260 3691 1314 virtute
3718 1262 3815 1316 Dei

2219 1344 2238 1410 (
2272 1342 2312 1395 ll
2338 1342 2454 1397 Cor.
2482 1359 2595 1409 xm,
2626 1346 2662 1401 4
2681 1345 2726 1416 ).
2751 1346 2885 1401 Cum
2914 1362 3041 1417 ergo
3081 1348 3178 1401 ista
3222 1364 3405 1420 magna
3433 1348 3672 1420 potentia
3703 1352 3811 1406 De.

2219 1431 2344 1485 niiui
2382 1432 2433 1484 in
2463 1435 2865 1491 resurrectione
2891 1436 3232 1508 intelligatur,
3257 1440 3395 1495 unde
3420 1441 3632 1495 titulum
3667 1444 3812 1511 psal-

2218 1537 2336 1575 mus
2383 1523 2482 1577 iste
2526 1524 2762 1595 accepit;
2791 1526 2917 1596 quid
2945 1529 3043 1581 sibi
3072 1530 3219 1591 vult,
3247 1531 3313 1583 lu
3344 1532 3667 1584 multitudine
3714 1549 3810 1601 po-

2218 1615 2387 1668 tentia:
2414 1624 2517 1669 tito:
2541 1618 2843 1672 mentiemur
2868 1619 2958 1675 tibi
2982 1620 3171 1673 inimici
3203 1622 3297 1685 tui,
3328 1621 3431 1675 nisi
3461 1635 3519 1675 ut
3546 1624 3625 1677 sic
3654 1624 3812 1677 intel-

2218 1707 2350 1776 ligas
2382 1725 2396 1759 :
2428 1705 2553 1760 Ideo
2579 1708 2670 1761 tibi
2693 1708 3016 1762 mentientur
3041 1709 3237 1765 inimici
3268 1712 3339 1766 tui
3367 1722 3426 1765 ut
3451 1712 3808 1782 cruciligaris;

2218 1796 2338 1851 ideo
2366 1798 2694 1867 cruciligeris
2715 1808 2771 1852 ut
2792 1801 3074 1870 resurgas?
3092 1802 3423 1857 Mendacium
3441 1797 3809 1873 'ergorilloriuu

2215 1885 2283 1940 ad
2318 1887 2795 1943 commendandam
2838 1891 3056 1945 multam
3099 1893 3381 1959 potentiam
3412 1903 3555 1946 tuam
3588 1893 3804 1949 valebit.

2216 1977 2393 2045 Quare
2412 1980 2591 2053 solent
2619 1980 2817 2036 inimici
2844 1982 3096 2038 mentiri?
3122 1982 3187 2039 Ut
3216 1986 3503 2053 potentiam
3547 1987 3811 2057 cujusque

2219 2068 2462 2126 minuant
2485 2069 2556 2126 de
2582 2086 2690 2141 quo
2712 2073 3060 2126 mentiuntur.
3078 2073 3215 2140 Tibi,
3242 2074 3429 2144 inquit,
3451 2087 3636 2130 contra
3661 2079 3807 2132 acci-

2217 2160 2314 2214 dit.
2342 2160 2481 2217 Nam
2504 2162 2679 2218 minus
2704 2175 2987 2235 appareret
3015 2167 3250 2234 potentia
3275 2177 3384 2233 tua,
3414 2168 3458 2221 si
3481 2168 3576 2223 tibi
3605 2169 3679 2222 illi
3702 2186 3809 2223 non

2220 2252 2595 2325 mentirentur.
2840 2310 2843 2313 ,

2298 2343 2349 2396 7.
2380 2342 2651 2397 Attendite
2673 2353 2728 2399 et
2755 2343 2928 2414 ipsum
2960 2344 3292 2402 mendacium
3313 2345 3567 2401 falsorum
3592 2349 3805 2403 testium

2221 2431 2273 2484 in
2318 2431 2643 2502 Evangelia,
2686 2441 2742 2488 et
2784 2434 2961 2489 videte
2996 2437 3118 2505 quia
3162 2434 3232 2490 de
3274 2440 3664 2503 resurrectione
3705 2453 3804 2493 est.

2219 2522 2351 2575 Cum
2382 2522 2524 2577 enim
2553 2524 2777 2578 Domino
2800 2524 3001 2581 dictum
3026 2537 3166 2581 esset
3190 2569 3205 2591 ,
3238 2526 3384 2593 Quod
3410 2529 3611 2598 signum
3641 2542 3808 2585 osten-

2220 2615 2299 2667 dis
2327 2614 2469 2669 nobis
2492 2655 2506 2678 ,
2536 2616 2654 2686 quia
2677 2618 2774 2671 ista
2793 2618 2920 2688 facis
2941 2617 2967 2672 2’
2991 2628 3217 2687 excepto
3242 2634 3309 2675 eo
3333 2620 3473 2690 quod
3503 2622 3709 2677 dixerat
3740 2626 3807 2677 de

2220 2705 2351 2759 Joua
2371 2748 2385 2770 ,
2406 2722 2499 2775 per
2515 2708 2675 2773 aliam
2691 2708 3088 2765 similitudinem
3107 2709 3210 2765 hoc
3230 2712 3399 2781 ipsum
3419 2714 3543 2767 item
3563 2715 3695 2769 dixit
3717 2756 3729 2779 ,
3751 2726 3807 2769 ut

2222 2799 2476 2852 noveritis
2501 2799 2603 2854 boc
2634 2802 2902 2870 proprium
2941 2802 3149 2871 signum
3188 2805 3415 2857 maxime
3456 2809 3795 2861 Commendat.

2224 2899 2333 2943 tum
2363 2905 2379 2944 :
2411 2889 2604 2964 Sotvite
2627 2892 2901 2961 templum,
2932 2894 3105 2963 inquit
3128 2934 3142 2959 ,
3166 2895 3261 2947 hoc
3281 2905 3367 2957 ;et
3386 2896 3439 2949 in
3460 2897 3619 2951 tribus
3638 2898 3806 2952 diebus

2222 2978 2446 3033 excitabo
2469 2980 2619 3033 illud.
2653 2980 2721 3035 Et
2742 2983 2821 3035 illi
2850 2984 3129 3039 dixerunt:
3158 2983 3504 3055 Quadraginta
3531 2998 3577 3040 et
3598 3004 3688 3041 sea:
3712 3006 3803 3041 au-

2222 3072 2301 3124 nis
2321 3072 2628 3141 cedi/iculum
2647 3084 2721 3128 est
2743 3073 2987 3145 templum
3009 3075 3136 3141 hoc;
3156 3086 3203 3128 et
3230 3087 3283 3129 tu
3305 3078 3357 3130 in
3377 3078 3544 3132 triduo
3571 3082 3806 3136 excitatus

2220 3161 2393 3215 illud?
2437 3162 2505 3217 Et
2550 3165 2912 3234 evangelista,
2957 3166 3084 3236 quid
3127 3166 3256 3220 illud
3301 3178 3442 3223 esset
3486 3184 3803 3240 exponens:

2224 3251 2337 3305 [Ioc
2362 3263 2561 3314 autem.
2586 3254 2757 3323 inquit
2781 3295 2795 3317 ,
2836 3256 3029 3309 dicebat
3068 3255 3222 3312 Iesus
3267 3261 3330 3312 de
3366 3262 3553 3329 templo
3583 3267 3804 3329 corporis

2220 3344 2526 3417 sui(.loan.
2562 3362 2642 3412 tt,
2680 3348 2838 3405 18-21
2873 3349 2919 3421 ).
2963 3350 3101 3404 Ecce
3145 3350 3283 3406 hanc
3327 3355 3614 3420 potentiam
3658 3370 3800 3409 suam

2222 3436 2529 3518 hominibus
2554 3453 2615 3492 se
2641 3437 3129 3497 demonstraturum
3158 3440 3370 3498 dicebat
3388 3483 3405 3506 .
3438 3445 3581 3500 unde
3615 3447 3801 3502 simili-

2223 3525 2458 3582 tudinem
2497 3527 2563 3582 de
2608 3529 2806 3599 templo
2843 3530 3108 3596 dederat,
3155 3540 3373 3601 propter
3403 3548 3619 3589 carnem
3658 3552 3801 3591 suam

2222 3632 2339 3686 quae
2362 3626 2477 3671 erat
2505 3618 2759 3688 tornplutn
2786 3618 2998 3674 latentis
3023 3621 3167 3675 intus
3193 3621 3505 3679 divinitatis.
3536 3623 3690 3681 Unde
3715 3626 3800 3681 Ju-

2220 3712 2325 3766 daei
2353 3712 2606 3781 templum
2638 3711 2769 3789 foris
2796 3710 3086 3777 videbant;
3121 3732 3317 3770 numen
3349 3703 3766 3774 intusliabitans
3787 3722 3801 3750 ⁸

2223 3816 2329 3856 non
2354 3801 2624 3857 videbant.
2658 3804 2735 3857 Ex
2768 3803 2887 3860 istis
2913 3804 3094 3860 verbis
3126 3806 3332 3862 Domini
3357 3810 3805 3865 concinnaverunt

2222 3895 2344 3949 falsi
2373 3905 2537 3951 testes
2568 3895 2900 3951 mendacium
2925 3937 2943 3963 ,
2970 3897 3112 3967 quod
3141 3908 3326 3953 contra
3362 3915 3483 3954 eum
3524 3902 3761 3956 dicerent
3786 3945 3800 3969 ,

2222 3999 2286 4038 ex
2316 3984 2396 4038 bis
2425 3985 2556 4055 ipsis
2604 3986 2692 4041 ubi
2739 3986 3131 4041 commendavit
3171 3992 3615 4063 resurrectionem
3659 4009 3801 4047 suam

2223 4072 2456 4128 futuram
2482 4114 2497 4140 ,
2543 4076 2768 4146 loquens
2809 4077 2877 4130 de
2920 4077 3140 4146 templo.
3190 4078 3453 4133 Dixerunt
3498 4081 3642 4136 enim
3692 4082 3800 4137 falsi

2226 4174 2389 4226 testes
2412 4166 2670 4221 adversus
2698 4182 2819 4221 eum
2846 4209 2860 4230 ,
2890 4183 3012 4221 eum
3040 4179 3369 4237 quaereretur
3390 4164 3457 4225 ab
3484 4172 3565 4226 eis
3592 4173 3717 4242 quid
3749 4175 3802 4227 il-

2226 4256 2333 4310 lum
2372 4256 2648 4311 audissent
2693 4257 2977 4312 dixisse’:
3023 4260 3318 4313 Audiuimus
3365 4277 3478 4314 eum
3519 4262 3797 4319 dicentem.

2226 4348 2433 4403 Salvam
2465 4349 2705 4427 temptant
2727 4349 2820 4427 Itoc
2840 4392 2854 4414 ,
2887 4360 2933 4403 et
2962 4362 3071 4420 post
3098 4352 3322 4404 triduum
3342 4353 3654 4409 ‘resuscitubo
3682 4357 3802 4408 illud

2226 4438 2453 4506 (Matth.
2487 4456 2616 4495 xxv:
2641 4484 2655 4508 ,
2688 4426 2750 4497 61
2784 4426 2824 4513 )ῖ.
2859 4432 2983 4496 Post
3021 4443 3241 4497 triduum
3280 4444 3584 4515 resuscitabo
3610 4487 3625 4510 ,
3655 4447 3799 4500 audi-

2225 4538 2379 4589 erant
2408 4548 2421 4582 :
2455 4531 2664 4607 Salvam
2689 4575 2704 4596 ,
2734 4548 2840 4587 nnn
2865 4532 3185 4595 audierant;
3216 4534 3309 4587 sed
3340 4534 3657 4598 audierant,
3689 4537 3802 4590 Sol~

2222 4624 2337 4675 ‘t'ite.
2372 4622 2548 4677 Unum
2578 4624 2796 4677 verbum
2828 4633 3205 4687 mutaverunt,
3250 4636 3301 4677 et
3333 4640 3523 4692 paucas
3564 4627 3762 4681 litteras
3785 4670 3798 4691 ,

2225 4726 2282 4768 ut
2310 4700 2503 4769 falsum
2529 4717 2887 4770 testiinonium
2912 4716 3244 4769 molirentur.
3269 4715 3372 4771 Sed
3390 4717 3476 4770 cui
3494 4728 3669 4777 mucis
3693 4736 3800 4771 vcr-

2226 4806 2349 4859 bum
2374 4846 2390 4871 ,
2423 4821 2454 4859 0
2488 4805 2715 4859 humana
2740 4807 2941 4859 vanitas
2966 4847 2979 4866 ,
3008 4821 3042 4859 0
3064 4805 3291 4859 humana
3319 4806 3647 4860 inﬁrmitas?
3680 4806 3797 4861 Ver-

2227 4897 2294 4950 bo
2342 4897 2761 4950 incnmmutabili
2809 4898 3033 4951 verbum
3087 4898 3297 4950 mutas!
3344 4897 3513 4950 Mntas
3556 4907 3615 4949 tu
3662 4908 3797 4952 tuum

2226 4986 2485 5051 verbum;
2536 4986 2789 5055 numquid
2836 4995 3011 5040 mutas
3056 4985 3466 5041 DeiVerbuut?
3498 4985 3654 5040 Unde
3704 4989 3799 5041 alio

2225 5076 2343 5129 loco
2368 5076 2561 5131 dicitur
2589 5094 2601 5128 :
2633 5076 2699 5129 Et
2722 5078 2928 5129 mentita
2952 5087 3022 5130 est
3051 5077 3287 5144 iniquitas
3307 5076 3439 5148 sibi(
3466 5076 3613 5131 Paul.
3642 5095 3758 5132 xxvi
3782 5122 3796 5145 ,

2226 5167 2296 5227 12
2320 5169 2363 5238 ).
2393 5169 2568 5236 Quare
2594 5184 2723 5238 ergo
2751 5169 2843 5222 tibi
2874 5170 3079 5245 mentiti
3107 5180 3230 5223 sunt
3259 5170 3457 5223 inimici
3492 5171 3562 5223 tui
3590 5212 3606 5233 ,
3636 5187 3670 5223 ο
3700 5172 3796 5225 Do-

2227 5260 2369 5312 mine
2395 5300 2409 5323 ,
2437 5260 2522 5312 cui
2548 5258 2743 5327 juliilat
2769 5261 2943 5313 omnis
2971 5270 3107 5314 terra
3130 5259 3155 5314 Υ
3196 5259 3261 5313 In
3288 5259 3612 5313 multitudine
3635 5273 3796 5332 poten-

2225 5352 2308 5406 tia:
2332 5360 2431 5405 tua:
2454 5357 2753 5405 mentiemur
2785 5352 2871 5405 tibi
2914 5353 3103 5405 inimici
3148 5353 3240 5405 tui.
3290 5353 3516 5417 Dicent,
3558 5354 3795 5417 Salvom;

2224 5460 2345 5497 cum
2377 5453 2431 5501 tu
2459 5444 2662 5498 dixeris
2683 5485 2701 5511 ,
2733 5443 2944 5498 Solvite.
2978 5443 3154 5511 Quare
3182 5454 3234 5499 te
3266 5444 3523 5499 dixerunt
3568 5446 3759 5503 dixisse
3780 5488 3793 5510 ,

2225 5534 2434 5589 Salvam
2458 5552 2475 5600 ;
2502 5544 2558 5590 et
2604 5552 2709 5589 non
2753 5534 3003 5591 dixerunt
3027 5533 3180 5605 quod
3224 5544 3279 5587 tu
3321 5533 3540 5600 dixiSti,
3575 5534 3797 5590 Soluite!

2290 5710 2305 5741 ι
2335 5709 2520 5771 Aliquot
2542 5706 2969 5771 Mss.._iultabitaus

2222 5771 2404 5884 uarie
2421 5766 2535 5822 λιες.
2556 5778 2611 5820 at
2632 5769 2765 5831 add,
2805 5770 2933 5832 quod
2958 5768 3097 5821 illum
3120 5768 3361 5820 audissent
3387 5766 3569 5823 dixisse
3592 5768 3792 5833 blacphc.
