3934 6342
213 435 323 494 793

213 552 285 609 Ut
313 553 464 626 quasi
495 554 595 624 ipsi
623 569 681 610 se
710 570 738 607 a
768 553 993 611 crimine
1026 553 1185 609 soluti
1226 553 1410 624 templi
1452 551 1800 607 defenderem

213 648 337 701 sine
358 632 539 702 causa.
564 646 807 702 Christus
826 648 968 702 enim
995 690 1008 711 ,
1037 647 1159 717 quia
1188 646 1351 700 voluit
1375 689 1390 710 ,
1420 656 1659 699 mortuus
1678 655 1759 699 est
1782 659 1801 696 :

213 748 272 792 et
302 748 480 791 tamen
521 752 617 791 vos
660 738 947 793 occidistis.
990 739 1125 793 Ecce
1165 736 1506 790 concedimus
1548 735 1696 787 vobis
1722 773 1739 798 ,
1769 748 1803 786 ο

215 828 506 882 mendaces
534 843 548 891 ;
580 828 695 898 ipse
724 827 879 882 solvit
909 828 1185 896 templum.
1221 827 1423 880 Dictum
1454 833 1537 879 est
1565 825 1705 878 enim
1734 823 1802 878 ab

216 917 521 985 Apostoln:
556 915 655 982 Qui
682 933 760 971 me
797 917 975 970 dilexit
1011 926 1056 970 et
1099 916 1306 970 tradidit
1346 916 1663 984 semetipsum
1710 930 1800 979 pro

214 1020 298 1064 me
326 1012 347 1084 (
373 1011 488 1065 Gal.
522 1027 557 1065 ll
582 1054 597 1077 ,
624 1010 694 1067 9.0
714 1012 755 1081 ).
790 1011 997 1081 Dictum
1028 1020 1109 1065 est
1136 1009 1203 1063 de
1230 1008 1388 1063 Patre
1418 1025 1431 1060 :
1468 1007 1567 1073 Qui
1592 1006 1798 1077 proprio

221 1101 360 1155 Filio
385 1120 474 1156 suo
497 1120 597 1156 non
621 1102 874 1172 pepercit;
902 1102 989 1154 sed
1024 1117 1113 1169 pro
1151 1101 1292 1153 nobis
1326 1099 1553 1152 omnibus
1593 1097 1801 1150 tradidit

213 1193 365 1245 illum
393 1192 411 1261 (
440 1192 585 1245 Rom.
617 1207 706 1245 Vlll
727 1234 741 1255 ,
768 1190 837 1246 5?.
860 1189 900 1262 ).
927 1191 980 1245 Si
1003 1206 1131 1259 ergo
1152 1190 1307 1243 Pater
1330 1188 1518 1242 Filium
1543 1185 1756 1240 tradidit
1781 1225 1797 1250 ,

213 1294 271 1337 et
304 1283 471 1338 Filius
499 1285 844 1350 semetipsum
877 1281 1124 1345 tradidit;
1152 1279 1319 1335 Judas
1345 1278 1468 1348 quid
1508 1277 1630 1347 fecit
1650 1278 1674 1329 ’ἰ
1693 1277 1803 1329 'Pa-

213 1384 300 1427 ter
330 1374 586 1427 tradendo
614 1374 802 1427 Filium
824 1373 888 1425 ad
916 1380 1137 1425 mortem
1160 1386 1255 1441 pro
1278 1369 1428 1423 nobis
1448 1409 1464 1433 ,
1490 1368 1622 1421 bene
1641 1366 1794 1420 fecit:

212 1464 463 1518 Christus
508 1464 764 1517 tradendo
807 1465 1039 1531 seipsnm
1081 1476 1176 1531 pro
1221 1461 1410 1523 nobis,
1454 1458 1577 1512 fecit
1620 1458 1796 1510 bene:

215 1556 483 1609 tradendo
533 1556 697 1610 ludas
739 1555 1049 1623 magistrum
1095 1567 1191 1621 pro
1234 1551 1454 1605 avaritia
1498 1566 1629 1615 sua,
1676 1549 1799 1602 fecit

213 1650 376 1703 male.
411 1649 524 1703 Non
554 1650 695 1703 enim
727 1648 867 1717 quod
914 1648 1065 1701 nobis
1110 1647 1402 1716 przestitum
1440 1654 1522 1697 est
1561 1643 1628 1697 de
1672 1656 1795 1711 pas-

212 1742 369 1794 sione
394 1740 588 1795 Christi
614 1781 629 1804 ,
660 1740 873 1793 malitiae
901 1738 1050 1793 Judae
1075 1738 1412 1806 deputabitur
1436 1755 1447 1789 :
1472 1735 1683 1789 habebit
1710 1735 1797 1789 ille

215 1832 522 1887 mercedem
551 1832 763 1885 malitia:
789 1847 802 1893 ;
834 1830 1073 1885 Christus
1099 1829 1305 1883 laudem
1336 1828 1535 1897 gratize.
1571 1827 1798 1882 Prorsus

210 1925 331 1994 ipse
362 1926 576 1978 solverit
610 1925 859 1992 templum
884 1940 898 1987 ;
934 1924 1044 1991 ipse
1074 1921 1289 1975 solverit
1318 1921 1405 1990 qui
1435 1920 1566 1973 dixit
1596 1938 1609 1973 :
1644 1918 1797 1971 Pote-

210 2026 394 2068 stntem
417 2016 572 2067 habeo
598 2014 814 2081 ponendi
840 2014 1060 2069 animant
1089 2028 1282 2075 meam;
1307 2023 1354 2065 et
1385 2019 1673 2079 potestatem
1698 2009 1795 2062 Ita-

210 2108 303 2162 beo
332 2106 759 2160 iternmsuincndi
800 2120 949 2159 eant:
990 2120 1134 2158 nemo
1177 2104 1305 2156 tollit
1351 2119 1461 2155 eum
1500 2118 1532 2154 a
1569 2100 1797 2167 me;sed

213 2219 308 2268 ego
328 2201 434 2268 ipse
460 2215 589 2266 pono
620 2215 729 2250 eum
752 2215 782 2250 a
808 2214 885 2249 me
907 2239 922 2260 ,
953 2207 1000 2250 et
1022 2196 1203 2249 iterum
1229 2211 1372 2247 sumo
1398 2211 1505 2246 eam
1534 2193 1706 2263 (Joan.
1736 2208 1793 2255 κ,

214 2291 286 2345 18
314 2292 354 2358 ).
386 2290 503 2357 ipse
532 2286 748 2343 solverit
778 2288 1029 2356 templum
1073 2286 1239 2356 gratia
1278 2300 1370 2339 sua
1399 2284 1440 2350 ³,
1474 2284 1671 2337 malitia
1705 2298 1796 2337 ve-

208 2390 346 2435 stra.
371 2379 437 2433 In
461 2380 780 2432 multitudine
798 2379 1036 2448 potentiw
1056 2387 1153 2430 tua!
1174 2378 1476 2429 mentiemur
1496 2376 1583 2427 tibi
1605 2373 1796 2426 inimici

208 2475 307 2525 tui.
343 2473 479 2526 Ecce
506 2474 832 2526 mentiuntur
855 2514 869 2534 ,
898 2485 1023 2526 ecce
1048 2468 1280 2524 creditur
1305 2469 1386 2523 eis
1410 2508 1426 2533 ,
1455 2483 1580 2522 ecce
1608 2467 1791 2537 oppri-

208 2566 379 2617 ineris
404 2605 419 2626 ,
451 2579 576 2619 ecce
604 2564 931 2633 cruciﬁgeris
955 2606 970 2628 ,
1015 2579 1140 2618 ecce
1184 2562 1465 2616 insultatur
1506 2561 1599 2614 tibi
1626 2601 1641 2623 ,
1669 2575 1795 2614 ecce

206 2663 372 2722 eaput
400 2655 625 2722 agitatur
651 2673 662 2706 :
709 2652 771 2708 Si
792 2650 957 2707 Filius
983 2651 1081 2705 Dei
1101 2662 1171 2711 est
1196 2693 1210 2719 ,
1254 2650 1518 2705 descendat
1554 2650 1615 2704 de
1652 2666 1797 2702 cruce

207 2745 227 2810 (
256 2744 450 2799 Matth.
483 2761 626 2800 xxvu
650 2786 667 2813 ,
688 2748 756 2800 40
779 2749 818 2813 ).
846 2746 978 2799 Ecce
1005 2745 1216 2814 quando
1238 2746 1317 2797 vis
1340 2743 1568 2796 animam
1602 2742 1755 2812 ponis
1773 2785 1788 2809 ,

205 2847 261 2891 et
292 2836 473 2891 lancea
507 2839 641 2891 latus
675 2839 962 2907 percuteris
990 2836 1179 2907 (Joan.
1214 2852 1305 2889 κη
1335 2879 1347 2899 ,
1372 2834 1439 2889 54
1465 2834 1506 2907 ),
1530 2846 1583 2889 et
1603 2835 1793 2889 Sacra-
1851 2897 1854 2899 Α

206 2939 391 2983 menta
423 2928 488 2982 de
519 2930 681 2984 latere
720 2940 809 2983 tuo
857 2929 1137 2991 deﬂuunt;
1182 2928 1467 2999 deponet-is
1500 2926 1568 2982 de
1606 2927 1748 2995 ligno
1772 2969 1787 2991 ,

204 3020 501 3073 involveris
523 3020 917 3075 linteaminibus
936 3062 952 3087 ,
978 3021 1193 3089 poneris
1211 3022 1263 3073 in
1286 3020 1528 3086 sepulcro
1549 3062 1563 3083 ,
1586 3019 1793 3073 addun-

206 3118 295 3162 tur
324 3110 575 3164 custodes
619 3126 686 3165 ne
734 3101 920 3165 tollant
960 3118 1013 3164 te
1060 3111 1303 3179 discipuli
1348 3114 1418 3164 tui
1444 3129 1459 3175 ;
1488 3112 1634 3164 venit
1659 3110 1789 3164 hora

203 3200 620 3253 resurrectionis
671 3212 809 3260 tuae,
869 3209 1007 3255 terra
1056 3202 1396 3264 concutitur,
1447 3210 1789 3255 monumenta

204 3288 525 3342 scinduntur
550 3330 565 3354 ,
609 3291 844 3358 resurgis
872 3289 1111 3343 occultus
1134 3331 1148 3353 ,
1192 3304 1417 3359 appares
1454 3289 1787 3345 manifestus.

204 3379 308 3435 Ubi
341 3389 466 3434 sunt
493 3394 620 3451 ergo
649 3379 722 3435 illi
751 3379 1081 3436 mendaces?
1106 3379 1191 3435 ubi
1219 3389 1300 3435 est
1331 3382 1514 3435 falsum
1546 3381 1789 3447 testium-

203 3472 357 3524 ninm
388 3470 824 3525 malevolentiae?
851 3470 1037 3526 Nonne
1065 3472 1118 3525 in
1160 3472 1497 3526 multitudine
1538 3473 1788 3541 potentia:

194 3568 319 3611 rue.
342 3562 548 3614 mentiti
580 3571 703 3615 sunt
734 3562 827 3616 tibi
859 3562 1059 3618 inimici
1084 3562 1201 3617 tui?

276 3675 333 3707 ο.
377 3652 451 3705 Da
475 3663 531 3708 et
556 3653 675 3707 illos
702 3653 932 3722 Sepulcri
962 3654 1209 3708 custodes
1236 3670 1251 3716 ;
1299 3651 1530 3707 referant
1554 3653 1676 3723 quid
1713 3654 1791 3707 vi-

198 3743 385 3798 derint
412 3760 426 3796 :
456 3744 719 3813 accipiant
746 3746 1020 3813 pecuniam
1044 3786 1060 3810 ,
1102 3753 1155 3798 et
1181 3744 1281 3815 ipsi
1312 3745 1671 3816 mentiantur;
1701 3744 1786 3797 di-

199 3844 329 3888 cant
358 3835 519 3889 etiam
551 3836 647 3903 ipsi
678 3835 862 3890 moniti
894 3837 1127 3905 perversi
1160 3852 1188 3889 a
1219 3839 1483 3906 perversis
1509 3877 1525 3902 ,
1558 3837 1732 3891 dicant
1757 3855 1786 3893 a

199 3926 403 3980 Jndmis
432 3927 664 3995 corrupti
689 3968 705 3993 ,
735 3927 822 3997 qui
852 3928 903 3980 in
931 3927 1147 3982 Christo
1191 3928 1471 3995 noluerunt
1496 3943 1616 3983 esse
1646 3930 1786 3983 inte-

198 4019 283 4087 gri
307 4035 321 4078 ;
346 4017 559 4082 dicant,
584 4019 910 4072 mentiantur
931 4023 1089 4073 etiam
1113 4020 1233 4089 ipsi.
1250 4020 1384 4086 Quid
1408 4021 1600 4083 dicturi
1627 4021 1788 4077 sunt?

202 4108 374 4161 Dicite
400 4125 414 4173 ;
445 4108 719 4162 videamus
745 4126 758 4163 :
789 4103 1115 4164 mentiemini
1146 4121 1199 4165 et
1224 4126 1318 4165 vos
1356 4112 1406 4165 in
1455 4112 1788 4169 multitudine

201 4200 460 4269 potentia:
489 4201 717 4253 Domini.
745 4200 879 4267 Quid
908 4201 1096 4256 dicturi
1124 4203 1293 4257 estis?
1312 4203 1437 4257 Cum
1459 4204 1788 4261 dormiremus

198 4308 295 4343 nos
319 4332 333 4354 ,
362 4300 600 4344 uenerunt
623 4290 859 4359 discipuli
881 4294 990 4360 ejus
1013 4333 1027 4356 ,
1051 4304 1098 4347 et
1119 4293 1427 4347 abstulerunt
1456 4313 1567 4347 eum
1587 4297 1649 4349 de
1677 4314 1789 4349 ino-

199 4392 442 4436 numeuto
476 4382 495 4455 (
524 4382 710 4435 Matth.
745 4399 908 4438 xxvut
934 4427 948 4445 .
982 4386 1048 4439 13
1145 4385 1189 4440 Ο
1231 4401 1357 4439 vere
1396 4388 1615 4440 stultitia
1662 4389 1786 4441 dor-

198 4475 415 4529 miens!
472 4479 576 4529 Aut
624 4475 919 4545 vigilabas;
967 4486 1021 4530 ct
1057 4478 1339 4545 prohibere
1379 4478 1647 4533 debuisti:
1698 4491 1788 4534 aut

196 4566 548 4632 dormiebas;
581 4578 628 4621 et
661 4568 784 4637 quid
824 4569 892 4621 sit
920 4578 1127 4637 gestum
1168 4570 1402 4625 nescisti.
1435 4572 1788 4626 Accesserant

198 4669 252 4713 et
290 4656 391 4727 ipsi
439 4658 714 4711 mendacio
760 4658 1132 4712 inimicorum:
1182 4672 1367 4713 auctus
1410 4670 1504 4713 est-
1537 4678 1787 4717 numerus

198 4748 576 4803 mentientium
603 4791 618 4813 ,
653 4760 708 4802 ut
737 4760 1021 4815 augeretur
1046 4766 1249 4804 merces
1270 4752 1597 4805 credentium
1624 4769 1637 4817 ;
1664 4754 1784 4821 quia

196 4840 248 4891 in
273 4832 595 4892 multitudine
626 4840 860 4908 potentia
884 4850 985 4893 tute
1011 4841 1307 4894 mentientur
1343 4842 1430 4895 tibi
1467 4844 1653 4895 inimici
1688 4846 1783 4900 tui.

199 4930 345 4998 l-Irgo
399 4930 607 4982 mentiti
666 4939 827 4994 sunt;
884 4931 934 4987 in
991 4931 1327 4986 multitudine
1382 4936 1629 5003 potentiae
1682 4946 1785 4990 tua:

202 5020 414 5073 mentiti
446 5030 571 5072 sunt
597 5036 612 5073 :
645 5022 932 5089 apparuisti
962 5034 1145 5076 contra
1179 5026 1460 5078 mendaces
1487 5027 1760 5082 veracibus

198 5121 251 5165 et
283 5111 578 5179 apparuisti
607 5111 686 5164 eis
715 5112 993 5166 veracibus
1019 5128 1151 5182 quos
1180 5123 1232 5166 tu
1261 5130 1475 5169 veraces
1508 5118 1693 5171 fecisti.

267 5203 323 5257 9.
408 5218 533 5255 vers.
563 5203 617 5256 4.
646 5201 665 5275 ]
694 5203 1021 5257 Remaneant
1046 5194 1213 5259 Judaei
1241 5207 1291 5260 in
1317 5208 1603 5263 mendaciis
1628 5213 1738 5266 suis
1764 5231 1779 5267 :

194 5292 333 5359 tibi,
368 5293 492 5362 quia
521 5294 572 5345 in
604 5293 941 5348 multitudine
972 5298 1221 5364 potentia:
1253 5307 1356 5359 tua:
1387 5301 1591 5355 mentiti
1618 5312 1779 5368 sunt,

195 5383 283 5438 liat
314 5385 457 5453 quod
486 5386 762 5451 sequitur:
799 5384 976 5441 Omnis
1012 5397 1147 5441 terra
1184 5390 1361 5442 adoret
1394 5403 1439 5444 te
1462 5433 1477 5459 ,
1517 5404 1563 5445 et
1596 5396 1782 5461 psallat

194 5475 322 5543 tibi;
344 5477 533 5546 psallat
554 5478 744 5531 nomini
770 5487 855 5531 tuo
876 5519 891 5543 ,
921 5479 1192 5534 Altissime.
1224 5481 1387 5535 Paulo
1423 5494 1547 5538 ante
1591 5486 1783 5540 humil-

195 5568 318 5623 iime
342 5612 356 5635 ,
385 5554 546 5624 modo
566 5569 828 5624 ‘Altissime
856 5588 870 5625 :
905 5570 1198 5628 humillime
1226 5572 1362 5627 inter
1400 5592 1587 5630 manus
1630 5594 1782 5633 men-

196 5662 440 5718 tientium
470 5663 846 5730 inimicorum;
875 5666 1132 5719 Altissime
1168 5683 1330 5737 super
1368 5672 1616 5726 verticem
1665 5674 1781 5731 laus-

254 5866 271 5900 ι
293 5863 428 5925 add,
456 5870 552 5911 non
574 5860 758 5911 inutilia
780 5870 951 5913 vestra.
991 5864 1151 5925 Abt’sl,
1175 5876 1284 5925 non,
1310 5879 1337 5915 a
1362 5874 1465 5918 Mss.

1318 436 1713 492 ENARRATIO
1744 411 1813 488 PIN
1853 434 2169 495 PSALMUM
2212 444 2370 499 va.
3378 466 3483 524 79s

1910 549 2146 605 dantium
2178 554 2518 625 Angelorum.
2552 560 2879 621 Onmis'tcrra
2899 569 3075 627 adoret
3093 584 3139 627 te
3162 613 3178 641 ,
3211 584 3257 628 et
3295 578 3481 644 psallat

1908 641 1998 694 tibi
2020 657 2039 706 ,‘
2059 645 2244 714 psallat
2272 649 2461 702 nomini
2481 661 2565 703 tuo
2590 694 2605 717 ,
2628 655 2900 713 Altissime.

1979 732 2065 803 l0.
2108 733 2278 807 [vers.
2315 736 2411 812 5.]
2460 739 2667 809 Venite,
2704 753 2759 799 et
2783 749 2939 804 videte
2984 768 3135 821 Opera
3177 754 3401 812 Domini.
3434 758 3479 814 Ο

1907 819 2107 877 Gentes
2126 866 2139 889 ,
2169 842 2201 878 ο
2228 827 2423 883 ultimae
2453 833 2693 889 nationes
2716 876 2730 900 ,
2758 819 3039 909 relinquite
3077 843 3286 903 Iudaeos
3323 866 3475 904 nien-

1886 914 2135 980 tientes,
2190 919 2363 975 venite
2410 924 2743 981 confitentes.
2791 928 2998 1000 Venite,
3037 945 3082 989 et
3123 939 3283 992 videte
3322 957 3475 1010 opera

1905 1001 2153 1060 Domini:
2191 1011 2424 1065 terribilis
2470 1014 2523 1067 in
2566 1017 2788 1073 consiliis
2833 1039 2985 1090 super
3029 1028 3161 1094 ﬁlios
3199 1031 3473 1085 hominum.

1906 1092 2071 1148 Filius
2111 1097 2340 1154 hominis
2379 1103 2592 1172 quidem
2633 1119 2686 1161 et
2730 1112 2840 1180 ipse
2878 1092 3047 1170 dictus
3091 1128 3211 1185 est,
3260 1132 3312 1174 et
3353 1138 3479 1178 vere

1906 1185 2046 1241 ﬁlius
2074 1188 2303 1245 hominis
2331 1192 2498 1251 factus
2523 1208 2649 1261 est:
2680 1217 2834 1259 verus
2876 1206 3040 1263 Filius
3081 1210 3170 1264 Dei
3218 1212 3266 1266 in
3310 1214 3476 1270 forma

1904 1274 2030 1375 Dei;
2064 1294 2219 1334 verus
2251 1282 2387 1337 lilius
2420 1285 2645 1343 hominis
2674 1291 2722 1346 in
2752 1295 2913 1349 forma
2941 1287 3078 1353 servi
3108 1302 3124 1370 (
3155 1300 3382 1375 Philipp.
3417 1323 3474 1370 ιι.

1902 1366 1937 1419 6
1962 1367 1980 1436 )
2012 1384 2025 1420 :
2054 1370 2146 1423 sed
2176 1372 2339 1427 nolite
2369 1376 2588 1433 formam
2631 1383 2780 1437 iStam
2823 1390 2959 1442 servi
2988 1406 3053 1445 ex
3080 1393 3302 1449 aliorum
3329 1366 3477 1449 simi-

1903 1455 2031 1511 lium
2084 1462 2390 1519 conditione
2437 1484 2695 1536 pensare;
2732 1477 2980 1532 terribilis
3030 1490 3111 1534 est
3152 1482 3203 1537 in
3254 1486 3475 1539 consiliis

1900 1564 2050 1618 super
2083 1552 2214 1618 ﬁlios
2249 1556 2526 1613 hominum.
2579 1562 2857 1620 Machinati
2903 1581 3025 1624 sunt
3063 1572 3152 1626 lilii
3202 1575 3470 1631 hominum

1901 1639 2180 1695 consilium
2207 1643 2272 1697 ad
2299 1650 2708 1718 cruciﬁgendum
2738 1654 3002 1712 Christum
3032 1677 3046 1725 ;
3074 1664 3355 1720 cruciﬁxus
3380 1681 3470 1721 ex.

1905 1732 2124 1785 czccavit
2148 1736 2535 1806 cruciligentes.
2567 1741 2699 1808 Quid
2728 1760 2855 1814 ergo
2894 1745 3092 1804 fecistis
3114 1792 3129 1815 ,
3174 1753 3264 1807 lilii
3306 1756 3467 1810 homi-

1900 1832 2026 1871 num
2053 1860 2067 1883 ,
2100 1824 2451 1881 machinando
2478 1840 2627 1883 acuta
2659 1836 2876 1888 consilia
2908 1838 3161 1894 adversus
3194 1843 3472 1900 Dominum

1900 1920 2181 1978 vestrum,
2242 1914 2292 1967 in
2346 1926 2453 1985 quo
2499 1919 2696 1977 latebat
2747 1926 3035 1995 maiestas,
3089 1941 3142 1985 et
3189 1938 3476 2003 apparebat

1900 1998 2223 2057 infirmitas?
2268 2005 2371 2059 Vos
2417 2011 2701 2067 machinati
2746 2018 2873 2070 estis
2915 2021 3131 2076 consilia
3178 1998 3428 2093 perdendi
3455 2072 3472 2093 ,

1900 2087 1989 2143 ille
2035 2095 2337 2149 excaecandi
2384 2106 2440 2153 et
2487 2103 2761 2170 salvandi;
2813 2112 3111 2166 exoteCandi
3167 2117 3466 2183 superbos,

1900 2179 2135 2234 salvandi
2164 2183 2390 2242 humiles
2420 2207 2433 2242 :
2462 2189 2529 2243 ad
2570 2192 2670 2247 hoc
2709 2206 2884 2250 autem
2928 2202 3183 2267 superbos
3213 2179 3353 2272 ipsos
3380 2179 3473 2262 es-

1899 2272 2132 2326 caccandi
2157 2275 2195 2339 ³,
2226 2285 2282 2329 ιιι
2318 2279 2501 2332 ernesti
2538 2280 2977 2350 humiliarentur,
3013 2290 3267 2346 lmmiliati
3301 2300 3468 2349 conli-

1902 2367 2139 2415 terentur
2160 2403 2175 2428 ,
2205 2364 2433 2420 confessi
2472 2369 2914 2429 illuminarentur.
2946 2378 3203 2435 Terribilis
3227 2382 3279 2436 in
3307 2388 3471 2437 consi-

1898 2448 1980 2503 liis
2006 2468 2155 2519 super
2176 2455 2311 2523 filios
2333 2458 2611 2517 hominum.
2639 2463 2773 2519 Vere
2798 2471 3045 2524 terribilis
3068 2474 3083 2525 l
3106 2472 3242 2528 Ecce
3261 2478 3469 2532 excitis
3527 2474 3530 2476 ⁷

1897 2552 1963 2593 ex
1991 2552 2141 2611 parte
2167 2542 2329 2600 Israel
2358 2547 2489 2602 facta
2518 2561 2599 2605 est
2622 2567 2637 2605 :
2666 2567 2792 2609 ecce
2815 2556 2983 2613 Judaei
3008 2576 3071 2615 ex
3098 2562 3287 2632 quibus
3314 2576 3469 2621 natus

1898 2642 1983 2687 est
2025 2635 2268 2692 Christus
2294 2680 2309 2706 ,
2352 2639 2483 2697 foris
2526 2654 2692 2701 sunt:
2737 2665 2861 2705 ecce
2902 2651 3098 2710 Gentes
3133 2666 3251 2728 quae
3286 2671 3468 2716 contra

1897 2724 2135 2782 Iudaeam
2157 2740 2307 2785 erant
2334 2774 2347 2797 ,
2380 2733 2431 2787 in
2457 2734 2667 2792 Christo
2692 2738 2831 2795 intus
2852 2753 2974 2798 sunt
2999 2746 3018 2815 (
3042 2724 3191 2802 Rom.
3214 2767 3266 2806 si
3283 2795 3297 2816 ,
3329 2751 3401 2809 25
3425 2758 3466 2821 ).

1899 2817 2153 2875 Terribilis
2178 2822 2229 2875 in
2258 2826 2480 2881 consiliis
2505 2845 2657 2899 super
2683 2831 2817 2899 ﬁlios
2841 2836 3118 2893 hominum.

1969 2912 2056 2965 ll.
2098 2909 2265 2983 [vers.
2294 2916 2347 2969 6.
2375 2913 2395 2988 ]
2435 2917 2722 2989 Propterea
2746 2924 2871 2993 quid
2900 2925 3239 2985 fecitterrore
3259 2936 3466 2991 consilii

1895 3001 2022 3056 sui?
2048 3002 2318 3060 Convertit
2344 3023 2492 3064 mare
2518 3010 2570 3064 in
2601 3013 2821 3068 aridam.
2856 3017 2967 3073 Hoc
3008 3022 3149 3075 enim
3186 3027 3464 3095 sequitur:

1899 3091 1999 3156 Qui
2036 3097 2274 3149 convertit
2317 3114 2456 3153 mare
2495 3101 2549 3154 in
2592 3104 2808 3158 aridam.
2862 3108 3005 3165 Mare
3044 3123 3159 3167 erat
3199 3091 3465 3185 mundus;

1893 3194 2106 3238 amarus
2128 3185 2365 3241 salsitate
2387 3229 2401 3252 ,
2452 3191 2783 3250 turbulentus
2837 3207 3149 3269 tempestate
3174 3245 3191 3269 ,
3244 3210 3466 3265 saiviens

1892 3269 2143 3328 ﬂuctibus
2174 3280 2599 3344 persecutionum
2628 3322 2646 3349 ,
2674 3300 2820 3340 mare
2846 3299 2996 3346 erat:
3018 3302 3163 3349 certe
3192 3298 3242 3350 in
3266 3300 3464 3356 aridam

1891 3374 2206 3418 conversum
2231 3376 2313 3420 est
2337 3383 2522 3436 mare;
2546 3373 2706 3428 modo
2727 3376 2835 3431 sitit
2863 3394 3052 3450 aquam
3081 3384 3287 3440 dulcem
3312 3404 3465 3443 mnu-

1892 3452 2026 3547 dus,
2057 3458 2147 3526 qui
2175 3459 2315 3513 salsa
2342 3462 2531 3531 plenus
2556 3477 2691 3520 erat.
2717 3468 2846 3535 Quis
2872 3472 2973 3529 hoc
2999 3476 3162 3533 fecit?
3206 3479 3306 3547 Qui
3341 3474 3464 3537 con-

1891 3546 2036 3598 sertit
2063 3564 2201 3602 mare
2225 3550 2277 3603 in
2304 3553 2521 3610 aridam.
2563 3555 2681 3612 Jam
2727 3562 2903 3618 anima
2942 3565 3185 3622 Gentium
3227 3546 3462 3630 omnium

1890 3635 2014 3703 quid
2044 3636 2214 3692 dicit?
2236 3641 2417 3696 Anima
2440 3661 2552 3699 mea
2575 3649 2712 3702 velut
2732 3659 2865 3705 terra
2889 3657 2995 3709 sine
3019 3675 3150 3727 aqua
3173 3662 3260 3714 tibi
3280 3662 3299 3733 (
3317 3662 3461 3720 Psal.

1892 3739 2030 3781 cxut
2054 3768 2068 3791 ,
2098 3727 2195 3798 6).
2229 3729 2327 3796 Qui
2351 3738 2587 3791 convertit
2621 3756 2759 3796 mare
2795 3742 2849 3798 in
2890 3748 3104 3801 aridam.
3152 3750 3218 3806 In
3260 3755 3464 3822 ﬂumine

1892 3821 2264 3912 pertransibunt
2291 3826 2432 3894 pede.
2460 3826 2538 3883 Illi
2569 3830 2667 3903 ipsi
2707 3836 2795 3906 qui
2839 3842 3083 3912 conversi
3126 3821 3324 3904 suntin
3353 3851 3459 3906 ari-

1890 3907 2013 3963 dam
2032 3951 2049 3976 ,
2076 3925 2196 3965 cum
2226 3926 2408 3973 essent
2430 3928 2587 3978 antea
2615 3942 2763 3983 mare
2783 3931 2825 3995 ⁸,
2853 3909 2906 3985 in
2936 3930 3144 4003 ﬂumine
3186 3940 3309 4008 pede
3344 3959 3462 4011 per-

1890 4003 2189 4057 transibunt.
2217 4004 2352 4076 Quid
2381 4022 2464 4085 est
2488 4013 2728 4072 ﬂumen?
2766 4020 2989 4079 Flumen
3020 4038 3103 4081 est
3125 4003 3297 4087 omnis
3323 4003 3465 4090 more

1892 4092 2069 4149 talitas
2095 4098 2297 4152 saeculi.
2326 4098 2512 4158 Videte
2550 4104 2744 4163 ﬂumen
2773 4128 2787 4167 :
2815 4112 2916 4168 alia
2939 4108 3155 4177 veniunt
3196 4135 3251 4176 et
3283 4134 3463 4179 trans-

1893 4200 2016 4246 eunt
2044 4226 2060 4250 ,
2110 4188 2211 4245 alia
2269 4194 2550 4250 transitura
2604 4204 2913 4260 succedunt.
2958 4209 3143 4267 Nonne
3184 4215 3260 4270 sic
3308 4218 3366 4271 lit
3407 4220 3459 4274 in

1892 4292 2026 4346 aqua
2061 4279 2331 4350 ﬂuminis,
2382 4303 2500 4355 quae
2540 4291 2606 4345 de
2647 4303 2784 4349 terra
2829 4302 3099 4370 nascitur,
3149 4315 3203 4360 et
3245 4313 3462 4367 manat?

1892 4370 2075 4427 Omnis
2114 4376 2200 4442 qui
2249 4390 2403 4432 natus
2446 4392 2564 4447 est,
2616 4387 2769 4441 cedat
2803 4400 3013 4459 oportet
3048 4400 3314 4456 naseituro
3350 4420 3365 4457 :
3408 4416 3463 4459 et

1892 4463 2065 4516 omnis
2106 4463 2208 4520 iste
2252 4468 2383 4522 ordo
2427 4468 2613 4527 rerum'
2643 4477 2929 4537 labentium
2954 4524 2970 4548 ,
3016 4484 3207 4544 ﬂuvius
3249 4493 3460 4561 quidam

1892 4563 1995 4608 est.
2023 4554 2079 4607 lu
2112 4556 2267 4611 istum
2300 4559 2515 4616 ﬂuvium
2553 4582 2657 4620 non
2703 4583 2761 4624 se
2805 4574 2978 4629 mittat
3013 4580 3200 4647 cupida
3244 4554 3413 4637 anima
3439 4626 3457 4651 ,

1894 4661 1998 4699 non
2023 4662 2082 4703 se
2110 4651 2285 4705 mittat
2309 4670 2322 4715 ;
2355 4665 2479 4709 stet.
2508 4658 2572 4711 Et
2602 4665 2869 4728 (μιηιιιοόο
2898 4671 3135 4725 transibit
3158 4673 3463 4730 delectatio-

1893 4752 1987 4791 nes
2011 4754 2186 4794 rerum
2211 4744 2559 4809 periturarmn
2575 4749 2598 4802 ?
2616 4750 2806 4807 Credat
2832 4756 2881 4810 in
2903 4759 3263 4825 Christum.'et
3288 4776 3458 4821 trans-

1891 4828 1985 4883 ibit
2010 4830 2144 4899 pede
2171 4850 2186 4887 ;
2222 4837 2408 4889 transit
2459 4839 2547 4891 illo
2577 4841 2710 4895 duce
2729 4886 2744 4907 ,
2780 4847 2912 4912 pede
2941 4852 3146 4905 transit.
3175 4854 3309 4920 Quid
3336 4868 3417 4910 est
3438 4899 3457 4926 ,

1891 4918 2024 4987 pede
2054 4924 2325 4979 transire?
2352 4926 2530 4983 Facile
2558 4936 2801 4989 transire.
2832 4936 2943 4990 Non
2975 4928 3161 5008 quarrit
3187 4918 3376 5014 equum
3406 4918 3457 5003 ui

1891 5019 2161 5078 transeat;
2213 5031 2316 5069 non
2343 5020 2564 5089 erigitur
2587 5026 2830 5093 superbia
2861 5030 2925 5083 ad
2957 5038 3328 5090 transeundum
3356 5039 3453 5092 (ιιι.

1866 5119 2010 5157 ηηιθη
2046 5123 2060 5160 :
2090 5105 2304 5162 humilis
2331 5113 2560 5179 transit,
2600 5125 2652 5169 et
2696 5119 2858 5173 tutius
2902 5124 3108 5176 transit.
3150 5124 3216 5177 In
3254 5129 3461 5195 ﬂumine

1888 5197 2257 5264 pertransibunt
2284 5200 2426 5267 pede.

1960 5286 2047 5340 12.
2090 5286 2587 5356 Ibijucuntlabimur
2611 5296 2662 5348 in
2686 5297 2796 5365 ipso
2817 5298 2859 5353 ³.
2882 5300 2925 5355 0
2950 5302 3115 5357 Judari
3138 5346 3151 5369 ,
3184 5309 3245 5366 de
3274 5312 3460 5365 vestris

1886 5378 2137 5443 operibus
2161 5379 2493 5448 gloriamini:
2540 5388 2722 5453 ponite
2761 5394 3061 5459 superbiam
3111 5399 3365 5465 gloriandi
3395 5402 3456 5455 de

1886 5470 2073 5533 vobis;
2134 5472 2328 5529 sumite
2380 5480 2602 5545 gratiam
2651 5480 2973 5548 jucundandi
3022 5488 3075 5540 in
3117 5490 3345 5543 Christo.
3386 5492 3458 5547 lbi

1886 5560 2027 5615 enim
2052 5558 2500 5631 jucundabimur:
2532 5571 2626 5625 sed
2654 5589 2758 5627 non
2786 5575 2837 5629 in
2864 5578 3016 5631 nobis
3040 5596 3054 5631 :
3079 5581 3146 5633 ibi
3162 5582 3461 5651 jucundabi-

1952 5693 1971 5767 ξ
1994 5702 2094 5767 ouo
2110 5702 2239 5767 less,
2262 5698 2531 5767 superbos‘e
2543 5718 2569 5753 ο
2584 5703 2702 5767 ipsis
2714 5711 3013 5762 exctecandi.

1951 5756 1971 5827 ξ
1995 5757 2066 5827 sic
2081 5756 2264 5827 aliquot
2283 5756 2386 5827 uss.
2415 5761 2497 5811 Alii
2523 5756 2631 5813 cum
2656 5756 2796 5827 add,
2811 5756 3148 5825 uidebit-inuri.

2088 5814 2138 5902 ii
2264 5824 2633 5902 .-i'otermsit_uui
2656 5814 2794 5902 erat}
2816 5814 3273 5899 Britonibus
3282 5840 3455 5902 jucun-

1893 5874 2009 5927 durc
2031 5889 2049 5927 .'
2070 5880 2197 5943 quod
2221 5893 2247 5930 a
2275 5874 2517 5951 plerisque
2542 5895 2643 5938 Mss.
2671 5874 2827 5943 abest;
