3934 6318
528 415 634 472 795

528 544 644 584 mur
691 528 744 578 in
795 524 924 594 ipso.
976 518 1199 588 Quando
1243 510 1694 584 jucundabimur?
1736 508 1867 564 Cum
1914 505 2112 562 ﬂumen

530 615 899 685 transierimus
930 610 1082 680 pede.
1116 606 1236 662 V'ita
1279 614 1478 660 mterna
1526 599 1851 671 promittitur
1873 638 1890 662 ,
1931 610 2113 651 resur-

529 708 696 763 rectio
728 703 1092 774 promittitur;
1127 697 1197 753 ibi
1223 710 1349 751 caro
1381 704 1562 747 nostra
1584 691 1838 763 jam_non
1875 688 1977 742 erit
2012 685 2114 739 ﬂu-

528 813 651 853 men
683 812 700 852 :
728 795 927 852 ﬂumen
954 793 1096 847 enim
1123 787 1282 843 modo
1306 796 1389 841 est
1415 827 1429 848 ,
1457 782 1671 854 quando
1695 780 1990 835 mortalitas
2011 783 2114 831 est.

534 888 723 944 Videte
759 887 802 941 si
844 892 951 938 stat
992 882 1168 951 aliqua
1213 887 1364 932 mtas.
1413 873 1570 930 Pueri
1613 885 1856 927 crescere
1896 868 2112 930 volunt;

530 991 587 1035 et
614 980 853 1034 nesciunt
897 976 1130 1043 spatium
1188 970 1308 1023 vita:
1353 982 1461 1020 sua:
1504 965 1659 1017 annis
1710 959 2118 1017 succedentibus

533 1069 718 1124 minui.
750 1067 868 1122 Non
897 1065 1039 1120 enim
1081 1061 1347 1116 adduntur
1390 1057 1556 1123 anui,
1598 1052 1693 1109 sed
1736 1047 2140 1106 subtrahuntur

533 1159 940 1215 crescentibus:
983 1155 1120 1209 sicut
1163 1168 1298 1221 aqua
1347 1147 1582 1201 ﬂuminis
1618 1158 1838 1215 prorsus
1876 1140 2113 1204 accedit,

533 1251 626 1306 sed
656 1265 687 1304 a
719 1248 863 1303 fonte
892 1245 1115 1302 recedit.
1145 1242 1214 1296 Et
1244 1241 1426 1294 volunt
1453 1252 1697 1293 crescere
1722 1233 1905 1304 pueri,
1950 1241 2006 1285 ut
2029 1245 2120 1285 ca-

534 1352 686 1398 reant
710 1341 983 1396 dominatu
1011 1337 1274 1406 majorum
1299 1350 1313 1398 ;
1336 1347 1461 1388 ecce
1483 1339 1732 1386 crescunt
1757 1369 1772 1394 ,
1796 1328 1968 1397 agitur
1987 1326 2114 1389 cito,

533 1432 850 1503 perveniunt
887 1429 953 1484 ad
990 1428 1327 1495 iuventutem
1360 1439 1374 1477 :
1417 1423 1506 1493 qui
1552 1426 1899 1476 excesserunt
1936 1419 2118 1486 pueri-

532 1528 658 1580 tiam
688 1565 703 1589 ,
731 1525 777 1578 si
807 1531 1028 1593 possunt
1057 1527 1273 1574 teneant
1295 1516 1628 1586 juventutem
1653 1529 1668 1577 ;
1703 1511 1963 1566 transitet
1983 1510 2119 1578 ipsa.

533 1619 791 1672 Senectus
813 1613 1093 1675 succedit;
1136 1611 1218 1664 vel
1262 1616 1509 1663 senectus
1549 1603 1853 1659 aaterna'sit
1896 1619 1910 1654 :
1947 1607 2121 1655 morte

535 1711 795 1765 aufertur.
830 1707 974 1776 Ergo
1001 1703 1194 1758 ﬂuvius
1219 1709 1304 1756 est
1329 1698 1507 1752 carnis
1538 1694 1825 1749 nascentis.
1862 1693 2010 1745 llunc
2033 1691 2122 1742 llu-

537 1803 684 1855 vium
714 1798 1056 1853 mortalitatis
1078 1836 1092 1859 ,
1128 1809 1194 1848 ne
1222 1790 1526 1845 mortalium
1546 1803 1726 1841 rerum
1749 1784 2124 1852 concupiscen-

541 1894 613 1948 tia
643 1892 916 1946 subvertat
940 1897 993 1943 et
1021 1887 1192 1954 rapiat
1221 1884 1262 1947 ¹,
1294 1881 1447 1935 facile
1479 1879 1666 1932 transit
1696 1877 1783 1944 qui
1818 1874 2124 1939 humiliter,

544 1985 599 2040 id
630 1993 749 2050 est,
796 1982 930 2049 pede
966 1977 1194 2040 transit,
1241 1973 1376 2028 duce
1418 1973 1511 2025 illo
1555 1969 1642 2039 qui
1690 1969 1837 2036 prior
1877 1963 2122 2029 transiit,

541 2078 632 2148 qui
660 2076 730 2131 de
760 2082 995 2128 torrente
1023 2070 1074 2123 in
1105 2068 1188 2121 via
1223 2080 1391 2134 usque
1418 2062 1485 2116 ad
1531 2071 1755 2115 mortem
1796 2057 1929 2111 bibit
1954 2097 1969 2121 ,
1999 2071 2121 2123 pro-

452 2235 454 2237 ,
542 2179 724 2241 pterea
769 2163 1019 2220 exaltavit
1062 2167 1220 2227 caput
1270 2153 1455 2227 (Psat.
1486 2167 1607 2214 cut,
1635 2151 1666 2204 7
1692 2148 1734 2219 ).
1767 2149 2127 2202 Transeuntes

543 2275 672 2331 ergo
711 2257 845 2329 pede
885 2254 1100 2309 (luvium
1143 2253 1300 2304 istum
1325 2287 1342 2309 ,
1385 2245 1436 2299 id
1474 2254 1556 2298 est
1597 2241 1750 2296 facile
1789 2247 2126 2293 transeuntes

543 2329 921 2406 mortalitatem
977 2345 1131 2400 istam
1176 2341 1429 2395 ﬂuentem
1457 2377 1471 2402 ,
1516 2335 1584 2388 ibi
1630 2330 2028 2403 jucundabimur
2072 2329 2127 2382 iu

543 2445 673 2515 ὅρῳ.
702 2439 856 2495 Modo
882 2445 1058 2492 autem
1087 2435 1140 2487 in
1170 2447 1276 2502 quo
1295 2470 1311 2494 ,
1343 2428 1442 2482 nisi
1471 2426 1551 2480 vel
1580 2424 1632 2478 in
1660 2426 1775 2493 ipso
1800 2462 1816 2486 ,
1844 2421 1926 2474 vel
1955 2421 2004 2472 in
2032 2434 2127 2488 spe

543 2511 754 2602 ipsius?
784 2528 895 2584 Etsi
926 2527 1066 2582 enim
1090 2521 1448 2594 jucundanntr
1475 2516 1635 2571 modo
1657 2555 1673 2578 ,
1721 2514 1774 2567 in
1814 2528 1908 2582 spe
1937 2511 2129 2578 jucun-

543 2600 772 2688 damur;
801 2631 926 2676 tunc
950 2629 1129 2672 autem
1157 2615 1208 2668 in
1258 2614 1374 2682 ipso
1413 2606 1843 2678 jucundabimur.
1876 2604 1941 2657 Et
1968 2600 2128 2654 modo

460 2720 462 2722 ’
544 2716 599 2769 in
630 2716 745 2784 ipso
767 2755 781 2774 ,
812 2712 907 2789 sed
952 2725 1045 2780 per
1083 2720 1273 2777 Spem;
1317 2714 1442 2757 tunc
1478 2707 1657 2754 autem
1683 2696 1818 2752 facie
1841 2695 1908 2749 ad
1939 2693 2123 2748 faciem

544 2813 564 2880 (
595 2809 609 2861 Ι
639 2809 754 2862 Cor.
786 2821 915 2869 xm,
947 2800 1078 2872 l2).
1390 2830 1392 2832 τ

613 2901 700 2955 i3.
730 2896 881 2971 [uera
910 2893 988 2966 7.]
1021 2892 1098 2946 Ibi
1117 2886 1515 2962 jucundcbimur
1537 2885 1589 2937 in
1616 2883 1746 2953 ipso.
1776 2881 1832 2934 In
1854 2878 1997 2950 quo?
2027 2877 2129 2941 Qui

539 2992 834 3049 dominatur
869 2988 922 3040 in
947 2986 1125 3040 uirtute
1166 2981 1338 3035 suain
1371 2988 1635 3033 teternum.
1665 2973 1798 3028 Nam
1841 2986 1938 3025 nos
1966 2985 2123 3040 quam

539 3083 792 3137 virtutum
820 3074 1114 3133 habemus?
1139 3083 1193 3128 et
1235 3068 1495 3140 numquid
1523 3064 1814 3121 :eternam?
1843 3063 1900 3117 Si
1924 3072 2124 3115 mterna

539 3184 684 3228 esset
713 3183 884 3226 virtus
911 3180 1114 3233 nostra,
1145 3180 1248 3219 non
1293 3163 1428 3233 lapsi
1467 3174 1726 3220 essemus,
1755 3172 1860 3212 non
1901 3153 2126 3209 cecidis-

538 3279 720 3320 senius
748 3263 797 3317 in
827 3272 1123 3330 peccatum,
1154 3271 1261 3310 non
1315 3253 1699 3307 meruissemus
1747 3245 2123 3301 mortalitatem

538 3359 824 3429 pmnalem.
855 3354 946 3407 Ille
985 3352 1253 3406 voluntate
1298 3344 1556 3414 suscepit,
1589 3358 1695 3410 quo
1734 3355 1832 3394 nos
1875 3338 2123 3393 meritum

540 3428 782 3504 nostrum
812 3443 1027 3515 dcjecit,
1049 3441 1148 3508 Qui
1178 3438 1472 3492 dominatur
1496 3435 1549 3486 in
1573 3433 1755 3485 virtute
1782 3445 1876 3482 sua
1904 3428 1956 3481 in
1979 3437 2126 3482 aeter-

540 3559 688 3595 num.
718 3539 848 3606 Ejus
880 3534 1166 3605 participes
1205 3529 1521 3591 efficiamur,
1555 3526 1606 3578 in
1632 3525 1783 3590 cujus
1811 3523 2006 3576 virtute
2027 3535 2125 3573 nos

536 3635 738 3685 erimus
780 3614 976 3691 fertes;
1006 3625 1092 3679 ille
1118 3632 1294 3678 autem
1325 3622 1374 3674 in
1401 3635 1518 3674 sua.
1547 3616 1655 3672 Nos
1699 3614 2012 3680 illuminati;
2037 3614 2125 3667 ille

539 3722 718 3777 lumen
746 3719 1050 3772 illuminans
1070 3734 1083 3769 :
1103 3730 1199 3768 nos
1225 3713 1396 3767 aversi
1423 3711 1490 3765 ab
1517 3711 1625 3774 illo,
1645 3707 2121 3770 contenebramur;

537 3815 629 3868 ille
649 3812 816 3866 averti
847 3827 876 3863 a
906 3825 964 3864 se
1003 3823 1108 3863 non
1137 3801 1536 3877 potest.Calore
1563 3802 1729 3871 ipsius
1749 3799 2122 3864 accendimur;

537 3906 681 3960 unde
729 3903 1050 3959 recedentes
1104 3900 1493 3970 frigueramus,
1539 3895 1858 3950 accedentes
1910 3907 2122 3948 rursum

540 3995 913 4068 accendimur.
963 3994 1100 4062 Ergo
1144 3992 1386 4045 dicamus
1430 3988 1478 4042 ei
1527 3996 1584 4041 ut
1622 3985 1886 4042 custodiat
1928 3999 2026 4038 nos
2068 3984 2121 4037 in

539 4091 740 4142 virtute
769 4101 881 4151 sua,
917 4084 1039 4155 quia
1067 4084 1120 4137 in
1142 4083 1269 4152 ipso
1290 4079 1706 4150 jucuudabimur
1725 4078 1810 4147 qui
1835 4075 2124 4129 dominatur

535 4184 588 4238 in
613 4182 792 4235 virtute
809 4195 901 4233 sua
928 4179 981 4232 in
1010 4189 1273 4232 wtemum.
1926 4221 1932 4228 .

611 4274 693 4330 ιι.
731 4272 835 4328 Sed
858 4286 963 4326 non
990 4271 1090 4324 hoc
1109 4269 1238 4322 solis
1279 4265 1483 4322 Iudaeis
1505 4273 1719 4334 praestat
1759 4263 2120 4328 credentibus,

536 4369 668 4436 Quia
719 4366 939 4418 multum
995 4377 1056 4416 se
1096 4359 1408 4416 extulerunt
1445 4355 1613 4412 Judzui
1671 4354 1738 4408 de
1775 4354 1970 4408 virtute
2027 4369 2122 4406 sua

538 4469 945 4533 praesumentes,
1006 4463 1189 4524 postea
1237 4458 1606 4522 cognoverunt
1644 4450 1695 4502 in
1735 4448 1889 4514 cujus
1931 4449 2124 4501 virtute

531 4550 747 4606 fuerunt
775 4547 1060 4602 salubriter
1099 4543 1283 4607 fortes,
1314 4552 1369 4595 et
1396 4539 1607 4611 quidam
1652 4554 1837 4594 eorum
1879 4537 2122 4592 credide-

539 4650 706 4693 runt:
740 4638 833 4691 sed
899 4652 1002 4690 non
1042 4634 1238 4690 sufficit
1287 4631 1532 4697 Christo;
1580 4629 1802 4684 multum
1846 4637 1929 4683 est
1983 4628 2124 4697 quod

538 4731 702 4794 dedit,
735 4746 980 4798 Inagnum
1028 4728 1256 4796 pretium
1279 4725 1447 4792 dedit,
1482 4740 1587 4779 non
1616 4739 1714 4794 pro
1758 4723 1886 4778 solis
1925 4722 2125 4777 ludatis

542 4821 725 4874 debuit
752 4821 928 4871 Valere
970 4816 1110 4884 quod
1139 4815 1305 4870 dedit.
1337 4815 1487 4868 Oculi
1512 4815 1620 4883 ejus
1647 4830 1800 4883 super
1826 4811 2008 4867 Gentes
2046 4828 2128 4866 re-

538 4911 775 4980 spiciunt.
801 4908 956 4978 Ergo,
999 4906 1147 4960 Oculi
1174 4897 1284 4975 ejus
1322 4923 1472 4974 super
1511 4903 1691 4958 Gentes
1732 4904 2028 4975 respiciunt.
2060 4903 2128 4957 Et

538 5001 664 5071 quid
697 4997 955 5053 facimus?
987 4997 1392 5050 Murmurabuut
1431 4995 1631 5060 Juda-i;
1664 4995 1854 5049 dicturi
1886 5006 2006 5049 sunt
2035 4995 2130 5049 Ju-

539 5094 638 5148 daai
671 5111 683 5146 :
716 5091 866 5158 Quod
896 5091 1066 5153 nobis,
1091 5090 1190 5144 hoc
1209 5101 1260 5143 et
1293 5090 1426 5153 illis;
1451 5088 1605 5142 nobis
1630 5090 1997 5159 Evangelium,
2023 5088 2127 5142 illis

541 5183 921 5253 Evangelium;
954 5181 1125 5246 nobis
1179 5181 1401 5249 gratiam
1464 5180 1889 5245 resurrectionis,
1923 5190 1976 5235 et
2021 5180 2128 5234 illis

522 5275 761 5349 gratiam
791 5271 1199 5326 resurrectionis
1232 5269 1402 5325 :nihil
1434 5269 1587 5323 nobis
1614 5269 1836 5338 prodest
1856 5269 1996 5339 quod
2029 5285 2129 5324 nos

539 5364 734 5437 Legem
760 5363 1100 5434 accepimus.
1135 5370 1189 5414 et
1230 5361 1282 5415 in
1310 5359 1780 5429 justiﬁeationihus
1807 5358 1964 5427 Legis
1993 5360 2128 5413 vixi-

539 5472 678 5518 mus,
703 5464 758 5510 et
779 5455 1045 5509 tenuimus
1068 5461 1330 5522 prmcepta
1355 5460 1598 5520 patrum:
1626 5449 1757 5505 nihil
1780 5450 1974 5504 valebit
1990 5450 2125 5516 hoc;

541 5549 646 5605 illis
675 5533 819 5618 quod
848 5545 1035 5600 nobis!
1065 5543 1182 5598 Non
1216 5542 1459 5613 litigent,
1494 5556 1600 5596 non
1652 5540 1994 5596 contendant.
2030 5541 2131 5609 Qui

607 5723 622 5753 ι
647 5722 859 5782 sicitas.
877 5726 929 5767 Αι
951 5717 1083 5765 Βαάλ
1116 5726 1168 5766 In
1207 5716 1332 5782 hunc
1355 5713 1555 5782 ﬂgitium
1595 5713 1898 5766 mortalitatis
1920 5728 2058 5782 nemo
2081 5730 2132 5766 se

543 5780 812 5830 mortalium
848 5780 1013 5828 rerum
1051 5777 1434 5841 concupiscentia
1477 5777 1736 5839 subvertet,
1766 5789 1824 5830 ne
1863 5778 2083 5841 rapiatur
2112 5791 2131 5830 :

543 5843 686 5911 {ariis
709 5841 899 5900 transit,
920 5849 1016 5893 utc-

598 5874 608 5890 ι
625 5874 684 5900 ...ρ
709 5874 740 5897 ,Ι
755 5874 899 5900 ssi-ou,
921 5874 1016 5893 μιν·

1687 419 1690 422 ’
1766 399 1824 455 S.
1866 390 2230 451 AUGUSTINI
2257 391 2570 449 EPISCUPI

3712 389 3816 450 796

2202 504 2524 568 cman‘cant,
2556 520 2658 558 non
2683 504 2965 558 excitentur
2988 502 3041 559 in
3065 503 3362 574 semetipsis.
3384 503 3430 558 0
3458 517 3589 558 caro
3618 502 3816 560 misera

2221 602 2277 646 et
2305 593 2584 648 tabescens
2605 634 2622 654 .
2657 608 2835 650 nonne
2877 593 3144 663 peccatrix
3171 594 3269 649 es?
3298 593 3434 660 Quid
3463 592 3666 649 clamat
3707 593 3811 649 lin-

2221 698 2322 753 gua
2351 684 2477 738 tua?
2505 684 2826 740 Attendatur
2850 685 3196 740 conscientia.
3227 682 3428 742 Omnes
3447 685 3594 740 enim
3623 699 3807 755 pecca-

2223 784 2448 838 verunt,
2479 784 2539 830 et
2567 785 2728 848 egent
2768 777 2938 848 gloria
2966 776 3061 832 Dei
3099 775 3274 842 (Rom.
3301 792 3390 842 ιιι,
3417 774 3535 848 25).
3560 777 3817 847 Agnosco

2224 875 2298 931 te,
2322 867 2602 922 infirmitas
2630 869 2882 922 humana.
2905 868 3168 938 Aceepisti
3196 868 3414 938 Legem,
3445 877 3504 921 ut
3531 876 3588 922 et
3611 882 3815 937 praeva-

2222 957 2438 1012 rieatrix
2468 959 2627 1028 Legis
2653 974 2835 1024 esses;
2885 975 2989 1013 non
3027 959 3170 1013 enim
3200 959 3417 1015 tenuisti
3467 967 3524 1014 et
3569 958 3812 1030 implesti

2221 1049 2364 1117 quod
2391 1051 2664 1120 accepisti.
2707 1051 2949 1105 Accessit
2978 1050 3073 1106 tibi
3115 1065 3180 1105 ex
3208 1050 3383 1121 Lege,
3415 1065 3521 1106 non
3545 1049 3811 1121 justilica-

2224 1139 2300 1194 tio
2325 1155 2484 1208 quam
2515 1141 2629 1196 Lex
2655 1142 2808 1210 jubet
2833 1181 2847 1205 ,
2894 1141 2990 1197 sed
3020 1141 3392 1211 prmvaricatio
3418 1159 3580 1213 quam
3629 1151 3686 1197 tu
3733 1141 3812 1198 fe-

2223 1231 2359 1284 cisti.
2382 1231 2437 1285 Si
2456 1247 2582 1306 (λι-ευ
2607 1231 2892 1286 abundavit
2915 1241 3214 1301 peccatum,
3235 1232 3362 1303 quid
3383 1232 3592 1288 invides
3620 1248 3812 1303 super-

2222 1323 2517 1377 abundanti
2546 1324 2727 1393 gratia:
2748 1322 2860 1391 (Id.
2908 1339 2964 1388 ν,
3023 1323 3164 1394 20)?
3191 1323 3308 1377 Noli
3334 1324 3653 1389 amaricare,
3685 1325 3812 1394 quia

2222 1415 2308 1483 qui
2327 1417 2637 1481 amaricant,
2668 1432 2768 1468 non
2798 1416 3108 1470 excitentur.
3150 1415 3313 1483 Quasi
3365 1415 3712 1471 maledixisse
3735 1416 3808 1470 vi-

2223 1505 2399 1569 detur,
2435 1506 2536 1573 Qui
2559 1505 2874 1570 amcricant,
2919 1523 3019 1561 non
3069 1507 3355 1560 excitentur
3385 1522 3404 1560 :
3433 1505 3542 1561 imo
3571 1507 3813 1562 exalten-

2225 1604 2332 1662 tur,
2359 1593 2454 1649 sed
2486 1609 2590 1649 non
2630 1594 2684 1649 in
2709 1595 2910 1664 seipsis.
2943 1594 3301 1650 Humilientur
3327 1595 3379 1650 in
3401 1596 3631 1666 seipsis;
3658 1597 3810 1652 exalo

2230 1693 2405 1740 tentur
2432 1687 2483 1739 in
2510 1685 2744 1740 Christo.
2774 1686 2875 1760 Qui
2903 1687 3046 1741 enim
3075 1700 3136 1740 se
3158 1687 3424 1753 humiliat,
3448 1688 3810 1751 exaltabitur;

2226 1786 2276 1830 et
2301 1775 2469 1846 quise
2499 1777 2715 1844 exultat,
2749 1776 3115 1834 humiliabitur
3138 1777 3354 1849 (Matth.
3380 1795 3534 1845 xxut,
3566 1780 3677 1851 12).
3713 1781 3814 1849 Qui

2228 1869 2541 1931 amaricant,
2573 1884 2674 1922 non
2700 1868 2984 1923 excitentur
3008 1869 3063 1923 in
3088 1871 3390 1939 semetipsis.

2303 1960 2387 2015 15.
2419 1957 2568 2032 [υενσ.
2600 1960 2654 2024 3,
2683 1958 2762 2033 9.]
2784 1958 3089 2024 Benedicite,
3114 1955 3317 2024 Gentes,
3369 1961 3539 2014 Deum
3565 1971 3811 2016 nostrum.

2230 2053 2371 2108 Ecce
2394 2053 2594 2124 repulsi
2620 2054 2854 2132 suntqui
2877 2055 3205 2118 amaricant;
3238 2053 3443 2108 reddita
3475 2065 3561 2108 est
3593 2054 3701 2109 illis
3731 2070 3816 2109 ra-

2232 2147 2336 2201 tio:
2361 2147 2521 2218 aliqni
2546 2146 2793 2202 conversi
2815 2155 2968 2212 sunt,
2994 2147 3160 2217 aliqui
3182 2140 3396 2215 superbi
3415 2157 3812 2202 remanserunt.

2229 2237 2346 2292 Non
2387 2255 2481 2292 vos
2538 2246 2775 2293 terreant
2800 2237 2888 2309 qui
2936 2237 3158 2308 gratiam
3186 2237 3544 2308 evangelicam
3577 2237 3817 2293 invident

2231 2329 2522 2392 Gentibus;
2545 2330 2669 2399 jam
2690 2330 2838 2384 venit
2869 2345 3056 2385 semen
3083 2330 3313 2384 Abrahze
3336 2371 3349 2393 ,
3383 2330 3436 2384 in
3467 2345 3573 2400 quo
3599 2329 3817 2386 benedi-

2229 2431 2422 2475 euutnr
2450 2436 2639 2476 omnes
2667 2421 2869 2476 Gentes
2912 2418 3066 2493 (Gen.
3114 2437 3212 2485 xu,
3243 2421 3324 2488 5).
3361 2421 3668 2478 Benedicite
3693 2438 3818 2478 eum

2231 2515 2283 2568 in
2318 2529 2424 2583 quo
2464 2512 2881 2576 benedicimini;
2927 2511 3237 2577 Benedicite,
3266 2510 3469 2575 Gentes,
3519 2512 3684 2566 Deum
3727 2529 3817 2567 no-

2230 2617 2388 2659 stram
2416 2620 2435 2660 :
2460 2614 2504 2658 et
2523 2603 2888 2659 audite-vocem
2911 2604 3078 2659 laudis
3092 2605 3224 2675 ejus.
3247 2604 3325 2660 Ne
3343 2619 3438 2659 vos
3465 2602 3610 2674 ipsos
3633 2605 3816 2661 laude-

2231 2701 2334 2764 tis;
2378 2700 2473 2754 sed
2523 2701 2698 2768 ipsum
2745 2698 2992 2753 laudetis.
3044 2697 3176 2764 Quae
3221 2707 3306 2752 est
3334 2713 3437 2752 vox
3465 2696 3636 2752 laudis
3663 2697 3818 2766 ejus?

2229 2791 2362 2859 Quia
2388 2790 2559 2860 gratia
2594 2789 2762 2858 ipsius
2792 2804 2998 2853 sumus,
3028 2788 3282 2859 quidquid
3314 2788 3440 2843 boui
3479 2803 3686 2842 sumus.
3716 2788 3818 2855 Qui

2232 2882 2395 2949 posuit
2419 2880 2643 2933 animum
2669 2895 2830 2930 meam
2855 2878 2909 2932 in
2930 2878 3080 2931 vitant
3105 2878 3142 2941 ἓ.
3174 2877 3314 2932 Ecce
3340 2893 3438 2931 vox
3468 2877 3641 2932 laudis
3659 2881 3809 2947 ejus:

2233 2971 2332 3034 Qui
2357 2968 2525 3039 posuit
2546 2968 2768 3022 animum
2785 2984 2950 3021 nteant
2972 2969 3026 3021 in
3049 2967 3221 3022 vitam.
3247 2968 3386 3037 Ergo
3406 2967 3457 3021 in
3483 2977 3658 3022 morte
3677 2979 3809 3026 erat:

2232 3064 2282 3115 in
2310 3072 2482 3115 morte
2508 3068 2625 3115 erat
2652 3060 2704 3113 in
2745 3066 2799 3113 te
2840 3060 2884 3111 ¹.
2918 3057 3046 3114 Inde
3093 3067 3177 3113 est
3225 3058 3366 3129 quod
3400 3074 3503 3112 non
3552 3057 3814 3113 debuistis

2230 3153 2451 3208 exaltari
2484 3155 2535 3207 in
2560 3152 2712 3208 vobis
2747 3152 2897 3222 ipsis.
2929 3152 3069 3207 Ecce
3093 3151 3145 3206 in
3175 3161 3349 3207 morte
3375 3162 3489 3206 erat
3519 3152 3571 3206 in
3603 3160 3658 3206 te
3687 3169 3700 3204 :
3728 3155 3811 3206 ubi

2230 3246 2335 3300 erit
2362 3246 2415 3299 in
2443 3245 2568 3309 vita,
2593 3244 2698 3298 nisi
2717 3244 2769 3298 in
2797 3244 2890 3298 illo
2910 3243 2998 3313 qui
3022 3243 3175 3308 dixit,
3210 3241 3320 3312 Ego
3345 3260 3456 3296 sum
3482 3244 3582 3308 oio,
3607 3246 3810 3305 peritas,

2229 3347 2274 3391 et
2299 3339 2398 3392 vita
2417 3336 2594 3405 (lacn.
2622 3352 2740 3400 xw,
2768 3333 2864 3406 6)?
2889 3336 3170 3403 Quomodo
3195 3336 3512 3407 quibusdam
3540 3337 3809 3395 credenti-

2229 3428 2328 3481 bus
2356 3429 2432 3482 ait
2457 3428 2743 3497 Apostolus
2781 3445 2795 3481 :
2840 3425 3033 3480 Fuistis
3085 3426 3363 3494 aliquando
3403 3431 3656 3497 tcuebrw;
3685 3450 3817 3488 nunc

2228 3530 2396 3573 autem
2424 3521 2514 3574 lux
2539 3519 2592 3573 in
2625 3518 2849 3580 Domino
2876 3518 3091 3590 (Epltes.
3125 3533 3181 3583 ι’,
3210 3519 3290 3587 8).
3323 3518 3584 3578 Tenebras
3611 3539 3738 3594 ergo
3765 3526 3814 3578 in

2226 3609 2412 3675 vobis;
2436 3609 2525 3686 lux
2544 3608 2600 3662 in
2631 3609 2856 3663 Domino
2887 3625 2900 3661 :
2933 3608 3009 3662 sic
3038 3621 3185 3662 mors
3213 3608 3264 3660 in
3291 3613 3445 3666 vobis
3466 3629 3481 3677 ;
3504 3613 3610 3675 vita
3641 3614 3817 3685 inDe-

2229 3704 2394 3757 mino.
2421 3701 2519 3768 Qui
2551 3703 2716 3773 posuit
2745 3703 2969 3757 animam
3005 3719 3166 3756 meum
3189 3703 3246 3759 in
3272 3712 3442 3761 vitam.
3477 3708 3818 3779 Ecce‘posuit

2227 3795 2459 3847 animam
2489 3802 2726 3846 nostram
2755 3792 2808 3846 in
2833 3793 3016 3858 vitam,
3049 3793 3176 3865 quia
3206 3795 3550 3852 creditnus'in
3571 3814 3695 3853 eum
3721 3816 3735 3864 ;
3765 3799 3813 3852 in

2228 3888 2388 3941 vitam
2415 3886 2438 3914 ³
2465 3886 2640 3955 posuit
2681 3885 2913 3940 animam
2963 3899 3203 3944 nostram
3238 3909 3251 3942 :
3293 3889 3387 3944 sed
3445 3889 3574 3959 quid
3625 3890 3816 3946 deinde

2227 3992 2364 4046 opus
2390 3987 2507 4043 est,
2546 3976 2649 4032 nisi
2680 3985 2735 4032 ut
2761 3992 3171 4046 perseveremus
3216 3997 3386 4051 usque
3423 3982 3476 4035 in
3516 3981 3722 4038 ﬁnem?
3752 3982 3816 4038 Et

2229 4069 2331 4125 hoc
2357 4071 2482 4140 quis
2504 4067 2688 4135 dabit,
2720 4067 2824 4149 nisi
2841 4068 2912 4123 de
2935 4084 3046 4142 quo
3065 4082 3458 4141 consequenter
3487 4072 3688 4128 dictum
3714 4086 3812 4138 est,

2229 4161 2296 4214 Et
2325 4179 2426 4215 non
2453 4160 2590 4217 dedit
2614 4161 2669 4215 in
2698 4170 2896 4214 motum
2937 4163 3104 4232 pedes
3122 4179 3255 4216 meos
3279 4162 3304 4216 .9
3338 4162 3456 4233 Ipse
3489 4164 3668 4232 posuit
3706 4166 3816 4218 ani-

2229 4267 2366 4306 mam
2406 4268 2453 4306 Ill
2480 4253 2640 4306 vitam
2661 4293 2676 4318 ,
2710 4253 2829 4322 ipse
2854 4254 2989 4323 regit
3016 4252 3202 4322 pedes,
3236 4269 3302 4308 ne
3349 4263 3537 4309 nutent
3557 4296 3572 4317 ,
3604 4270 3674 4309 ne
3699 4270 3810 4310 mo.

2227 4353 2469 4406 reantur,
2497 4349 2551 4397 et
2579 4342 2771 4398 dentur
2814 4343 2867 4398 in
2896 4355 3098 4398 motum
3125 4361 3140 4408 ;
3177 4344 3291 4413 ipse
3321 4359 3418 4397 nos
3467 4345 3592 4400 facit
3617 4347 3813 4409 vivere,

2228 4435 2343 4506 ipse
2376 4449 2724 4504 perseverare
2753 4450 2923 4505 usque
2962 4436 3013 4488 in
3045 4435 3204 4489 finem
3231 4476 3245 4498 ,
3279 4444 3334 4489 ut
3373 4436 3426 4488 in
3456 4448 3719 4493 aeternum
3740 4441 3814 4492 vi-

2227 4543 2433 4582 vamus.
2461 4526 2529 4580 Et
2555 4544 2659 4582 non
2683 4528 2824 4582 dedit
2853 4529 2904 4589 in
2925 4539 3116 4581 motum
3133 4529 3283 4598 pedes
3309 4544 3462 4582 meos.

2301 4620 2389 4674 16.
2413 4617 2563 4691 [verm
2599 4616 2813 4690 10-12.]
2840 4619 3014 4686 Quare
3033 4619 3132 4672 hoc
3161 4619 3363 4681 dixisti,
3400 4619 3464 4673 Et
3489 4637 3590 4673 non
3617 4623 3754 4674 dedit
3770 4625 3817 4674 in

2229 4712 2426 4766 motum
2468 4710 2622 4779 pedes
2651 4711 2832 4764 meos?
2859 4709 2998 4778 Quid
3043 4711 3185 4764 enim
3215 4726 3402 4779 passus
3435 4727 3524 4775 es,
3557 4723 3649 4766 aut
3696 4716 3817 4781 quid

2231 4803 2339 4875 pati
2367 4803 2623 4872 potuisti,
2669 4813 2726 4856 ut
2751 4811 3098 4858 moverentur
3137 4804 3300 4872 pedes
3343 4806 3459 4858 tui?
3488 4805 3667 4871 Quid?
3695 4808 3815 4861 audi

2231 4912 2350 4965 quae
2378 4903 2690 4964 sequantur.
2721 4893 2898 4961 Quare
2915 4894 3047 4958 dixi,
3075 4897 3346 4951 non-dedit
3377 4897 3428 4950 in
3455 4909 3648 4952 motum
3675 4902 3819 4969 pedes

2231 4989 2409 5042 meos?
2429 4988 2562 5052 Quia
2583 4986 2748 5040 multa
2775 4988 2914 5056 passi
2931 5001 3138 5054 sumus,
3166 4987 3235 5043 de
3261 4989 3452 5059 quibus
3481 5006 3820 5048 moverentur

2233 5081 2302 5136 de
2321 5080 2406 5134 via
2431 5079 2593 5149 pedes
2620 5079 2814 5141 nostri,
2844 5077 2946 5132 nisi
2968 5078 3083 5147 ipse
3110 5089 3351 5148 regeret,
3400 5091 3457 5135 et
3481 5097 3578 5136 eos
3624 5083 3678 5137 in
3709 5101 3818 5137 mo-

2237 5184 2347 5227 tum
2378 5188 2483 5226 non
2513 5170 2684 5225 daret.
2711 5170 2842 5237 Quae
2867 5181 2992 5225 sunt
3029 5171 3166 5226 ista?
3196 5171 3446 5238 Quoniam
3478 5176 3708 5244 probasti
3737 5195 3824 5231 ne;

2240 5264 2381 5318 Deus
2404 5280 2422 5329 ;
2447 5263 2621 5332 ignisti
2649 5278 2763 5329 nos,
2794 5263 2922 5315 sicut
2951 5263 3144 5333 ignitur
3170 5276 3455 5334 argentum.
3498 5265 3614 5320 Non
3647 5268 3820 5338 ignisu

2236 5357 2373 5410 sicut
2417 5354 2626 5418 fenum,
2671 5352 2765 5408 sed
2811 5355 3255 5424 sicut-argentum
3289 5357 3638 5415 :adhibeudo
3668 5363 3820 5414 nolns

2239 5449 2411 5516 ignem
2430 5488 2442 5505 .
2473 5461 2576 5500 non
2598 5445 2648 5499 in
2669 5445 3255 5509 cineremvcouvertisd,
3271 5447 3363 5501 sed
3380 5449 3569 5504 sordes
3584 5449 3820 5505 abluisti.

2237 5540 2424 5610 lguisti
2462 5553 2586 5602 nos,
2619 5537 2748 5590 sicut
2773 5538 2963 5608 ignitur
2986 5551 3266 5611 argentum.
3299 5539 3375 5596 Ει
3400 5541 3518 5596 vide
3553 5545 3825 5613 quomodo

2303 5652 2318 5684 ι
2341 5657 2446 5698 Mss.
2474 5655 2772 5704 constanter,
2793 5660 2844 5696 m
2859 5653 2970 5698 vita.

2301 5717 2319 5744 ³
2345 5714 2417 5760 sic
2459 5719 2563 5757 uss.
2603 5716 2659 5758 Αι
2677 5709 2809 5770 ωάη
2836 5707 2886 5758 in
2922 5715 3073 5759 "torte
3095 5719 3218 5770 erat,
3260 5713 3371 5774 quia
3406 5710 3455 5762 in
3483 5717 3529 5762 te
3550 5721 3678 5773 erat,
3703 5714 3826 5765 inda

2239 5783 2329 5868 mi
2506 5833 2586 5896 qui
2611 5828 2665 5884 in
2689 5833 2799 5888 vita.
2821 5834 2985 5895 abest,
3000 5833 3099 5895 qui.
3119 5845 3149 5885 a
3171 5841 3277 5887 uss.
