3934 6338
154 423 235 481 797

153 535 433 594 sevitbeus
459 534 513 588 in
540 534 683 597 illos,
714 546 942 605 quorum
972 528 1207 585 animam
1239 532 1415 598 posuit
1442 532 1494 584 in
1524 530 1709 583 vitam.

153 627 379 686 Induxiin
396 642 487 678 nos
501 624 556 678 in
584 620 923 691 muscipulam
952 636 1091 675 :non
1116 629 1171 675 ut
1191 621 1330 691 capti
1358 635 1709 682 moreremur,

151 722 229 777 sed
266 718 400 774 unde
443 715 654 772 liberati
684 716 1077 786 experiremur.
1107 710 1336 767 Posuisti
1365 712 1713 765 tribulationcs

150 818 193 868 in
228 816 363 865 dorso
392 820 584 862 nostra.
629 806 805 862 Erecti
836 806 978 860 enim
1007 806 1177 871 male,
1208 804 1422 874 superbi
1454 818 1668 859 eramus
1696 820 1709 855 :

153 905 270 959 male
296 904 457 957 erecti
485 900 687 955 curvati
714 913 921 959 sumus,
962 907 1017 951 ut
1064 897 1268 951 curvati
1309 896 1444 950 bene
1470 896 1714 963 erigere-

152 1012 265 1052 ntur.
296 993 520 1046 Posuisti
548 988 895 1042 tribulationcs
924 987 975 1040 in
1004 988 1156 1040 dorso
1182 997 1354 1039 nostra
1381 1000 1401 1038 :
1431 984 1711 1053 imposuisti

151 1085 350 1139 homines
368 1098 523 1142 super
547 1080 717 1147 cupita
740 1088 929 1131 nostra.
960 1076 1087 1131 Hice
1112 1076 1291 1128 omnia
1322 1090 1475 1145 paSsa
1506 1082 1587 1126 est
1608 1072 1712 1125 Ec-

147 1181 284 1232 clesia
306 1180 471 1233 variis
514 1180 566 1227 et
614 1168 842 1224 diversis
885 1168 1387 1239 persccutiouibus;
1444 1180 1597 1235 passa
1630 1173 1714 1217 est

148 1271 233 1322 hoc
255 1265 584 1335 singillatim,
611 1262 775 1321 etiam
808 1262 967 1315 modo
996 1262 1212 1330 patitur.
1242 1259 1354 1314 Non
1386 1259 1529 1313 enim
1558 1259 1712 1327 quis-

146 1375 280 1431 quam
310 1370 414 1419 εει.
444 1356 535 1427 qui
562 1371 620 1410 se
646 1358 701 1411 in
730 1355 830 1409 hac
852 1353 956 1406 vita
980 1351 1049 1405 ab
1077 1351 1161 1404 bis
1191 1349 1568 1405 tentationibtts
1591 1364 1714 1417 pos-

145 1454 203 1505 sit
248 1452 421 1503 dicere
472 1450 785 1503 immunem.
832 1446 972 1515 Ergo
1003 1442 1349 1513 imponuntur
1378 1453 1432 1496 et
1466 1441 1711 1495 homines

145 1557 283 1610 super
308 1540 478 1607 capita
513 1552 692 1591 uestra
725 1554 737 1588 :
768 1532 1058 1590 tuleramus
1082 1549 1215 1602 quos
1243 1533 1527 1596 nolumus,
1571 1532 1710 1599 pati-

145 1650 246 1685 mur
296 1631 607 1697 superiores
659 1627 942 1697 aliquando
995 1641 1133 1696 quos
1185 1627 1427 1678 novimus
1478 1625 1707 1691 pejores.

146 1724 340 1777 Peccata
370 1733 547 1773 :tttlt‘tlt
598 1721 639 1771 si
685 1719 856 1772 desint
884 1760 898 1779 ,
950 1717 1084 1769 bene
1118 1718 1360 1783 superior
1405 1726 1485 1769 Gal
1518 1717 1707 1778 homo;

144 1823 321 1883 quanto
349 1822 525 1865 autem
553 1812 698 1878 plura
730 1812 944 1871 adsunt,
970 1819 1116 1861 tanto
1142 1821 1217 1860 ρει
1258 1807 1497 1860 inferior.
1530 1807 1591 1860 Et
1618 1808 1713 1858 bo-

144 1920 251 1955 tuun
276 1914 352 1955 cst
410 1912 468 1952 nt
496 1900 897 1953 consideremus
926 1913 1022 1951 nos
1055 1908 1359 1965 peccatores
1384 1912 1523 1959 esse,
1555 1906 1609 1950 ct
1632 1895 1709 1949 sic

144 1996 410 2049 tolt'rcnttts
458 1996 735 2062 impositos
778 2009 940 2061 διιρυι-
965 1994 1137 2057 capita
1185 2002 1399 2053 nostra;
1430 2002 1482 2044 ut
1526 2004 1576 2043 et
1612 2006 1709 2044 nos

144 2087 237 2139 Deo
258 2090 601 2140 cotttiteamur
629 2088 747 2156 quia
780 2087 937 2154 digne
968 2084 1214 2153 patimur.
1245 2084 1381 2151 Quid
1429 2086 1569 2137 enim
1624 2085 1705 2137 iu-

140 2180 275 2246 digne
322 2179 521 2246 pateris
547 2179 687 2247 quod
724 2178 844 2230 facit
889 2178 976 2244 qui
1003 2177 1179 2244 justus
1206 2176 1327 2230 est?
1360 2175 1584 2231 Posuisti
1615 2180 1705 2230 tri-

140 2270 395 2323 bututioucs
442 2271 495 2323 in
544 2271 705 2322 dorso
727 2281 896 2322 nostro
923 2286 943 2323 :
969 2269 1254 2335 imposuisti
1298 2270 1526 2322 homines
1556 2286 1709 2337 super

137 2360 285 2426 capita
313 2370 499 2413 nostra.
534 2358 735 2413 Szevire
760 2359 967 2413 v'detur
996 2359 1151 2419 Deus.
1170 2374 1289 2412 cum
1319 2360 1416 2413 ista
1449 2358 1609 2415 facit:
1640 2376 1705 2413 ne

139 2461 351 2514 metuas;
382 2453 635 2521 quoniam
692 2451 850 2505 Pater
892 2459 993 2512 est.
1029 2467 1297 2519 nunquam
1338 2453 1415 2504 sic
1449 2452 1599 2504 saevit
1646 2462 1704 2504 ut

139 2544 319 2610 perdat.
351 2542 576 2610 Quando
606 2546 739 2597 male
760 2544 890 2596 vivis
914 2584 930 2608 ,
963 2543 1005 2597 si
1048 2543 1252 2611 parcit,
1280 2543 1399 2611 plus
1429 2544 1697 2597 irascitur.

136 2633 343 2687 Omnino
375 2637 489 2687 ista:
521 2634 888 2688 tribulationes
926 2634 1129 2702 ﬂagella
1176 2644 1300 2686 sunt
1344 2634 1661 2703 corrigentis
1684 2676 1698 2699 ,

136 2741 192 2778 uc
236 2726 298 2778 sit
346 2726 608 2779 sententia
654 2725 939 2792 pttttictttis.
991 2724 1214 2778 Posuisti
1260 2725 1608 2780 tribulationes
1649 2726 1703 2779 in

135 2816 265 2867 dorso
292 2825 460 2868 nostra
493 2830 511 2868 :
538 2816 818 2882 imposuisti
840 2816 1066 2867 homines
1096 2831 1247 2882 super
1271 2816 1447 2885 capita
1470 2825 1661 2870 nostra.

196 2905 272 2958 Π,
308 2905 651 2958 Trmtsivimus
677 2922 764 2975 per
789 2908 953 2975 ignem
980 2916 1027 2958 et
1050 2923 1253 2977 agnoui.
1284 2905 1423 2975 Ignis
1456 2916 1506 2961 et
1532 2921 1700 2975 aqua,

135 3007 397 3064 utrumque
426 2996 783 3065 periculosum
813 3008 895 3051 est
926 2997 978 3049 in
1026 2996 1125 3051 bae
1150 2998 1275 3051 vita.
1306 2996 1463 3051 Certe
1494 2998 1704 3053 videtur

134 3099 251 3152 aqua
282 3085 454 3154 ignem
484 3087 844 3155 exstinguere,
875 3096 929 3140 et
977 3086 1110 3155 ignis
1138 3087 1346 3141 videtur
1372 3104 1565 3158 aquam
1591 3089 1700 3145 sic-

133 3188 259 3229 rare.
292 3175 359 3227 lla
384 3186 439 3229 et
460 3176 587 3243 ipsa:
610 3178 925 3230 tetttationcs
944 3186 1085 3238 Sunt,
1115 3178 1306 3245 quibus
1329 3177 1561 3232 abundat
1589 3179 1703 3233 haec

134 3268 243 3321 tita.
274 3270 409 3336 Ignis
433 3270 574 3333 urit,
605 3285 737 3337 aqua
769 3270 1064 3339 corrumpit
1096 3288 1109 3322 ε
1142 3280 1427 3340 utrumque
1454 3283 1699 3327 metuen-

132 3358 272 3418 dum;
318 3371 371 3413 et
420 3359 561 3412 ustio
592 3360 978 3425 tribulationis,
1028 3370 1082 3414 et
1127 3376 1263 3435 aqua
1308 3364 1690 3431 corruptionis.

132 3450 333 3516 Quando
354 3460 481 3503 sunt
510 3466 593 3504 res
623 3462 883 3521 augusta},
906 3462 959 3505 et
978 3452 1152 3521 aliqua
1179 3469 1296 3521 qua:
1324 3452 1609 3508 infelicitas
1628 3455 1703 3508 di-

132 3551 253 3594 t‘uittr
280 3544 328 3595 in
354 3543 457 3597 hoc
486 3543 703 3609 mundo,
728 3544 877 3611 quasi
920 3543 1055 3613 ignis
1079 3555 1161 3598 est
1185 3562 1197 3596 :
1227 3545 1441 3613 quando
1465 3556 1589 3599 sunt
1613 3560 1701 3601 res

134 3650 404 3703 prosperat,
453 3644 508 3687 et
558 3634 879 3688 abundantia
929 3633 1111 3688 Stecuii
1159 3636 1502 3703 circumfluit,
1548 3637 1698 3706 quasi

131 3741 247 3790 aqua
274 3737 375 3778 est.
415 3725 543 3779 Vide
570 3734 659 3778 ne“
682 3735 733 3779 te
762 3726 897 3794 ignis
938 3734 1158 3789 exurat,
1189 3742 1257 3779 ne
1297 3742 1431 3797 aqua
1454 3742 1697 3781 corrum-

131 3828 225 3882 pat.
257 3816 467 3869 Firmus
493 3825 610 3870 esto
632 3815 887 3869 adversus
924 3817 1098 3884 ignem
1125 3834 1139 3881 ;
1171 3818 1329 3887 coqui
1360 3828 1411 3872 te
1438 3826 1648 3886 Oportet
1677 3833 1697 3877 :

130 3916 362 3975 tattqttuttt
399 3922 490 3958 \‘as
520 3906 697 3959 fictum
746 3906 973 3960 mitteris
1015 3908 1067 3960 in
1120 3910 1389 3962 caminum
1438 3910 1606 3977 ignis,
1641 3918 1699 3963 ttt

130 3996 354 4050 ﬁrmetur
381 3997 521 4065 quod
552 3995 837 4055 formatum
871 4006 972 4050 est.
1010 3997 1111 4050 Vas
1137 4014 1265 4067 ergo
1307 4000 1415 4066 jam
1448 4001 1567 4066 igne
1610 3999 1699 4052 fir-

129 4096 309 4139 matum
357 4101 551 4154 aquam
602 4103 706 4138 non
755 4086 936 4149 timet;
971 4100 1063 4138 vas
1111 4097 1288 4140 autent
1327 4087 1372 4140 si
1411 4087 1726 4151 solidatum.

129 4175 235 4242 igne
274 4194 379 4229 non
432 4176 584 4229 ftterit
606 4218 618 4238 ,
651 4187 897 4245 tanquam
929 4177 1097 4229 lutum
1121 4192 1256 4246 aqua
1287 4177 1547 4231 solvetur.
1579 4176 1697 4231 Noli

130 4266 367 4320 festinare
397 4266 465 4320 ad
495 4283 720 4335 aquam;
751 4283 843 4333 per
870 4265 1042 4336 ignem
1074 4268 1240 4320 transi
1268 4267 1333 4320 ad
1376 4282 1566 4336 aquam
1592 4309 1607 4332 ,
1642 4276 1699 4321 ut

128 4370 353 4414 transeas
381 4369 435 4412 et
464 4375 673 4429 aquam.
708 4359 999 4428 Propterea
1032 4368 1086 4411 et
1134 4360 1185 4412 itt
1214 4358 1576 4414 Sacramentis
1598 4400 1613 4421 ,
1644 4369 1698 4412 et

129 4448 172 4499 in
193 4450 568 4504 catechizando
591 4491 605 4512 ,
653 4459 705 4502 ct
748 4451 796 4502 in
828 4449 1212 4511 exorcimndo,
1246 4449 1528 4503 adhibetur
1553 4451 1697 4519 pritts

129 4540 270 4606 ignis.
306 4542 439 4596 Nam
486 4543 623 4596 umle
662 4542 975 4612 plet-umque
1024 4540 1278 4595 immundi
1326 4543 1541 4610 spiritus
1583 4543 1696 4595 cla-

129 4646 278 4697 rtzutt,
306 4635 505 4700 Ardea,
537 4638 579 4688 si
612 4636 699 4688 ille
728 4634 861 4702 ignis
892 4649 994 4700 non
1024 4636 1143 4689 est?
1165 4635 1281 4688 i'osl
1317 4636 1489 4704 ignem
1518 4644 1698 4690 autem

130 4730 398 4781 exorcisuti
457 4730 661 4781 \‘Clliitil‘
705 4728 770 4781 ad
831 4728 1191 4795 Baptismum;
1246 4737 1301 4780 ut
1349 4728 1415 4781 ab
1464 4729 1586 4796 igne
1630 4727 1697 4781 ad

130 4833 305 4887 aquam
333 4861 348 4882 ,
380 4818 449 4871 ab
470 4834 603 4888 aqua
637 4818 687 4871 in
740 4816 1085 4886 refrigerium.
1125 4817 1275 4883 Quod
1299 4828 1476 4891 autem
1515 4819 1567 4871 in
1596 4817 1699 4871 Sa-

127 4911 400 4963 crzuucutis
428 4911 467 4973 ',
494 4909 594 4963 hoc
639 4910 687 4960 in
738 4907 1123 4961 tentationibus
1149 4905 1307 4975 hujus
1354 4906 1536 4961 s:eculi
1563 4924 1574 4958 :
1604 4922 1692 4959 an-

130 5003 283 5066 [mstiti
316 5002 523 5056 timoris
552 5000 758 5054 accedit
779 5000 969 5068 prima,
1002 4998 1116 5052 vice
1148 4999 1316 5068 ignis;
1349 5008 1531 5067 postea
1552 4998 1697 5052 abla-

134 5102 177 5143 to
206 5095 417 5157 timore,
454 5092 796 5146 metuendum
825 5098 906 5145 est
933 5105 997 5141 ne
1026 5089 1253 5144 felicitas
1284 5088 1548 5142 mundana
1575 5104 1698 5142 cor-

133 5194 347 5253 tutttpul.
386 5184 521 5236 Cum
546 5191 719 5237 autem
756 5191 807 5235 te
840 5180 977 5250 ignis
1001 5194 1222 5248 crepare
1262 5193 1367 5232 non
1399 5178 1619 5242 fecerit,
1647 5188 1699 5231 et

132 5275 175 5327 in
201 5290 388 5346 aquam
424 5290 529 5328 non
568 5273 835 5338 merseris,
858 5270 949 5326 sed
982 5270 1311 5336 enataveris;
1345 5285 1439 5340 per
1462 5269 1700 5339 discipli-

132 5382 241 5421 nam
271 5366 474 5421 transis
515 5364 582 5419 ad
610 5368 878 5434 requiem,
921 5372 976 5418 et
1006 5364 1269 5417 transiens
1314 5379 1407 5432 per
1432 5363 1606 5433 ignem
1646 5374 1700 5416 et

128 5472 307 5523 aquam
334 5455 583 5511 educeris
611 5455 663 5509 in
690 5453 1042 5523 refrigerium.
1081 5453 1316 5522 Quarum
1348 5454 1490 5508 enim
1522 5470 1699 5508 rerum

131 5548 265 5615 signa
292 5555 421 5603 sunt
453 5546 504 5600 in
529 5545 908 5611 Sacramentis,
940 5546 1069 5613 ipsa:
1108 5559 1194 5599 res
1218 5554 1343 5600 sunt
1372 5544 1421 5598 in
1452 5545 1541 5599 illa
1573 5561 1696 5613 per-

132 5635 344 5693 fectione
377 5637 501 5689 vita:
528 5644 763 5688 internae.
790 5634 906 5689 Jam
934 5649 1055 5689 cum
1086 5634 1455 5689 transierimus
1481 5635 1546 5688 ad
1571 5635 1699 5689 illud

319 5773 368 5818 in
392 5768 509 5819 edd.
527 5767 737 5821 additum
753 5766 929 5831 fuerat,
952 5781 1080 5833 aqua
1114 5768 1374 5833 Baptismi;
1402 5768 1530 5833 quod
1548 5781 1575 5819 a
1597 5776 1703 5819 Mss.

1226 416 1625 473 ENARHA'HO
1662 413 1726 469 IN
1766 412 2087 472 ΡεΑωιυιι
2128 418 2289 474 LXV.

3310 423 3417 481 798

1820 527 2175 599 refrigerium,
2202 534 2389 586 fratres
2412 532 2733 594 charissum,
2762 536 2963 586 nultum
2996 532 3066 586 ibi
3100 532 3412 591 tiuwbimns

1820 621 2126 688 inimicum,
2195 623 2404 677 nullum
2454 632 2809 686 teutatorem,
2875 622 3078 678 nullum
3125 624 3363 681 invidum
3394 670 3417 689 .

1821 711 2022 765 nullum
2054 714 2261 781 ignem,
2297 714 2491 765 nullam
2525 729 2714 781 aquam
2742 730 2755 775 ;
2792 724 3105 781 perpetuum
3138 714 3213 767 ibi
3251 715 3415 768 refri-i

1819 804 2023 871 gorittm
2076 811 2197 857 erit.
2252 804 2605 871 ltefriget'iuut
2658 816 2871 872 propter
2914 805 3146 873 quietem
3194 805 3414 861 dicitur.

1820 893 1951 949 Nam
1980 894 2025 948 si
2050 894 2218 956 dicas,
2252 894 2410 949 Calor
2435 905 2537 955 est.
2581 910 2765 949 verum
2804 906 2884 947 est
2916 913 2928 947 :
2960 896 3001 947 si
3033 894 3202 961 dicas,
3236 896 3411 949 ιιι-ιιι-

1819 986 2045 1054 gerium,
2072 1002 2252 1039 rerum
2274 999 2375 1039 est.
2397 984 2451 1039 Si
2474 986 2618 1039 enim
2646 986 2978 1055 refrigerium
3000 986 3136 1038 male
3158 987 3407 1054 accipias,

1820 1079 1969 1145 quasi
2003 1078 2356 1145 torpescimus
2389 1078 2477 1131 ibi.
2519 1076 2636 1131 Non
2670 1085 2847 1131 autem
2894 1077 3249 1146 torpescitntts
3298 1076 3409 1141 ibi,

1820 1168 1912 1220 sed
1942 1166 2330 1237 requiescimus
2360 1187 2371 1218 :
2401 1184 2498 1222 nec
2519 1169 2642 1237 quia
2664 1168 2813 1221 calor
2832 1166 3047 1230 dicitur,
3069 1168 3413 1221 :rstuztbitnus

1819 1259 1925 1323 ibi,
1962 1261 2052 1313 scd
2085 1259 2407 1314 fervebimus
2446 1261 2654 1329 spiritu.
2686 1259 2913 1315 Attende
2954 1262 3137 1328 ipsum.
3172 1261 3405 1319 calorem

1820 1351 1870 1402 in
1902 1352 2008 1403 alio
2038 1352 2240 1420 psalmo
2276 1368 2289 1403 :
2320 1349 2431 1405 Nec
2458 1361 2532 1405 est
2562 1352 2649 1421 qui
2682 1368 2735 1405 se
2759 1351 3038 1404 abscondat
3062 1368 3092 1401 a
3113 1353 3282 1403 calore
3302 1353 3412 1420 ejus

1820 1441 1987 1509 (I’sal.
2016 1459 2162 1507 xtltl,
2191 1444 2268 1511 7).
2313 1443 2446 1509 Quid
2474 1443 2603 1495 dicit
2642 1452 2696 1497 et
2722 1443 3013 1511 Apostolus
3034 1446 3055 1488 Υ
3082 1442 3275 1511 Spiritu
3302 1446 3408 1511 [cr-

1819 1545 1984 1587 ventes
2015 1534 2186 1595 (Rom.
2223 1552 2314 1599 XII,
2348 1537 2456 1603 Η).
2488 1536 2645 1604 Ergo,
2680 1534 3031 1588 Trausivitttus
3062 1552 3151 1604 per
3177 1536 3341 1604 igm'm
3362 1542 3411 1586 ct

1817 1644 2001 1694 aquam
2023 1642 2042 1679 :
2069 1626 2130 1679 Et
2158 1626 2379 1680 eduxiin
2412 1643 2501 1679 nos
2530 1628 2581 1678 in
2613 1626 2950 1696 refrigerium.

1894 1716 1977 1769 i8.
2012 1714 2164 1787 [vers.
2198 1714 2311 1787 lii]
2356 1716 2587 1770 Attende
2615 1716 2738 1785 quia
2773 1732 2876 1768 non
2910 1724 3112 1767 tantum
3142 1714 3209 1767 de
3252 1712 3407 1766 refri-

1817 1808 1985 1875 gerio.
2014 1808 2107 1860 sed
2140 1824 2238 1862 nec
2281 1808 2349 1860 de
2381 1808 2496 1875 ipso
2525 1808 2645 1877 igne
2669 1807 2888 1876 Optabili
2923 1807 3090 1859 tacuit
3131 1823 3141 1857 :
3176 1801 3415 1857 Introibo

1818 1901 1867 1951 iu
1891 1901 2095 1952 domum
2118 1910 2260 1951 tuam
2287 1900 2337 1951 in
2369 1900 2697 1952 holocaustis.
2722 1898 2859 1965 Quid
2887 1908 2965 1950 est
2993 1896 3361 1949 holocaustum
3386 1893 3412 1946 ἲ

1817 1989 2009 2043 Totum
2036 1990 2335 2052 incensum,
2366 1990 2458 2044 sed
2485 1989 2606 2060 igne
2631 1989 2834 2043 divino.
2869 1988 3247 2045 llnlocausuun
3265 1996 3411 2047 ctum

1812 2084 2007 2137 dicitur
2032 2086 2378 2150 sacrificium,
2407 2100 2528 2139 cum
2560 2094 2731 2139 totum
2760 2086 3088 2140 accenditur.
3122 2087 3255 2139 Alia:
3284 2096 3409 2139 sunt

1816 2185 1993 2242 partes
2013 2176 2433 2241 sacrificiorum;
2460 2177 2603 2229 aliud
2633 2177 3005 2230 holocaustum
3036 2194 3049 2228 :
3078 2175 3292 2246 quando
3323 2188 3404 2229 to-

1814 2276 1923 2317 tum
1954 2266 2137 2328 ardet.
2170 2276 2225 2319 et
2249 2274 2415 2320 totum
2446 2268 2781 2321 consumitur
2816 2268 2946 2335 igne
2996 2267 3177 2320 divino
3198 2308 3212 2330 ,
3244 2267 3401 2319 holo-

1812 2370 2054 2411 caustum
2078 2358 2293 2423 dicitur;
2313 2359 2529 2429 quando
2552 2374 2695 2427 pars,
2727 2359 3060 2413 sacrificium.
3090 2358 3405 2427 Omuoqui-

1810 2448 1931 2501 dem
1962 2448 2331 2502 holocaustum
2362 2448 2684 2502 sacrificium
2712 2467 2725 2513 ;
2759 2449 2855 2503 sed
2885 2464 2991 2503 non
3019 2464 3181 2503 omne
3227 2450 3395 2503 sacri-

1812 2538 1988 2591 ficium
2015 2538 2399 2593 holocaustum.
2424 2538 2741 2593 liolocausui
2760 2556 2885 2610 ergo
2903 2540 3184 2608 promittit;
3203 2555 3413 2610 corpus.

1808 2628 2009 2683 Christi
2040 2629 2297 2697 loquitur,
2329 2630 2509 2684 unitas
2547 2629 2745 2684 Christi
2787 2631 3022 2701 IOquitur
3052 2649 3063 2683 :
3095 2628 3324 2683 Introibo
3346 2630 3408 2683 in.

1810 2720 2015 2773 domum
2043 2730 2183 2773 tuam
2210 2721 2263 2773 in
2293 2720 2619 2775 holocaustis.
2661 2721 2853 2776 Totum
2898 2738 3076 2776 meum
3121 2733 3403 2775 consumat

1811 2814 1945 2882 ignis
1973 2824 2129 2878 tuus;
2158 2813 2289 2866 nihil
2322 2814 2426 2867 mei
2458 2824 2738 2869 remaneat
2765 2813 2897 2868 mihi
2922 2855 2937 2881 ,
2987 2824 3155 2868 totum
3183 2813 3394 2867 sittibi.

1808 2902 1926 2960 Hoc
1958 2911 2134 2957 autem
2164 2904 2267 2957 erit
2313 2903 2367 2957 iu
2398 2905 2792 2959 resurrectione
2825 2905 3093 2973 justormu
3120 2906 3158 2967 ί,
3191 2904 3403 2973 quando

1809 3004 1855 3048 et
1882 2994 2206 3063 corruptibile
2242 2994 2337 3048 hoc
2362 2994 2598 3048 induetur
2636 2996 3048 3067 incorruptione,
3088 3007 3135 3050 et
3179 2995 3407 3049 mortale.

1807 3085 1900 3138 hoc
1922 3084 2157 3139 induetur
2184 3086 2583 3150 immortalitate;
2608 3094 2726 3140 tunc
2750 3087 2837 3157 ﬁet
2864 3086 3257 3157 quodscriptuiu
3282 3097 3354 3139 cst
3376 3100 3398 3140 :

1806 3177 2060 3247 Absorpta
2084 3185 2159 3232 est
2182 3192 2319 3233 mors
2343 3178 2395 3232 in
2422 3178 2680 3233 victoriam
2709 3180 2752 3249 (ι
2778 3179 2896 3233 (.‘or.
2930 3194 3023 3245 xv,
3056 3176 3168 3247 54).
3211 3178 3391 3233 Victo-

1806 3270 1884 3325 ria
1910 3273 2061 3343 quasi
2092 3273 2229 3343 ignis
2249 3272 2464 3328 divinus
2500 3283 2584 3329 est
2611 3292 2625 3327 :
2654 3290 2775 3328 cum
2803 3274 3055 3329 absorbet
3082 3284 3136 3327 et
3165 3282 3393 3327 mortem

1807 3375 2066 3432 nostram,
2092 3365 2457 3420 holocaustum
2483 3374 2585 3421 est.
2627 3366 2740 3421 Non
2771 3376 3012 3421 remanet
3042 3366 3265 3420 mortale
3292 3366 3394 3420 ali-

1805 3455 1930 3525 quid
1970 3456 2023 3511 in
2050 3471 2234 3523 carne,
2267 3472 2371 3512 non
2402 3470 2642 3513 remanet
2666 3459 2864 3529 aliquid
2895 3459 3159 3527 culpabile
3192 3459 3240 3511 in
3279 3457 3393 3526 spi-

1804 3546 1944 3611 ritu;
1974 3553 2144 3601 totum
2176 3562 2241 3601 ex
2268 3549 2475 3601 mortali
2511 3550 2612 3601 vita
2640 3558 3006 3614 consumetur,
3034 3559 3090 3602 ut
3118 3550 3167 3601 itt
3192 3560 3407 3607 aeterna-

1806 3638 1910 3689 vita
1937 3646 2338 3692 consummetur
2358 3640 2380 3669 ³
2415 3656 2429 3691 :
2462 3648 2620 3692 erunt
2645 3656 2771 3706 ergo
2801 3640 2885 3693 illa
2917 3639 3245 3693 holocausta.

1877 3728 1964 3783 l9.
2007 3726 2154 3800 [vers.
2190 3727 2302 3800 ιι]
2342 3729 2410 3784 Ει
2433 3731 2556 3799 quid
2587 3733 2688 3785 erit
2714 3732 2769 3796 ³,
2793 3733 2845 3784 in
2883 3732 3228 3786 holocaustis?
3259 3732 3415 3787 Red-9

1804 3818 1921 3871 dam
1941 3820 2029 3872 tibi
2055 3828 2168 3873 vota
2190 3836 2321 3883 mea,
2349 3836 2463 3889 (μίαν
2484 3821 2822 3875 distinxerunt
2847 3823 2980 3875 labia
3004 3839 3136 3875 mea.
3162 3825 3291 3889 Qua:
3311 3833 3394 3877 est

1804 3914 2073 3968 distinctio
2100 3914 2151 3967 in
2184 3913 2353 3967 votis?
2380 3914 2503 3969 llaec
2533 3926 2616 3969 est
2640 3914 2911 3970 distinctio
2934 3956 2950 3979 ,
2984 3924 3041 3968 ut
3070 3925 3122 3969 te
3147 3931 3388 3981 accuses,

1805 4004 1951 4057 illum
1989 4002 2204 4067 laudes;
2250 4013 2303 4059 te
2340 4005 2606 4074 intelligas
2636 4014 2955 4069 creaturam,
2988 4005 3140 4060 illum
3180 4016 3393 4060 creato-

1802 4110 1953 4157 rem;
1985 4104 2037 4149 te
2088 4096 2356 4157 tenebras,
2405 4096 2547 4150 illum
2602 4096 3040 4165 illuminatorem,
3077 4099 3161 4152 cui
3202 4097 3388 4154 dicas:

1802 4184 1884 4238 'fu
1912 4183 2218 4238 illuminabis
2247 4184 2503 4239 lucernam
2531 4204 2713 4252 meam,
2748 4188 3003 4250 Domine;
3042 4188 3178 4242 Deus
3230 4206 3391 4251 meus.

1804 4275 2113 4329 illuminabis
2171 4274 2396 4331 tenebras
2466 4295 2602 4332 meas
2651 4279 2825 4348 (Psal.
2882 4297 2989 4335 xvu
3019 4323 3034 4347 ,
3086 4280 3203 4351 29).
3257 4280 3389 4336 Nam

1806 4367 2021 4436 quando
2058 4367 2278 4432 dixeris,
2325 4383 2357 4420 ο
2395 4371 2593 4434 anima,
2640 4371 2763 4439 quia
2792 4386 2855 4424 ex
2889 4382 2939 4425 te
2970 4372 3061 4425 tibi
3093 4372 3254 4435 lucet,
3286 4388 3397 4429 non

1804 4458 2124 4526 distingues.
2147 4458 2200 4513 Si
2230 4474 2333 4511 non
2356 4459 2671 4529 distingues,
2706 4479 2810 4515 non
2840 4462 3032 4517 reddes
3056 4474 3177 4517 vota
3204 4462 3397 4518 distiu-

1804 4558 1909 4601 cta.
1942 4547 2123 4603 Redde
2148 4559 2267 4602 vota
2297 4550 2579 4615 distincta;
2609 4555 2864 4608 confitere
2895 4565 2945 4608 te
2976 4554 3305 4615 mutabilem,
3331 4556 3395 4608 il-

1804 4638 1913 4694 lum
1931 4639 2414 4696 incommutabilem
2440 4657 2453 4693 :
2478 4644 2731 4699 conﬁtere
2762 4656 2811 4698 te
2840 4646 2955 4701 sine
2982 4646 3072 4701 illo
3094 4646 3221 4700 nihil
3249 4662 3389 4711 esse,

1807 4733 1977 4801 ipsum
2007 4742 2185 4787 autem
2216 4733 2332 4788 sine
2356 4744 2405 4789 te
2435 4734 2727 4804 perfectum
2756 4754 2911 4804 esse;
2939 4749 2989 4794 te
3017 4739 3255 4810 indigere
3276 4740 3390 4803 illo,

1807 4824 1953 4877 illum
1984 4835 2160 4879 autem
2194 4825 2264 4879 ttti
2298 4840 2401 4879 non
2434 4827 2692 4897 indigere.
2720 4827 2898 4883 Clama
2925 4830 2991 4885 ad
3034 4830 3184 4885 illum
3220 4848 3231 4883 :
3270 4830 3395 4885 Dixi

1805 4914 2045 4978 Domino,
2086 4915 2227 4969 Deus
2253 4934 2390 4969 meus
2416 4935 2467 4976 es
2498 4929 2571 4981 tu,
2607 4922 2844 4987 quoniam
2886 4922 3129 4975 bonorum
3166 4938 3395 4977 meorum

1806 5024 1907 5060 non
1932 5005 2123 5076 indiges
2145 5008 2317 5073 (Psal.
2342 5025 2427 5073 xv,
2457 5008 2534 5076 9.).
2564 5010 2680 5065 Jam
2713 5028 2777 5067 eo
2796 5013 2937 5081 quod
2971 5024 3021 5067 te
3050 5014 3101 5067 in
3130 5013 3389 5067 holocau-

1807 5112 1945 5155 smm
1974 5100 2194 5154 assumit
2223 5100 2380 5167 Deus,
2408 5116 2512 5156 non
2547 5104 2633 5158 ille
2661 5108 2873 5171 crescit,
2907 5122 3013 5161 nou
3042 5107 3128 5161 ille
3148 5116 3391 5177 augetur,

1809 5210 1913 5247 non
1960 5193 2048 5246 ille
2091 5192 2271 5257 ditior,
2302 5210 2405 5247 non
2436 5194 2523 5249 ille
2553 5196 2858 5252 instructior
2886 5197 2942 5251 fit
2976 5216 2989 5250 :
3031 5199 3124 5252 tibi
3162 5210 3244 5252 est
3272 5214 3391 5254 me-

1809 5284 1910 5339 lius
1934 5282 2186 5353 qnidquid
2212 5285 2279 5338 de
2303 5295 2354 5337 te
2380 5300 2477 5353 pro
2504 5296 2553 5339 te
2576 5286 2733 5351 facit;
2764 5303 2867 5341 non
2895 5288 2944 5343 ei
2970 5289 3058 5359 qui
3089 5287 3234 5342 facit.
3264 5288 3391 5344 lituo

1809 5377 1851 5428 si
1879 5374 2183 5435 discernas,
2220 5374 2400 5429 reddis
2436 5389 2555 5429 vota
2590 5377 2700 5432 Deo
2741 5387 2853 5445 tuo,
2885 5394 3005 5449 qua:
3033 5378 3396 5439 distinxerunt

1809 5464 1945 5518 labia
1988 5472 2096 5517 tua.
2134 5464 2365 5519 Reddam
2412 5465 2498 5519 tibi
2546 5476 2658 5521 vota
2698 5485 2836 5535 mea,
2887 5484 3001 5541 qua:
3050 5469 3395 5525 distinxerunt

1810 5557 1944 5610 labia
1968 5572 2097 5609 mea.

1875 5650 1891 5679 ⁸
1917 5649 1990 5696 sic
2011 5653 2119 5695 Mss.
2149 5653 2202 5695 Αι
2216 5645 2351 5703 mit,
2377 5654 2691 5697 mortuorum.

1872 5710 1893 5739 ¹
1918 5710 1998 5758 Hic
2022 5707 2132 5777 add.
2157 5707 2351 5777 addunt,
2376 5716 2426 5758 ut
2451 5723 2483 5758 a
2503 5718 2654 5761 morte
2692 5724 2935 5764 serremur
2959 5715 3007 5765 in
3047 5714 3191 5767 ritum
3221 5725 3237 5762 .'
3271 5708 3402 5776 Quod

1812 5770 1951 5822 abest
1976 5782 2001 5817 a
2023 5769 2286 5830 potioribus
2308 5777 2411 5820 Mss.
2888 5788 2889 5791 η

1881 5833 1901 5865 ³
1927 5830 2112 5903 Aliquot
2130 5834 2293 5901 proli-.2
2317 5842 2442 5883 nota:
2465 5839 2765 5897 Mss.,ertmt.
