3934 6382
617 538 708 594 9.0.
748 533 898 610 [veru
929 528 1038 600 l5.1
1078 524 1140 581 Et
1182 526 1401 579 locutum
1436 527 1509 572 est
1542 530 1599 569 os
1630 526 1797 565 meum
1835 507 1888 560 in
1918 502 2125 556 tribula-

551 630 683 686 tione
726 599 856 681 mea.
902 623 1068 690 Quam
1113 615 1284 673 dulcis
1311 620 1574 678 estisazpe
1623 599 1923 659 tribulatio!
1966 608 2123 665 quam

553 717 881 775 necessaria!
909 712 1043 780 Quid
1070 711 1140 765 ibi
1176 708 1408 761 loculum
1433 707 1515 755 est
1539 711 1599 751 os
1627 694 1796 765 ipsius
1824 692 1874 744 in
1904 685 2126 742 tribula-

554 811 695 864 tione
724 806 855 862 sua?
885 779 1192 859 llolocausta
1208 795 1480 851 medullata
1497 789 1707 867 offerant
1729 784 1833 839 tibi.
1860 779 1995 850 Quid
2022 787 2127 867 est,

554 897 873 955 medullula?
910 896 1055 950 intus
1085 902 1290 946 teneam
1332 883 1645 940 cbaritatem
1677 864 1853 936 tuam;
1886 886 1988 925 non
2028 863 2132 923 erit

562 990 614 1042 in
664 984 978 1057 superlicic,
1025 983 1075 1036 in
1120 972 1528 1035 medullismeis
1553 968 1652 1024 erit
1685 964 1826 1037 quod
1868 961 2029 1029 diligo
2059 968 2130 1010 te.

557 1079 699 1135 Nihil
731 1056 872 1133 enim
909 1076 1128 1131 interius
1168 1067 1412 1127 medullis
1450 1062 1642 1119 nostris
1675 1076 1690 1112 :
1730 1056 1981 1110 interiora
2010 1063 2133 1101 os.~a

560 1184 680 1226 sont
729 1185 907 1233 carne,
940 1164 1185 1221 medulla:
1232 1158 1512 1214 interiores
1558 1160 1681 1207 sunt
1724 1148 1851 1218 ipsis
1902 1143 2130 1199 ossibus.

561 1261 811 1331 Quisquis
838 1273 964 1329 ergo
990 1259 1039 1310 in
1070 1250 1349 1324 superﬁcie
1374 1248 1500 1302 colit
1526 1245 1713 1303 Deum,
1738 1236 1904 1305 magis
1926 1235 2137 1303 placere

558 1354 669 1415 vult
722 1350 1056 1410 hominibus;
1112 1342 1252 1399 aliud
1295 1349 1473 1395 autem
1524 1337 1663 1389 intus
1708 1331 1979 1387 sentiens,
2029 1339 2133 1377 non

556 1445 713 1512 oﬂ'ert
741 1444 1044 1498 holocausta
1088 1434 1434 1492 medullarum
1484 1445 1499 1486 :

557 1507 662 1591 lam
694 1534 924 1604 inspicit,
957 1533 1125 1600 ipsum
1156 1536 1323 1581 totum
1350 1522 1557 1589 accipit.
1597 1518 1903 1570 llolocausta
1937 1507 2131 1561 medul-

558 1627 663 1682 lata
687 1600 898 1694 oﬂ'eram
922 1623 1028 1688 tibi,
1051 1637 1161 1675 cum
1182 1620 1379 1672 incenso
1400 1623 1446 1667 et
1471 1609 1725 1664 arietibus.
1754 1604 1959 1659 Arictcs
1976 1600 2137 1652 duces

560 1686 845 1773 Ecclesiae:
871 1686 1034 1769 totum
1065 1725 1255 1779 corpus
1280 1704 1471 1760 Christi
1495 1699 1751 1769 loquitur;
1784 1695 1883 1747 hoc
1902 1686 2136 1758 estquod

557 1808 716 1879 oll‘crt
753 1808 879 1861 Deo.
931 1805 1206 1858 Incensum
1234 1795 1359 1866 quid
1389 1793 1508 1848 est?
1545 1789 1748 1844 Oratio.
1787 1783 1915 1839 Cum
1939 1783 2141 1835 incenso

561 1909 609 1953 et
633 1897 905 1952 arietibus?
935 1894 1156 1948 Maxime
1186 1890 1324 1943 enim
1351 1887 1547 1940 arietes
1571 1888 1725 1935 orant
1752 1892 1847 1948 pro
1870 1873 2136 1943 gregibus.

566 1986 791 2056 O/fcram
821 1987 909 2041 tibi
932 1986 1074 2039 boves
1100 1998 1211 2035 cum
1252 1979 1422 2031 hircis.
1468 1975 1636 2029 Boves
1662 1968 1960 2023 invenimus
1991 1962 2141 2017 tritu-

563 2090 763 2146 rantes,
791 2086 843 2131 et
872 2076 970 2145 ipsi
996 2074 1285 2126 olTeruutur
1309 2069 1435 2121 Deo.
1471 2060 1753 2131 Apostolus
1775 2055 1843 2111 de
1863 2052 2144 2108 annuntiac

565 2142 767 2223 toribus
804 2142 1073 2232 Evangelii
1111 2158 1242 2215 dixit
1279 2151 1677 2222 intelligendum
1705 2145 1845 2215 quod
1886 2142 2139 2211 scriptum

562 2268 648 2312 est
676 2274 690 2311 :
718 2255 843 2312 Bovi
868 2252 1123 2308 trituranti
1147 2266 1202 2304 os
1230 2264 1328 2301 non
1355 2241 1648 2315 infrmabis.
1680 2232 1941 2303 Numquid
1966 2233 2028 2286 de
2053 2232 2141 2284 bo-

562 2351 656 2406 bus
694 2350 906 2421 pertinet
930 2346 997 2399 ad
1029 2342 1188 2398 Deum
1220 2341 1238 2411 (
1267 2340 1285 2394 l
1310 2336 1427 2395 Cor.
1463 2352 1534 2398 ts,
1568 2332 1669 2401 9)?
1699 2330 1836 2399 Ergo
1860 2325 2037 2395 magni
2069 2323 2142 2421 illi

563 2442 789 2502 arietes,
822 2438 995 2506 magni
1024 2438 1204 2490 boves.
1232 2430 1366 2500 Quid
1401 2425 1628 2495 reliqui,
1670 2421 1757 2489 qui
1788 2421 1920 2472 forte
1942 2412 2142 2469 conscii

565 2544 691 2588 sunt
713 2533 1008 2602 aliquorum
1042 2536 1375 2597 peccatorum
1404 2535 1419 2584 ;
1450 2518 1539 2587 qui
1567 2514 1699 2569 forte
1732 2512 1783 2565 in
1815 2511 1930 2579 ipso
1955 2507 2144 2559 itinere

566 2624 700 2695 lapsi
753 2631 916 2688 suat,
961 2631 1014 2675 et
1046 2596 1275 2671 sauciati
1324 2628 1417 2682 per
1448 2605 1811 2681 penitentiam
1855 2596 2145 2655 sanantur?

566 2693 833 2784 Numquid
875 2720 929 2767 et
958 2709 1056 2779 ipsi
1086 2704 1455 2766 remanebunt,
1503 2708 1556 2752 et
1596 2696 1661 2750 ad
1700 2693 2006 2748 holocausta
2038 2701 2143 2739 nou

567 2779 945 2878 pertinebunt?
977 2801 1050 2857 Nc
1079 2800 1175 2869 ipsi
1210 2798 1448 2854 timeant.
1476 2790 1678 2845 addidit
1701 2796 1755 2841 et
1781 2786 1958 2838 hircos
1986 2799 1999 2834 :
2036 2779 2146 2833 Ho-

567 2876 814 2961 locausta,
846 2895 1035 2963 inquit,
1066 2890 1341 2945 medullula
1364 2884 1573 2951 olferam
1595 2881 1701 2941 tibi,
1740 2894 1855 2931 cum
1879 2876 2079 2929 incenso
2100 2883 2146 2925 et

568 2989 803 3043 arietibus
830 3002 849 3040 :
873 2984 1083 3051 o/Teram
1119 2981 1206 3033 tibi
1235 2980 1377 3032 boves
1418 2990 1532 3027 cum
1570 2970 1741 3024 hircis.
1796 2962 2147 3035 Adjnuctione

569 3082 681 3146 ipsa
722 3078 995 3132 Salvautur
1036 3071 1164 3126 hirci
1217 3086 1231 3123 :
1278 3083 1371 3136 per
1399 3080 1457 3117 se
1491 3079 1593 3115 non
1624 3066 1880 3129 possunt;
1912 3051 2144 3122 adiuncti

572 3170 741 3225 bobus
768 3165 1120 3232 accipiuntur.
1167 3161 1429 3215 Fecerunt
1464 3155 1607 3211 .uim
1640 3151 1841 3204 amicos
1876 3146 1944 3201 de
1974 3160 2145 3199 mam-

576 3276 733 3319 mona
784 3256 1103 3327 iniquitatis,
1161 3262 1219 3308 ut
1268 3250 1365 3319 ipsi
1420 3247 1675 3315 recipiant
1719 3256 1813 3295 eos
1855 3240 1908 3294 in
1948 3243 2147 3292 acterna

572 3351 914 3409 tabernacula
970 3345 1142 3422 (Luc.
1190 3360 1318 3406 ενι,
1371 3340 1468 3405 9).
1523 3339 1663 3406 Ergo
1715 3334 1802 3389 ἱειὶ
1856 3333 1983 3386 hirci
2041 3345 2146 3383 non

570 3457 726 3501 erunt
749 3461 777 3498 a
808 3442 1037 3499 sinistris
1058 3483 1072 3506 ,
1105 3440 1227 3508 quia
1260 3437 1501 3490 fecerunt
1523 3431 1623 3485 sibi
1650 3428 1851 3482 amicos
1884 3425 1951 3478 de
1978 3438 2147 3477 mam-

571 3550 726 3590 mona
752 3531 1062 3604 iniquitatis.
1092 3529 1193 3595 Qui
1223 3535 1397 3579 autem
1427 3522 1559 3577 hirci
1591 3520 1656 3572 ad
1681 3516 1985 3571 sinistram?
2010 3513 2148 3580 Qui-

570 3631 672 3683 lms
698 3629 923 3691 dicetur,
972 3622 1191 3685 Esuritti,
1242 3630 1287 3673 et
1317 3636 1415 3671 non
1443 3615 1651 3669 dedistis
1690 3611 1812 3665 mihi
1847 3609 2153 3662 manducare

574 3720 785 3791 (Matth.
825 3733 913 3779 xv,
955 3715 1042 3785 42)
1089 3732 1102 3767 :
1150 3728 1253 3767 non
1297 3710 1385 3780 qui
1422 3718 1635 3778 peccata
1674 3718 1768 3757 sua
1799 3697 2148 3769 eleemosynis

576 3812 933 3867 redemerunt.

642 3904 733 3957 2|.
794 3900 942 3975 [uers.
997 3898 1063 3953 16
1092 3938 1106 3960 ,
1155 3894 1264 3968 17.]
1311 3894 1516 3953 Venite,
1568 3890 1769 3952 audite,
1820 3896 1866 3940 et
1912 3884 2147 3947 narrabo,

577 4010 749 4049 attines
790 3974 876 4063 qui
913 3992 1096 4045 timetis
1138 3989 1319 4041 Deum.
1374 3984 1675 4043 Veniamus,
1715 3979 1991 4033 audiamus
2025 3974 2152 4046 quid

578 4095 894 4141 narraturus
935 4090 1034 4137 est.
1078 4080 1279 4142 Venite,
1328 4076 1496 4129 audite
1518 4115 1533 4136 ,
1576 4084 1621 4126 et
1648 4071 1879 4124 narrabo.
1908 4069 2009 4123 Sed
2040 4067 2149 4136 qui,

594 4180 768 4232 Venite
794 4188 840 4230 et
869 4176 1040 4228 audite
1060 4174 1085 4226 ?
1135 4172 1318 4226 Omnes
1358 4168 1445 4238 qui
1471 4166 1648 4220 timetis
1675 4164 1855 4216 Deum.
1895 4160 1950 4215 Si
1989 4161 2153 4214 Deum

579 4287 683 4324 non
716 4268 935 4333 timetis,
980 4280 1082 4318 non
1128 4258 1375 4317 narrabo.
1410 4258 1524 4313 Non
1567 4266 1649 4311 est
1672 4254 1862 4323 quibus
1891 4258 2153 4312 narretur,

581 4361 669 4414 ubi
698 4361 787 4414 Dei
819 4360 978 4413 timor
998 4372 1102 4410 non
1131 4365 1233 4408 cst.
1270 4353 1359 4407 Dei
1391 4353 1547 4404 timor
1573 4347 1779 4417 aperiat
1801 4358 1977 4409 aures,
2008 4352 2066 4395 ut
2086 4342 2157 4394 sit

579 4453 719 4523 quod
735 4454 912 4511 intret,
927 4458 980 4504 et
996 4464 1096 4517 qua
1111 4448 1270 4500 intret
1281 4444 1419 4513 quod
1441 4450 1746 4497 narraturus
1760 4452 1894 4488 sum.
1910 4432 2016 4488 Sed
2030 4432 2156 4501 quid

580 4552 660 4597 cst
682 4540 1019 4607 narraturus?
1047 4538 1248 4604 Quanta
1268 4536 1381 4605 fecit
1404 4530 1586 4593 anima:
1610 4544 1748 4582 mete.
1779 4528 1913 4581 Ecce
1940 4538 2158 4578 narrare

582 4637 720 4699 vult;
745 4634 835 4688 sed
854 4633 976 4703 quid
995 4641 1075 4686 cst
1095 4629 1428 4683 narraturus“!
1449 4612 1523 4678 An
1551 4624 1684 4677 forte
1707 4628 1956 4688 quantum
1984 4626 2161 4686 pateat

583 4738 746 4789 terra,
772 4733 1024 4795 quantum
1063 4719 1394 4775 distendatur
1439 4716 1654 4775 etclam,
1689 4720 1744 4766 et
1770 4720 1898 4778 quot
1939 4710 2045 4762 sint
2084 4708 2160 4760 si-

583 4817 732 4879 dera,
770 4824 825 4869 et
850 4830 967 4883 qua:
997 4814 1104 4867 sint
1133 4812 1275 4864 vices
1300 4807 1429 4862 solis
1469 4815 1523 4860 et
1563 4802 1742 4859 lunaz?
1774 4802 1875 4855 Ista
1916 4807 2159 4853 creatura

585 4904 790 4974 peragit
814 4902 1225 4956 ordinemsuum
1250 4917 1264 4951 :
1293 4898 1378 4964 qui
1404 4898 1622 4948 multum
1650 4908 1765 4947 eam
1791 4880 1996 4945 curiose
2017 4904 2163 4974 qure-

586 4998 789 5049 sicrunt
812 5035 828 5057 ,
876 4993 991 5061 ejus
1018 5000 1311 5045 creatorem
1359 4990 1733 5056 ignoraverunt
1760 4982 1911 5054 (Sap.
1935 4964 2048 5043 xui,
2080 4978 2159 5047 9).

590 5083 723 5140 Illud
779 5084 979 5149 audite,
1031 5081 1157 5135 illud
1206 5080 1447 5148 accipite,
1502 5093 1536 5130 ο
1572 5080 1589 5107 ί
1620 5077 1705 5144 qui
1749 5075 1929 5127 timetis
1979 5072 2161 5135 Deum,

589 5187 780 5250 quanta
809 5176 923 5246 fecit
946 5176 1127 5227 animat
1152 5189 1274 5226 mea:
1298 5172 1371 5225 :si
1405 5171 1581 5231 vultis,
1606 5178 1659 5222 ct
1689 5152 1875 5220 vestrae
1892 5167 1933 5218 '.
1964 5164 2164 5229 Quanta

591 5271 708 5343 fecit
747 5270 931 5322 animi:
957 5282 1101 5322 mete.
1141 5266 1218 5331 Ad
1253 5267 1419 5333 ipsum
1448 5279 1533 5316 ore
1560 5277 1669 5313 meo
1697 5261 1927 5312 clamaui.
1969 5257 2035 5309 Et
2063 5255 2165 5307 hoc

592 5361 765 5428 ipsum
793 5358 986 5411 factum
1014 5356 1143 5410 dicit
1169 5355 1359 5408 animm
1386 5367 1496 5405 sua:
1522 5368 1536 5402 :
1570 5358 1625 5402 ut
1652 5348 1716 5401 ad
1749 5349 1919 5415 ipsum
1949 5358 2042 5397 ore
2069 5357 2167 5396 suo

590 5454 864 5514 clamaret,
890 5448 1081 5502 factum
1107 5460 1224 5500 esse
1247 5443 1372 5497 dicit
1392 5440 1580 5495 animae
1606 5454 1735 5491 suae.
1764 5437 1923 5498 Ecce,
1957 5433 2164 5491 fratres.

590 5542 789 5598 Gentes
815 5554 1046 5602 eramus,
1082 5537 1182 5592 etsi
1211 5550 1315 5589 non
1348 5534 1397 5585 in
1444 5530 1615 5592 nobis,
1653 5530 1703 5583 iu
1736 5526 2041 5598 parentibus
2069 5540 2168 5576 uo-

665 5762 676 5789 ι
702 5767 802 5805 nuo
822 5763 951 5814 Mss,
971 5753 1093 5804 illud
1115 5749 1334 5807 accipite,
1357 5760 1517 5797 omnes
1552 5745 1651 5809 qui,
1677 5754 1771 5795 etc.

666 5841 686 5870 ³
710 5841 782 5887 sic
796 5837 976 5895 aliquot
1001 5844 1104 5883 MSS.
1133 5832 1215 5882 Alii
1239 5844 1347 5881 cum
1377 5835 1507 5893 Low,
1531 5834 1574 5879 et
1594 5835 1745 5877 vestra
1773 5830 1860 5875 est.

1542 1425 1693 1496 cuius
1722 1431 1898 1476 autem
1926 1416 2134 1472 medul-
2167 1477 2171 1481 ί

1783 393 1840 449 S.
1881 383 2245 445 AUGUS’I‘lNl
2270 384 2579 442 EPISCOPI
3716 371 3809 427 800

2238 499 2381 553 stris.
2414 497 2480 555 Et
2505 497 2629 570 quid
2655 497 2785 553 dicit
2811 494 3136 567 Apostolus?
3183 494 3337 551 Scitis
3360 536 3375 561 ,
3405 493 3614 565 quando
3636 490 3810 546 Gentes

2235 591 2405 656 eratis,
2442 597 2509 644 ad
2534 590 2807 645 simulacra
2831 590 2939 643 sine
2964 604 3082 643 voce
3096 586 3344 657 quomodo
3370 583 3717 639 ascendebatis
3738 583 3811 635 in-

2235 684 2373 738 ducti
2393 684 2436 753 (1
2465 683 2583 739 Car.
2612 698 2707 748 xu,
2727 682 2806 752 2).
2836 682 2985 738 Dicat
3012 696 3151 737 nunc
3177 680 3437 747 Ecclesia,
3470 679 3676 748 Quanta
3698 678 3817 746 [ait

2235 777 2417 830 anim
2436 790 2576 830 mete.
2599 773 2680 828 Ad
2702 776 2866 843 ipsum
2888 789 2976 827 ore
2998 789 3107 827 meo
3134 772 3365 826 clamavi.
3395 771 3569 826 llomo
3601 772 3618 804 ί
3649 771 3717 823 ad
3745 770 3814 822 la-

2238 863 2412 934 pidem
2434 864 2749 930 clamabam,
2776 862 2843 917 ad
2862 864 3056 932 lignum
3070 862 3289 915 surdum
3310 861 3630 922 clamabam,
3652 860 3817 913 simu-

2238 955 2391 1009 lacris
2416 955 2591 1009 surdis
2616 955 2774 1009 mutis
2794 954 3045 1024 loquebar
3067 971 3082 1007 :
3107 954 3218 1023 jam
3244 954 3416 1024 imago
3443 953 3533 1008 Dei
3558 967 3816 1007 conversa

2239 1054 2317 1100 est
2364 1044 2429 1098 ad
2471 1045 2776 1099 Creatorem
2821 1060 2999 1100 somn.
3044 1044 3143 1110 Qui
3185 1044 3425 1099 dicebam
3456 1044 3639 1114 ligno,’
3662 1042 3813 1096 Pater

2239 1152 2375 1190 meus
2400 1153 2451 1190 es
2481 1145 2573 1199 tu;
2610 1147 2656 1188 ct
2690 1135 2873 1204 lapidi,
2906 1136 2982 1189 Tu
3011 1152 3089 1189 me
3111 1135 3326 1205 genuisti
3356 1133 3568 1204 (Jerem.
3600 1150 3660 1199 ιι,
3688 1134 3813 1204 Ξῖ);

2239 1230 2397 1283 modo
2422 1229 2563 1294 dico,
2598 1226 2755 1282 Pater
2773 1240 2956 1293 noster,
2978 1230 3062 1298 qui
3086 1245 3136 1281 es
3161 1229 3213 1281 in
3237 1230 3371 1282 cretis
3392 1227 3604 1296 (Matth.
3638 1244 3712 1290 γι,
3738 1228 3814 1298 9).

2237 1320 2321 1373 Ad
2359 1321 2525 1389 ipsum
2571 1335 2657 1373 ore
2695 1336 2805 1372 meo
2851 1320 3081 1373 clamavi.
3136 1318 3237 1373 Ore
3264 1336 3373 1372 meo
3407 1320 3539 1388 jam.
3588 1336 3695 1374 non
3726 1335 3827 1374 ore

2239 1412 2433 1467 alieno.
2462 1411 2685 1477 Quando
2709 1412 3001 1465 clamabam
3028 1410 3095 1465 ad
3123 1411 3325 1479 lapides
3353 1410 3405 1465 in
3436 1392 3571 1466 vana
3595 1428 3819 1467 Conver-

2241 1503 2445 1555 satione
2474 1513 2705 1570 putemne
2739 1502 3035 1556 traditionis
3069 1502 3108 1572 (I
3143 1500 3279 1554 Patr.
3310 1517 3347 1561 ι.
3379 1503 3488 1571 18),
3517 1518 3614 1556 ore
3643 1503 3816 1557 alieno

2241 1592 2532 1646 clamabam
2565 1608 2579 1644 :
2610 1593 2822 1661 quando
2856 1592 3077 1647 clamavi
3104 1592 3171 1646 ad
3204 1593 3505 1660 Dominum,
3536 1595 3677 1665 quod
3710 1599 3817 1664 ipse

2241 1684 2476 1749 donavit,
2504 1684 2643 1753 quod
2670 1683 2782 1736 i'tsc
2822 1684 3116 1752 iuSpiravit,
3154 1684 3223 1737 ad
3246 1685 3410 1753 ipsum
3446 1700 3534 1739 ore
3572 1702 3683 1739 meo
3707 1686 3815 1738 cla-

2244 1775 2394 1835 maui,
2414 1784 2463 1828 et
2488 1766 2706 1828 exaltari
2731 1777 2819 1827 sub
2845 1777 3016 1845 lingua
3042 1792 3172 1829 mea.
3203 1776 3339 1843 Quid
3365 1787 3468 1843 est,
3495 1778 3711 1831 clamavi
3736 1793 3818 1831 ore

2244 1882 2374 1931 mea,
2404 1876 2453 1920 et
2479 1865 2694 1919 excitavi
2724 1867 2811 1919 sub
2836 1868 3008 1936 lingua
3036 1884 3163 1920 mea.
3198 1867 3369 1936 Ipsum
3397 1868 3607 1938 publice
3630 1870 3819 1938 pncdi-

2244 1956 2381 2021 cavi,
2433 1956 2603 2024 ipsum
2662 1957 2713 2010 in
2752 1967 2958 2011 secreto
3004 1956 3282 2012 confessus
3321 1974 3459 2012 sum.
3505 1959 3701 2013 Parum
3740 1970 3818 2013 est

2245 2046 2411 2100 Deum
2449 2048 2685 2102 exaltare
2730 2049 2937 2117 lingua;
2977 2049 3071 2107 sed
3099 2056 3156 2104 et
3186 2049 3287 2104 sub
3322 2050 3520 2119 lingua,
3571 2060 3629 2103 ut
3678 2051 3816 2119 quod

2243 2146 2421 2190 certus
2447 2136 2696 2207 loqueris,
2726 2139 2827 2191 hoc
2854 2138 3042 2193 tacitus
3068 2140 3287 2208 cogites.
3318 2140 3397 2194 Ad
3420 2141 3583 2212 ipsum
3605 2158 3691 2195 ore
3712 2158 3821 2193 meo

2245 2226 2456 2279 clamaui
2476 2268 2490 2289 ,
2521 2238 2567 2281 et
2594 2229 2810 2281 exaltari
2836 2229 2927 2281 sub
2947 2230 3120 2300 lingua
3144 2248 3272 2284 utea.
3306 2230 3440 2285 Vide
3468 2246 3625 2298 quam
3656 2232 3709 2284 in
3736 2246 3821 2285 sc-

2244 2328 2393 2372 creto
2434 2320 2545 2373 vult
2590 2335 2709 2374 esse
2736 2319 2937 2390 integer
2960 2323 3049 2391 qui
3090 2322 3246 2377 oll‘crt
3276 2322 3582 2377 holocausta
3615 2322 3819 2377 medul-

2248 2409 2373 2464 lata.
2425 2410 2537 2465 Hoc
2578 2413 2739 2481 agite.
2786 2411 2993 2475 fratres,
3029 2412 3130 2467 hoc
3172 2414 3469 2479 imitamini,
3513 2425 3568 2469 ut
3612 2415 3820 2479 dicatis,

2258 2494 2467 2566 Venite,
2497 2504 2666 2556 audite
2703 2515 2891 2575 quanta
2922 2505 3038 2575 fecit
3066 2508 3249 2559 anima:
3290 2522 3432 2561 mete.
3468 2507 3656 2562 Omnia
3681 2510 3821 2562 enim

2248 2609 2365 2662 qua:
2422 2607 2656 2656 enarrat,
2702 2596 2868 2664 ipsius
2910 2596 3075 2666 gratia
3120 2598 3250 2651 liuut
3304 2598 3354 2651 in
3405 2600 3578 2653 anima
3622 2610 3821 2653 nostra.

2250 2684 2435 2739 Videte
2460 2687 2556 2738 alia
2587 2702 2704 2756 qum
2733 2686 2894 2740 dicat.

2317 2774 2407 2828 2'2.
2449 2774 2596 2847 [υρη.
2632 2776 2743 2849 18.]
2783 2777 3105 2845 Iniquitatem
3131 2782 3175 2833 si
3196 2783 3432 2851 conspexi
3450 2783 3501 2835 in
3520 2783 3672 2836 corde
3694 2802 3822 2851 meo,

2248 2884 2349 2922 non
2385 2869 2625 2923 exaudiat
2662 2872 2683 2903 ³
2716 2871 2983 2927 Dominus.
3025 2870 3368 2929 Considerate
3419 2876 3579 2929 modo
3613 2876 3821 2941 fratres,

2247 2974 2406 3026 quam
2432 2958 2605 3021 facile,
2636 2976 2791 3030 quam
2826 2962 3062 3031 quotidie
3093 2963 3334 3019 homines
3359 2966 3745 3022 erubescentes
3772 2970 3819 3023 in

2250 3049 2550 3103 hominibus
2593 3051 2895 3122 iniquitates
2930 3064 3183 3109 accusant
3227 3069 3242 3110 :
3284 3057 3418 3111 Male
3445 3057 3591 3123 fecit,
3622 3060 3824 3128 perdite

2248 3137 2395 3206 fecit,
2438 3141 2726 3196 sceleratus
2755 3142 2918 3197 homo
2958 3155 3042 3200 est
3069 3162 3083 3200 :
3115 3145 3217 3201 hoc
3242 3146 3377 3202 forte
3404 3159 3623 3219 propter
3651 3151 3821 3205 homi-

2254 3246 2347 3283 nes
2376 3231 2522 3285 dicit.
2549 3232 2684 3287 Vide
2711 3234 2755 3287 si
2797 3250 2902 3288 non
2932 3236 2982 3289 iu
3012 3235 3175 3293 corde
3213 3247 3303 3291 tuo
3328 3241 3592 3309 conspicis
3632 3243 3824 3310 iniqui-

2252 3329 2446 3386 t'ttcm;
2476 3337 2542 3376 ue
2569 3319 2708 3378 forte
2747 3325 2887 3394 quod
2929 3327 3277 3395 reprehendis
3306 3328 3358 3383 in
3402 3332 3592 3399 altero,
3626 3334 3825 3404 cogites

2252 3408 2426 3511 facere
2446 3452 2461 3475 ,
2492 3421 2547 3466 et
2576 3412 2697 3468 ideo
2739 3413 2794 3469 in
2834 3416 2979 3470 illum
3008 3419 3238 3483 clames,
3271 3435 3377 3474 non
3404 3424 3524 3491 quia
3555 3422 3702 3489 fecit,
3734 3428 3825 3479 sed

2252 3506 2646 3567 quiainventus
2680 3514 2784 3558 est.
2816 3506 2951 3561 Redi
2985 3509 3051 3562 ad
3098 3519 3179 3577 te;
3212 3510 3353 3564 intus
3378 3524 3495 3567 esto
3522 3515 3615 3568 tibi
3639 3516 3821 3582 judex.

2254 3591 2391 3647 Ecce
2429 3594 2478 3646 in
2519 3596 2763 3650 cubiculo
2788 3606 2879 3651 tuo
2901 3599 3233 3667 abscondito,
3266 3603 3316 3656 in
3343 3602 3454 3673 ipsa
3485 3622 3617 3660 vena
3647 3608 3825 3662 intima

2254 3684 2453 3751 cordis,
2485 3686 2572 3740 ubi
2600 3698 2654 3740 tu
2683 3689 2833 3743 solus
2848 3705 2929 3755 es,
2954 3701 3009 3745 et
3035 3692 3123 3747 ille
3144 3695 3234 3763 qui
3267 3694 3441 3760 videt,
3471 3696 3579 3751 illic
3603 3698 3697 3753 tibi
3722 3699 3828 3754 diso

2257 3777 2450 3845 pliceat
2496 3777 2777 3848 iniquitas,
2828 3791 2888 3835 ut
2931 3782 3141 3852 placeas
3181 3785 3309 3841 Deo.
3340 3786 3456 3842 Noli
3487 3788 3631 3843 illam
3664 3791 3828 3860 respi-

2253 3889 2399 3941 cere,
2431 3874 2484 3930 id
2509 3886 2591 3931 est
2616 3918 2632 3943 ,
2664 3877 2772 3932 noli
2803 3878 2943 3933 illam
2970 3879 3217 3951 diligere;
3259 3882 3351 3937 sed
3381 3884 3554 3951 potius
3590 3883 3825 3954 despice,

2256 3965 2308 4020 id
2335 3980 2439 4036 est,
2462 3978 2767 4036 contemne,
2799 3981 2852 4025 et
2874 3983 3115 4028 avertere
3143 3973 3211 4028 ah
3238 3991 3323 4029 ca.
3356 3975 3620 4042 Quidquid
3654 3978 3825 4031 laetum

2252 4060 2577 4130 promiserit,
2606 4072 2663 4115 ut
2690 4063 2872 4118 illiciat
2896 4062 2962 4116 ad
2989 4064 3315 4131 peccandum
3341 4080 3355 4128 ;
3385 4046 3641 4136 quidquid
3683 4068 3828 4120 triste

2258 4154 2452 4206 minata
2480 4152 2669 4210 fuerit.
2712 4162 2770 4209 ut
2797 4154 3031 4223 impellat
3058 4154 3122 4209 ad
3151 4155 3620 4225 malefaciendum,
3668 4168 3827 4213 totum

2252 4244 2386 4317 nihil
2414 4252 2516 4309 est,
2540 4252 2706 4298 totum
2735 4245 2924 4299 transit
2949 4260 2965 4309 ;
3008 4244 3206 4316 despici
3242 4245 3456 4315 dignum
3484 4257 3562 4301 est
3587 4289 3602 4313 ,
3638 4257 3694 4300 ut
3721 4250 3829 4300 cal-

2258 4344 2442 4400 cetur;
2494 4341 2618 4388 non‘
2644 4336 2903 4406 conspici,
2935 4346 2994 4390 ut
3020 4347 3346 4404 acceptetur.
3395 4336 3664 4411 [Suggerit
3690 4342 3827 4394 enim

2259 4429 2542 4498 aliquando
2569 4444 2661 4498 per
2686 4430 3052 4498 cogitationes,
3086 4431 3169 4484 vel
3199 4446 3291 4499 per
3325 4431 3481 4484 verba
3521 4432 3830 4502 colloquen-

2262 4522 2389 4574 tium
2419 4520 2698 4574 malordm.
2725 4520 3081 4591 Corrumpunt
3104 4522 3244 4577 enim
3271 4538 3443 4577 mores
3466 4524 3656 4587 bonos,
3676 4527 3833 4580 collo-

2262 4614 2382 4682 quia
2410 4612 2547 4666 mala
2586 4629 2600 4665 :
2645 4620 2699 4666 tu
2727 4613 2831 4666 noli
2857 4628 2919 4666 ea
2948 4613 3213 4681 respicere
3242 4613 3282 4685 (l
3315 4614 3431 4667 Cor.
3461 4628 3555 4679 xv,
3589 4613 3704 4688 33).
3732 4614 3830 4670 Sed

2263 4719 2449 4773 parum
2485 4713 2567 4757 est
2595 4703 2647 4758 in
2674 4705 2821 4757 vultu
2842 4748 2854 4767 ,
2902 4720 3083 4774 parum
3112 4715 3197 4760 est
3234 4706 3286 4759 in
3315 4706 3490 4775 lingua
3531 4723 3546 4760 :
3594 4707 3648 4759 in
3679 4708 3833 4761 corde

2266 4795 2372 4850 noli
2408 4796 2694 4864 respicere,
2728 4794 2777 4848 id
2809 4805 2908 4860 est,
2953 4796 3059 4849 noli
3099 4796 3339 4865 diligere,
3388 4797 3494 4851 noli
3539 4806 3832 4867 acceptare.

2265 4886 2397 4940 Nam
2425 4893 2722 4953 respectum
2754 4900 2849 4953 pro
2873 4885 3154 4940 dilectione
3182 4887 3302 4955 poni
3322 4887 3685 4955 quotidiamun
3711 4898 3789 4943 est
3817 4904 3832 4941 ε

2267 4977 2439 5045 primo
2464 4977 2586 5044 quia
2624 4974 2690 5029 de
2717 4976 2825 5029 Deo
2862 4975 3106 5037 dicimus,
3139 4976 3388 5043 Respexit
3421 4992 3526 5031 me.
3570 4978 3709 5046 Quid
3740 4990 3839 5045 est,

2268 5068 2523 5137 Respexit
2543 5068 2668 5121 me?
2694 5070 2829 5120 Ante
2850 5068 2992 5119 enim
3017 5074 3067 5121 te
3092 5081 3197 5121 non
3224 5066 3478 5121 videbat?
3498 5070 3605 5123 Aut
3629 5085 3836 5124 sursum

2269 5158 2593 5222 attendebat,
2632 5166 2686 5211 et
2709 5156 2951 5225 precibus
2983 5157 3086 5209 tuis
3111 5158 3463 5212 commonitus
3496 5167 3597 5222 est,
3628 5169 3688 5212 ut
3714 5163 3763 5213 in
3795 5170 3840 5212 te

2270 5252 2451 5306 oculos
2485 5250 2758 5304 mitteret?
2806 5248 3028 5303 Videbat
3074 5258 3126 5303 tc
3165 5260 3218 5303 et
3248 5258 3403 5312 ante;
3433 5250 3526 5303 sed
3547 5292 3563 5317 ,
3594 5250 3839 5321 Respexit

2273 5358 2379 5407 me,
2408 5342 2560 5405 dicis,
2589 5341 2782 5395 Dilexit
2801 5355 2906 5394 me.
2936 5341 2999 5394 Et
3019 5339 3214 5393 homini
3241 5341 3326 5409 qui
3360 5349 3407 5393 te
3428 5341 3590 5407 videt,
3608 5352 3664 5396 et
3697 5358 3843 5413 rogas

2273 5452 2416 5496 cum.
2450 5435 2603 5498 dicis,
2631 5444 2689 5486 ut
2713 5433 3026 5486 misereatur
3053 5432 3145 5497 tui,
3183 5433 3403 5498 Respice
3436 5450 3542 5491 me.
3568 5434 3734 5490 Videt
3762 5446 3844 5498 te;

2274 5533 2327 5580 ct
2355 5526 2487 5582 dicis
2506 5568 2520 5588 ,
2554 5525 2779 5595 Respice
2808 5538 2911 5576 me.
2951 5524 3086 5588 Quid
3111 5532 3194 5576 est
3213 5564 3228 5586 ,
3255 5523 3477 5591 Respice
3506 5541 3592 5579 me
3609 5525 3641 5579 ?-
3662 5527 3846 5596 Dilige,

2275 5616 2507 5679 attende,
2539 5618 2789 5669 miserere
2818 5616 2937 5667 mei.
2972 5614 3110 5683 Ergo
3135 5629 3239 5666 non
3273 5615 3387 5666 idco
3412 5615 3563 5679 dixit,
3593 5615 3843 5683 Iniquita-

2344 5754 2359 5784 ι
2386 5754 2458 5801 sic
2482 5759 2587 5800 Mss.
2616 5758 2665 5804 Αι
2690 5751 2822 5807 ruu.,
2841 5749 2954 5799 aliut
2977 5747 3043 5797 ad
3066 5748 3296 5810 lapidem.

2343 5817 2361 5846 ³
2386 5816 2457 5863 sic
2603 5814 2741 5875 juxta
2764 5821 2908 5861 trace.
2946 5816 3069 5860 cxx.
3100 5818 3146 5860 At
3168 5810 3300 5871 told,
3324 5812 3569 5861 exaudiet.
