3934 6340
191 373 283 433 ’801
1287 387 1679 446 ΕΝᾹΠΙΜΤΙΟ
1721 393 1734 446 l

1840 393 2140 450 “SALMUM
2189 400 2315 453 [XV
2331 401 2364 452 l.

197 505 286 543 tem
313 491 353 542 si
380 491 555 560 aspexi
584 491 631 545 in
659 494 804 546 corde
833 511 938 549 meo
961 539 972 559 ,
1005 497 1122 565 quia
1156 502 1373 554 omnino
1403 505 1544 557 nulla
1570 505 1759 574 iniqui-

195 591 269 634 tas
295 582 588 650 suggeritur
608 585 754 638 cor-di
786 585 1035 639 lunnano.
1064 589 1136 643 lbi
1164 595 1480 661 suggeritur,
1507 612 1609 649 non
1645 612 1763 650 ces-

192 682 266 722 sat
290 673 589 741 suggestio;
621 675 712 727 sed
737 691 840 728 non
865 679 953 729 liat
982 682 1263 746 respectio.
1291 683 1344 736 Si
1373 686 1514 737 enim
1547 687 1764 754 respicis

192 761 531 830 iniquitatem.
564 777 706 817 retro
736 767 962 834 aspicis,
995 779 1048 822 et
1071 770 1295 825 incurris
1331 775 1645 827 sententiam
1680 776 1762 828 di-

188 854 349 905 centis
375 855 577 908 Domini
601 856 655 910 in
685 857 970 926 Evangelia
997 879 1007 912 :
1045 860 1208 915 Nemo
1231 880 1422 932 ponens
1446 883 1648 918 manum
1677 885 1763 921 su-

188 961 270 1010 per
290 955 513 998 aratrum
540 958 582 1000 et
600 950 867 1018 respiciens
888 948 1048 1018 retro,
1062 963 1209 1022 aptus
1233 965 1304 1009 est
1326 972 1477 1025 regno
1498 957 1589 1010 Dei
1611 955 1763 1027 (Luc.

187 1052 254 1099 ut,
277 1036 390 1092 62).
424 1038 558 1099 Quid
581 1055 710 1109 ergo
730 1039 900 1095 debeo
928 1040 1142 1097 facere?
1176 1044 1324 1112 Quod
1345 1048 1418 1099 ait
1442 1031 1722 1114 Apostolus
1747 1067 1759 1100 :

187 1129 306 1194 Qua:
327 1140 458 1183 retro
486 1132 684 1192 oblitus,
709 1134 760 1184 in
780 1151 838 1185 ea
857 1150 968 1203 qua:
991 1145 1104 1188 ante
1120 1149 1236 1189 sunt
1257 1148 1483 1191 extentus
1505 1138 1759 1206 (Philipp.

184 1234 254 1282 ιιι,
284 1220 396 1284 15).
450 1220 611 1274 Retro
638 1222 776 1276 enim
808 1234 988 1277 nostra
1033 1227 1208 1279 omnia
1254 1243 1370 1295 quae
1415 1230 1757 1294 transierunt,

184 1309 350 1377 iniqua
373 1319 514 1364 sunt.
545 1311 714 1366 Nemo
731 1329 792 1366 ex
817 1314 957 1367 bono
974 1317 1114 1368 venit
1142 1317 1206 1369 ad
1229 1317 1498 1371 Christum
1533 1334 1545 1370 :
1573 1334 1760 1372 omnes

189 1415 567 1465 peccaverunt;
616 1404 880 1458 credendo
921 1405 1278 1473 justiticantnr
1323 1407 1498 1474 (Rom.
1533 1425 1608 1472 ιιι,
1641 1410 1755 1479 ‘22).

183 1489 416 1544 Perfecta
446 1491 645 1559 justitia
690 1510 793 1546 non
818 1496 933 1556 erit,
975 1496 1073 1550 nisi
1115 1497 1165 1549 in
1207 1498 1291 1550 illa
1320 1498 1457 1561 vita;
1491 1509 1664 1553 tamen
1691 1501 1755 1552 ad

180 1594 501 1648 provectum.
535 1595 588 1637 et
619 1601 792 1640 mores
813 1587 933 1640 honi
960 1589 1027 1640 ab
1045 1590 1158 1656 ipso
1185 1590 1526 1659 inSpirantur,
1554 1593 1619 1646 ab
1643 1595 1756 1661 ipso

176 1674 453 1728 donantur.
486 1675 601 1730 Noli
627 1691 756 1747 ergo
784 1688 868 1731 tua
899 1680 1083 1733 merita
1106 1684 1435 1747 computare,
1467 1682 1593 1734 noli.
1627 1683 1688 1735 lit
1711 1685 1753 1735 si

173 1764 681 1834 suggeritiniqnitas,
705 1768 807 1820 noli
826 1769 1146 1822 consentire.
1171 1769 1305 1834 Quid
1327 1772 1466 1823 enim
1497 1773 1611 1825 ait?
1637 1771 1654 1836 l
1680 1772 1752 1842 (ιι)

175 1855 492 1924 iniquitatem
522 1859 567 1910 si
592 1861 832 1925 conspexi
856 1861 906 1913 in
929 1860 1078 1914 corde
1103 1878 1231 1927 meo,
1257 1879 1354 1915 non
1382 1864 1622 1915 exaudiat
1649 1863 1754 1916 Do-

173 1947 348 1999 minus.

231 2039 318 2092 ‘35.
363 2037 512 2109 (vers.
544 2039 652 2112 19.]
694 2041 970 2109 Propterea
1006 2043 1259 2096 exaudivit
1297 2060 1372 2095 me
1416 2044 1567 2097 Deus.
1613 2046 1744 2113 Quia

171 2127 491 2197 iniquitatem
533 2148 636 2186 non
681 2135 930 2203 conspexi
976 2135 1026 2186 in
1068 2135 1230 2188 corde
1270 2150 1407 2190 meo.
1444 2135 1508 2189 Et
1538 2138 1750 2192 intendit

167 2223 267 2275 voci
289 2224 533 2278 orationis
561 2243 700 2280 ntere.

230 2315 319 2370 24.
361 2315 510 2388 [vers.
554 2318 668 2390 20.]
717 2318 1012 2374 Benedictus
1057 2320 1190 2373 Dens
1227 2339 1362 2375 meus
1403 2323 1418 2354 ¹
1444 2364 1461 2388 ,
1510 2324 1595 2391 qui
1608 2312 1611 2314 ’
1649 2341 1749 2378 ιιοη

163 2408 341 2459 «litavit
379 2407 777 2474 deprecationem
807 2427 996 2471 meam,
1039 2422 1084 2464 et
1125 2414 1520 2466 misericordiam
1548 2432 1691 2467 81mm
1717 2433 1748 2468 α

163 2513 252 2550 me.
285 2499 452 2552 Tenet
475 2515 688 2555 sensum
719 2503 787 2554 ah
815 2518 880 2556 eo
901 2504 1018 2558 loco
1041 2545 1055 2564 ,
1086 2504 1175 2557 ubi
1202 2506 1294 2564 ait,
1332 2504 1522 2568 Venite,
1552 2507 1743 2571 audite,

162 2597 203 2638 et
230 2590 449 2642 narrabo
477 2592 630 2652 vobis,
669 2580 839 2647 omnes
868 2594 955 2663 qui
984 2595 1160 2648 timetis
1195 2595 1386 2660 Deum,
1416 2607 1602 2665 quanta
1631 2602 1747 2668 fecit

159 2680 336 2732 ιηιίηιιυ
366 2697 526 2741 ιιιίἰι⁹;
566 2691 620 2736 et
662 2682 794 2736 dixit
832 2700 950 2752 quae
987 2685 1234 2750 audistis,
1279 2697 1331 2738 et
1375 2687 1440 2739 ad
1471 2687 1628 2740 linem
1673 2688 1742 2742 ita

157 2769 413 2824 conclusit
438 2790 449 2824 :
480 2771 780 2827 Benedictus
799 2773 936 2827 Deus
958 2792 1114 2836 meus,
1138 2778 1221 2844 qni
1247 2793 1343 2830 non
1369 2778 1552 2831 amovit
1573 2779 1741 2848 depre-

155 2864 395 2916 cationem
422 2883 580 2918 meam
599 2907 612 2929 ,
644 2876 691 2919 et
716 2867 1110 2922 miscricordiam
1137 2887 1280 2922 suam
1304 2887 1333 2921 a
1365 2887 1457 2922 me.
1485 2868 1572 2924 Sic
1598 2872 1738 2925 enim

156 2957 395 3021 pervenit
416 2956 480 3008 ad
511 2957 955 3012 resurrectionem
983 2959 1080 3012 iste
1102 2961 1188 3028 qui
1224 2959 1478 3030 loquitur,
1515 2961 1602 3013 ubi
1627 2964 1737 3028 jam

153 3057 202 3100 et
235 3064 331 3101 uos
371 3064 468 3115 spe
495 3064 680 3103 sumus
712 3066 725 3102 :
760 3051 866 3104 imo
894 3060 946 3103 ct
979 3065 1073 3102 nos
1102 3066 1284 3104 sumus
1309 3069 1324 3114 ;
1356 3061 1409 3104 et
1437 3060 1613 3105 nostra
1639 3068 1738 3105 vox

155 3144 244 3193 ista
292 3149 395 3194 est.
442 3141 703 3208 Quamdiu
757 3157 885 3209 ergo
929 3141 1011 3195 hic
1061 3157 1282 3205 sumus,
1345 3142 1444 3196 hoc
1492 3157 1740 3211 rogemus

156 3232 328 3286 Deum.
381 3245 436 3285 ut
487 3249 588 3285 non
633 3248 661 3286 a
699 3233 851 3287 nobis
893 3243 1132 3288 amovcal
1169 3234 1596 3301 deprecationem
1641 3250 1730 3286 no-

149 3332 326 3386 stram,
361 3335 410 3376 et
443 3324 862 3378 misericordiam
891 3339 1076 3388 suam;
1112 3325 1161 3377 id
1190 3333 1288 3383 est,
1318 3333 1372 3376 ut
1393 3339 1736 3393 perseveran-

151 3424 226 3468 ter
251 3430 474 3469 oremus
498 3457 511 3480 ,
538 3426 592 3470 et
619 3427 1020 3485 perseveranter
1047 3413 1378 3472 misereatur.
1421 3417 1567 3471 Multi
1591 3419 1734 3471 enim

149 3505 491 3573 languescunt
522 3507 573 3559 in
600 3508 820 3572 orando,
853 3516 904 3561 et
935 3507 986 3560 in
1029 3507 1260 3562 novitate
1287 3522 1395 3560 sua:
1425 3511 1732 3563 conversio-

146 3597 220 3650 nis
250 3596 520 3652 ferventcr
543 3611 716 3660 orant,
764 3609 944 3667 postea
981 3599 1258 3668 languide,
1309 3611 1486 3667 postea
1521 3598 1727 3668 frigide,

147 3696 317 3753 postea
347 3687 718 3758 negligenter:
751 3689 896 3756 quasi
921 3689 1093 3742 securi
1124 3688 1271 3741 ﬁunt.
1303 3689 1487 3759 Vigilat
1518 3689 1683 3744 hostis
1713 3707 1726 3742 :

142 3778 337 3830 dormis
361 3790 436 3832 tu.
467 3779 582 3849 Ipse
612 3780 864 3833 Dominus
885 3780 1140 3849 praecepit
1169 3780 1220 3833 iu
1254 3781 1579 3850 Evangelia;
1610 3784 1728 3850 quia

142 3881 325 3938 oportet
350 3888 548 3940 semper
566 3889 731 3934 orare,
758 3882 801 3923 et
835 3888 934 3924 non
956 3871 1184 3939 deﬁcere.
1225 3872 1290 3924 Et
1318 3872 1404 3923 dat
1428 3873 1727 3926 similitudi-

141 3979 254 4014 nem
281 3963 349 4019 de
379 3964 471 4017 illo
495 3963 674 4032 iniquo
696 3963 894 4029 judice,
924 3950 1012 4030 qui
1042 3977 1138 4016 nec
1163 3963 1326 4015 Deum
1354 3963 1594 4027 timebat,
1630 3980 1725 4017 nec

142 4053 404 4110 hominem
439 4058 814 4120 reverehalur;
857 4071 1013 4124 quem
1048 4056 1422 4121 interpellabat
1449 4057 1534 4109 illa
1568 4058 1722 4110 vidua

138 4147 369 4214 quotidie
409 4158 466 4200 ut
498 4149 703 4201 audiret
727 4162 843 4201 eam
879 4165 891 4199 :
925 4158 976 4200 et
1000 4149 1160 4200 cessit
1191 4147 1347 4200 tzedto
1373 4148 1459 4216 qui
1489 4164 1592 4200 non
1625 4151 1722 4201 tle-

139 4239 374 4291 ctehatur
404 4240 798 4304 misericordia;
823 4249 877 4293 et
903 4240 977 4305 ait
998 4239 1273 4308 sihijndcx
1304 4255 1529 4310 nequam
1556 4258 1568 4292 :
1606 4260 1622 4291 ι
1664 4242 1718 4295 Si

137 4347 228 4385 nec
255 4331 423 4386 Deum
454 4333 630 4396 timeo,
663 4347 759 4385 nec
802 4332 1043 4385 homines
1081 4348 1362 4396 revereor;
1392 4332 1475 4386 vel
1503 4343 1720 4401 propter

138 4424 343 4478 ta-dinm
387 4425 529 4494 quod
557 4425 682 4478 mihi
713 4425 948 4495 quotidie
985 4424 1109 4478 facit
1137 4425 1249 4479 hinc
1285 4425 1462 4486 vidua,
1506 4426 1714 4479 audiam

130 4529 341 4569 causam
382 4516 521 4583 ejus,
546 4525 600 4568 et
634 4517 910 4569 vindicabo
939 4531 1080 4570 eam.
1133 4515 1201 4569 Et
1227 4516 1300 4568 ait
1339 4515 1630 4570 Dominus:
1660 4517 1713 4572 Si

129 4604 278 4671 jndex
322 4621 554 4674 nequam
590 4605 690 4658 hoc
719 4607 860 4672 fecit,
895 4607 1054 4661 Pater
1093 4617 1268 4661 vester
1297 4623 1400 4660 non
1431 4607 1715 4662 vindicabit

132 4698 322 4750 electos
348 4711 480 4750 suos
499 4699 586 4772 qui
615 4697 678 4751 ad
700 4713 820 4752 eum
843 4695 1071 4751 clamant
1089 4698 1176 4751 die
1201 4713 1264 4751 ac
1289 4699 1481 4752 nocte?
1505 4697 1576 4752 lta
1595 4700 1716 4755 dico

130 4787 301 4848 vobis;
328 4786 493 4839 faciet
514 4787 767 4864 judicitnn
797 4803 981 4841 eorum
1002 4789 1108 4842 cito
1138 4807 1156 4838 ι
1193 4787 1344 4856 (Luc.
1381 4804 1508 4842 xvut
1531 4831 1547 4855 ,
1573 4791 1706 4861 1-8).

132 4876 262 4947 Ergo
283 4894 392 4932 non
421 4877 731 4933 deficiamus
763 4881 811 4932 in
838 4882 1100 4934 oratione.
1129 4879 1224 4934 Ille
1250 4882 1390 4949 quod
1423 4896 1710 4959 concessu-

129 4984 210 5020 rus
229 4979 332 5032 est,
353 4969 459 5022 etsi
481 4968 674 5034 differt,
702 4985 806 5024 non
829 4970 998 5028 aufert
1023 4989 1036 5023 :
1062 4972 1234 5024 securi
1252 4970 1317 5024 de
1334 4972 1708 5041 pollicitatione

127 5057 281 5125 ipsius
322 5075 435 5114 non
483 5060 792 5115 deﬁciamus
838 5063 1074 5124 orando;
1119 5072 1174 5117 et
1219 5064 1316 5116 hoc
1345 5078 1408 5117 ex
1451 5065 1707 5120 beneﬁcio

126 5150 282 5215 ipsius
301 5159 409 5203 est.
444 5149 729 5218 Propterea
751 5150 885 5204 dixit
915 5171 928 5206 :
959 5151 1254 5206 Benedictus
1285 5152 1420 5207 Deus
1439 5169 1595 5219 meus,
1621 5157 1705 5226 qui

122 5258 211 5294 non
241 5240 436 5295 amovit
461 5235 858 5312 deprecationem
875 5263 1054 5305 meam,
1081 5261 1124 5299 et
1147 5246 1534 5301 misericordiam
1561 5265 1703 5302 suam

119 5349 144 5378 τι
175 5349 269 5387 nte.
316 5332 454 5388 Cum
482 5335 679 5389 videris
707 5352 810 5389 non
851 5351 879 5388 a
912 5348 963 5389 te
1002 5347 1232 5391 amotam
1272 5340 1699 5406 deprecationem

122 5430 275 5486 tuam,
309 5439 535 5478 securus
560 5435 695 5490 esto,
733 5427 852 5496 quia
895 5441 998 5480 non
1039 5437 1118 5482 est
1143 5443 1170 5480 a
1204 5435 1256 5482 te
1277 5438 1452 5499 amota
1493 5431 1700 5485 miseri-

119 5516 286 5570 Cordia
313 5517 456 5586 ejus.

178 5630 283 5680 ’διο
308 5633 534 5693 potiores
568 5637 672 5679 Mss.
697 5638 751 5679 At
781 5631 892 5679 Edd.
919 5646 1013 5682 non
1031 5633 1226 5695 addunt,
1253 5648 1402 5695 meus,
1423 5637 1513 5686 nisi
1530 5635 1699 5687 ultimo

119 5685 228 5738 loco.

133 5703 242 5810 Οῗῗί)
268 5759 443 5801 Plures
465 5761 517 5802 et
541 5753 704 5815 probas
726 5761 852 5802 noue
879 5762 982 5805 MSS.
1010 5766 1178 5807 carent
1209 5759 1431 5809 omnibus
1457 5760 1515 5809 iis
1549 5763 1699 5811 versi-

117 5811 200 5862 bus
219 5817 297 5878 qui
323 5811 680 5866 concluduntur
698 5814 897 5866 ansulis.

1877 528 3436 566 ...______________.____________m_"“__

2286 610 2365 668 ΙΝ
2405 611 2780 677 ΡΞΛΕΜΗΜ
2813 619 3009 682 LXVI

2433 733 2845 792 ENARRATIO.

2381 861 2554 900 SERIIO
2595 865 2660 901 AD
2705 866 2924 905 PLEBEH.

1942 957 1991 1007 ί.
2036 953 2181 1026 [vers
2215 956 2291 1028 2.]
2331 958 2564 1014 Meminit
2611 961 2850 1016 Charitas
2884 963 3087 1032 Vestia,
3147 971 3194 1022 in
3237 975 3444 1029 duobus

1870 1046 2084 1112 psalmis
2122 1048 2208 1116 qni
2250 1048 2358 1114 jam
2390 1053 2594 1104 tractati
2629 1065 2770 1115 sunt,
2807 1056 3114 1112 exhortatus
3154 1077 3248 1115 nos
3282 1063 3444 1118 fuisse

1867 1136 2094 1189 animam
2138 1148 2370 1192 nostram
2413 1149 2471 1192 ut
2513 1142 2848 1197 hcnediceret
2894 1147 3168 1202 hominum
3198 1192 3212 1216 ,
3255 1163 3308 1204 ct
3356 1156 3443 1221 pio

1865 1235 2021 1278 cantu
2044 1227 2240 1280 dixisse
2273 1245 2286 1278 :
2315 1227 2528 1282 Benedic
2554 1233 2722 1283 anima
2746 1251 2851 1286 mea
2877 1236 3439 1306 Dominum(Psal.cu.

1856 1315 1916 1389 gi,
1949 1325 1994 1368 et
2019 1331 2128 1380 CIII,
2166 1317 2238 1385 l).
2273 1319 2326 1370 Si
2362 1336 2488 1388 ergo
2533 1319 2724 1374 hortati
2764 1339 2950 1378 smnus
2988 1327 3038 1379 in
3087 1329 3189 1382 illis
3223 1332 3440 1399 psalmis

1861 1403 2090 1459 animam
2133 1417 2365 1460 nostram
2409 1419 2464 1462 ut
2503 1410 2839 1468 benediceret
2887 1417 3196 1483 Dominum;
3238 1423 3290 1476 in
3336 1424 3438 1478 hoc

1863 1500 2066 1567 psalmo
2093 1514 2235 1556 recte
2261 1503 2452 1556 dicitur
2480 1521 2494 1555 :
2528 1505 2662 1558 Deus
2686 1509 2976 1564 misereatur
3002 1516 3192 1582 nostri,
3209 1527 3254 1568 et
3287 1520 3435 1571 bene-

1861 1589 1996 1641 dicat
2025 1607 2133 1643 nos.
2167 1591 2449 1646 Bcnedicat
2478 1596 2650 1648 aliinia
2683 1612 2860 1654 Inistra
2891 1600 3190 1668 Dominum,
3212 1615 3264 1658 et
3294 1605 3433 1659 Dens

1862 1680 2137 1735 hencdicat
2165 1699 2279 1735 nos.
2307 1684 2438 1737 Cum
2477 1687 2738 1740 benedicit
2763 1705 2859 1741 nos
2887 1691 3056 1757 Deus,
3089 1709 3185 1748 nos
3233 1699 3432 1750 crescio

1860 1787 2006 1827 mus:
2037 1783 2088 1826 et
2117 1789 2236 1828 cum
2269 1775 2631 1830 benedieimns
2659 1795 2754 1832 nos
2777 1782 3076 1849 Dominum,
3115 1803 3211 1842 nos
3235 1793 3430 1844 cresci-

1861 1879 1977 1916 mus
2020 1881 2032 1914 :
2076 1874 2357 1934 utrumque
2411 1867 2563 1920 nobis
2619 1873 2846 1937 prodest.
2913 1872 3025 1927 Non
3075 1855 3292 1945 augetur
3347 1881 3432 1935 ille

1860 1954 2224 2011 benedictione
2262 1969 2436 2012 nostra
2461 2001 2474 2020 .
2507 1978 2603 2014 nec
2650 1965 2900 2018 minuitur
2940 1968 3302 2025 maledictione
3337 1987 3433 2025 no-

1857 2056 1982 2099 stra.
2013 2047 2110 2113 Qui
2143 2051 2407 2104 maledicit
2437 2053 2677 2114 Domino,
2708 2055 2818 2122 ipse
2845 2058 3126 2124 minuitur;
3157 2063 3244 2130 qui
3273 2062 3432 2116 bene-

1854 2133 1980 2188 dicit
2005 2136 2302 2203 Dominum,
2329 2141 2440 2207 ipse
2469 2153 2705 2210 augetur.
2741 2144 2890 2196 Prior
2917 2157 2996 2199 cst
3020 2145 3069 2199 in
3096 2150 3248 2204 nobis
3273 2152 3430 2205 benc-

1855 2224 2016 2278 dirtio
2049 2227 2274 2292 Domini,
2303 2240 2355 2282 et
2381 2245 2715 2300 consequens
2744 2244 2822 2286 est
2852 2245 2906 2286 ut
2936 2246 2990 2289 et
3020 2253 3114 2290 nos
3140 2239 3425 2294 benedica-

1855 2330 1971 2367 mus
2010 2317 2308 2370 Dominum.
2352 2320 2438 2373 illa
2493 2321 2685 2387 pluvia,
2739 2323 2836 2377 iste
2889 2323 3090 2379 fructus
3137 2337 3239 2381 est.
3288 2329 3429 2398 Eigo

1851 2405 2089 2459 redditur
2134 2417 2377 2478 tanquam
2418 2411 2616 2466 fructus
2646 2413 2886 2481 agricolae
2927 2414 3068 2476 Deo,
3108 2421 3424 2486 comptucnti

1853 2512 1947 2549 nos
1974 2507 2023 2550 et
2045 2500 2256 2551 colenti.
2287 2499 2576 2556 Cantemus
2617 2503 2711 2558 ista
2754 2503 3035 2561 devotione
3076 2525 3187 2562 non.
3221 2511 3421 2575 sterili,

1851 2605 1954 2642 non
1986 2588 2125 2643 inani
2164 2607 2312 2655 voce,
2345 2593 2437 2647 sed
2478 2611 2604 2647 vero
2658 2597 2837 2649 corde.
2894 2600 3240 2667 Apertissinie
3281 2603 3420 2654 enim

1851 2677 1987 2731 Deus
2020 2680 2172 2733 Pater
2191 2680 2362 2733 dictus
2399 2692 2481 2736 est
2514 2685 2763 2752 agricola.
2808 2688 3091 2756 Apostolus
3126 2690 3254 2743 dicit
3289 2689 3422 2744 :Dei

1845 2768 2157 2838 agricultura
2191 2773 2324 2834 estis,
2357 2773 2737 2841 lieitediﬁcatio
2777 2779 2913 2830 estis.
2963 2778 3014 2831 In
3066 2783 3222 2835 rebus
3269 2783 3422 2851 hujus

1847 2863 2028 2916 mundi
2060 2864 2365 2927 visibilihus,
2394 2867 2513 2920 vilis
2549 2883 2652 2920 non
2685 2878 2764 2921 est
2792 2868 3068 2924 tedilicium
3091 2914 3104 2937 ,
3155 2883 3206 2926 et
3249 2875 3418 2929 :L-diti-

1844 2955 1982 3008 cium
2016 2973 2117 3009 non
2149 2967 2232 3012 est
2255 2959 2404 3012 vinea
2439 2975 2574 3014 :nos
2594 2970 2772 3014 autem
2803 2961 2953 3014 vinea
2984 2964 3189 3018 Domini
3212 2980 3416 3031 simius,

1845 3045 1964 3115 quia
1992 3048 2117 3100 colit
2144 3064 2240 3101 nos
2261 3050 2324 3102 ad
2357 3049 2617 3114 fructum;
2644 3049 2921 3105 mdilicium
2953 3053 3042 3107 Dei
3073 3070 3276 3121 sumus,
3296 3059 3418 3126 quia

1843 3137 1931 3206 qui
1982 3138 2106 3191 colit
2153 3153 2252 3192 nos
2307 3138 2507 3192 habitat
2554 3140 2606 3193 in
2649 3140 2822 3194 nobis.
2870 3142 2936 3195 Et
2978 3143 3102 3212 quid
3156 3146 3230 3200 ait
3279 3147 3416 3201 idem

1843 3229 2166 3298 Apostolus?
2204 3222 2320 3299 Ego
2369 3229 2614 3298 plantavi,
2660 3231 2847 3301 Apollo
2885 3233 3098 3304 rigavit;
3149 3237 3238 3289 sed
3280 3236 3418 3290 Deus

1840 3320 2198 3374 incrementum
2224 3323 2378 3373 dedit.
2413 3320 2551 3393 Erga
2580 3340 2738 3393 neque
2758 3323 2848 3392 qui
2879 3326 3071 3394 plantat
3094 3337 3165 3380 est
3199 3313 3409 3397 aliquid,

1841 3427 1997 3475 neque
2028 3411 2112 3481 qui
2137 3412 2305 3481 rigat;
2327 3412 2415 3465 sed
2445 3415 2532 3481 qui
2564 3414 2918 3468 incrementum
2941 3417 3025 3468 dat
3045 3417 3184 3480 Deus
3213 3419 3262 3488 (Ι
3292 3419 3413 3475 Cor.

1839 3518 1916 3564 ιιι,
1942 3503 2083 3575 6-9).
2115 3502 2206 3558 Ille
2230 3519 2356 3573 ergo
2399 3504 2782 3561 incrementum
2823 3506 2932 3559 dat.
2971 3507 3227 3578 Numquid
3274 3511 3407 3565 forte

1840 3593 1925 3647 isti
1953 3604 2074 3647 sunt
2103 3595 2347 3664 agricolae
2369 3595 2393 3646 ?
2414 3594 2656 3664 Agricola
2685 3597 2825 3650 enim
2854 3597 3045 3651 dicitur
3069 3601 3152 3667 qui
3187 3600 3404 3667 plantat,

1835 3687 1921 3755 qui
1952 3685 2084 3754 rigat
2112 3701 2126 3737 :
2159 3686 2290 3740 dixit
2309 3688 2807 3756 autemApostolus,
2830 3686 2938 3758 Ego
2961 3689 3182 3757 plantavi
3201 3693 3404 3758 Apollo,
3458 3690 3460 3693 ’

1834 3779 2028 3847 rigavit.
2055 3779 2352 3845 Quaerimus
2383 3779 2520 3833 unde
2559 3780 2668 3847 ipse
2704 3779 2806 3833 hoc
2841 3780 3067 3835 fecerit?
3109 3783 3410 3852 ReSpondet

1834 3869 2156 3937 Apostolus:
2193 3867 2312 3921 Non
2360 3885 2450 3940 ego
2497 3880 2704 3932 autem;
2751 3871 2838 3924 sed
2877 3873 3040 3940 gratia
3078 3872 3170 3924 Dei
3217 3891 3408 3928 mecum

1833 3960 2016 4025 (lln'd.,
2039 3976 2131 4022 xv,
2160 3961 2266 4028 10).
2290 3959 2431 4030 Ergo
2455 3975 2788 4030 quocumque
2821 3969 2870 4014 te
2890 3964 3145 4028 verteris;
3178 3964 3288 4018 sive
3315 3980 3408 4034 per

1831 4055 2078 4121 Angelos,
2124 4054 2286 4106 Deum
2332 4053 2568 4106 invenies
2603 4053 2883 4122 agricolam
2929 4063 3107 4118 tuum;
3148 4055 3259 4109 sive
3315 4073 3406 4124 per

1829 4145 2140 4213 l’rOphetas,
2173 4145 2287 4212 ipse
2326 4153 2407 4198 est
2432 4145 2659 4214 agricola
2694 4154 2845 4207 tuus;
2890 4146 2999 4200 sive
3049 4162 3141 4214 per
3175 4149 3404 4215 Aposto-

1827 4239 1927 4299 los,
1956 4238 2202 4293 eumdem
2243 4238 2413 4308 ipsum
2456 4253 2682 4307 agnosce
2723 4239 3004 4307 agricolam
3057 4249 3221 4292 tuum.
3266 4241 3402 4307 Quid

1825 4345 1955 4399 ergo
1978 4329 2116 4383 nos?
2140 4328 2386 4382 Fortasse
2415 4328 2642 4397 operarii
2674 4345 2858 4381 sumus
2887 4330 3128 4398 agricoLe
3157 4330 3314 4394 illius,
3347 4342 3402 4386 et

1823 4421 1922 4476 hoc
1951 4422 2119 4490 ipsum
2141 4421 2207 4476 ab
2234 4421 2347 4490 ipso
2369 4421 2649 4489 impartitis
2679 4420 2894 4484 viribus,
2917 4421 3045 4474 etab
3068 4423 3181 4491 ipso
3205 4421 3398 4476 donata

1821 4517 2007 4582 gratia.
2039 4515 2153 4584 Ipse
2177 4529 2304 4583 ergo
2342 4522 2395 4566 et
2425 4514 2571 4578 colit,
2601 4524 2654 4567 et
2686 4514 3066 4568 incrementum
3098 4515 3207 4568 dat.
3243 4517 3396 4584 Agri-

1818 4606 1933 4659 cola
1960 4616 2135 4658 autem
2160 4604 2320 4658 homo
2348 4605 2554 4659 vineam
2583 4604 2707 4657 colit
2733 4604 3005 4672 hactenus,
3048 4617 3104 4659 ut
3128 4617 3273 4669 aret,
3304 4626 3396 4676 pu-

1820 4703 1911 4760 tet,
1941 4695 2187 4749 adhibeat
2221 4706 2412 4750 czetera
2450 4712 2568 4765 quae
2615 4695 2884 4764 pertinent
2932 4697 2995 4749 ad
3044 4698 3394 4767 agricolarum

1817 4789 2137 4857 diligentiam
2169 4805 2181 4839 :
2210 4788 2391 4858 pluere
2417 4787 2585 4841 vinea:
2625 4803 2735 4840 sua:
2776 4803 2880 4842 non
2926 4797 3116 4856 potest.
3158 4790 3306 4856 Quod
3349 4793 3392 4844 si

1817 4878 1950 4932 forte
1991 4879 2206 4948 irrigare
2236 4887 2427 4946 potest,
2474 4881 2540 4931 dc
2577 4877 2727 4947 cujus
2765 4877 2977 4947 potest?
3019 4877 3134 4946 ipse
3177 4880 3390 4948 quidem

1812 4969 1958 5023 ducit
1986 4969 2036 5022 in
2067 4970 2237 5022 rivum
2267 4969 2306 5032 ⁸,
2337 4970 2430 5039 sed
2459 4969 2596 5021 Deus
2640 4968 2821 5035 implet
2857 4967 3076 5021 fontem.
3117 4969 3391 5023 Postremo

1813 5061 1864 5114 in
1894 5062 2046 5115 vinea
2071 5076 2163 5116 sua
2197 5061 2579 5115 incrementum
2607 5059 2736 5114 dare
2761 5060 3045 5115 sarmentis
3063 5077 3164 5114 non
3194 5073 3384 5130 potest.

1810 5154 2040 5209 formare
2090 5153 2288 5208 fructus
2331 5167 2435 5207 non
2469 5159 2658 5222 potest,
2701 5150 3006 5205 modificare
3042 5153 3240 5206 semina
3283 5169 3384 5209 non

1809 5254 2003 5317 potest,
2036 5256 2270 5315 tempora
2293 5243 2540 5314 gignendi
2570 5252 2865 5312 temperare
2897 5257 3001 5295 non
3026 5253 3215 5311 potest.
3247 5243 3379 5299 Deus

1807 5349 1984 5392 autem
2012 5336 2102 5407 qui
2133 5335 2310 5390 omnia
2338 5343 2527 5405 potest,
2561 5335 2789 5403 agricola
2833 5345 3013 5387 noster
3053 5345 3170 5397 est;
3211 5335 3379 5389 securi

1806 5446 2011 5485 sumus.
2048 5431 2206 5484 Forte
2236 5429 2310 5482 ait
2329 5428 2548 5496 aliquis,
2575 5427 2653 5480 Tu
2681 5426 2811 5480 dicis
2833 5427 3113 5495 agricolam
3144 5439 3379 5481 nostrum

1805 5536 1922 5575 esse
1960 5523 2120 5574 Deum
2162 5521 2310 5573 :imo
2350 5534 2448 5588 ego
2491 5519 2772 5584 Apostolos
2805 5517 3063 5586 agricolas
3107 5517 3248 5583 dico,
3295 5520 3385 5586 qui

1805 5612 2071 5676 dixerunt,
2105 5610 2214 5681 Ego
2255 5610 2495 5676 plantavi,
2539 5608 2722 5677 Apollo
2757 5607 2956 5679 rigavit.
3002 5605 3054 5661 Si
3089 5624 3186 5676 ego
3227 5609 3382 5670 dico,

1805 5720 1964 5760 nemo
1988 5704 2167 5758 credat
2196 5719 2209 5755 :
2240 5705 2283 5758 si
2314 5701 2555 5756 Christus
2587 5699 2748 5764 dicit,
2791 5715 2868 5752 va.-
2917 5700 3004 5770 qui
3049 5716 3152 5754 non
3192 5700 3380 5766 credit,

1872 5822 1884 5850 ¹
1914 5819 1987 5868 sic
2008 5824 2080 5866 Er.
2110 5824 2161 5867 et
2184 5815 2349 5879 plures
2372 5820 2476 5864 Mss.
2502 5821 2554 5863 At
2577 5820 2706 5875 lion,
2727 5811 2856 5862 ducit
2881 5811 3134 5875 irriguum.
