3934 6366
513 369 622 428 808

514 486 652 553 Quid
680 503 808 559 ergo
834 490 1091 547 Dominus
1119 492 1365 551 Christus
1393 495 1500 551 ait?
1526 497 1641 569 Ego
1680 515 1794 553 sum
1826 502 1968 566 vitis,
2013 517 2099 556 vos

507 590 782 648 sarmenta,
813 580 971 638 Pater
994 601 1131 639 meus
1151 588 1380 657 og'n'cola
1412 587 1593 659 (Joan.
1631 606 1724 654 xv,
1752 592 1819 655 5,
1849 592 1924 655 l).
1947 591 2103 647 Sitiat

504 687 638 743 ergo
664 683 825 739 terra,
857 687 911 731 et
940 675 1058 731 edat
1093 693 1250 733 voces
1267 680 1383 734 sitis
1410 695 1520 735 sua:
1540 698 1554 745 ;
1572 682 1819 751 quoniam
1842 684 2100 752 scriptum

511 771 598 819 est
626 782 644 819 :
677 768 859 819 Anima
880 784 989 821 mea
1012 768 1140 823 sicut
1160 782 1290 823 terra
1316 771 1424 825 sine
1442 789 1573 842 aqua
1602 775 1689 827 tibi
1733 774 1903 845 (Paul.
1935 790 2097 842 (ιιιιιι,

506 857 592 925 6).
620 857 771 912 Dicat
794 875 923 927 ergo
948 871 1085 915 terra
1112 872 1313 926 nostra,
1348 879 1445 917 nos
1471 865 1592 932 ipsi,
1623 866 1856 933 pluviam
1880 849 1975 922 Dei
2001 866 2099 921 de-

506 948 752 1002 siderans
783 966 796 1001 ε
828 949 965 1004 Deus
982 952 1280 1005 misereatur
1300 954 1477 1020 nostri,
1499 964 1547 1008 ct
1572 955 1834 1010 benedicat
1856 973 1970 1011 nos.

581 1039 635 1093 ει.
682 1038 943 1095 llluminct
965 1044 1155 1097 vultum
1171 1063 1316 1098 suum
1337 1061 1487 1116 super
1507 1065 1616 1101 nos.
1639 1048 1968 1115 Qumsiturus
1978 1064 2100 1105 eras

508 1131 736 1187 fortasse
755 1133 880 1203 quiti
903 1144 1002 1196 est,
1033 1136 1289 1191 benedice:
1311 1155 1418 1193 nos.
1441 1139 1617 1194 Multis
1640 1141 1812 1196 modis
1834 1158 1892 1197 se
1913 1142 2099 1197 volunt

514 1221 757 1278 homines
789 1225 1029 1280 benedici
1053 1244 1081 1279 a
1111 1228 1220 1283 Deo
1252 1246 1267 1282 :
1295 1230 1430 1284 alius
1463 1230 1705 1287 benedici
1749 1248 1809 1289 se
1849 1233 1994 1297 vult,
2041 1244 2099 1289 ut

511 1313 698 1369 habeat
740 1316 946 1386 plenam
978 1318 1194 1374 domum
1242 1324 1554 1376 necessariis
1594 1324 1753 1378 rclms
1790 1324 1913 1380 huic
1943 1326 2094 1392 vitae;

503 1407 642 1461 alius
671 1408 909 1463 benedici
947 1426 1003 1462 se
1030 1411 1196 1481 cupit,
1222 1422 1278 1468 ιιι
1312 1414 1550 1470 obtineat
1584 1417 1809 1472 salutem
1849 1419 2092 1489 corporis

503 1500 620 1552 sine
643 1500 797 1562 labe;
823 1501 957 1555 alius
990 1504 1227 1557 benedici
1255 1521 1313 1560 se
1338 1507 1468 1571 vult,
1497 1508 1539 1561 si
1580 1507 1718 1564 forte
1738 1518 1961 1579 tegrotat
1986 1552 2001 1576 ,
2030 1517 2090 1565 ut

503 1598 713 1657 reparet
745 1592 1056 1654 sanitatem;
1100 1596 1236 1649 alius
1268 1596 1582 1652 desiderans
1622 1598 1795 1660 tilias.
1845 1608 1902 1655 et
1959 1600 2096 1657 forte

500 1680 846 1735 contristatus
872 1682 1012 1749 quod
1043 1700 1145 1737 non
1181 1695 1467 1741 nascantur
1488 1728 1500 1745 .
1534 1689 1770 1744 benedici
1801 1704 1857 1744 se
1890 1692 2002 1745 vult
2034 1700 2093 1746 ut

505 1767 699 1823 habent
724 1767 1112 1838 posteritatem.
1142 1769 1207 1829 Et
1232 1776 1348 1844 quis
1385 1788 1662 1833 eimmeret
1707 1780 1915 1834 diversa
1964 1790 2086 1835 vota

504 1860 780 1916 bmniuum
834 1880 894 1918 se
943 1880 973 1918 a
1025 1866 1249 1919 Domino
1299 1868 1409 1922 Deo
1448 1868 1691 1924 benedici
1731 1871 2093 1941 cupientium?

501 1952 637 2018 Quis
664 1961 839 2007 autem
878 1965 1118 2009 nostrum
1146 1957 1382 2011 dicturus
1408 1967 1490 2013 est
1519 1975 1623 2014 non
1663 1974 1783 2015 esse
1813 1960 1954 2016 illam
2001 1962 2094 2018 Dei

504 2039 949 2107 benedictionem,
977 2046 1020 2099 si
1051 2046 1131 2101 vel
1161 2048 1479 2117 agricultura
1500 2051 1548 2103 ei
1562 2048 1792 2106 fructum
1819 2050 1975 2116 ferat,
2001 2054 2085 2108 vel

502 2133 700 2188 domus
729 2135 987 2206 cujusque
1025 2137 1260 2193 abundet
1290 2140 1442 2209 capia
1471 2155 1649 2196 rerum
1699 2143 2091 2212 temporalium,

506 2226 588 2279 vel
622 2224 731 2294 ipsa
754 2229 992 2296 corporis
1013 2230 1178 2294 salus,
1208 2239 1302 2284 aut
1326 2239 1566 2286 teneatur
1591 2248 1659 2287 ne
1681 2233 1980 2300 amittatur,
2003 2244 2096 2289 aut

505 2319 704 2375 amissa
732 2321 1049 2394 reparetur?
1089 2320 1413 2377 Fecunditas
1453 2323 1612 2379 etiam
1649 2323 2002 2390 feminarum,
2041 2334 2097 2382 et

500 2422 647 2465 casta
686 2420 808 2465 vota
859 2411 997 2467 filios
1036 2412 1473 2481 desiderantium,
1514 2415 1580 2471 ad
1626 2432 1785 2488 quem
1826 2418 2096 2488 pertinent

509 2502 610 2554 nisi
632 2502 697 2555 od
727 2503 1007 2558 Dominum
1033 2506 1196 2561 Deum
1214 2506 1240 2560 ἲ
1257 2505 1358 2573 Qui
1380 2508 1522 2563 enim
1548 2508 2095 2581 creavitquandonon

499 2599 638 2660 erat,
666 2593 781 2662 ipse
799 2594 962 2664 prolis
984 2610 1236 2653 successu
1263 2595 1387 2653 facit
1429 2612 1744 2669 permanere
1777 2600 1921 2670 quod
1956 2615 2095 2656 con-

508 2684 661 2738 didit.
705 2684 852 2741 Facit
895 2688 1010 2742 haec
1041 2688 1198 2755 Deus,
1224 2689 1390 2744 donat
1419 2693 1533 2746 lucc
1578 2691 1738 2746 Deus.
1779 2691 1973 2747 Parum
2013 2701 2097 2748 est

506 2776 661 2831 nobis
680 2776 876 2844 dicere,
912 2778 1059 2834 Facit
1089 2780 1204 2837 brec
1243 2782 1401 2849 Deus,
1433 2783 1599 2839 donat
1632 2776 1746 2840 habe
1785 2786 1958 2851 Deus;
1997 2786 2096 2843 sed

506 2869 655 2923 solus
682 2871 824 2937 facit,
851 2872 998 2926 solus
1024 2872 1207 2927 donat.
1238 2872 1373 2942 Quid
1402 2876 1447 2931 si
1474 2876 1618 2931 enim
1640 2876 1764 2931 facit
1791 2876 1908 2933 hcce
1929 2877 2091 2944 Deus,

505 2962 599 3017 Sed
627 2962 751 3018 facit
776 2962 890 3019 hate
914 2976 965 3020 et
991 2965 1184 3037 aliquis
1204 2984 1309 3022 non
1340 2967 1516 3024 Deus?
1544 2967 1695 3025 Facit
1713 2968 1849 3035 hare,
1876 2980 1931 3025 et
1950 2970 2095 3028 solus

505 3049 649 3108 facit.
694 3054 759 3108 Et
805 3054 922 3111 sine
961 3070 1119 3111 causa
1150 3057 1253 3113 ista
1281 3066 1533 3128 petuntur
1555 3059 1635 3116 vel
1671 3049 2092 3128 ab'hominibus,

501 3146 585 3201 rel
613 3158 643 3200 a
664 3145 997 3202 dmmonibus
1029 3163 1044 3203 :
1071 3157 1126 3203 et
1160 3165 1388 3220 quaeque
1425 3150 1563 3206 bona
1588 3151 1857 3222 accipiunt
1892 3153 2094 3209 inimici

507 3233 622 3301 Del,
649 3235 718 3290 ab
763 3236 856 3292 illo
883 3237 1183 3308 accipiunt;
1220 3249 1421 3295 etcum
1466 3241 1536 3295 ab
1570 3240 1687 3297 aliis
1728 3250 1931 3312 petunt,
1972 3258 2093 3299 eum

507 3327 792 3409 accipiunt,
820 3329 1123 3386 nescientes
1151 3330 1221 3385 ab
1252 3330 1340 3388 illo
1360 3333 1643 3403 accipiunt.
1672 3332 1951 3401 Quomodo
1971 3351 2094 3391 cum

506 3419 818 3487 pituiuntur,
837 3430 893 3475 et
915 3428 1103 3492 putant
1141 3437 1200 3477 se
1220 3422 1287 3479 ab
1322 3423 1442 3479 aliis
1472 3425 1667 3495 puniri,
1700 3426 2001 3482 nescientes
2027 3427 2094 3483 ab

504 3510 599 3566 illo
626 3504 917 3582 puniuntur
948 3529 962 3567 :
996 3513 1075 3569 sic
1128 3522 1184 3570 et
1231 3529 1354 3571 cum
1404 3526 1754 3588 vegetamur,
1786 3518 2092 3589 implentur,

501 3601 791 3669 salvantur,
825 3602 1153 3669 liberantur;
1183 3606 1281 3661 etsi
1311 3605 1414 3663 hoc
1453 3608 1789 3677 nescientes,
1814 3611 1897 3667 vel
1918 3611 2094 3667 homi-

502 3691 682 3757 nibus,
726 3693 813 3747 vel
853 3693 1188 3770 dminonibus
1214 3737 1230 3762 ,
1274 3696 1360 3751 vel
1404 3697 1622 3768 Angelis
1667 3700 1930 3769 tribuunt,
1986 3718 2093 3758 non

505 3783 705 3865 habent
728 3785 829 3841 nisi
854 3786 921 3841 ab
946 3787 1057 3852 illo,
1080 3803 1248 3858 penes
1275 3804 1431 3859 quem
1464 3799 1701 3861 potestas
1726 3801 1807 3847 est
1832 3795 2095 3849 omnium.

504 3873 586 3931 Ad
612 3873 714 3931 hoc
734 3875 1027 3933 dixerimus
1053 3878 1190 3943 lucc,
1219 3877 1520 3944 fratres,'ut
1543 3881 1784 3951 quisquis
1811 3878 1971 3938 etiam
1994 3883 2095 3940 ista

505 3978 717 4024 terrena
759 3970 913 4033 forte,
948 3971 1030 4026 vel
1070 3979 1288 4042 propter
1322 3972 1694 4043 supplementa
1729 3977 2090 4043 necessitatis,

484 4061 587 4116 ‘vel
621 4070 838 4134 propter
877 4062 1108 4134 aliquam
1150 4063 1509 4122 infirmitatem
1540 4067 1841 4135 desiderat,
1883 4070 2093 4126 nonnisi

498 4149 572 4205 ab
602 4152 693 4207 illo
724 4152 1013 4222 desideret,
1050 4156 1140 4225 qui
1169 4165 1253 4211 est
1299 4155 1418 4212 fons
1446 4160 1682 4214 omnium
1723 4160 2008 4231 bonorum,
2041 4173 2097 4219 et

498 4256 715 4300 creator
742 4253 797 4300 et
818 4256 1088 4304 recreator
1110 4249 1501 4305 universorum.

575 4334 628 4389 5.
670 4335 774 4391 Sed
803 4338 906 4391 alia
928 4346 1051 4393 sunt
1096 4338 1235 4394 dona
1280 4356 1398 4409 qua:
1438 4340 1531 4395 dat
1579 4342 1716 4397 Deus
1763 4356 1816 4398 et
1867 4345 2095 4401 inimicis

496 4425 636 4491 suis,
660 4426 761 4479 alia
797 4441 917 4496 qua:
946 4442 1051 4482 non
1091 4439 1268 4484 servat
1295 4430 1395 4484 nisi
1424 4430 1612 4487 amicis
1639 4433 1768 4488 suis.
1813 4434 1943 4501 Quae
1971 4449 2096 4492 sunt

494 4515 643 4573 dona
664 4533 784 4589 qua:
802 4517 894 4574 dat
918 4520 1145 4576 inimicis
1170 4522 1319 4577 suis?
1360 4523 1435 4577 Ea
1480 4540 1599 4594 quae
1647 4528 1940 4582 numeravi.
1978 4529 2092 4584 Non

497 4610 648 4664 enim
674 4610 774 4666 soli
794 4612 914 4666 boni
945 4613 1127 4682 plenas
1146 4612 1543 4670 habentdomos
1560 4616 1718 4672 rebus
1741 4620 2091 4688 necessariis;

502 4711 598 4756 aut
618 4703 716 4758 soli
746 4701 889 4769 boni,
923 4704 1010 4759 vel
1033 4704 1163 4759 salvi
1195 4706 1211 4738 ¹
1238 4714 1383 4781 sunt,
1412 4708 1497 4762 vel
1531 4709 1599 4763 ab
1624 4710 1937 4779 :rgritudine
1960 4728 2092 4767 con-

500 4791 815 4855 valescunt;
846 4800 936 4846 aut
960 4793 1061 4848 soli
1090 4794 1214 4848 boni
1242 4794 1377 4849 filios
1397 4796 1612 4862 habent,
1644 4799 1741 4853 soli
1774 4799 1901 4855 boni
1933 4816 2096 4869 pecu-

507 4882 692 4948 niam,
739 4882 840 4936 soli
884 4884 1011 4937 boni
1056 4897 1249 4938 caetera
1294 4897 1415 4955 apta
1471 4886 1592 4943 huic
1646 4889 1767 4944 vita:
1818 4894 2094 4962 temporali

502 4979 668 5043 atque
697 4973 1012 5029 transeunti.
1059 4974 1268 5032 llabcnt
1296 4976 1411 5034 hare
1439 4988 1492 5034 et
1517 4980 1665 5047 mali,
1717 4989 1771 5038 et
1811 4982 2097 5055 aliquando

496 5065 704 5119 desunt
727 5060 883 5120 bonis
912 5080 926 5117 :
957 5064 1050 5119 sed
1076 5064 1271 5123 desunt
1300 5078 1353 5123 et
1382 5069 1557 5139 malis,
1585 5081 1639 5127 et
1657 5072 2097 5143 plerumqueistis

503 5155 680 5226 magis
734 5170 893 5227 quam
931 5155 1069 5224 illis;
1108 5157 1395 5229 aliquando
1428 5161 1528 5217 illis
1569 5178 1727 5229 quam
1766 5164 1881 5219 istis
1923 5166 2097 5235 potius

497 5244 802 5303 abundant.
827 5246 1093 5303 Permixta
1126 5247 1223 5304 ista
1256 5252 1567 5321 temporalia
1598 5253 1741 5308 Deus
1757 5256 2095 5324 essevoluit;

498 5337 632 5411 quia
658 5336 705 5393 si
736 5336 893 5394 bouis
921 5337 1051 5394 solis
1080 5353 1142 5395 ea
1166 5339 1338 5403 daret,
1373 5351 1619 5412 putarent
1643 5354 1696 5398 et
1736 5346 1858 5399 mali
1883 5356 2098 5419 propter

507 5430 626 5486 hate
650 5429 932 5488 colendum
966 5430 1169 5491 Deum:
1202 5446 1387 5489 rursus
1416 5434 1460 5490 si
1490 5447 1552 5491 ea
1580 5436 1711 5492 solis
1746 5439 1897 5496 malis
1922 5440 2094 5509 daret,

507 5518 764 5577 timerent
799 5520 925 5577 boni
972 5520 1166 5579 infirmi
1212 5522 1488 5589 converti,
1537 5541 1604 5583 ne
1658 5528 1758 5584 ista
1802 5529 1906 5586 illis
1958 5530 2097 5589 forte

502 5605 781 5668 deessent.
810 5612 907 5670 Est
932 5613 1076 5669 enim
1102 5611 1278 5684 adhuc
1299 5615 1475 5672 anima
1498 5616 1706 5677 inﬁrma
1733 5622 1905 5681 minus
1929 5638 2096 5695 capax

501 5703 666 5776 regni
690 5702 819 5769 Dei;
849 5704 1052 5762 nutrire
1078 5705 1221 5761 illam
1253 5704 1411 5763 debet
1446 5707 1585 5765 Deus
1620 5711 1851 5783 agricola
1892 5724 2095 5772 noster.

566 5814 598 5849 ·ι
622 5814 757 5878 add,
779 5818 901 5872 salui
912 5816 1029 5883 [hell
1047 5825 1176 5871 non.
1197 5818 1363 5884 mea,
1379 5821 1514 5886 mea,
1536 5835 1565 5873 ει

1752 384 1811 442 s.
1851 384 2219 445 sucusmu
2261 386 2566 445 EPISCOPI
3693 375 3783 433 8N

2216 500 2349 556 Nam
2379 510 2433 556 et
2451 516 2573 572 qua:
2593 499 2753 555 arbor
2788 497 2900 569 jam
2950 502 3293 565 tempestates
3329 490 3525 548 robore
3552 491 3785 556 sustinet,

2212 608 2334 646 cum
2364 592 2432 648 de
2454 602 2593 647 terra
2621 600 2951 653 nasceretur,
2978 588 3140 643 herba
3177 594 3313 641 erat.
3350 584 3511 646 Novit
3547 598 3678 655 ergo
3709 584 3785 638 ille

2210 687 2440 756 agricola
2489 701 2594 739 non
2631 685 2803 738 stilum
2853 682 3098 737 robustas
3135 679 3356 734 arbores
3405 665 3597 747 putare
3641 685 3788 745 atque

2210 791 2474 846 purgare;
2516 775 2610 830 sed
2644 775 2802 829 etiam
2848 783 3058 827 teneras
3090 772 3140 825 in
3186 770 3389 825 recenti
3432 779 3557 822 ortu
3601 768 3785 835 sepire.

2212 869 2525 939 Propterea,
2553 866 2906 931 dilectissimi,
2931 874 2987 919 ut
3014 864 3192 928 dicere
3225 876 3492 929 caper-am
3509 901 3528 926 ,
3668 859 3788 913 solis

2210 962 2365 1017 bonis
2390 961 2645 1017 darentur
2673 960 2791 1019 ista.
2822 972 3010 1013 omnes
3059 966 3276 1027 propter
3326 953 3442 1008 haec
3486 949 3788 1020 accipienda

2208 1054 2406 1110 vellent
2425 1048 2661 1109 converti
2678 1053 2741 1106 ad
2770 1052 2933 1106 Deum
2962 1067 2975 1104 :
3004 1063 3188 1109 rursus
3214 1048 3256 1101 si
3279 1046 3406 1102 solis
3426 1046 3581 1099 malis
3598 1043 3787 1098 daren-

2208 1153 2339 1209 tur,
2409 1145 2659 1197 timerent
2705 1141 2950 1203 infirmi,
3004 1153 3073 1193 ne
3131 1152 3253 1191 cum
3313 1142 3785 1189 converterentur.

2209 1236 2513 1289 amitterent
2541 1232 2682 1305 quod
2729 1233 2826 1287 soli
2872 1231 2996 1285 mali
3036 1229 3313 1284 haberent.
3358 1226 3629 1282 Permixte
3670 1223 3819 1281 data.

2208 1333 2333 1398 Sunt
2356 1334 2410 1379 et
2427 1324 2580 1379 bonis
2605 1332 2659 1379 et
2687 1322 2858 1376 malis.
2882 1320 3089 1376 Rursus
3116 1318 3159 1373 si
3184 1318 3313 1372 solis
3337 1316 3492 1371 bonis
3517 1315 3785 1369 auferren-

2208 1422 2315 1483 tur,
2340 1414 2480 1469 idem
2510 1414 2601 1468 ille
2646 1413 2804 1467 timor
2839 1419 2982 1467 esset
3018 1407 3350 1465 inﬁrmorum
3370 1449 3386 1469 ,
3416 1422 3484 1460 ne
3509 1420 3697 1462 convei
3711 1413 3785 1458 te-

2206 1515 2392 1560 rentur
2415 1505 2481 1559 ad
2515 1505 2684 1560 Deum
2709 1520 2724 1557 :
2752 1515 2936 1557 rursus
2975 1501 3019 1556 si
3062 1500 3192 1555 solis
3224 1497 3377 1552 malis
3415 1495 3779 1555 aufert-cutur.

2208 1596 2320 1666 ipsa
2351 1597 2461 1649 sola
2496 1606 2656 1663 poena
2679 1602 2955 1664 putaretur
2987 1606 3090 1662 qua
3120 1590 3242 1643 mali
3272 1589 3599 1658 plectuntur.
3637 1585 3782 1652 Quod

2206 1701 2333 1755 ergo
2356 1687 2449 1740 dat
2476 1701 2540 1740 ea
2568 1684 2753 1749 bonis,
2775 1682 3086 1739 consolatur
3124 1682 3439 1734 itincrantes
3468 1695 3483 1731 :
3511 1678 3654 1747 quod
3697 1676 3785 1731 dat

2206 1790 2269 1831 ea
2307 1785 2361 1830 et
2392 1776 2567 1841 malis,
2602 1775 2856 1829 admonet
2883 1775 3050 1828 bonos
3077 1782 3131 1826 ut
3170 1772 3269 1823 alia
3308 1770 3636 1829 desiderent,
3667 1784 3782 1835 quze

2206 1881 2312 1921 non
2341 1865 2672 1921 habentcum
2694 1865 2849 1919 malis
2866 1863 3187 1919 communia.
3219 1861 3422 1915 Rursus
3444 1859 3600 1913 bonis
3615 1858 3783 1913 aufert

2206 1972 2268 2011 ea
2293 1957 2507 2028 quando
2532 1956 2668 2023 vult,
2700 1964 2758 2009 ut
2786 1956 3112 2023 interrogent
3149 1966 3207 2007 se
3229 1950 3295 2007 de
3319 1952 3431 2005 suis
3464 1951 3698 2015 viribus;
3734 1960 3785 2003 et

2207 2047 2484 2109 inveniant
2508 2062 2588 2113 se,
2611 2047 2701 2117 qui
2721 2045 2860 2100 forte
2889 2044 3123 2099 latebant
3146 2057 3226 2107 se,
3255 2051 3426 2096 utrum
3447 2041 3556 2110 jam
3585 2041 3784 2110 possint

2204 2136 2386 2196 dicere
2416 2154 2431 2190 :
2455 2135 2702 2191 Dominus
2729 2136 2889 2204 dedit,
2914 2134 3162 2188 Dominus
3188 2132 3393 2186 abstulit
3412 2147 3430 2193 ;
3450 2131 3580 2183 sicut
3613 2130 3780 2184 Domi-

2205 2244 2271 2282 no
2293 2229 2504 2299 placuit,
2540 2228 2613 2284 ita
2637 2232 2829 2300 factum
2871 2236 2945 2281 est
2973 2243 2990 2281 :
3019 2227 3085 2280 sit
3129 2241 3311 2279 nomen
3344 2219 3554 2277 Domini
3581 2222 3783 2277 Muedi-

2202 2328 2339 2375 ctum
2381 2318 2503 2393 (Job
2540 2336 2589 2388 1,,
2629 2320 2742 2391 Si).
2769 2306 3056 2381 Benedixit
3086 2317 3228 2373 enim
3261 2324 3317 2371 et
3340 2315 3430 2370 illa
3460 2316 3640 2370 anima
3677 2314 3783 2369 Do.

2203 2414 2431 2480 minum,
2469 2420 2524 2469 et
2546 2412 2775 2469 reddidit
2799 2412 2999 2467 fructus
3033 2412 3300 2479 eompluta
3330 2408 3511 2479 sagina
3562 2408 3786 2463 benedi-

2202 2507 2413 2563 ctionis.
2458 2504 2708 2562 Dominus
2743 2506 2900 2569 dedit,
2957 2503 3206 2559 Dominus
3245 2501 3446 2561 abstulit
3474 2516 3494 2555 :
3519 2499 3785 2557 subtraxit

2203 2596 2361 2664 data;
2392 2597 2487 2655 sed
2524 2612 2630 2653 non
2666 2596 2929 2653 subtraxit
2966 2594 3228 2651 datorem.
3274 2593 3461 2648 Anima
3506 2590 3784 2647 benedicna

2202 2689 2379 2745 omnis
2401 2689 2646 2759 simplex,
2676 2704 2781 2744 non
2808 2689 3015 2744 haerens
3036 2687 3196 2742 rebus
3224 2685 3468 2750 terrenis,
3500 2699 3603 2740 nec
3630 2684 3780 2739 visco

2203 2782 2485 2853 implicatis
2508 2781 2696 2854 pennis
2711 2797 2917 2852 jacens.
2948 2779 3043 2837 sed
3072 2790 3286 2835 exserto
3315 2777 3489 2832 nitore
3506 2777 3780 2841 virtutum,

2204 2873 2257 2927 in
2291 2873 2518 2943 geminis
2543 2873 2644 2927 alis
2671 2876 2901 2943 gemina:
2938 2868 3243 2924 dilectionis
3266 2866 3495 2922 exsultat
3527 2866 3581 2919 in
3626 2881 3785 2921 auras

2204 2963 2430 3029 liberas;
2453 2971 2510 3019 et
2531 2962 2678 3019 videt
2705 2962 2806 3018 sibi
2836 2961 3166 3017 subtractum
3193 2972 3314 3013 esse
3353 2956 3495 3027 quod
3524 2956 3784 3023 calcabat,

2204 3069 2313 3109 nun
2337 3053 2427 3108 ubi
2458 3052 2828 3115 incumbebat;
2857 3061 2914 3105 et
2939 3049 3068 3104 dicit
3093 3063 3279 3103 secura
3304 3064 3320 3100 :
3348 3046 3593 3100 Dominus
3614 3046 3784 3111 dedit,

2203 3142 2454 3199 Dominus
2480 3144 2725 3209 abstulit;
2747 3143 2874 3198 sicut
2902 3140 3120 3196 Domino
3150 3137 3360 3209 placuit,
3382 3138 3453 3190 ita
3467 3136 3661 3207 factum
3680 3149 3752 3192 cst
3768 3154 3788 3192 :

2202 3238 2269 3293 sit
2286 3254 2466 3294 nomen
2498 3236 2703 3291 Domini
2739 3233 3073 3289 benedictum.
3099 3230 3271 3295 Dedit,
3298 3240 3353 3285 et
3374 3229 3634 3295 abstulit;
3678 3246 3787 3284 ma-

2203 3338 2297 3387 net
2318 3331 2408 3400 qui
2436 3319 2600 3395 dedit,
2631 3337 2686 3384 et
2714 3326 2933 3384 absmlit
2969 3324 3111 3396 quod
3150 3323 3297 3380 dedit
3323 3341 3338 3377 :
3360 3323 3430 3377 sit
3450 3324 3568 3392 ejus
3593 3308 3785 3378 nomen

2203 3420 2563 3478 benedictum.
2590 3419 2671 3476 Ad
2704 3420 2806 3474 hoc
2825 3433 2954 3488 ergo
2987 3418 3085 3471 ista
3114 3415 3428 3471 auferuntur
3468 3414 3644 3471 bonis.
3680 3402 3788 3471 Sed

2202 3526 2273 3568 ne
2304 3510 2425 3583 quis
2445 3509 2582 3566 forte
2604 3509 2847 3565 iniimus
2865 3508 3106 3564 diceret:
3135 3506 3358 3581 Quando
3381 3520 3482 3578 ego
3512 3520 3636 3562 esse
3662 3522 3788 3576 pos—

2202 3617 2320 3658 sum
2338 3610 2500 3657 tanta‘.
2529 3600 2763 3668 virtutis,
2789 3608 3000 3671 quantae
3026 3606 3241 3654 sanctus
3265 3596 3400 3652 Job?
3424 3597 3608 3652 Robur
3625 3598 3789 3652 mira-

2202 3694 2279 3749 ris
2297 3693 2528 3760 arboris,
2550 3693 2675 3765 quia
2701 3691 2861 3747 modo
2896 3701 3017 3745 nata
3064 3705 3124 3746 es
3145 3690 3163 3722 ⁸
3191 3706 3206 3744 :
3235 3689 3351 3745 ιιωο
3386 3704 3577 3759 magna
3628 3705 3790 3761 quam

2203 3784 2435 3850 miraris,
2461 3783 2562 3839 sub
2579 3782 2732 3853 cujus
2759 3781 2922 3836 ramis
2941 3790 2997 3837 et
3014 3780 3198 3836 umbra
3223 3779 3557 3850 relrigeraris
3574 3781 3621 3846 ⁸,
3641 3780 3791 3850 virga

2205 3877 2323 3934 fuit.
2359 3876 2468 3933 Sed
2506 3876 2663 3931 times
2691 3890 2758 3931 ne
2812 3873 2906 3930 tibi
2952 3872 3260 3929 auferantur
3309 3872 3446 3937 haec,
3497 3887 3622 3926 cum
3670 3873 3790 3925 talis

2203 3970 2410 4025 fueris?
2432 3969 2659 4024 Attende
2683 3967 2807 4038 quia
2834 3966 3146 4022 auferuntur
3160 3973 3215 4020 et
3234 3966 3405 4018 malis.
3430 3962 3565 4032 Quid
3592 3975 3645 4017 te
3663 3980 3792 4032 ergo

2202 4061 2386 4118 differs
2419 4076 2449 4115 a
2478 4060 2869 4117 conversione?
2917 4056 3070 4127 Quod
3115 4057 3287 4113 bonus
3320 4055 3478 4111 times
3516 4057 3789 4119 amittere,

2205 4152 2342 4209 forte
2370 4152 2543 4207 malus
2570 4151 2865 4206 amissurus
2904 4162 2984 4204 es.
3036 4147 3091 4204 Si
3140 4148 3311 4202 bonus
3359 4161 3419 4201 ea
3466 4145 3787 4215 perdideris,

2203 4244 2355 4299 adest
2398 4243 2707 4298 consolator
2753 4240 2844 4311 qui
2895 4238 3112 4294 abstulit
3152 4256 3166 4292 :
3214 4253 3337 4293 arca
3387 4236 3659 4292 exinanita
3710 4247 3793 4293 est

2204 4348 2358 4399 auro,
2384 4347 2478 4388 cor
2508 4332 2719 4403 plenum
2740 4339 2822 4385 est
2842 4330 2981 4396 fide;
3012 4328 3140 4383 foris
3167 4342 3366 4399 pauper
3389 4344 3448 4383 es
3473 4369 3488 4389 .
3515 4328 3613 4384 sed
3651 4329 3793 4383 intus

2203 4425 2352 4480 dives
2377 4439 2437 4480 es
2462 4440 2476 4477 :
2510 4424 2722 4478 divitias
2750 4430 2924 4478 tecum
2968 4430 3147 4492 portas
3185 4435 3316 4489 quas
3346 4435 3451 4474 non
3480 4420 3788 4486 amitteres,

2203 4517 2412 4574 etiamsi
2434 4516 2501 4571 de
2524 4515 2799 4584 naufragio
2841 4513 3015 4569 nudus
3054 4511 3249 4567 exires.
3289 4512 3439 4580 Quod
3479 4525 3613 4583 ergo
3658 4512 3793 4567 forte

2205 4608 2511 4679 perditurus
2534 4622 2593 4660 es
2623 4606 2817 4672 malus,
2845 4620 2941 4659 cur
2966 4620 3070 4659 non
3113 4603 3308 4658 bonum
3342 4611 3395 4657 te
3447 4601 3658 4658 invenit
3700 4602 3791 4659 ἀξια

2204 4717 2413 4764 mnum,
2437 4699 2868 4771 quandoquidem
2898 4697 3048 4753 vides
3071 4706 3125 4752 et
3153 4695 3461 4766 malospati
3490 4695 3749 4751 damnum
3771 4697 3795 4749 ἲ

2205 4793 2311 4850 Sed
2341 4791 2542 4863 majore
2570 4791 2655 4846 illi
2684 4790 2881 4847 damno
2908 4790 3172 4847 feriuntur
3198 4804 3212 4842 :
3245 4790 3417 4847 inanis
3450 4798 3534 4845 est
3565 4790 3793 4857 domus,

2205 4888 2413 4943 inanior
2441 4884 2771 4941 conscientia
2798 4892 2899 4940 est.
2935 4881 3188 4954 Quisquis
3210 4881 3383 4937 malus
3410 4881 3511 4936 ista
3539 4881 3794 4952 perdide-

2204 4979 2297 5045 rit,
2324 4992 2433 5032 non
2462 4976 2623 5031 habet
2647 4975 2776 5031 foris
2804 4974 2947 5047 quod
2973 4982 3174 5041 teneat,
3206 4990 3310 5029 non
3342 4972 3503 5030 habet
3527 4974 3677 5030 intus
3704 4973 3792 5028 ubi

2204 5072 2521 5142 requiescat.
2550 5068 2705 5141 Fugit
2730 5068 2818 5125 hic
2846 5067 2868 5101 ³
2896 5067 2985 5124 ubi
3009 5067 3262 5124 damnum
3286 5060 3471 5139 pessius
3493 5075 3599 5133 est,
3621 5067 3710 5122 ubi
3737 5081 3795 5120 se

2204 5162 2271 5218 ad
2346 5161 2532 5217 oculos
2589 5159 2864 5214 hominum
2932 5158 3001 5214 de
3058 5157 3360 5214 divitiarum
3427 5160 3793 5214 ostentatione

2202 5253 2472 5325 jactabat;
2519 5252 2630 5324 jam
2684 5266 2745 5308 se
2793 5252 2845 5307 in
2898 5248 3066 5307 oculis
3119 5250 3391 5305 hominum
3440 5249 3650 5317 jactare
3690 5264 3797 5303 non

2208 5354 2381 5417 potest
2408 5362 2421 5397 :
2444 5344 2510 5401 ad
2547 5359 2605 5400 se
2632 5345 2775 5399 intro
2807 5359 2916 5400 non
2960 5342 3120 5409 redit,
3148 5342 3269 5415 quia
3297 5342 3428 5397 nihil
3460 5328 3643 5397 habet.
3678 5343 3798 5400 Non

2205 5446 2290 5495 est
2313 5437 2548 5492 imitatus
2577 5435 2854 5491 formicam
2879 5451 2894 5503 ;
2922 5449 3028 5492 nou
3054 5433 3156 5490 sibi
3189 5433 3402 5504 collegit
3429 5449 3595 5505 grana
3614 5475 3630 5499 ,
3672 5448 3795 5489 cum

2207 5539 2365 5586 mstas
2391 5538 2539 5587 esset
2564 5526 2747 5601 (Prov.
2774 5542 2848 5594 vr,
2871 5526 2927 5593 6,
2956 5535 3003 5581 et
3024 5541 3151 5591 xxx,
3181 5524 3296 5597 25).
3325 5525 3464 5596 Quid
3495 5524 3606 5580 dixi
3626 5568 3642 5595 ,
3673 5541 3794 5581 cum

2270 5641 2382 5703 tsic
2414 5645 2549 5702 Mss,
2573 5635 3416 5703 nisiquodunusbabegnatuscs.
3448 5634 3799 5701 uw.,qu¢

2226 5701 2371 5754 modo
2392 5709 2507 5756 nuta
2534 5706 2619 5753 est.
2709 5701 2722 5703 '

2269 5767 2289 5797 '
2314 5771 2444 5828 Mss.
2464 5761 2746 5828 teﬁiacrm-
2812 5810 2813 5817 η

2270 5818 2447 5891 suum,
2470 5818 2607 5878 nec:
2622 5823 2810 5890 Aliquot
2830 5834 2953 5876 vero
2970 5826 3103 5886 ιω..
3126 5818 3221 5873 ιιι.
