3934 6322
493 334 592 390 807

494 445 676 498 tuam?
708 441 988 511 Quaesituri
1018 452 1202 495 smnus
1231 450 1349 491 eam
1376 447 1476 489 nos
1494 474 1507 496 ,
1539 445 1644 486 non
1672 443 1768 498 per
1794 440 1890 480 nos
1911 421 2073 476 disci-

498 537 619 589 turi.
664 535 951 595 Possumus
977 545 1094 586 eam
1119 528 1185 585 de
1214 524 1500 596 Evangelia
1529 521 1774 577 discere:
1820 514 1932 593 Ego
1962 526 2075 564 sum

495 627 605 689 via,
636 624 891 679 Dominus
929 622 1021 675 ait.
1051 618 1294 676 Christus
1331 615 1498 669 dixit:
1536 609 1644 682 Ego
1688 624 1798 663 sum
1826 606 1923 657 uia.
1970 601 2075 657 Sed

500 716 654 768 times
684 728 748 768 ne
775 711 959 767 erres?
987 708 1194 777 Adjecit
1217 725 1230 760 :
1263 704 1329 758 Et
1358 692 1560 756 veritas.
1588 699 1717 769 Quis
1744 703 1887 751 errat
1913 695 1961 746 in
1988 706 2076 747 ve-

410 822 413 825 ‘
500 805 691 859 ritate?
708 804 861 857 Errat
876 801 889 840 ι
905 799 995 871 qui
1014 795 1333 852 reccsscrita
1348 787 1799 846 veritate.Vcritas
1813 784 2075 846 Christus,

500 896 582 949 via
597 894 871 948 Christus:
895 888 1312 947 ambula.’l'imcs
1329 899 1394 938 ne
1412 880 1653 936 moriaris
1669 887 1948 947 antequam
1970 888 2081 942 per-

502 985 721 1040 venias?
740 983 845 1052 Ego
866 999 977 1036 sum
995 983 1091 1031 rita
1116 995 1133 1031 :
1157 977 1266 1047 Ego
1282 991 1411 1038 sum,
1427 971 1615 1040 inquit,
1635 970 1733 1029 via,
1753 976 1795 1021 et
1817 966 2015 1030 veritas,
2033 970 2081 1016 et

501 1077 604 1131 uita
620 1074 908 1146 (Joanmv,
925 1070 1170 1140 6).Quasi
1187 1068 1404 1127 diceret,
1419 1062 1551 1130 Quid
1568 1058 1749 1116 times?
1765 1058 1865 1111 Per
1882 1070 1964 1109 me
1978 1068 2083 1106 am-

507 1144 682 1227 bulas,
701 1165 753 1217 in
771 1164 885 1217 me“
902 1162 1161 1220 ambulas,
1183 1158 1234 1210 in
1254 1171 1337 1209 me
1356 1150 1662 1219 requiescis.
1679 1147 1815 1213 Quid
1834 1159 1960 1215 ergo
1984 1144 2080 1209 ait,

504 1254 877 1325 Cognoscamus
908 1252 958 1303 in
987 1260 1118 1302 terra
1146 1248 1274 1299 viam
1298 1254 1455 1305 tuam,
1475 1240 1598 1305 nisi,
1622 1250 2006 1308 cognoscamus
2030 1234 2080 1286 in

420 1373 428 1383 α
505 1357 648 1403 terra
670 1346 934 1400 Christum
963 1327 1147 1396 tuum?
1176 1337 1280 1393 Sed
1303 1338 1417 1405 ipse
1440 1334 1679 1406 psalmus
1724 1326 2079 1400 respondeat:

466 1446 469 1447 ⁷
506 1455 574 1493 ne
598 1437 791 1507 putetis
808 1451 872 1489 ex
894 1433 1010 1488 aliis
1036 1426 1322 1499 Scriptnris
1342 1422 1702 1481 adhibendum
1720 1436 1837 1476 esse
1856 1410 2085 1474 testimo-

507 1533 651 1583 nium
680 1527 817 1599 quod
850 1525 985 1579 forte
1036 1524 1118 1577 hic
1148 1522 1330 1595 deest,
1362 1515 1654 1589 repetendo
1692 1512 1924 1568 ostendit
1959 1510 2084 1579 quid

506 1622 735 1685 dixerit,
767 1618 835 1674 Ut
862 1631 1221 1687 cognoscamus
1251 1615 1302 1666 in
1331 1622 1465 1665 terra
1492 1610 1622 1662 uiam
1655 1617 1794 1659 tuam
1818 1622 1836 1665 ;
1860 1613 1913 1658 et
1935 1603 2083 1672 quasi

506 1722 559 1765 tu
589 1723 889 1781 quaereres,
934 1706 990 1760 In
1017 1720 1117 1775 qua
1160 1712 1297 1757 terra
1324 1743 1339 1765 ,
1365 1715 1521 1769 quam
1549 1697 1685 1750 viam
1708 1694 1731 1747 ἲ
1769 1692 1834 1746 In
1858 1692 2086 1745 omnibus

437 1788 440 1791 Δ
506 1802 730 1873 gentibus
756 1801 977 1852 salutare
1000 1806 1160 1848 tuum.
1203 1794 1258 1846 In
1297 1806 1399 1860 qua
1443 1797 1586 1843 terra
1631 1783 1869 1854 qumris?
1907 1780 2084 1835 Audi:

506 1892 573 1946 In
601 1890 827 1945 omnibus
852 1888 1096 1959 gentibus.
1117 1884 1284 1952 Quam
1309 1883 1443 1936 viam
1469 1877 1704 1949 quteris?
1728 1874 1898 1929 Audi:
1930 1872 2087 1927 Salu-

507 1994 615 2036 tare
640 1993 799 2035 tuum.
831 1982 907 2032 An
937 1977 1073 2031 forte
1096 1990 1198 2029 non
1229 1983 1309 2028 est
1348 1970 1591 2026 Christus
1619 1968 1851 2021 salutare
1881 1962 2086 2034 ipsius?

510 2073 578 2127 Et
606 2070 731 2141 quid
760 2085 840 2124 εει
868 2068 1006 2138 quod
1033 2067 1167 2121 dixit
1196 2079 1359 2119 senex
1390 2062 1477 2117 ille
1502 2061 1751 2122 Simeon;
1784 2072 1945 2111 senex
1973 2055 2083 2123 ille,

507 2165 743 2235 inquam,
764 2164 815 2215 in
835 2158 1139 2229 Evangelio,
1154 2167 1394 2212 servatus
1408 2169 1641 2209 annosus
1659 2166 1823 2220 usque
1838 2148 1904 2204 ad
1919 2148 2089 2213 infans
2144 2219 2147 2222 ν

507 2257 635 2310 tiam
665 2253 864 2308 Verbi?
895 2251 1111 2319 Accepit
1138 2247 1278 2303 enim
1308 2261 1471 2301 senex
1505 2244 1593 2298 ille
1619 2245 1670 2296 in
1696 2236 1947 2295 manibus
1975 2240 2086 2295 suis

507 2346 761 2400 infantem
796 2342 1027 2396 Verbum
1072 2339 1184 2393 Dei.
1226 2338 1325 2406 Qui
1352 2346 1405 2391 et
1432 2336 1487 2389 in
1515 2342 1669 2388 utero
1699 2346 1817 2386 esse
1842 2331 2086 2400 dignatus

505 2445 618 2501 est,
644 2417 695 2488 in
724 2433 965 2489 manibus
994 2432 1137 2485 senis
1165 2444 1286 2483 esse
1306 2424 1720 2495 dedignaretur?
1746 2422 1837 2476 Ille
1862 2420 1914 2475 in
1938 2429 2087 2475 utero

509 2526 757 2595 virginis,
790 2524 876 2593 qui
912 2523 961 2575 in
1004 2520 1247 2573 manibus
1281 2520 1469 2582 senis;
1506 2516 1747 2569 inlirmus
1777 2510 1952 2566 infans
1977 2552 1992 2578 ,
2033 2519 2088 2566 et

507 2617 645 2669 intra
678 2614 877 2667 viscera
898 2653 912 2674 ,
935 2622 987 2679 et
1013 2611 1064 2663 in
1090 2608 1334 2662 manibus
1359 2607 1503 2662 senis
1524 2647 1537 2670 ,
1580 2604 1645 2659 ad
1672 2603 1900 2657 dandam
1932 2601 2088 2657 nobis

508 2706 810 2761 ﬁrmitatem
833 2747 845 2768 ,
879 2718 971 2772 per
997 2717 1155 2773 quem
1177 2701 1311 2755 facta
1344 2708 1467 2753 sunt
1492 2698 1701 2758 omnia;
1725 2705 1779 2750 et
1810 2695 1852 2748 si
1881 2695 2083 2760 omnia,

504 2811 560 2855 et
586 2799 695 2868 ipsa
724 2808 925 2856 mater;
963 2795 1111 2849 venit
1140 2793 1371 2855 humilis,
1404 2791 1547 2845 venit
1575 2788 1845 2867 inﬁrmus,
1883 2787 1973 2842 sed
2007 2786 2090 2841 in-

505 2891 667 2944 dutus
696 2888 1001 2943 inﬁrmitate
1031 2884 1280 2939 mutanda
1304 2900 1318 2938 :
1361 2885 1477 2954 quia
1506 2882 1595 2937 etsi
1620 2882 1890 2949 cruciﬁxus
1916 2889 1990 2935 est
2026 2895 2090 2935 ea:

508 2984 838 3052 inﬁrmitate;
867 2980 954 3033 sed
984 2979 1099 3032 vivit
1134 2993 1196 3031 ea:
1223 2976 1401 3029 virtute
1441 2974 1535 3028 Dei
1576 2973 1654 3045 (ll
1684 2974 1802 3028 Cor.
1838 2989 1960 3034 xm,
1993 2971 2086 3044 4).

513 3073 799 3143 Apostolus
831 3070 926 3124 ait.
960 3058 1257 3138 Eratergo
1288 3066 1339 3120 in
1377 3065 1623 3119 manibus
1652 3064 1816 3117 senis.
1856 3062 1919 3118 Et
1962 3062 2088 3132 quid

507 3166 581 3217 ait
609 3179 772 3218 senex
795 3161 908 3217 ille?
929 3159 1053 3228 quid
1080 3158 1182 3223 ait,
1206 3156 1478 3227 gratulans
1504 3155 1643 3226 quod
1668 3154 1776 3224 jam
1800 3153 2089 3226 solvendus

510 3257 633 3309 hinc
658 3264 820 3314 esset,
848 3252 1032 3305 videns
1057 3251 1170 3304 suis
1197 3249 1441 3303 manibus
1465 3247 1728 3301 contineri
1760 3261 1789 3300 a
1818 3261 1923 3316 quo
1951 3254 2003 3301 et
2035 3242 2087 3299 in

507 3366 611 3420 quo
640 3349 783 3403 salus
810 3348 926 3417 ejus
945 3342 1355 3401 continebatur?
1390 3361 1409 3393 ί
1434 3340 1550 3396 Jam
1576 3340 1821 3405 dimittis,
1856 3359 1874 3391 ι
1897 3339 2084 3407 inquit,

514 3461 533 3492 ι
574 3440 827 3504 Domine,
855 3452 1068 3493 servum
1105 3444 1251 3490 tuum
1283 3433 1334 3488 in
1373 3447 1537 3504 pace;
1566 3435 1816 3501 quoniam
1846 3430 2091 3484 viderunt

506 3531 645 3585 oculi
677 3530 778 3583 mci
816 3529 1050 3602 salutare
1100 3534 1247 3580 tuum
1283 3544 1302 3577 ι
1329 3522 1493 3595 (Luc.
1527 3539 1591 3587 ιι,
1616 3522 1718 3587 29,
1749 3523 1816 3577 '50
1836 3522 1875 3590 ).
1901 3521 2043 3592 Ergo
2069 3562 2086 3587 ,

515 3642 531 3672 ι
563 3621 846 3675 Benedicat
866 3635 961 3671 nos
984 3619 1142 3682 Deus,
1172 3624 1223 3671 e't
1250 3616 1565 3668 misereatur
1590 3614 1755 3666 nostri
1789 3631 1803 3667 :
1830 3612 2092 3667 illntninet

510 3715 712 3767 vultum
753 3727 904 3764 suum
951 3725 1108 3779 super
1154 3723 1281 3769 nos.
1314 3715 1373 3760 ut
1414 3719 1800 3776 cognoscamus
1852 3706 1901 3757 in
1945 3713 2089 3758 terra

511 3806 647 3859 viam
678 3813 840 3856 tuam.
871 3821 888 3853 ι
918 3803 973 3854 ln
1004 3815 1104 3865 qua
1128 3798 1301 3853 terra?
1332 3817 1350 3849 ε
1380 3798 1436 3851 1η
1480 3796 1727 3850 omnibus
1764 3794 2029 3865 gentibus.
2065 3812 2084 3845 ι

509 3897 677 3962 Quam
708 3892 880 3945 viam?
913 3908 933 3942 ‹
970 3891 1213 3946 Salutare
1240 3899 1406 3941 tuum.
1449 3905 1467 3938 ι

584 3986 638 4039 6.
669 3982 827 4056 [vers.
856 3979 950 4054 4.]
991 3981 1125 4045 Quid
1179 3978 1458 4048 sequitur;
1489 3976 1609 4046 quia
1656 3976 1994 4045 cognoscitur
2037 3974 2089 4027 in

516 4087 655 4132 terra
686 4076 776 4129 "via
822 4075 951 4136 Dei,
1003 4073 1122 4142 quia
1179 4071 1518 4141 cognoscitur
1555 4069 1607 4122 in
1654 4068 1902 4122 omnibus
1958 4082 2091 4136 gen-

514 4166 656 4222 tibus
685 4166 915 4219 Salntare
965 4165 1052 4217 Dei
1075 4165 1098 4214 ‘l
1138 4162 1489 4229 Conﬁteantur
1524 4159 1611 4211 tibi
1661 4158 1861 4228 papuli,
1911 4157 2090 4217 Deus;

510 4259 849 4326 conﬁteantur
911 4256 1045 4316 tibi,
1102 4254 1324 4320 inquit,
1398 4252 1573 4322 populi
1644 4266 1833 4303 omnes.
1899 4247 2094 4301 Existit

515 4350 821 4410 hrcretieus,
869 4357 923 4399 et
965 4346 1122 4405 dicit,
1166 4344 1278 4413 Ego
1317 4344 1369 4395 in
1409 4343 1581 4396 Africa
1626 4341 1849 4410 p0pnlos
1879 4340 2088 4393 bahco:

511 4450 566 4496 et
609 4441 743 4493 alius
795 4454 857 4493 ex
905 4438 1005 4490 alia
1046 4445 1196 4503 parte
1230 4475 1243 4497 ,
1297 4435 1361 4487 Et
1427 4448 1526 4503 ego
1571 4433 1620 4484 in
1662 4431 1864 4486 Galatia
1925 4446 2093 4500 popu-

512 4534 594 4587 los
652 4532 843 4585 haheo.
888 4530 966 4582 Tu
1042 4530 1092 4582 in
1158 4527 1379 4591 Africa,
1436 4526 1525 4579 ille
1579 4525 1631 4577 in
1682 4522 1881 4577 Galatia
1931 4540 1944 4576 :
1994 4537 2093 4591 ego

511 4624 656 4678 illum
704 4635 884 4688 quaero
925 4619 1012 4689 qui
1044 4618 1236 4687 ubique
1289 4617 1463 4670 habet.
1513 4616 1671 4670 Certe
1709 4615 1773 4666 ad
1805 4616 1957 4679 istam
1995 4630 2092 4668 vo-

513 4730 628 4768 cem
660 4714 927 4768 exsultare
943 4726 1038 4763 vos
1059 4710 1172 4763 ausi
1204 4709 1351 4775 estis,
1374 4708 1623 4777 quoniam
1651 4706 1893 4771 audistis,
1923 4704 2096 4774 Con/i-

510 4814 711 4860 teantur
732 4805 819 4857 tibi
849 4803 1051 4871 populi,
1078 4801 1231 4854 Deus.
1260 4800 1451 4853 Audite
1490 4806 1797 4869 sequentem
1837 4813 2048 4851 versum
2074 4837 2090 4861 ,

510 4900 631 4969 quia
660 4913 765 4952 non
792 4895 857 4949 de
901 4903 1050 4964 parte
1080 4892 1310 4961 loquitur
1339 4908 1353 4945 :
1385 4878 1764 4957 Conﬁtebantur
1791 4888 1881 4941 tibi
1919 4888 2095 4957 populi

510 5006 704 5044 omnes.
732 4987 1012 5042 Ambulate
1041 4986 1095 5038 in
1125 4984 1207 5037 via
1234 4998 1353 5037 cum
1385 4982 1632 5037 omnibus
1658 4982 1900 5051 gentibus
1925 5023 1938 5045 ,
1981 4996 2096 5033 am-

511 5084 695 5138 bulate
731 5081 782 5135 in
813 5080 894 5132 via
925 5093 1044 5133 cum
1088 5076 1332 5130 omnibus
1360 5075 1566 5143 populis
1590 5115 1603 5136 ,
1634 5089 1666 5127 ο
1691 5072 1779 5127 ﬁlii
1811 5074 1973 5147 pacis,
2002 5071 2095 5125 ﬁlii

510 5176 680 5230 unicse
702 5172 1022 5233 Catholicm;
1051 5169 1316 5223 ambulate
1352 5168 1401 5221 in
1432 5167 1516 5220 via
1537 5207 1550 5227 ,
1589 5176 1797 5220 cantate
1820 5166 2098 5218 ambulan-

512 5280 612 5323 tes.
637 5266 861 5323 Faciunt
892 5265 993 5318 hoc
1011 5263 1242 5317 viatores
1265 5259 1328 5315 ad
1357 5260 1593 5315 solamen
1623 5258 1841 5312 laboris.
1870 5257 2095 5311 Cantate

512 5377 606 5412 vos
634 5360 685 5413 in
717 5359 815 5413 hac
843 5355 961 5410 via:
1001 5354 1224 5409 obsecro
1249 5368 1342 5406 vos
1369 5367 1462 5422 per
1487 5351 1654 5419 ipsam
1685 5351 1821 5404 viam
1842 5391 1857 5414 ,
1886 5357 2096 5403 cantate

510 5450 565 5505 in
598 5449 695 5503 hac
721 5449 805 5501 via
833 5464 848 5503 :
882 5444 1143 5501 canticum
1171 5458 1366 5498 novum
1416 5450 1663 5505 cantate;
1693 5456 1850 5496 nemo
1870 5455 1875 5458 '
1894 5441 1963 5495 ibi
1998 5456 2097 5496 ve-

512 5551 626 5598 tera
656 5549 873 5597 cantet:
901 5552 1112 5594 cantate
1157 5534 1411 5591 amatoria
1450 5533 1631 5604 patria
1670 5542 1893 5597 vestrae;
1936 5546 2096 5587 nemo

577 5696 592 5725 ¹
619 5695 696 5742 Hic
726 5707 771 5741 tl‘.
794 5692 928 5750 add,
954 5687 1158 5743 additur.
1185 5687 1234 5739 in
1259 5689 1454 5740 veritate
1479 5702 1490 5737 :
1516 5686 1645 5751 quod
1667 5686 1805 5737 abest
1828 5699 1855 5735 a
1882 5687 1984 5735 \ts's.

578 5757 597 5786 ³
620 5757 691 5806 Sic
715 5767 778 5803 ex
802 5760 907 5802 Mss.
928 5752 999 5815 [in
1024 5752 1135 5814 me.)

1719 316 1777 371 S.
1819 305 2181 393 AUGUSTI!“
2223 302 2524 361 EPISCOPI

3656 300 3759 357 808

2186 427 2384 472 vetera.
2415 415 2511 469 Via
2562 427 2699 475 nova
2726 453 2741 480 ,
2796 411 2967 466 viator
2998 425 3165 466 novus
3185 452 3201 476 ,
3234 411 3499 468 canticum
3544 426 3763 468 novum.

2181 508 2317 563 Audi
2346 505 2655 576 Apostolum
2690 504 2989 557 hortantem
3023 511 3074 558 te
3113 502 3181 557 ad
3208 504 3477 558 canticum
3529 519 3763 558 novum:

2183 598 2245 653 Si
2267 614 2368 669 qua
2384 598 2537 667 igitur
2551 596 2602 649 in
2619 592 2818 651 Christo
2839 611 2967 648 nova
2981 604 3233 673 creatura,
3250 605 3416 649 cetera
3438 596 3767 657 transierunt;

2183 705 2291 743 ecce
2319 691 2454 760 facta
2478 695 2592 740 sunt
2622 701 2750 740 nova
2776 684 2856 758 (ll
2886 684 3004 738 Cor.
3034 700 3087 749 ι’,
3112 671 3239 757 Π).
3266 685 3548 741 Canticum
3577 702 3769 739 novum

2183 790 2391 853 cantate
2418 780 2472 834 in
2492 777 2575 832 via
2601 792 2757 853 quam
2784 776 3106 847 cognovistis
3135 776 3186 830 in
3208 786 3359 831 terra.
3383 777 3437 831 ιιι
3460 792 3564 846 qua
3588 777 3770 831 terra!

2184 852 2250 923 In
2280 868 2508 923 omnibus
2550 850 2799 937 gentibus.
2828 865 3119 935 Propterea
3168 874 3222 922 et
3260 866 3526 919 canticum
3578 881 3772 920 novmn

2186 975 2291 1015 non
2321 959 2552 1031 pertinet
2578 956 2643 1027 ad
2679 964 2902 1026 partem.
2933 956 3032 1023 Qui
3081 955 3133 1009 in
3174 965 3327 1026 parte
3370 964 3555 1009 cantat
3578 996 3594 1021 ,
3621 963 3774 1008 vetus

2185 1058 2399 1107 cantat:
2429 1046 2702 1119 quodlibet
2742 1055 2959 1113 cantet,
2989 1057 3138 1101 vetus
3163 1053 3343 1101 cantat
3369 1085 3387 1112 ,
3416 1057 3569 1100 vetus
3615 1046 3777 1100 homo

2186 1149 2383 1207 cantat;
2414 1138 2613 1193 divisus
2640 1144 2739 1201 est,
2764 1138 2993 1190 carnalis
3012 1144 3112 1191 est.
3137 1136 3291 1192 Certe
3307 1136 3358 1189 in
3383 1146 3639 1206 quantum
3661 1152 3777 1190 car-

2190 1229 2322 1283 nalis
2360 1237 2461 1292 est,
2494 1228 2545 1282 in
2570 1236 2772 1283 tantum
2800 1237 2973 1289 vetus,
2997 1235 3051 1282 et
3078 1227 3132 1281 in
3158 1234 3412 1297 quantum
3438 1225 3734 1297 spiritualis
3757 1266 3772 1290 ,

2190 1326 2240 1379 in
2265 1333 2465 1379 tantum
2497 1337 2686 1378 novus.
2704 1321 2835 1377 Vide
2860 1320 2985 1391 quid
3018 1321 3159 1376 dicat
3182 1322 3506 1391 Apostolus:
3536 1318 3660 1373 Non
3687 1336 3776 1387 ροο

2189 1416 2265 1469 tui
2287 1416 2422 1469 vobis
2453 1413 2590 1487 loqui
2607 1414 2752 1483 quasi
2777 1410 3143 1482 spiritualibus,
3173 1411 3263 1465 sed
3291 1411 3436 1481 quasi
3463 1411 3777 1465 carnalibus.

2197 1504 2346 1561 Unde
2377 1504 2493 1557 illos
2523 1503 2708 1572 probat
2733 1500 3010 1555 carnales?
3035 1498 3159 1555 Cum
3179 1500 3311 1553 enim
3335 1516 3465 1553 unus
3488 1499 3632 1566 dicit,
3662 1497 3775 1570 Ego

2190 1611 2299 1646 sum
2331 1591 2520 1654 Pauli;
2547 1591 2676 1645 alter
2727 1608 2863 1659 vero,
2898 1584 3008 1661 Ego
3034 1590 3218 1659 Apollo
3260 1606 3279 1643 :
3327 1606 3492 1644 nonne
3520 1632 3538 1653 ,
3571 1590 3771 1659 inquit,

2190 1685 2417 1738 carnales
2445 1683 2627 1763 estis(l
2660 1682 2780 1739 Cor.
2810 1700 2882 1748 ιιι,
2922 1683 2973 1747 1,
3008 1682 3107 1755 4)?
3138 1683 3275 1752 Ergo
3315 1682 3367 1736 in
3392 1682 3775 1752 spiritucanti-

2190 1790 2309 1830 cum
2375 1790 2570 1829 novum
2627 1784 2780 1829 canta
2830 1774 2881 1828 in
2933 1774 3016 1827 via
3071 1788 3278 1828 secura.
3336 1772 3484 1834 Sicut
3547 1774 3777 1829 viatores

2190 1875 2451 1932 cantant,
2524 1874 2578 1920 et
2633 1865 2961 1941 plerumque
3001 1874 3157 1919 nocte
3206 1876 3438 1919 cmuant.
3498 1863 3778 1919 Formido-

2192 1957 2303 2009 losa
2347 1956 2791 2024 circumstrepunt
2818 1952 2993 2009 omnia
3017 1995 3035 2021 ,
3082 1956 3164 2010 vel
3194 1956 3365 2023 potius
3394 1969 3497 2010 non
3545 1956 3777 2010 circum-

2191 2057 2470 2118 strepunt,
2512 2048 2604 2102 scd
2646 2048 3040 2114 circnmsilent;
3073 2057 3126 2101 et
3165 2058 3367 2117 quanto
3404 2049 3572 2117 magis
3617 2048 3779 2104 silen-

2193 2143 2261 2199 tia
2292 2181 2307 2207 ,
2340 2150 2486 2195 tanto
2515 2141 2680 2210 magis
2708 2139 3090 2205 formidolosa;
3126 2148 3343 2211 cantant
3381 2149 3554 2192 tamen
3594 2147 3651 2192 et
3687 2138 3778 2209 qui

2191 2232 2423 2285 latrones
2479 2231 2683 2284 timent.
2731 2229 2941 2297 Quanto
2999 2229 3236 2284 securius
3281 2238 3465 2284 cautas
3507 2228 3560 2297 in
3619 2228 3778 2283 Chri-

2190 2323 2306 2377 sto?
2345 2321 2477 2376 Non
2507 2321 2664 2377 habet
2706 2320 2787 2374 via
2824 2320 2923 2375 ista
2955 2320 3213 2375 latronem
3236 2360 3252 2385 ,
3290 2319 3338 2373 si
3382 2330 3435 2374 tu
3480 2336 3583 2373 non
3624 2320 3779 2375 dese-

2192 2414 2357 2469 rendo
2386 2414 2522 2468 viam
2551 2412 2740 2467 incidis
2781 2412 2830 2466 in
2864 2412 3140 2467 latronem.
3176 2411 3371 2479 Canta,
3403 2413 3615 2482 inquam
3639 2454 3654 2476 ,
3682 2428 3772 2468 se-

2189 2519 2348 2560 curus
2395 2508 2657 2559 canticum
2712 2498 2904 2556 novum
2958 2502 3125 2556 invia
3180 2519 3333 2571 quam
3387 2503 3681 2573 cognovisti
3723 2502 3778 2557 in

2191 2606 2324 2649 terra
2347 2635 2364 2659 ,
2395 2593 2498 2648 hoc
2526 2603 2623 2647 εει·
2651 2594 2704 2645 in
2734 2593 2962 2647 omnibus
2991 2584 3238 2664 gentibus.
3270 2591 3400 2646 Vide
3442 2593 3562 2662 quia
3606 2594 3778 2661 ipsum

2192 2686 2458 2742 canticum
2485 2700 2677 2740 novum
2717 2699 2821 2738 non
2862 2692 3034 2737 tecum
3082 2691 3260 2736 cantat
3285 2683 3370 2752 qui
3404 2684 3454 2737 i'n
3484 2692 3635 2752 parte
3660 2698 3789 2738 esse

2191 2775 2379 2831 voluit.
2409 2774 2616 2829 Cantate
2644 2817 2658 2838 ,
2688 2774 2857 2845 inquit
2886 2815 2901 2840 ,
2935 2771 3153 2828 Domino
3198 2774 3447 2827 canticum
3477 2790 3660 2827 nouum
3684 2792 3705 2839 ;
3730 2784 3782 2828 et

2191 2868 2450 2939 sequitur,
2481 2866 2688 2922 Cantate
2712 2865 2963 2930 Domino,
2995 2865 3157 2919 omnis
3186 2875 3318 2918 terra
3347 2856 3518 2937 (Psal.
3550 2881 3672 2930 xcv,
3703 2867 3779 2937 1).

2193 2955 2542 3029 Conﬁteantur
2561 2958 2647 3011 tibi
2670 2956 2865 3029 pepuli,
2894 2955 3046 3011 Deus.
3080 2956 3402 3011 Invenerunt
3425 2957 3563 3011 viam
3597 2966 3778 3021 tuam;

2192 3051 2565 3105 conﬁteantur.
2598 3047 2713 3118 ipsa
2757 3046 2993 3102 cantatio
3030 3046 3297 3101 confessio
3340 3056 3461 3111 est;
3513 3045 3782 3102 confessio

2194 3150 2532 3210 peccatorum
2569 3148 2801 3203 tuorum,
2826 3136 3104 3194 etvirtntis
3126 3138 3236 3191 Dei.
3255 3136 3421 3191 Tuam
3446 3138 3781 3209 iniquitatem

2194 3230 2469 3294 conﬁtere,
2499 3224 2721 3299 gratiam
2746 3228 2839 3283 Dei
2861 3227 3149 3293 conﬁtere;
3180 3236 3231 3281 te
3253 3232 3464 3294 ac'cusa,
3494 3228 3643 3284 illum
3663 3229 3783 3300 glo-

2195 3322 2378 3385 vilica;
2404 3331 2454 3377 te
2483 3319 2838 3391 reprehende,
2868 3320 3015 3373 illum
3043 3318 3196 3373 lauda
3222 3336 3236 3373 :
3264 3328 3322 3373 ut
3345 3329 3396 3374 et
3418 3321 3532 3390 ipse
3556 3322 3782 3376 veniens

2196 3414 2426 3469 inveniat
2454 3424 2505 3468 te
2532 3414 2828 3483 punitorem
2846 3419 3016 3475 tuum,
3035 3419 3089 3464 et
3112 3410 3363 3466 exhibeat
3391 3425 3450 3465 se
3482 3411 3575 3465 tibi
3606 3411 3780 3464 salva-

2199 3518 2364 3562 torem
2412 3516 2578 3559 tuum.
2626 3503 2760 3571 Quid
2788 3506 2930 3557 enim
2977 3501 3172 3556 timetis
3197 3500 3438 3571 confiteri
3462 3543 3478 3563 ,
3510 3501 3602 3571 qui
3634 3500 3795 3555 inter

2196 3597 2349 3655 nistis
2403 3596 2539 3649 hanc
2566 3594 2704 3647 viam
2735 3594 2787 3647 in
2817 3592 3064 3647 omnibus
3107 3591 3390 3663 gentibus?
3418 3582 3541 3662 quid
3586 3574 3785 3646 timetis

2195 3685 2433 3741 conﬁteri
2458 3727 2472 3745 .
2518 3693 2573 3738 ct
2604 3686 2653 3737 in
2698 3682 3033 3738 confessione
3059 3692 3233 3737 vestra
3273 3692 3488 3736 cantare
3516 3684 3781 3735 canticum

2198 3791 2391 3831 novum
2418 3791 2538 3830 cum
2569 3776 2712 3829 omni
2742 3785 2906 3838 terra,
2931 3773 2985 3828 in
3011 3773 3152 3827 omni
3181 3780 3342 3838 terra,
3366 3774 3415 3826 in
3445 3789 3575 3843 pace
3603 3773 3785 3829 catho-

2154 3914 2157 3917 γ
2200 3867 2343 3921 lica?
2377 3866 2629 3921 Confiteri
2662 3865 2818 3919 times
2847 3865 2955 3918 Deo
2974 3904 2989 3931 ,
3020 3880 3086 3918 ne
3110 3863 3413 3918 confessum
3439 3864 3704 3920 damnet?
3730 3865 3783 3922 Si

2199 3972 2303 4010 non
2320 3957 2595 4010 confessus
2607 3956 2739 4008 lates
2754 3956 2794 4020 ί,
2809 3954 3082 4008 confessus
3103 3952 3166 4007 da
3175 3954 3647 4010 mnaberis.'l‘imes
3657 3970 3785 4010 con-

2201 4049 2333 4101 literi
2352 4048 2587 4115 .quinon
2619 4044 2922 4099 conﬁtendo
2942 4058 3062 4099 esse
3091 4060 3196 4099 non
3230 4046 3634 4113 potesoccultus
3658 4046 3784 4101 :da-

2199 4139 2467 4193 mnaberis
2504 4138 2715 4201 tacitus,
2748 4136 2835 4204 qui
2856 4150 3038 4206 posses
3066 4135 3279 4190 liberari
3297 4134 3593 4190 confessus.
3615 4137 3784 4206 Conﬁ-

2199 4239 2397 4282 teantur
2418 4221 2503 4280 tibi
2532 4229 2727 4297 populi,
2750 4226 2917 4289 Deus;
2945 4226 3283 4296 conﬁteantur
3299 4226 3386 4279 tibi
3404 4228 3579 4295 populi
3597 4244 3783 4282 omnes.

2271 4322 2322 4373 7.
2354 4318 2505 4392 [rem
2548 4317 2627 4391 8.]
2655 4318 2722 4371 Et
2750 4317 2871 4385 quia
2902 4317 3001 4370 ista
3026 4316 3297 4371 confessio
3333 4332 3437 4370 non
3476 4317 3543 4372 ad
3582 4319 3786 4387 suppli-

2200 4412 2338 4466 cium
2367 4411 2510 4464 ducit
2534 4451 2548 4473 ,
2582 4409 2852 4477 sequitur.
2891 4416 2946 4461 et
2973 4406 3101 4462 dicit
3130 4425 3144 4461 :
3171 4405 3428 4461 La’tcntur
3466 4395 3514 4460 et
3542 4414 3788 4462 exsultent

2200 4513 2387 4575 gentes.
2434 4503 2488 4556 Si
2522 4502 2777 4570 plangunt
2801 4509 2923 4553 ante
2949 4499 3217 4554 hominem
3248 4498 3477 4554 confessi
3509 4500 3747 4569 latrones
3768 4540 3784 4563 ,

2202 4596 2449 4649 lit-tentur
2472 4602 2594 4647 ante
2625 4593 2787 4646 Deum
2815 4591 3043 4646 confessi
3066 4591 3263 4646 ﬁdeles.
3290 4591 3530 4646 Sibomo
3554 4592 3784 4662 jndicet,

2202 4688 2364 4756 exigit
2404 4702 2433 4739 a
2474 4686 2680 4739 latrone
2710 4683 3104 4738 confessionem
3148 4694 3318 4739 tortor
3351 4697 3406 4738 ct
3445 4686 3647 4751 timor;
3678 4686 3788 4741 imo

2202 4778 2489 4846 aliquando
2518 4776 2904 4831 confessionem
2935 4776 3126 4844 premit
3156 4778 3347 4839 timor,
3390 4776 3555 4845 exigit
3579 4777 3738 4831 dolor
3769 4794 3783 4829 :

2202 4879 2257 4922 et
2287 4870 2374 4923 ille
2399 4869 2488 4936 qui
2520 4868 2722 4938 plangit
2762 4868 2814 4920 in
2852 4867 3161 4933 tormentis,
3205 4867 3357 4921 timet
3392 4877 3570 4920 autem
3618 4868 3788 4921 occidi

2202 4959 2497 5024 confessus,
2530 4968 2706 5027 portat
2730 4966 2991 5011 tormenta
3019 4965 3271 5026 quantum
3300 4965 3510 5026 potest;
3543 4968 3596 5012 et
3636 4958 3681 5011 si
3710 4959 3789 5010 vi-

2203 5063 2320 5107 ctus
2349 5050 2535 5104 dolore
2566 5049 2724 5104 fuerit
2747 5091 2761 5112 ,
2792 5048 2993 5118 profert
3032 5048 3097 5102 ad
3142 5059 3365 5102 mortem
3398 5064 3583 5103 vocem
3615 5065 3784 5102 suam.

2203 5143 2474 5212 Nusquam
2505 5156 2634 5210 ergo
2664 5141 2836 5203 hctus,
2869 5155 3130 5208 nusquam
3157 5140 3427 5194 exsultans
3460 5156 3473 5192 :
3500 5150 3787 5208 antequam

2207 5237 2561 5299 conﬁteatur,
2610 5242 2792 5287 exarat
2836 5233 3065 5301 ungula;
3110 5247 3229 5286 cum
3274 5232 3549 5286 confessus
3592 5233 3775 5296 fuerit,

2203 5327 2512 5381 damnatum
2539 5324 2771 5378 carnifex
2792 5323 2937 5377 ducit
2972 5341 2983 5376 :
3015 5325 3175 5377 miser
3202 5324 3392 5394 ubique
3416 5324 3458 5378 ⁸.
3486 5323 3589 5378 Sed
3619 5325 3795 5377 (teten-

2207 5430 2289 5473 tur
2313 5428 2359 5471 et
2387 5418 2635 5471 exsultent
2660 5426 2850 5486 gentes.
2897 5413 3083 5471 Unde?
3135 5415 3235 5469 Per
3280 5417 3447 5484 ipsam
3492 5415 3789 5469 confessio-

2209 5511 2352 5565 nem.
2382 5509 2597 5577 Quare?
2625 5506 2756 5573 Quia
2788 5507 2957 5561 bonus
2982 5516 3064 5562 est
3089 5507 3173 5560 cui
3200 5507 3520 5562 confitentur
3553 5526 3566 5561 τ
3595 5507 3663 5559 ad
3696 5505 3794 5559 hoc

2237 5623 2287 5731 bl
2311 5620 2447 5730 stag“
2470 5632 2563 5668 non
2594 5618 2835 5680 confessus
2866 5616 3191 5668 damnaberis.
3238 5624 3492 5681 Expunge,
3530 5631 3640 5675 non,
3668 5619 3792 5687 quod

2273 5698 2328 5731 CS
2415 5721 2422 5728 .
2962 5712 2963 5715 η
3312 5700 3315 5703 ‘

2288 5698 2328 5731 ις
2370 5696 2398 5729 a
2415 5693 2476 5729 δικ
2509 5717 2520 5727 .
2962 5712 2963 5715 η
3312 5700 3315 5703 <

2209 5693 2300 5775 ab:
2316 5693 2389 5791 slis
2407 5696 2512 5793 nisi
2536 5750 2588 5792 At
2603 5741 2713 5791 ΒΜ.
2731 5776 2745 5803 ,
2764 5741 2959 5791 damnat
2974 5741 3211 5805 carnifex,
3228 5741 3419 5791 ducitur
3437 5741 3581 5793 miser
3602 5744 3777 5805 ubique,
