3934 6316
202 337 307 392 869

187 454 360 524 cingit
387 451 799 513 confessionem,
827 463 884 506 ut
919 452 1104 506 liberet
1137 451 1424 516 humilem;
1451 453 1519 507 ad
1549 449 1648 506 huc
1677 453 1772 506 da-

189 558 346 602 mnat
372 560 476 598 neu
501 544 868 607 conﬁtentem,
898 552 954 596 ut
975 544 1153 612 puniat
1173 543 1482 613 superbum.
1511 544 1650 614 Ergo
1679 543 1776 596 tri-

192 638 292 690 stis
317 644 430 690 esto
449 645 731 706 antequam
753 635 1087 699 conﬁtearis;
1115 635 1390 689 confessus
1411 634 1640 698 exsulta,
1666 633 1776 702 jam

193 728 486 782 sanaberis.
510 727 856 782 Conscientia
893 735 978 780 tua
1009 729 1023 758 ¹
1057 727 1258 781 saniem
1285 727 1607 796 collegerat,
1636 742 1772 797 apo-

184 830 362 874 stetna
394 827 679 882 tumuerat,
709 817 982 872 cruciabat
1010 827 1080 880 te,
1111 817 1448 886 requiescere
1475 832 1582 872 non
1621 819 1769 876 siue-

187 910 284 964 bat
328 928 342 964 :
379 909 600 964 adhibet
649 909 886 963 medicus
939 896 1191 961 fomenta'
1222 908 1529 974 verborum,
1577 918 1628 963 et
1674 907 1770 963 ali-

185 1000 402 1071 quando
415 1010 589 1064 secat;
606 999 818 1053 adhibet
835 998 1351 1053 medicinaleferrum
1371 999 1422 1052 in
1437 1000 1770 1068 correptione

187 1091 546 1146 tribulationis
573 1099 660 1144 :tu
689 1104 917 1160 agnosce
950 1089 1139 1144 medici
1163 1104 1376 1144 manum
1402 1106 1417 1154 ;
1467 1092 1722 1145 conﬁtere
1749 1132 1766 1158 ,

183 1198 346 1242 exeat
380 1189 430 1242 in
475 1189 814 1244 confessione
853 1199 905 1244 et
947 1188 1145 1242 deﬂuat
1188 1189 1360 1242 omnis
1405 1190 1584 1243 sanies
1613 1206 1626 1240 :
1654 1187 1768 1257 jam

181 1281 392 1334 exsulta
413 1321 428 1340 ,
451 1281 559 1348 jam
587 1281 799 1346 laetare;
828 1280 969 1350 quod
997 1282 1258 1348 reliquum
1299 1289 1381 1334 est
1409 1280 1563 1334 facile
1605 1294 1764 1333 sana-

186 1371 352 1424 bitur.
375 1369 722 1439 Conﬁteantur
750 1372 839 1424 tibi
863 1372 1040 1441 populi
1062 1412 1078 1438 ,
1107 1370 1282 1432 Deus;
1304 1371 1637 1438 conﬁteantur
1677 1368 1765 1423 tibi

182 1463 365 1531 populi
403 1479 591 1516 omnes.
621 1464 686 1516 Et
722 1465 841 1531 quia
869 1463 1191 1517 conﬁtentur
1215 1504 1228 1526 ,
1258 1462 1490 1516 lwtentur
1519 1471 1567 1516 et
1596 1461 1765 1514 exsul-

178 1565 281 1608 tent
307 1565 512 1624 gentes;
540 1555 774 1624 quoniam
793 1555 994 1623 judico:
1015 1553 1228 1623 papulas
1248 1554 1299 1606 in
1321 1554 1570 1623 (equitate.
1593 1551 1762 1607 Nemo

178 1654 232 1700 te
272 1643 409 1698 fallit
438 1662 451 1697 ε
479 1643 702 1713 gaudeat
736 1643 1085 1714 judicandus,
1147 1642 1236 1712 qui
1278 1642 1454 1697 timuit
1488 1642 1760 1711 judicatu-

175 1751 318 1789 rum.
350 1734 596 1790 Prmvidit
620 1736 785 1801 enim,
817 1743 868 1790 et
897 1735 1157 1804 praevenit
1184 1733 1372 1788 faciem
1399 1733 1513 1803 ejus
1545 1734 1595 1786 in
1625 1748 1758 1788 con-

172 1828 408 1883 fessione
431 1828 600 1899 (l’sal.
626 1844 765 1892 χειν,
792 1826 862 1899 ‘2)
897 1846 909 1880 :
943 1828 1031 1882 ille
1055 1836 1230 1881 autem
1258 1841 1378 1881 cum
1408 1827 1630 1889 venerit,
1658 1841 1756 1896 po-

173 1921 331 1990 pulos
361 1921 410 1974 in
443 1919 993 1990 tequitatejudicabit.
1023 1918 1158 1984 Quid
1180 1919 1250 1972 ibi
1276 1917 1471 1972 valebit
1495 1918 1757 1972 calliditas

167 2014 523 2077 accusatoris,
555 2015 642 2068 ubi
667 2023 748 2068 est
771 2015 928 2069 testis
959 2012 1288 2068 conscientia
1311 2053 1325 2078 ,
1356 2012 1445 2065 ubi
1487 2021 1542 2066 tu
1570 2012 1676 2065 eris
1701 2021 1756 2066 ct

167 2120 331 2158 causa
361 2113 445 2158 tua
466 2147 481 2169 ,
512 2105 599 2159 ubi
621 2105 782 2174 judcx
811 2120 915 2158 non
942 2105 1136 2174 quierit
1163 2105 1394 2159 testem?
1423 2103 1751 2159 Advocatum

167 2195 316 2248 misit
347 2195 437 2248 tibi
473 2211 486 2246 :
518 2202 734 2263 propter
756 2195 924 2260 illum,
954 2202 1008 2248 et
1042 2209 1135 2263 per
1156 2194 1302 2248 illum
1325 2194 1620 2258 conﬁtere;
1653 2208 1752 2264 age

165 2298 386 2338 causam
419 2294 558 2338 tuam
579 2326 596 2351 ,
625 2292 681 2340 et
707 2284 961 2340 defensor
989 2295 1070 2340 est
1101 2285 1409 2353 paenitentis
1431 2327 1446 2348 ,
1475 2294 1528 2339 et
1557 2286 1754 2354 petitor

162 2377 337 2430 venia:
366 2375 672 2430 confitentis
697 2416 709 2440 ,
752 2376 994 2445 etjudex
1043 2377 1359 2431 innocentis.
1398 2377 1534 2431 Vere
1561 2377 1750 2431 timere

165 2468 372 2536 poteris
411 2481 626 2520 causam
655 2476 819 2531 tuam,
854 2466 942 2521 ubi
989 2467 1277 2522 advocatus
1305 2475 1424 2521 tuus
1454 2469 1554 2521 erit
1586 2468 1747 2535 judex

161 2560 332 2614 tuus?
361 2559 615 2614 Lctentur
635 2575 761 2629 ergo
783 2601 798 2624 ,
829 2570 874 2613 et
900 2559 1148 2614 exsultent
1171 2571 1374 2630 gentes;
1403 2560 1638 2627 quoniam
1655 2561 1748 2629 ju-

160 2650 304 2703 dieas
328 2650 541 2722 papulas
560 2651 612 2703 in
631 2652 879 2720 teqnitate.
905 2650 1010 2705 Sed
1033 2651 1221 2706 timere
1244 2660 1492 2719 poterunt
1517 2666 1584 2704 ne
1608 2651 1747 2705 male

158 2741 464 2810 iudicentur
496 2759 510 2794 :
541 2741 669 2795 dent
697 2755 756 2795 se
782 2742 1146 2811 corrigendos,
1176 2742 1304 2796 dent
1336 2757 1394 2796 sc
1435 2742 1746 2812 dirigendos

158 2833 206 2886 ei
235 2832 328 2902 qui
359 2831 498 2885 videt
522 2831 858 2900 judicandos.
900 2832 995 2886 llic
1023 2832 1387 2902 corrigantur,
1441 2841 1496 2886 et
1538 2845 1642 2885 non
1674 2833 1744 2886 ti-

159 2931 341 2977 meant
389 2938 510 2977 cum
549 2923 946 2992 judicabuntur.
997 2922 1128 2978 Vide
1177 2923 1303 2992 quid
1351 2922 1494 2978 dicat
1537 2922 1588 2976 in
1638 2923 1744 2978 alio

155 3015 365 3083 psalmo
399 3033 412 3068 :
445 3014 601 3082 Deus,
624 3016 676 3067 in
706 3016 906 3068 nomine
926 3025 1010 3068 tuo
1039 3014 1231 3069 salvum
1260 3031 1340 3069 nte
1363 3005 1465 3083 fac.
1495 3021 1541 3067 et
1567 3014 1618 3066 in
1645 3014 1745 3066 vir-

156 3112 261 3158 tute
292 3114 377 3158 tua
394 3104 572 3174 judico
607 3121 685 3159 me
714 3104 882 3176 (Psal.
911 3119 1024 3168 Lm,
1048 3107 1123 3174 3).
1147 3105 1281 3173 Quid
1311 3106 1420 3158 ait?
1443 3106 1501 3160 Si
1528 3120 1633 3159 non
1656 3121 1743 3161 me

154 3198 306 3268 prius
341 3198 516 3252 salvas
553 3199 615 3252 in-
650 3200 863 3253 nomine
894 3209 1016 3263 tuo,
1059 3198 1230 3253 debeo
1273 3200 1462 3254 timere
1500 3215 1621 3254 cum
1652 3214 1741 3255 me

153 3286 416 3356 iudicabis
447 3287 497 3341 in
531 3288 725 3343 virtute
757 3299 841 3342 tua
873 3306 888 3339 τ
916 3289 960 3341 si
987 3297 1164 3343 autem
1193 3305 1276 3343 me
1305 3289 1448 3357 prius
1477 3291 1657 3346 salvas
1686 3290 1739 3343 in

152 3381 371 3434 nomine
399 3391 508 3445 tuo,
538 3380 665 3449 quid
695 3381 892 3435 timebo
913 3381 1239 3450 judicantem
1266 3381 1319 3434 in
1346 3382 1560 3448 virtute,
1587 3381 1740 3452 cujus

151 3473 301 3525 salus
329 3473 600 3540 praecessit
643 3472 692 3525 in
721 3471 976 3526 nomine?
999 3471 1087 3526 Sic
1112 3471 1272 3526 etiam
1303 3472 1403 3526 hoc
1433 3473 1567 3535 ioco,
1602 3472 1736 3525 Con-

151 3564 396 3632 [iteantnr
433 3563 522 3616 tibi
561 3563 737 3631 pOpuli
762 3579 951 3617 omnes.
997 3563 1066 3617 Et.
1116 3579 1181 3617 nc
1206 3565 1404 3634 putetis
1433 3565 1627 3634 aliquid
1670 3565 1735 3616 Ii-

149 3657 402 3708 mendum
431 3654 484 3708 in
508 3653 865 3730 ccttfessionc,
891 3655 1171 3718 Lwtentur,
1200 3656 1387 3724 inquit,
1413 3667 1459 3709 et
1486 3657 1736 3710 exsultent

149 3757 340 3817 gentes.
374 3747 552 3812 Quare
571 3788 584 3810 ,
619 3746 851 3800 lu'tentur
877 3757 923 3800 et
948 3735 1240 3802 exsultent?
1265 3749 1520 3814 Quoniam
1530 3750 1736 3818 judicas

149 3841 370 3909 populus
397 3839 447 3891 in
485 3840 734 3906 (equitate.
767 3839 935 3894 Nemo
964 3849 1150 3894 contra
1179 3855 1277 3893 nos
1306 3842 1580 3906 prtemium
1606 3843 1690 3895 dat
1715 3881 1731 3906 ,

148 3947 310 3986 nemo
337 3941 390 3984 :e
425 3933 737 4001 corrumpit,
765 3948 923 3985 nemo
950 3941 1002 3986 te
1042 3932 1193 3986 fallit.
1226 3934 1362 4003 Ergo
1388 3949 1609 3988 securus
1637 3935 1732 3989 sis.

149 4021 254 4077 Sed
275 4021 401 4089 quid
417 4020 484 4075 de
499 4037 654 4075 causa
681 4031 763 4074 tua
786 4022 1002 4076 ?-Nemo
1022 4025 1316 4092 corrumpit
1336 4025 1498 4077 Deum
1521 4041 1534 4087 ;
1567 4026 1737 4078 mani.

149 4113 345 4168 festum
373 4121 497 4167 est:
532 4129 599 4167 nc
625 4111 762 4166 forte
789 4113 908 4167 ideo
949 4114 1118 4182 magis
1155 4114 1425 4168 timendus
1462 4115 1568 4179 sit,
1609 4117 1732 4184 quia

148 4204 421 4270 corrumpi
451 4203 597 4256 nullo
619 4203 778 4257 modo
811 4214 1004 4272 pctcst.
1037 4203 1315 4270 Quomodo
1347 4219 1476 4274 ergo
1510 4219 1730 4258 securus

147 4312 206 4351 cs
227 4297 253 4349 ’ἒ
278 4295 580 4350 Secundum
611 4295 737 4349 illud
777 4294 919 4364 quod
954 4296 1062 4364 jam
1093 4296 1292 4348 dictum
1324 4305 1406 4349 est
1436 4312 1449 4347 :
1483 4295 1637 4357 Deus,
1679 4296 1732 4348 in
1823 4324 1827 4327 -

148 4388 354 4440 nomine
378 4397 462 4440 tuo
486 4387 680 4440 salvum
706 4403 786 4439 me
811 4388 893 4452 {ac
913 4427 926 4450 ,
956 4397 1001 4439 rt
1026 4386 1077 4438 in
1107 4388 1286 4440 virtute
1309 4395 1394 4439 tua
1418 4387 1601 4455 judica
1635 4404 1730 4440 me.

145 4478 235 4534 Sic
265 4489 318 4534 ct
346 4478 430 4532 hic
462 4497 476 4532 :
507 4477 760 4533 Lwtentur
785 4486 830 4530 et
849 4480 1096 4531 exsultent
1121 4489 1308 4546 gentes,
1336 4478 1573 4543 quoniam
1587 4477 1734 4545 judi-

147 4586 232 4624 ται
258 4569 476 4639 ροριιιοιι
503 4568 555 4622 in
595 4569 848 4636 a‘quitute.
879 4567 944 4620 Et
975 4583 1040 4620 ne
1069 4567 1288 4621 timeant
1312 4567 1476 4636 iniqui
1506 4609 1520 4633 ,
1563 4569 1735 4636 subje-

147 4661 219 4715 cit
252 4679 266 4712 :
297 4659 365 4713 Et
395 4669 563 4728 gentes
589 4659 640 4711 in
670 4670 803 4711 terra
828 4658 1005 4728 dirigis
1029 4660 1070 4711 ’.
1101 4657 1284 4712 Prava:
1326 4667 1480 4711 erant
1516 4669 1730 4727 gentes,

147 4762 201 4805 ει
233 4762 485 4805 tortuose
505 4761 656 4805 erant.
680 4761 885 4818 gentes,
911 4766 1179 4818 ρρτνρι-ειη
1201 4760 1353 4804 erant
1378 4763 1563 4820 gentes
1584 4768 1596 4814 ;
1624 4767 1736 4806 mc—

148 4844 253 4896 rito
285 4841 559 4910 pravitatis
588 4851 644 4896 et
681 4842 1020 4895 distorsiouis
1044 4850 1098 4894 et
1124 4842 1487 4908 penei-sitatis
1519 4857 1628 4895 sum
1648 4843 1735 4911 ju-

147 4936 321 4988 dieem
352 4933 653 4986 venientem
683 4932 936 4986 timebant
969 4949 983 4982 :
1017 4933 1161 4985 venit
1187 4946 1374 4984 manus
1406 4932 1570 5000 ipsius
1591 4973 1605 4996 ,
1635 4948 1734 4986 ex-

150 5035 293 5080 tenta
342 5033 425 5078 est
472 5021 887 5077 misericorditer
932 5023 982 5076 in
1029 5023 1289 5093 populos;
1331 5023 1633 5094 diriguntur
1679 5036 1736 5079 ut

149 5115 427 5168 ambulent
448 5124 648 5166 rectam
680 5114 816 5164 viam
848 5129 863 5167 :
894 5112 1019 5181 quid
1051 5115 1272 5166 timeant
1299 5125 1578 5168 venturum
1612 5117 1631 5146 ³
1655 5117 1737 5185 juo

145 5208 343 5268 dicem,
378 5208 468 5276 qui
505 5205 676 5274 primo
701 5217 1030 5274 agnoverunt
1057 5209 1461 5261 correctorem?
1493 5209 1736 5264 Manibus

149 5299 267 5367 ejus
294 5297 424 5351 dent
469 5311 564 5362 se;
611 5297 722 5365 ipsc
765 5307 946 5365 gentes
991 5296 1041 5349 in
1083 5308 1223 5350 terra
1262 5297 1464 5367 dirigit.
1509 5299 1735 5354 Direetae

148 5400 328 5443 autem
358 5399 568 5456 gentes,
592 5387 924 5442 ambulantes
951 5387 1000 5440 in
1034 5387 1156 5453 ﬁde,
1186 5390 1514 5447 exsultantes
1537 5391 1588 5443 in
1614 5391 1731 5456 illo,

217 5521 230 5551 ⁸
255 5522 328 5568 sic
344 5525 450 5568 Mss.
465 5518 701 5568 Edd.vero
714 5525 840 5580 {Non
849 5517 1112 5580 conﬁtentis
1123 5518 1411 5569 conscientia
1425 5521 1623 5576 sentient.
1638 5532 1734 5572 etc.

211 5586 231 5616 ³
258 5583 622 5642 t‘lerique,Mss.
640 5615 656 5640 ,
685 5579 900 5649 dirigas,
938 5579 1100 5630 tuturo
1137 5589 1383 5643 tempore,
1413 5583 1554 5644 juxta
1585 5591 1734 5635 Graec.

154 5651 450 5770 Ι’χιλξιιῑιιιιειι
474 5709 600 5770 ayss,
643 5709 892 5753 uernarum
923 5712 1155 5759 rectorem
1181 5702 1389 5765 iudicem
1417 5716 1434 5755 :
1465 5705 1590 5757 forte
1630 5720 1733 5770 pro,

158 5765 641 5827 rretoruntjuditem.

462 5854 734 5916 PATROL.
773 5861 1061 5926 XXXVI.

1224 336 1615 391 ENARRATIO
1655 337 1718 390 lN
1761 335 2077 391 PSALMUM
2118 337 2298 392 LXVl.

3362 353 3466 418 τω

1888 449 2139 508 facientes
2161 467 2320 522 opera
2349 453 2483 508 bona
2517 472 2531 517 ;
2566 466 2618 510 et
2646 457 2689 510 si
2726 474 2827 528 qua
2861 462 2996 516 forte
3018 502 3032 528 ,
3078 465 3328 532 quoniam
3368 485 3462 542 per

1883 557 2030 595 mare
2060 544 2342 613 navigant,
2381 545 2541 600 intrat
2565 563 2699 617 aqua
2730 565 2825 619 per
2851 554 3236 611 minutissimas
3266 573 3457 615 cover-

1875 647 1998 698 ms,
2029 634 2364 704 per-rimulas
2389 637 2456 691 ad
2485 639 2745 694 sentinam
2771 682 2785 707 ,
2815 642 3184 700 exhauriendo
3209 664 3326 704 eam
3359 668 3456 722 per

1879 740 2038 793 opera
2069 727 2227 792 bona,
2257 745 2322 782 ne
2350 728 2466 797 plus
2490 729 2734 786 intrando
2762 735 3029 789 cumulum
3058 740 3230 804 faciat,
3277 752 3331 796 et
3357 759 3453 800 nav

1876 830 1997 869 vem
2041 816 2332 886 deprimat;
2377 819 2740 876 exhauriendo
2772 825 2788 855 ⁸
2817 827 3082 894 quotidie,
3125 830 3452 903 jejunando,

1875 906 2098 968 orando,
2130 908 2496 979 cleemosynas
2528 910 2770 966 faciendo
2793 954 2809 978 ,
2843 915 3070 970 dicendo
3096 934 3228 987 puro
3257 924 3452 992 corde,

1877 997 2090 1053 Dimitte
2117 1001 2258 1055 nobis
2278 1001 2440 1054 debita
2465 1014 2654 1068 nostra,
2686 1006 2813 1058 sicut
2842 1016 2886 1060 et
2912 1024 3002 1061 nos
3032 1010 3325 1067 dimittimus
3363 1015 3454 1069 de.

1874 1086 2112 1142 bitoribus
2141 1092 2324 1144 nostris
2348 1091 2559 1162 (Matth.
2589 1109 2662 1159 Vl,
2692 1094 2777 1164 l2)
2803 1114 2815 1147 :
2841 1097 3068 1154 dicendo
3095 1100 3211 1160 ista.
3243 1104 3454 1159 ambula

1810 1197 1814 1201 ·
1871 1193 2091 1233 securus
2114 1221 2130 1246 ,
2165 1188 2218 1234 et
2243 1185 2448 1236 exsulta
2478 1181 2528 1235 in
2555 1185 2637 1237 via
2663 1225 2679 1249 ,
2722 1197 2873 1239 canta
2906 1187 2958 1240 in
2989 1189 3092 1242 via.
3120 1189 3237 1244 Noli
3267 1192 3458 1263 timere

1865 1267 2136 1336 judicem;
2184 1281 2473 1340 antequam
2516 1289 2672 1350 esses.
2713 1273 2903 1342 ﬁdelis,
2947 1277 3192 1334 invenisti
3220 1283 3454 1337 salvatoc

1868 1375 1981 1414 rem
2014 1360 2056 1414 ⁸.
2086 1362 2309 1431 lmpium
2344 1374 2394 1418 te
2419 1365 2661 1432 quaesivit
2689 1376 2744 1419 ut
2771 1367 3085 1432 redimeret;
3118 1371 3450 1442 redemptum

1866 1453 2078 1508 deseret
2106 1450 2161 1508 ut
2192 1455 2378 1524 perdat
2399 1453 2516 1509 ?’Et
2543 1467 2712 1526 gentes
2735 1458 2786 1510 in
2813 1467 2946 1512 terra
2970 1460 3166 1530 dirigis.

1937 1543 1988 1597 8.
2022 1541 2171 1616 [ναις.
2212 1544 2378 1618 6,,7.]
2410 1545 2673 1608 Exsultat,
2702 1547 2916 1615 gaudet.
2950 1547 3222 1615 hortatur,
3252 1554 3448 1621 repetit

1865 1621 2089 1688 eosdem.
2120 1651 2306 1691 versus
2337 1637 2388 1690 in
2424 1637 2815 1692 exhortatione.
2865 1638 3211 1710 Con/iteantur
3238 1645 3326 1698 tibi
3354 1661 3447 1713 po-

1863 1725 1991 1794 puli,
2023 1723 2207 1789 Deus;
2230 1728 2565 1795 conﬁteantur
2594 1727 2681 1783 tibi
2707 1729 2885 1796 papuli
2906 1746 3072 1783 omnes
3103 1747 3122 1785 :
3147 1743 3278 1786 terra
3308 1735 3445 1792 dedit

1862 1813 2080 1881 fructum
2107 1833 2276 1871 suum.
2321 1817 2491 1884 Quem
2538 1818 2807 1874 fructum?
2833 1814 3183 1884 Con/iteantur
3224 1825 3313 1879 tibi
3343 1843 3439 1893 po-

1862 1907 1971 1974 puli
2012 1925 2205 1962 omnes.
2251 1909 2418 1963 Terra
2462 1920 2613 1974 erat;
2659 1912 2825 1980 spinis
2855 1913 3006 1981 plena
3039 1925 3153 1969 erat
3182 1933 3195 1968 :
3224 1918 3448 1975 accessit

1860 1997 2179 2054 eradicantis
2209 2000 2671 2064 manus,-accessit
2695 2003 2903 2057 vocatio
2934 2004 3224 2072 majestatis
3251 2007 3365 2074 ejus
3392 2020 3447 2062 et

1860 2087 2278 2155 misericordiae;
2327 2090 2490 2158 erepit
2534 2099 2673 2146 terra
2719 2091 2983 2158 conﬁteri,
3017 2095 3128 2162 jam
3172 2093 3261 2148 dat
3305 2106 3446 2154 terra

1859 2176 2086 2231 fructum
2115 2193 2292 2233 suum.
2323 2180 2482 2235 Daret
2524 2181 2748 2236 fructum
2778 2197 2930 2236 suum
2952 2225 2967 2248 ,
3015 2185 3114 2238 nisi
3154 2196 3277 2240 ante
3301 2203 3441 2242 com.

1857 2267 2128 2336 plueretur
2145 2271 2170 2323 ?
2194 2270 2348 2326 daret
2374 2280 2516 2326 terra
2540 2271 2771 2327 fructum
2797 2290 2975 2338 suum,
3002 2275 3100 2341 nisi
3130 2286 3256 2330 ante
3285 2262 3440 2334 misc-

1856 2358 2084 2414 ricordia
2128 2360 2218 2415 Dei
2249 2363 2452 2416 veniret
2479 2361 2756 2432 desuper?
2782 2364 2986 2432 Legant
3027 2365 3154 2418 mihi
3181 2407 3197 2432 ,
3241 2367 3437 2437 inquis,

1854 2447 1995 2515 quod
2039 2451 2304 2520 compluta
2353 2451 2560 2504 dederit
2608 2459 2748 2506 terra
2802 2451 3030 2509 fructum
3077 2469 3253 2508 suum.
3302 2456 3441 2514 Audi

1853 2540 2246 2609 compluentem
2297 2542 2580 2596 Dominum
2614 2560 2626 2596 :
2659 2543 2806 2613 Agite
2828 2543 3210 2614 ptenitentimn;
3252 2563 3443 2619 appro.

1854 2630 2109 2700 pinguavit
2132 2632 2262 2686 enim
2294 2651 2503 2702 regnum
2530 2635 2771 2688 caelorum
2805 2634 2914 2708 (Id.
2955 2651 3034 2702 tu,
3065 2635 3146 2708 9.).
3174 2637 3316 2692 Pluit
3337 2681 3353 2707 ,
3381 2650 3436 2694 et

1851 2722 1965 2795 ipsa
1999 2725 2172 2794 pluvia
2216 2726 2443 2780 tonitrus
2470 2736 2582 2791 est;
2631 2736 2796 2782 terret
2828 2746 2840 2782 :
2874 2728 3003 2782 time
3043 2736 3315 2785 tonantem
3339 2771 3356 2798 ,
3384 2742 3440 2794 et

1850 2818 2036 2886 excipe
2063 2817 2352 2887 plucutcm.
2383 2817 2524 2873 Ecce
2554 2828 2674 2889 post
2714 2819 2859 2873 illaut
2902 2835 3087 2876 vocem
3117 2823 3350 2876 tonantis
3377 2835 3435 2882 et

1851 2908 2084 2976 plucntis
2115 2909 2243 2968 Dei;
2277 2918 2397 2979 post
2419 2910 2558 2964 illam
2593 2925 2774 2965 vocem
2797 2911 2994 2980 aliquid
3021 2912 3088 2966 de
3119 2912 3234 2983 ipso
3261 2914 3434 2972 Evan.

1847 3001 1987 3068 gelio
2017 3001 2311 3056 videamus.
2347 3002 2485 3058 Ecce
2517 3003 2606 3058 illa
2652 3005 2907 3060 meretrix
2932 3046 2947 3069 ,
2995 3005 3187 3059 malam
3232 3004 3432 3077 famam

1849 3089 2053 3147 habens
2077 3092 2130 3146 in
2155 3093 2390 3161 civitate,
2418 3093 2608 3163 irrupit
2632 3095 2683 3147 in
2711 3095 2938 3150 alienam
2959 3095 3175 3148 domum
3198 3111 3302 3166 quo
3323 3111 3431 3154 non

1847 3192 1962 3238 erat
1991 3183 2210 3237 invitata
2237 3184 2304 3238 ab
2335 3183 2564 3253 hospite,
2595 3184 2690 3240 sed
2717 3185 2786 3239 ab
2824 3185 3045 3240 invitato
3074 3195 3291 3251 vocata;
3323 3201 3430 3248 non

1847 3272 2045 3343 lingua,
2073 3273 2164 3328 sed
2192 3273 2377 3343 gratia.
2405 3273 2633 3328 Noverat
2657 3289 2797 3344 mgra
2827 3275 3024 3330 habere
3046 3276 3113 3329 ibi
3136 3291 3195 3330 se
3220 3277 3420 3342 locum,

1847 3362 1934 3416 ubi
1967 3364 2229 3416 medicum
2262 3377 2416 3416 suum
2444 3363 2780 3418 discumbere
2807 3364 3030 3421 sciebat.
3073 3365 3314 3434 [agressa
3347 3375 3431 3426 est

1842 3469 1963 3521 qua:
1992 3462 2104 3505 erat
2134 3453 2431 3520 peccatrix;
2460 3467 2565 3506 non
2592 3453 2754 3508 audet
2791 3454 3046 3510 accedere
3076 3456 3178 3509 nisi
3218 3455 3284 3509 ad
3327 3471 3425 3524 pc-

1841 3543 1936 3598 dcs
1969 3561 1981 3595 :
2011 3542 2103 3597 ﬁet
2128 3543 2194 3596 ad
2234 3543 2416 3611 pedes,
2447 3543 2630 3612 irrigat
2661 3543 2932 3614 lacrymis,
2967 3547 3123 3615 tergit
3147 3547 3385 3601 crinibus
3410 3589 3425 3612 ,

1842 3635 2024 3701 unguit
2047 3642 2316 3703 unguento
2332 3632 2483 3704 (Luc.
2499 3650 2590 3699 vti,
2607 3635 2694 3696 37,
2719 3634 2973 3706 38).Quid
2996 3637 3246 3697 miraris?
3269 3636 3429 3692 Terra

1829 3724 1970 3778 dedit
1994 3729 2216 3796 fructum
2240 3720 2408 3779 suum.
2441 3726 2580 3796 Ergo
2611 3726 2713 3780 hoc
2738 3725 2934 3781 factum
2966 3738 3067 3788 est,
3099 3729 3169 3783 ibi
3213 3730 3430 3799 plucntc

1844 3817 2070 3870 Dotnino
2121 3833 2213 3886 per
2254 3833 2315 3873 os
2357 3816 2552 3882 suum;
2594 3817 2730 3874 facta
2775 3830 2899 3874 sunt
2941 3837 3060 3890 qua:
3107 3823 3331 3898 legimus
3373 3826 3425 3882 iu

1842 3909 2128 3979 Evangelia
2160 3926 2173 3963 :
2205 3927 2310 3980 quo
2338 3911 2559 3980 pluente
2585 3926 2682 3981 per
2707 3913 2873 3967 nubes
2898 3928 3040 3976 suas,
3073 3915 3249 3971 missis
3280 3918 3426 3985 Apo~

1840 4001 1993 4054 stolis
2012 4042 2025 4063 ,
2054 4011 2109 4055 et
2136 4001 2547 4069 prmdicantibus
2573 4003 2850 4058 veritatem
2873 4044 2888 4070 ,
2922 4014 3055 4058 terra
3081 4007 3310 4076 amplius
3338 4007 3428 4060 de-

1840 4094 1913 4145 dit
1936 4097 2151 4161 fructum
2176 4108 2355 4157 suum;
2396 4102 2450 4148 et
2476 4092 2574 4146 ista
2614 4107 2767 4163 seges
2802 4093 2914 4164 jam
2963 4096 3202 4164 implevit
3241 4098 3428 4154 orbent

1841 4191 2119 4236 terrarum.

1911 4273 1962 4327 9.
1993 4270 2142 4343 [vers.
2175 4269 2253 4343 8.]
2293 4271 2424 4326 Vide
2465 4272 2588 4342 quid
2630 4272 2824 4328 deinde
2870 4274 3078 4328 dicatur
3111 4295 3123 4330 :
3156 4276 3428 4332 Benedicat

1841 4379 1928 4414 nos
1963 4361 2117 4427 Deus,
2152 4361 2286 4416 Deus
2310 4372 2515 4426 noster;
2543 4363 2801 4416 benedicat
2823 4381 2916 4421 nos
2940 4365 3099 4420 Deus.
3129 4366 3419 4428 Benedicat,

1839 4452 2099 4520 sicutjam
2130 4452 2237 4506 dixi
2261 4469 2275 4515 ;
2296 4453 2453 4506 etiam
2480 4461 2640 4522 atque
2669 4455 2825 4509 etiam
2855 4457 3154 4522 benedicat,
3179 4459 3429 4528 multipli-

1839 4554 1924 4597 eet
1953 4543 2337 4598 benedicendo.
2372 4545 2627 4623 Attendat
2669 4546 2914 4600 Charitas
2959 4548 3145 4602 Vestra
3172 4553 3422 4619 quoniam

1835 4634 1943 4703 jam
1977 4636 2246 4702 praecessit
2274 4634 2474 4689 fructus
2506 4645 2662 4689 terra:
2691 4638 2742 4690 iu
2769 4636 3084 4692 Jerusalem.
3127 4638 3254 4693 lndc
3283 4641 3427 4695 enim

1839 4727 2000 4795 cmpit
2025 4727 2262 4781 Ecclesia
2297 4743 2309 4781 :
2343 4727 2488 4781 venit
2516 4728 2585 4782 ibi
2617 4727 2846 4798 Spiritus
2871 4740 3086 4785 sanctus
3106 4774 3119 4794 ,
3151 4740 3204 4786 et
3235 4732 3429 4803 imple-

1840 4817 1915 4870 vit
1935 4826 2146 4871 sanctos
2168 4818 2217 4870 in
2240 4833 2401 4871 unum
2423 4811 2774 4888 congregatos
2802 4836 2816 4884 ;
2843 4819 2980 4874 facta
3002 4830 3128 4875 sunt
3149 4822 3428 4889 miracula,

1844 4907 2032 4975 linguis
2075 4909 2313 4961 omnium
2357 4908 2521 4962 locuti
2565 4919 2691 4962 sunt
2723 4908 2856 4979 (Art.
2906 4927 2938 4963 ιι
2967 4952 2982 4975 ,
3037 4911 3175 4982 lui).
3222 4912 3439 4982 lmpleti.

1841 5009 1964 5052 sunt
1988 4998 2186 5066 Spiritu
2217 4999 2330 5063 Dei,
2360 5001 2606 5053 conversi
2637 5009 2761 5053 sunt
2786 5001 2873 5070 qui
2907 5002 2976 5054 ibi
3005 5011 3188 5078 erant;
3233 5004 3426 5057 timen-

1845 5099 1960 5152 tes,
2009 5097 2063 5142 et
2105 5090 2456 5157 suscipientes
2499 5090 2724 5144 imbrem
2757 5091 3038 5157 divinum,
3083 5092 3348 5146 dederunt
3376 5095 3428 5147 in

1841 5180 2174 5234 confessione.
2213 5189 2414 5233 tantmn
2458 5179 2684 5234 fructum
2709 5223 2723 5246 ,
2755 5191 2810 5235 ut
2837 5182 3013 5234 omnia
3055 5197 3150 5235 sua
3195 5182 3246 5235 in
3284 5198 3430 5235 com—

1844 5286 2003 5323 mune
2027 5270 2351 5333 conlerrent,
2381 5271 2765 5326 distribuentes
2797 5274 3149 5342 pauperibus;
3187 5282 3244 5327 ιιι
3271 5291 3431 5330 nemo

1842 5360 2043 5414 diceret
2065 5361 2260 5428 aliquid
2291 5361 2560 5430 proprium
2584 5401 2598 5424 ,
2629 5363 2720 5416 sed
2743 5374 2922 5416 essent
2953 5363 3057 5416 illis
3077 5364 3253 5416 omnia
3281 5379 3428 5418 com-

1845 5451 2041 5515 munia,
2076 5461 2130 5505 ct
2165 5451 2422 5506 haberent
2454 5451 2684 5505 animam
2726 5468 2885 5506 unam
2925 5461 2978 5507 et
3021 5468 3115 5507 cor
3159 5468 3323 5509 unum
3376 5455 3432 5512 in

1908 5645 1924 5676 ι
1947 5649 2019 5690 Er.
2043 5651 2093 5692 et
2113 5644 2246 5706 pauci
2263 5650 2368 5693 Mss.
2386 5644 2481 5701 hic,
2505 5643 2811 5696 exhauriant.

1907 5707 1926 5735 ³
1951 5707 2023 5771 sic
2048 5703 2150 5771 Mss.
2177 5713 2238 5771 at
2259 5706 2391 5771 ωειλ
2429 5714 2690 5769 antequam
2732 5719 2857 5757 esses
2879 5703 3057 5769 ﬁdelis,
3087 5706 3285 5761 tintcbas
3304 5723 3322 5770 ,'
3343 5711 3428 5765 δία

1839 5765 1947 5834 jam
1968 5765 2185 5819 invenisti
2208 5767 2507 5820 salvatorem.

2650 5853 3092 5933 (Yingt-six.)
