3934 6378
507 371 602 425 BH

511 485 678 539 ficum
703 481 839 552 (Act.
873 499 945 549 iv,
974 483 1089 551 '59.).
1123 483 1362 539 Donatus
1399 484 1542 538 enim
1576 484 1681 539 illis
1721 491 1834 539 erat
1878 480 2094 550 sanguis

508 574 717 631 Domini
749 591 908 645 quem
941 575 1224 639 fuderant;
1253 575 1481 630 donatus
1510 585 1625 641 erat
1650 576 1959 645 ignoscente
1988 571 2094 625 Do-

503 667 671 735 mino,
704 678 761 722 ut
782 667 893 738 jam
922 667 1065 738 quod
1098 668 1347 723 fuderant
1377 669 1537 723 etiam
1579 668 1763 723 bibere
1801 666 2092 721 discerent.

502 759 724 831 Magnus
750 760 821 814 ibi
852 759 1057 817 fructus
1088 778 1101 813 :
1136 769 1272 815 terra
1297 760 1436 814 dedit
1465 763 1689 832 fructum
1713 773 1879 823 suum,
1902 764 1958 812 et
1982 770 2096 810 ma-

498 866 662 924 gnum
700 851 968 914 fructum,
1000 861 1054 906 et
1080 853 1340 922 optimum
1372 851 1623 906 fructum.
1655 846 1920 919 Numquid
1953 855 2092 901 terra

502 942 591 998 illa
617 942 731 997 sola
775 943 960 998 debuit
997 942 1127 998 dare
1169 942 1397 997 fructum
1442 943 1647 997 suum?
1692 939 1964 994 Benedicat
2002 954 2095 993 nos

513 1033 670 1099 Deus,
702 1032 837 1088 Deus
859 1044 1064 1099 noster;
1086 1034 1339 1088 benedicat
1365 1050 1455 1087 nos
1478 1032 1631 1087 Dens.
1663 1031 1849 1086 Adhuc
1870 1028 2093 1085 benedi-

503 1135 624 1187 cat;
654 1124 958 1179 benedictio
987 1125 1127 1178 enim
1151 1124 1202 1179 in
1227 1122 1671 1193 multiplicatione
1696 1122 1833 1176 solet
1857 1119 2092 1175 maxime
2152 1183 2157 1187 ,

503 1224 557 1268 ct
586 1214 798 1284 preprie
838 1214 1081 1284 intelligi.
1121 1214 1418 1270 Probemus
1460 1213 1564 1269 hoc
1601 1213 1653 1268 in
1695 1211 1892 1267 Genesi
1926 1228 1939 1265 :
1970 1211 2092 1267 vide

499 1321 662 1374 opera
697 1304 810 1359 Dei.
851 1304 1002 1359 Fecit
1030 1305 1170 1359 Deus
1202 1304 1408 1367 lucem;
1452 1315 1509 1360 et
1543 1304 1724 1359 divisit
1768 1304 1909 1359 Deus
1949 1303 2093 1358 inter

497 1398 694 1462 lucem,
725 1406 782 1452 et
806 1397 1056 1451 tenebras
1087 1415 1102 1451 :
1133 1397 1305 1451 lucem
1333 1396 1537 1451 vocavit
1562 1396 1727 1461 diem,
1759 1404 1815 1451 et
1840 1394 2089 1451 tenebras

495 1488 706 1544 vocavit
733 1498 965 1544 noctem.
1010 1488 1127 1543 Non
1171 1487 1371 1544 dictum
1398 1497 1517 1556 est,
1562 1488 1846 1545 Benedixit
1886 1487 2087 1543 lucem.

493 1578 704 1634 Etenim
732 1580 919 1633 eadem
951 1578 1039 1633 lux
1066 1578 1214 1634 redit
1230 1589 1286 1633 et
1314 1580 1545 1641 alternat
1583 1578 1775 1635 diebus
1815 1592 1881 1635 ac
1910 1577 2085 1634 nocti-

492 1669 613 1725 bus.
668 1670 890 1726 Vocavit
935 1670 1132 1726 euilum
1189 1672 1586 1726 firmamentum
1641 1673 1780 1727 inter
1823 1686 1988 1742 aquas
2031 1680 2087 1727 et

485 1776 700 1830 aquas:
733 1776 839 1815 non
866 1760 1069 1816 dictum
1108 1771 1223 1827 est,
1258 1761 1538 1817 Benedixit
1571 1762 1788 1819 coelum.
1823 1763 2085 1819 Discrevit

491 1865 642 1905 mare
670 1850 740 1906 ab
768 1850 937 1912 arida,
965 1860 1020 1906 et
1048 1851 1342 1906 nominavit
1370 1862 1690 1923 utrumque;
1715 1850 1941 1919 aridam,
1974 1861 2087 1908 ter-

484 1953 604 1994 ram
629 1980 648 2005 ,
691 1949 747 1994 et
784 1940 1252 2010 congregationem
1291 1956 1583 2012 aquarum,
1625 1957 1773 2000 mare
1805 1958 1820 1996 :
1860 1957 1959 1998 nec
1998 1943 2084 1997 hic

486 2031 690 2087 dictum
720 2040 842 2099 est,
880 2032 1163 2088 Beuedixit
1193 2033 1353 2089 Deus.
1397 2032 1625 2088 Ventum
1655 2042 1738 2088 est
1770 2033 1837 2088 ad
1868 2049 1929 2088 ea
1959 2049 2082 2104 qua:

487 2121 830 2178 fecunditatis
863 2122 1108 2177 habitura
1151 2133 1303 2178 erant
1341 2137 1560 2189 semen,
1600 2132 1657 2178 et
1684 2138 1748 2178 et
1784 2124 1938 2195 aquis
1962 2124 2080 2179 esi-

483 2212 703 2268 stentia.
736 2211 852 2285 Ipsa
887 2216 1029 2269 enim
1057 2214 1345 2269 maximam
1376 2214 1830 2285 multiplicationis
1858 2215 2079 2270 uberta-

485 2313 595 2359 tem
624 2303 860 2370 habent;
907 2314 961 2360 et
999 2291 1272 2361 benedisit
1301 2321 1363 2362 ea
1399 2305 1658 2362 Dominus
1693 2305 1881 2363 dicens
1913 2324 1927 2339 ο
1952 2305 2077 2363 Cra-'-

472 2394 627 2463 scite,
668 2404 716 2450 et
739 2396 1186 2466 multiplicamini,
1216 2406 1262 2451 et
1288 2397 1476 2467 replete
1498 2415 1656 2468 aquas
1685 2398 1878 2465 maris;
1910 2410 1956 2455 et
1986 2415 2076 2455 vo-

480 2484 646 2539 latilia
668 2486 1067 2558 multiplicemur
1104 2504 1259 2560 super
1284 2499 1491 2542 terram.
1523 2488 1613 2544 Sic
1649 2498 1706 2544 et
1745 2504 1867 2546 cum
1897 2491 2075 2546 omnia

477 2576 709 2647 subjecit
739 2578 961 2643 homini,
989 2594 1148 2650 quem
1172 2579 1299 2635 fecit
1324 2579 1391 2635 ad
1421 2580 1705 2649 imaginem
1733 2596 1907 2650 suam,
1936 2583 2073 2638 scri-

462 2676 627 2735 ptum
662 2675 782 2723 est:
816 2667 885 2722 Et
924 2668 1176 2724 benedixit
1222 2686 1307 2724 eos
1352 2668 1494 2726 Deus
1528 2671 1701 2726 dicens
1730 2687 1750 2726 :
1774 2670 1992 2727 Crescite
2026 2683 2075 2728 et

477 2756 917 2827 multiplicamini,
950 2769 997 2813 et
1027 2758 1231 2830 implete
1258 2760 1443 2830 facient
1474 2770 1624 2815 terra:
1649 2759 1799 2832 (Gen.
1832 2762 1895 2833 ι).
1929 2762 2073 2833 Ergo

462 2848 783 2904 'benedictio
824 2850 1038 2919 proprie
1073 2850 1142 2904 ad
1184 2850 1679 2920 multiplicationem
1719 2851 1890 2919 valet,
1920 2863 1976 2909 et
2002 2853 2070 2909 ad

474 2937 801 3007 implendam
848 2940 1038 2994 faciem
1086 2949 1263 2995 terrae.
1308 2941 1447 2995 Audi
1486 2950 1541 2995 et
1584 2942 1635 2996 in
1673 2943 1776 2997 hoc
1812 2943 2019 3013 psalmo
2051 2962 2065 2998 :

472 3029 747 3083 Benedicat
776 3047 868 3084 nos
896 3029 1067 3095 Deus,
1096 3030 1238 3086 Deus
1264 3043 1469 3098 noster;
1499 3032 1758 3087 benedicat
1784 3051 1875 3088 nos
1903 3034 2065 3091 Deus.

472 3121 543 3176 Et
566 3112 675 3192 quo
701 3124 840 3178 valet
873 3124 971 3178 ista
1003 3126 1305 3181 benedictio
1331 3126 1356 3180 ?
1398 3126 1465 3181 Et
1494 3137 1716 3182 utetuant
1742 3146 1856 3183 eum
1895 3146 2066 3186 omnes

469 3212 598 3279 ﬁnes
623 3222 789 3268 terrm.
816 3208 984 3285 Ergo,
1020 3215 1211 3271 fratres
1241 3216 1366 3282 mei,
1409 3218 1488 3272 sic
1513 3218 1852 3274 abundanter
1876 3220 1929 3276 in
1962 3236 2063 3277 no-

467 3303 614 3359 mine
646 3303 846 3361 Christi
891 3307 1168 3363 benedixit
1209 3320 1309 3364 nos
1352 3309 1524 3375 Deus,
1570 3320 1630 3366 ut
1665 3312 1785 3368 filiis
1814 3314 1934 3371 suis
1956 3312 2063 3370 lm-

467 3393 611 3462 pleat
648 3396 952 3454 universam
992 3398 1184 3469 faciem
1227 3408 1419 3467 terrae,
1450 3402 1717 3473 adoptatis
1747 3405 1801 3460 in
1834 3421 2060 3479 regnum

463 3500 620 3541 suum
649 3487 1023 3545 colueredibus
1052 3489 1321 3562 Unigeuiti
1363 3492 1466 3547 sui.
1500 3492 1726 3550 Unicum
1755 3497 1977 3567 genuit,
2006 3506 2064 3555 et

466 3594 630 3633 unum
656 3593 778 3634 esse
820 3580 991 3634 noluit
1022 3598 1036 3634 :
1069 3581 1282 3636 unicum
1308 3583 1512 3652 genuit,
1545 3585 1782 3656 inquam,
1809 3598 1863 3643 et
1895 3604 2058 3644 unum

462 3684 585 3723 eum
611 3668 784 3723 noluit
808 3685 1111 3725 remanere.
1162 3670 1312 3729 Fecit
1347 3672 1397 3729 ei
1430 3673 1656 3741 fratres;
1698 3678 1799 3732 etsi
1841 3693 1946 3733 non
1974 3681 2059 3751 gi-

460 3758 675 3826 gnendo
698 3799 714 3825 ,
745 3768 922 3814 tamen
948 3760 1253 3830 adeptando
1294 3761 1421 3817 fecit
1448 3763 1497 3818 ei
1537 3764 1870 3822 cohmredes.
1908 3766 2058 3824 Fecit

462 3864 584 3903 eum
617 3850 930 3920 participem
961 3851 1109 3921 prius
1138 3854 1477 3909 mortalitatis
1517 3864 1715 3913 nostrae
1735 3899 1750 3925 ,
1778 3866 1838 3914 ut
1863 3860 2055 3916 crede-

459 3954 643 3995 remus
672 3955 769 3995 nos
798 3955 918 3997 esse
946 3957 1103 4012 posse
1132 3944 1418 4015 participes
1443 3945 1737 4004 divinitatis
1771 3950 1910 4020 ejus.

530 4032 620 4086 10.
653 4032 1007 4089 Attendamus
1053 4036 1281 4104 pretium
1328 4047 1593 4093 nostrum.
1630 4039 1889 4099 Pratdicta
1931 4055 2056 4101 sunt

460 4124 633 4177 omnia
658 4163 675 4191 ,
703 4123 1026 4203 exhibentur
1054 4127 1230 4182 omnia
1249 4168 1266 4193 ,
1297 4128 1337 4182 it
1362 4129 1707 4201 Evangelium
1750 4148 1845 4203 per
1869 4135 2052 4191 orbem

455 4225 716 4271 terrarum
752 4233 766 4271 :
797 4218 975 4273 omnis
1011 4219 1164 4274 labor
1199 4219 1419 4275 humani
1460 4224 1672 4293 generis
1699 4223 1751 4279 in
1784 4224 1887 4281 hoc
1914 4236 2053 4282 tem-

456 4321 587 4375 pore
610 4308 971 4361 testimonium
994 4309 1145 4371 dicit,
1169 4310 1457 4381 implentur
1482 4316 1659 4369 omnia
1687 4332 1807 4387 qua:
1834 4318 1885 4372 in
1908 4318 2052 4376 Scri-

452 4399 622 4469 pturis
653 4399 900 4468 pracdicm
927 4409 1071 4455 sunt.
1098 4400 1248 4457 Sicut
1272 4418 1443 4473 usque
1468 4405 1536 4459 ad
1564 4404 1881 4463 hodiernum
1906 4410 2049 4466 diem

449 4492 630 4545 omnia
673 4502 1012 4559 evenerunt,
1044 4495 1125 4547 sic
1161 4505 1216 4549 et
1242 4511 1362 4565 qua:
1390 4506 1595 4551 restant
1619 4510 1874 4555 eventura
1903 4512 2047 4559 sunt.

449 4580 756 4639 Timeamus
793 4582 979 4653 judicii
1018 4584 1195 4649 diem;
1238 4597 1493 4643 venturus
1534 4597 1619 4643 est
1648 4586 1923 4647 Dominus.
1946 4593 2048 4661 Qui

448 4674 595 4727 venit
620 4673 874 4739 humilis,
903 4675 1084 4731 veniet
1113 4677 1388 4744 excelsus;
1415 4678 1507 4749 qui
1537 4680 1683 4755 venit
1702 4680 2046 4752 judicandus,

446 4763 1002 4832 vcnictjudicaturus.
1035 4766 1405 4837 Agnoscamus
1436 4769 1712 4837 humilem,
1746 4781 1803 4826 ut
1824 4787 1928 4827 non
1954 4788 2047 4830 ex-

448 4868 799 4921 pavescamus
839 4856 1150 4923 excelsum;
1196 4858 1589 4927 amplectamur
1642 4860 1934 4930 humilem,
1989 4873 2047 4919 ut

447 4943 823 4999 desideremus
850 4946 1145 5001 excelsum.
1176 4947 1611 5005 Desiderantibus
1637 4952 1882 5015 enimse.
1916 4970 2043 5023 pro-

392 5100 393 5103 η
449 5034 615 5105 pitius
641 5035 840 5089 veniet.
869 5036 947 5089 Illi
985 5052 1106 5091 eum
1135 5037 1445 5093 desiderant
1471 5041 1561 5109 qui
1589 5043 1859 5097 tenuerint
1882 5044 2043 5099 ﬁdem

444 5127 583 5195 ejus,
614 5135 669 5180 et
699 5125 921 5182 fecerint
963 5127 1212 5182 mandata
1257 5130 1391 5199 ejus.
1435 5129 1569 5185 Nam
1612 5133 1713 5186 etsi
1756 5134 2039 5201 nolumus,

444 5219 645 5273 veniet.
676 5218 912 5272 Velimus
937 5234 1066 5289 ergo
1095 5220 1290 5282 veniat,
1320 5222 1408 5289 qui
1436 5223 1615 5278 veniet
1640 5224 1740 5278 etsi
1770 5226 2039 5281 nolumus.

443 5308 725 5376 Quomodo
766 5310 996 5373 velimus
1040 5319 1097 5365 ut
1148 5312 1363 5366 veniat?
1403 5313 1549 5370 Bene
1593 5317 1856 5386 vivendo,
1904 5318 2042 5375 bene

442 5400 675 5471 agendo.
707 5399 981 5455 Prmterita
1014 5418 1121 5455 non
1155 5417 1253 5457 nos
1281 5402 1549 5458 delectent
1571 5445 1587 5471 ,
1621 5410 1902 5476 przrsentia
1932 5426 2040 5465 non

441 5506 544 5546 nos
572 5500 817 5555 teneant;
846 5506 913 5545 ne
936 5492 1250 5547 claudamns
1277 5510 1461 5553 aurem
1486 5506 1737 5567 tanquam
1761 5498 1827 5554 de
1846 5501 2036 5563 cauda.

440 5597 507 5636 ne
536 5597 840 5651 premamus
880 5598 1065 5637 aurem
1116 5582 1168 5636 in
1217 5592 1357 5639 terra
1389 5586 1502 5663 (a);
1531 5603 1599 5643 ne
1625 5591 1909 5657 prmteritis
1952 5608 2044 5647 re-

442 5671 715 5726 tardemur
739 5672 807 5725 ab
833 5671 1097 5726 audiendo
1119 5715 1134 5738 ,
1168 5689 1235 5728 ne
1263 5678 1614 5743 praesentibus
1643 5678 1978 5749 implicentur
2004 5697 2035 5737 a

504 5798 585 5862 (α)
612 5798 713 5849 \‘id.
738 5806 875 5853 Enn.
901 5802 952 5851 iu
976 5799 1094 5852 Psal.
1122 5816 1230 5864 tvu,
1252 5815 1301 5852 ιι.
1328 5803 1374 5855 7.

1754 367 1812 423 5.
1855 363 2220 423 AUGUSTINI
2260 364 2559 424 EPISCOPI

3676 382 3766 443 lli!

2207 477 2380 534 futura
2424 482 2733 539 meditando
2754 485 2808 551 ';
2835 487 3187 545 extendamus
3216 506 3313 548 nos
3338 492 3391 548 in
3420 509 3485 550 ea
3511 510 3629 566 qua;
3659 510 3765 553 ante

2203 579 2345 635 sunt,
2370 571 2747 631 obliviscamur
2765 580 3031 648 prmterita
3054 578 3309 653 (Philipp.
3326 600 3404 651 ιιι,
3430 587 3544 656 15).
3562 587 3626 643 Et
3642 588 3764 659 quod

2201 661 2365 720 modo
2393 662 2695 719 laboramus
2718 706 2734 732 ,
2764 666 2906 737 quod
2942 670 3102 725 modo
3128 674 3389 741 gemimus
3412 716 3427 737 ,
3454 677 3598 746 quod
3628 678 3765 731 modo

2201 752 2556 821 suspiramus,
2582 756 2725 825 quod
2747 757 2906 813 modo
2932 759 3218 830 loquimur,
3245 764 3386 833 quod
3410 779 3477 820 ex
3505 767 3765 834 quantula-

2200 857 2427 913 cumque
2467 855 2617 915 parte
2658 847 2954 917 sentimus,
2996 860 3053 907 et
3078 867 3272 922 capere
3314 870 3435 928 non
3468 869 3764 925 possumus,

2200 934 2493 1004 capiemus,
2524 934 2857 1005 perfruemur
2882 940 2935 995 in
2960 944 3348 999 resurrectione
3367 944 3653 1015 iustorum.
3674 947 3766 1002 Re-

2199 1024 2485 1081 novabitur
2501 1026 2755 1096 juventus
2775 1038 2958 1086 nostra
2984 1033 3122 1087 sicut
3148 1035 3336 1104 aquilae
3363 1035 3534 1107 (Psal.
3561 1052 3651 1100 cn,
3681 1035 3763 1110 5);

2200 1117 2571 1172 tantummodo
2592 1131 2689 1174 nos
2711 1130 3030 1193 vetustatem
3056 1133 3291 1179 nostram
3312 1125 3378 1181 ad
3402 1135 3607 1195 petram
3628 1127 3767 1182 Chri-

2197 1215 2337 1260 stum
2372 1214 2717 1265 conteramus
2754 1210 2775 1282 (
2801 1210 2942 1266 Psal.
2974 1228 3187 1280 cum,
3219 1215 3285 1282 9,
3314 1226 3362 1269 et
3389 1215 3549 1272 ICor.
3587 1232 3652 1284 ι,
3678 1219 3764 1288 4).

2194 1295 2321 1354 Sive
2347 1299 2435 1354 illa
2461 1315 2585 1355 vera
2614 1301 2742 1370 sint,
2767 1302 2979 1370 fratres,
3010 1321 3129 1376 qua:
3155 1305 3403 1363 dicuntur
3421 1308 3489 1363 de
3508 1321 3764 1381 serpente,

2159 1440 2161 1442 .
2194 1388 2279 1443 vel
2300 1404 2419 1460 qua:
2446 1390 2698 1446 dicuntur
2718 1391 2786 1447 de
2808 1394 3006 1463 aquila,
3031 1394 3145 1450 sive
3164 1397 3232 1450 sit
3257 1397 3391 1461 fama
3411 1398 3587 1468 potius
3612 1399 3766 1462 homi-

2194 1494 2323 1533 num
2351 1494 2511 1549 quam
2536 1481 2762 1547 veritas;
2784 1483 2983 1539 veritas
3006 1495 3091 1540 est
3109 1494 3285 1541 tamen
3312 1487 3363 1542 in
3391 1486 3695 1559 Scripturis,
3719 1500 3767 1544 et

2191 1583 2298 1623 non
2328 1568 2445 1626 sine
2462 1577 2623 1626 causa
2649 1572 2750 1628 hoc
2771 1572 3027 1630 dixerunt
3048 1567 3336 1648 Scriptum
3364 1595 3377 1635 :
3402 1593 3502 1635 nos
3522 1578 3765 1651 quidquid

2190 1656 2322 1713 illud
2352 1658 2615 1730 significat
2638 1654 2918 1728 faciamus,
2939 1675 2994 1720 et
3017 1680 3175 1736 quam
3201 1666 3272 1722 sit
3296 1668 3425 1723 illud
3454 1684 3639 1724 verum
3664 1685 3762 1724 non

2190 1745 2514 1805 laboremus.
2551 1749 2632 1805 Tu
2674 1760 2792 1808 esto
2838 1752 2992 1820 talis,
3041 1763 3100 1811 ut
3136 1755 3388 1826 juventus
3413 1768 3500 1815 tua
3526 1762 3765 1815 renOvarl

2189 1837 2360 1906 possit
2384 1838 2517 1895 sicut
2549 1842 2762 1911 aquilae.
2786 1841 2855 1899 Et
2876 1845 3014 1900 scias
3042 1861 3162 1901 eam
3190 1862 3294 1904 non
3322 1865 3478 1919 posse
3498 1853 3763 1915 renovari.

2188 1928 2291 1983 nisi
2320 1939 2563 1986 vetustas
2602 1941 2687 1986 tua
2716 1933 2771 1994 in
2797 1946 2944 2004 petra
2973 1937 3201 1993 contrita
3227 1938 3422 1995 fuerit:
3447 1941 3498 1996 id
3524 1950 3639 2007 est,
3667 1942 3764 1998 nisi

2185 2021 2389 2075 auxilio
2411 2030 2576 2091 petrir
2595 2064 2609 2087 ,
2641 2025 2741 2079 nisi
2766 2026 2971 2081 auxilio
2999 2026 3230 2095 Christi,
3257 2045 3362 2086 non
3390 2032 3587 2101 poteris
3609 2049 3755 2089 reno-

2186 2111 2320 2166 vari.
2349 2111 2429 2167 'I'u
2459 2114 2568 2168 noli
2611 2115 2894 2173 dulcedine
2937 2122 3218 2189 praeteritae
3245 2123 3364 2178 vita:
3389 2124 3764 2182 obsurdescere

2183 2201 2439 2257 adversus
2464 2204 2687 2261 verbum
2721 2206 2812 2262 Dei
2838 2225 2852 2261 :
2880 2210 2989 2265 noli
3022 2198 3372 2281 praesentibus
3394 2216 3557 2273 rebus
3584 2219 3661 2274 sic
3690 2229 3770 2276 te-

2182 2291 2301 2347 neri
2328 2302 2384 2347 et
2408 2294 2674 2363 impediri,
2696 2306 2753 2351 ut
2774 2296 2940 2363 dicas,
2959 2299 3074 2355 Non
3098 2302 3227 2356 mihi
3257 2314 3407 2360 vacat
3428 2303 3629 2378 legere,
3658 2326 3765 2368 non

2182 2382 2314 2438 mihi
2344 2397 2499 2440 vacat
2526 2388 2734 2444 audire.
2764 2389 2877 2445 Iloc
2904 2405 3089 2448 aurem
3132 2409 3375 2464 premere
3415 2396 3470 2452 in
3498 2408 3637 2456 terra
3662 2412 3763 2459 est.

2181 2472 2259 2527 Tu
2283 2488 2413 2545 ergo
2441 2476 2562 2531 talis
2591 2478 2698 2533 noli
2723 2493 2845 2536 esse
2867 2499 2882 2536 :
2908 2481 3004 2538 sed
3028 2492 3145 2539 esto
3172 2486 3291 2541 talis
3312 2488 3453 2558 quod
3477 2501 3662 2547 contra
3684 2494 3766 2549 in-

2178 2568 2350 2635 venis,
2383 2570 2434 2626 id
2464 2582 2567 2637 est,
2590 2583 2649 2627 ut
2672 2575 2941 2644 przeterita
2969 2576 3320 2643 obliviscaris,
3346 2582 3400 2635 in
3420 2585 3687 2641 anteriora
3713 2598 3765 2644 te

2177 2662 2467 2730 extendas;
2513 2674 2570 2719 ut
2599 2674 2918 2723 vetustatem
2952 2678 3095 2723 tuam
3136 2671 3189 2725 in
3233 2681 3379 2740 petra
3406 2684 3671 2732 conteras.
3698 2679 3765 2734 Et

2174 2753 2220 2808 si
2251 2771 2370 2825 qua:
2398 2756 2493 2811 tibi
2518 2757 2895 2814 similitudines
2917 2758 3057 2816 datm
3084 2759 3324 2830 fuerint;
3352 2765 3396 2818 si
3426 2766 3695 2824 inveneris
3712 2770 3765 2826 ia

2174 2845 2484 2917 Scripturis.
2511 2849 2673 2906 crede
2697 2868 2710 2904 :
2735 2850 2780 2905 si
2805 2866 2911 2906 non
2936 2851 3200 2909 inveneris
3220 2854 3325 2910 dici
3357 2856 3455 2911 nisi
3478 2856 3643 2927 fama,
3666 2876 3765 2916 nec

2172 2935 2331 2992 valde
2355 2934 2564 2994 credas.
2592 2938 2702 2995 Res
2724 2939 2835 3010 ipsa
2870 2940 3005 2996 forte
3040 2942 3111 2997 ita
3142 2953 3246 3010 est,
3279 2944 3415 3002 forte
3438 2963 3544 3004 non
3564 2961 3644 3005 est
3672 2953 3762 3006 ita.

2172 3025 2251 3082 Tu
2282 3029 2510 3099 profice;
2536 3032 2627 3086 tibi
2654 3033 2831 3088 valeat
2848 3032 2914 3087 ad
2938 3033 3162 3089 salutem
3190 3036 3288 3092 ista
3311 3039 3625 3096 similitudo.
3645 3042 3761 3098 Non

2170 3119 2252 3175 vis
2277 3136 2375 3190 per
2400 3122 2559 3177 istam
2580 3124 3028 3197 similitudinem?
3049 3128 3157 3183 Per
3181 3130 3341 3185 aliam
3373 3130 3454 3186 fac
3474 3175 3489 3196 ,
3517 3134 3643 3189 dum
3679 3146 3762 3190 ta-

2156 3228 2292 3268 men
2321 3214 2517 3281 facias;
2539 3224 2595 3270 et
2622 3230 2846 3273 securus
2869 3230 3119 3289 exspecta
3145 3238 3369 3293 regnum
3391 3224 3505 3292 Dei,
3529 3241 3599 3281 ne
3622 3228 3764 3283 rixe-

2168 3312 2257 3358 tur
2286 3314 2461 3360 tecum
2505 3307 2679 3362 oratio
2710 3318 2820 3364 tua.
2846 3308 2927 3364 Tu
2952 3310 3096 3367 enim
3119 3355 3135 3377 ,
3183 3313 3504 3382 cbristiane,
3548 3321 3764 3390 quando

2165 3393 2321 3463 dicis,
2356 3393 2533 3451 Veniat
2552 3414 2762 3470 regnum
2786 3408 2948 3467 tuum,
2976 3402 3251 3474 quomodo
3274 3406 3430 3472 dicis,
3469 3405 3650 3463 Veniat
3676 3427 3759 3464 re-

2164 3502 2322 3557 gnum
2344 3495 2486 3540 tuum
2510 3488 2722 3559 (Matth.
2753 3506 2828 3556 vi,
2863 3491 2997 3563 10)?
3023 3492 3228 3551 Excute
3253 3510 3347 3552 cor
3378 3505 3525 3553 tuum
3557 3516 3571 3554 :
3604 3501 3761 3565 vide;

2165 3591 2325 3645 ecce,
2362 3576 2543 3632 Veniat
2570 3596 2781 3652 regnum
2823 3593 2984 3637 tuum.
3015 3583 3220 3641 Clamat
3260 3587 3387 3654 tibi,
3418 3586 3593 3645 Venio
3617 3610 3630 3646 :
3654 3609 3763 3647 non

2121 3666 2125 3670 ’
2165 3667 2357 3739 times?
2383 3669 2539 3738 Saepe
2566 3671 2805 3725 diximus
2834 3672 3092 3729 Charitati
3122 3675 3323 3732 Vestra:
3349 3696 3362 3734 :
3387 3690 3442 3735 et
3468 3682 3766 3750 prmdicare

2160 3760 2441 3814 veritatem
2470 3761 2600 3814 nihil
2628 3773 2744 3827 est,
2780 3763 2826 3817 si
2860 3779 2954 3818 cor
2982 3780 3011 3817 a
3040 3765 3216 3836 lingua
3247 3767 3527 3824 dissentiat
3550 3787 3566 3837 ;
3589 3785 3645 3828 et
3670 3789 3768 3827 au-

2161 3847 2280 3905 dire
2305 3851 2585 3906 veritatem
2622 3852 2757 3907 nihil
2798 3864 2914 3920 est,
2945 3856 2993 3911 si
3037 3872 3143 3913 non
3190 3859 3516 3917 auditionem
3558 3863 3764 3920 fructus

2160 3948 2435 4008 sequatur.
2468 3940 2541 3995 De
2578 3942 2680 3996 isto
2703 3942 2823 3997 loco
2852 3945 3003 4014 quasi
3046 3945 3358 4004 sublimiore
3399 3950 3671 4021 loquimur
3694 3956 3764 4009 ad

2159 4044 2257 4083 vos
2285 4047 2299 4084 :
2326 4046 2484 4099 quam
2514 4032 2685 4088 simus
2708 4044 2888 4090 autem
2922 4037 3113 4093 timore
3150 4041 3251 4095 sub
3294 4041 3519 4109 pedibus
3562 4048 3766 4102 vestris

2160 4117 2302 4174 Deus
2331 4122 2575 4188 noverit,
2605 4123 2695 4194 qui
2738 4126 2998 4195 propitius
3029 4127 3087 4183 fit
3114 4129 3433 4199 humilibus;
3478 4136 3604 4205 quia
3652 4154 3762 4193 non

2159 4224 2257 4264 nos
2304 4220 2417 4264 tam
2448 4211 2717 4269 delectant
2745 4230 2907 4272 voces
2937 4218 3263 4276 laudantium
3284 4264 3300 4289 ,
3341 4214 3500 4295 quam
3542 4227 3765 4285 devotio

2156 4298 2523 4359 confitentium
2554 4314 2610 4358 et
2636 4303 2779 4361 facta
2805 4316 3097 4365 rectorum.
3122 4311 3188 4366 Et
3208 4329 3366 4382 quam
3391 4332 3498 4371 non
3520 4318 3765 4376 delecte-

2156 4405 2279 4445 mur
2309 4393 2411 4447 nisi
2441 4396 2772 4464 profectibus
2802 4400 2993 4454 vestris
3012 4442 3029 4469 ,
3072 4403 3125 4457 in
3164 4405 3280 4469 istis
3300 4416 3480 4464 autem
3508 4412 3763 4468 laudibus

2154 4499 2313 4552 quam
2347 4486 2728 4556 periclitemur,
2759 4489 2848 4546 ille
2874 4496 3088 4548 noverit
3126 4497 3216 4566 qui
3246 4513 3344 4554 nos
3385 4500 3455 4555 ab
3501 4506 3759 4560 omnibus

2154 4576 2404 4645 periculis
2432 4577 2642 4646 liberet,
2674 4589 2729 4644 et
2752 4598 2853 4637 nos
2882 4585 3158 4643 vobiscum
3184 4590 3254 4644 ab
3277 4593 3420 4657 omni
3457 4599 3765 4656 tentatioue

2153 4665 2389 4724 salvatos
2435 4669 2491 4724 in
2538 4685 2703 4741 regno
2743 4688 2842 4729 suo
2883 4689 3212 4746 cognoscere
3255 4689 3313 4737 et
3355 4698 3629 4744 coronare
3670 4690 3762 4745 di-

2150 4766 2363 4826 gnetur.
3016 4826 3028 4833 ο

2564 4969 2644 5029 ΙΝ
2679 4970 3061 5037 PSALMUM
3102 4978 3336 5041 LXVII

2685 5092 3081 5152 ENARRATIO
3120 5098 3221 5170 (ιι).

2222 5199 2274 5252 1.
2306 5197 2455 5271 [νινε.
2493 5198 2567 5272 1.]
2598 5201 2792 5257 Psalmi
2834 5204 2992 5275 hujus
3025 5208 3206 5265 titulus
3249 5226 3353 5266 non
3392 5215 3615 5273 videtur
3640 5237 3770 5278 esse

2148 5292 2833 5362 operosm‘dispulationis:
2867 5300 3096 5368 simplex
3127 5303 3270 5357 enim
3304 5320 3532 5376 apparet
3577 5324 3639 5367 et
3682 5315 3767 5368 fa-

2146 5383 2284 5437 cilis.
2309 5382 2441 5439 Nam
2469 5384 2537 5438 ita
2568 5400 2629 5440 se
2657 5385 2818 5442 habet
2846 5406 2859 5441 :
2890 5387 2955 5442 In
2983 5391 3155 5458 ﬁnem,
3185 5395 3285 5463 ipsi
3310 5395 3483 5451 Dauid
3506 5399 3766 5459 Psalmus

2146 5475 2347 5527 cantici.
2392 5474 2448 5528 In
2500 5477 2680 5531 multis
2724 5487 2901 5533 autem
2943 5480 3055 5551 jam
3100 5486 3319 5553 psalmis
3363 5488 3765 5552 admonuimus

2151 4890 2383 4902 .——_-

2250 5637 2327 5695 sic
2352 5637 2457 5711 aias.
2488 5635 2540 5677 At
2561 5629 2698 5711 laid.J
2738 5634 3047 5711 retardantur
3066 5637 3352 5711 quodiendo,
3392 5656 3452 5695 ne
3489 5659 3763 5711 ρνωεεηιι.

2140 5688 2228 5759 bus
2250 5688 2547 5759 impltccmm
2573 5705 2589 5753 ,'
2611 5694 2698 5744 sed
2722 5696 2954 5759 adfutura
2977 5688 3389 5759 meditando,ete.

2143 5822 2175 5858 η
2206 5749 2279 5860 (ἵ)
2319 5749 2498 5801 Dictata
2537 5749 2664 5827 anno
2696 5749 2931 5819 Cbrlilfi,
2969 5771 3028 5808 ex
3048 5749 3472 5828 Epistola'ftiéﬁd
3494 5772 3759 5839 Evodium,
