3934 6320
158 372 254 430 815
1212 370 1612 427 ENARllATlO
1654 374 1716 425 ΙΝ
1757 371 2079 427 PSALMUM
2118 374 2323 430 LXVII.

155 486 269 557 quid
299 486 387 551 sit,
416 485 486 539 In
512 487 666 555 ﬁnem
687 502 707 541 :
732 488 980 557 quoniam
1020 488 1138 556 ﬁnis
1164 489 1312 559 Legis
1352 490 1582 545 Christus
1604 532 1618 554 ,
1660 491 1728 543 ad

143 578 386 648 justitiam
410 583 552 634 omni
568 582 787 634 credenti
813 581 987 649 (Rom.
1011 596 1067 644 x,
1098 582 1185 648 t);
1211 582 1331 636 linis
1354 584 1443 653 qui
1467 584 1729 653 perliciat,

155 688 251 725 non
273 674 363 739 qui
393 681 677 727 consumat
722 684 814 727 aut
852 674 1055 749 perdat.
1089 673 1467 729 Verumtamen
1506 678 1551 730 si
1580 678 1730 747 quis-

155 777 301 832 quam
328 770 557 816 conetur
582 763 855 833 inquirere
878 764 1001 833 quid
1029 764 1129 818 sibi
1157 766 1306 829 velit,
1340 765 1580 821 Psalmus
1602 784 1730 821 can-

154 854 232 907 tici
245 870 266 917 ;
284 869 378 908 cur
404 870 511 909 non
534 865 625 909 aut
654 854 894 909 Psnlntus
913 897 929 921 ,
958 866 1051 909 aut
1073 855 1337 909 Canticum
1355 899 1369 921 ,
1400 858 1494 911 sed
1524 867 1730 912 utrum-

156 960 285 1012 que;
314 946 397 999 vel
420 947 550 1015 quid
584 948 791 1001 intersit
815 949 954 1003 inter
973 947 1243 1002 Psalmum
1270 947 1486 1015 cantici,
1514 960 1567 1003 et
1592 948 1730 1004 Cau-

154 1038 303 1090 ticum
350 1037 581 1105 psalmi,
613 1037 733 1107 quia
781 1048 834 1092 et
880 1039 959 1093 sic
999 1040 1351 1107 quorumdam
1403 1042 1727 1109 psalmorum

153 1127 279 1181 tituli
322 1127 721 1191 inscribuntur;
765 1128 1007 1183 inveniet
1050 1128 1274 1184 fortasse
1315 1130 1551 1199 aliquid,
1584 1132 1726 1199 quod

152 1218 465 1271 scutioribus
491 1228 546 1272 et
594 1218 936 1272 etinsioribns
960 1234 1057 1275 nos
1101 1220 1472 1290 relinquimus.
1513 1221 1727 1275 Discre-

152 1316 329 1361 verunt
371 1308 590 1377 quidam
622 1309 702 1379 (α)
727 1320 851 1362 ante
898 1325 995 1363 nos
1025 1309 1161 1363 inter
1180 1310 1479 1374 Canticum,
1503 1321 1558 1363 et
1579 1310 1729 1364 Psal-

154 1414 321 1461 mum;
350 1407 409 1451 ut
434 1398 687 1465 quoniam
713 1395 989 1453 Canticum
1029 1414 1125 1453 ore
1169 1400 1452 1468 profertur,
1486 1399 1727 1455 Psalmus

154 1500 317 1544 autem
348 1489 545 1544 visibili
573 1504 773 1560 organo
792 1489 1033 1551 adhibito
1052 1528 1068 1555 ,
1094 1489 1145 1543 id
1165 1499 1249 1544 est
1303 1489 1725 1559 psalterio,cani-

154 1588 249 1643 tur,
278 1578 515 1635 videatur
541 1579 765 1634 Cautico
789 1578 1077 1649 signiﬁcari
1120 1579 1466 1649 intelligentia
1495 1579 1689 1633 mentis
1710 1620 1723 1643 ,

154 1669 351 1724 Psalmo
382 1684 510 1724 vero
539 1683 703 1738 opera
730 1670 993 1737 corporis.
1023 1670 1171 1725 Sicut
1208 1672 1258 1723 in
1287 1670 1390 1724 hoc
1418 1671 1533 1739 ipso
1569 1685 1725 1725 sexa-

153 1761 341 1825 gesimo
362 1760 594 1830 septimo
609 1803 623 1823 ,
646 1776 804 1831 quem
831 1777 970 1828 nunc
992 1758 1330 1816 tractandum'
1355 1762 1687 1831 suscepimus
1709 1802 1725 1826 ,

154 1852 267 1905 illtul
294 1852 437 1922 quod
466 1852 669 1907 dictum
710 1862 822 1915 est,
856 1852 1068 1909 Cantate
1105 1854 1249 1921 Deo,
1297 1855 1503 1925 psallite
1538 1858 1728 1909 nomini

154 1943 250 2011 ejus
270 1958 286 1995 :
306 1943 373 1996 ita
401 1941 617 2013 quidam
635 1944 1022 2009 discreverunt,
1045 1955 1121 2011 ut,
1148 1945 1357 1999 Cantate
1379 1946 1503 2010 Deo,
1527 1946 1725 2002 dictum

154 2032 399 2095 videatur,
432 2035 559 2104 quia
584 2049 645 2089 ea
673 2050 793 2105 qua:
822 2034 874 2089 in
902 2036 1078 2105 seipsa
1118 2052 1269 2092 mens
1293 2038 1428 2108 agit,
1463 2040 1573 2093 Deo
1603 2050 1727 2095 nota

155 2134 283 2190 sunt,
313 2126 379 2181 ab
421 2128 729 2182 hominibus
766 2144 872 2182 non
902 2129 1183 2192 videntur;
1211 2144 1373 2198 Opera
1415 2147 1543 2187 vero
1587 2132 1727 2188 bona

155 2217 387 2283 quoniam
419 2217 540 2273 ideo
568 2218 795 2273 videnda
822 2227 947 2273 sunt
975 2220 1043 2274 ab
1070 2219 1375 2276 hominibus
1393 2263 1410 2289 ,
1443 2233 1501 2276 ut
1523 2222 1725 2292 glorili-

155 2316 264 2361 cent
292 2307 503 2363 Patrem
535 2318 779 2364 nostrum
804 2312 895 2381 qui
922 2310 974 2365 io
996 2312 1148 2367 ctelis
1167 2322 1247 2366 est
1271 2311 1483 2385 (Matth.
1511 2330 1574 2377 ν,
1608 2314 1722 2385 16),

156 2401 330 2454 merito
352 2400 557 2457 dictum
583 2401 671 2468 sit,
702 2400 915 2457 Psallite
934 2404 1128 2458 nomini
1154 2406 1285 2476 ejus.
1307 2405 1358 2459 id
1379 2416 1461 2461 est
1485 2406 1726 2461 din‘ama-

156 2493 275 2547 tioni
304 2494 421 2561 ejus
444 2537 459 2554 .
491 2504 551 2549 ut
576 2494 912 2551 laudabiliter
939 2497 1263 2552 nominetur.
1298 2499 1445 2553 lianc
1471 2498 1725 2554 dill‘ereu-

156 2586 267 2640 tiam
306 2586 542 2651 alicubi,
594 2597 850 2657 quantum
898 2588 1115 2655 recolo,
1149 2589 1309 2644 etiam
1352 2591 1469 2659 ipse
1507 2600 1725 2646 secutus

154 2690 277 2729 mni.
304 2677 518 2735 Memini
546 2666 725 2734 autem
758 2679 951 2749 legisse
997 2696 1097 2736 nos
1136 2683 1320 2743 etiam.
1362 2681 1582 2737 Psallite
1614 2682 1726 2739 Deo

157 2763 312 2832 (Psal.
341 2783 481 2833 sui,
508 2768 563 2831 7,
589 2768 644 2839 8)
667 2785 683 2833 ;
705 2769 827 2840 quia
851 2770 973 2824 talia
992 2785 1112 2839 qua:
1136 2770 1417 2826 visibiliter
1436 2772 1571 2828 bene
1590 2788 1723 2842 0pc-

156 2870 338 2922 ramur,
368 2873 474 2913 non
507 2868 711 2914 tantum
759 2861 1096 2922 hominibus.
1128 2862 1224 2917 sed
1268 2863 1429 2919 etiam
1475 2865 1586 2919 Deo
1614 2866 1721 2935 pla-

154 2957 281 3001 cent.
306 2948 417 3003 Non
446 2958 627 3005 autem
657 2952 838 3005 omnia
876 2968 995 3022 qua:
1022 2953 1134 3009 Deo
1160 2954 1405 3023 placent,
1437 2956 1597 3011 etiam
1628 2958 1721 3012 lio-

154 3039 367 3093 minibus
409 3051 674 3110 possunt,
723 3042 845 3109 quia
889 3043 1073 3098 videre
1121 3058 1226 3099 non
1279 3059 1522 3115 possunt.
1571 3047 1724 3104 Unde

155 3128 329 3183 mirum
377 3140 461 3185 est
504 3132 551 3186 si
598 3133 1045 3202 quemadmodum
1077 3144 1362 3206 utrumque
1412 3138 1626 3210 legitur,
1671 3149 1726 3195 ct

154 3216 347 3271 Cautate
377 3219 509 3285 Deo,
539 3230 596 3275 et
626 3220 838 3277 Psallite
868 3222 977 3277 Deo
999 3264 1014 3289 ,
1057 3224 1125 3279 ita
1150 3226 1343 3280 alicubi
1375 3228 1476 3298 legi
1510 3239 1720 3298 potest,

154 3309 347 3365 Caritate
370 3313 564 3366 nomini
589 3314 719 3385 ejus.
747 3312 900 3380 Quod
926 3315 970 3369 si
996 3325 1052 3369 et
1077 3316 1179 3371 hoc
1209 3318 1260 3371 in
1285 3317 1577 3390 Scripturis
1600 3336 1726 3376 san-

156 3403 243 3456 ctis
276 3404 472 3459 dictum
522 3405 809 3469 invenitur,
842 3406 958 3462 haec
984 3407 1279 3464 differentia
1322 3410 1513 3465 frustm
1543 3413 1725 3468 elabo-

155 3502 253 3546 rata
275 3506 373 3549 est.
398 3495 572 3549 Movet
595 3497 756 3551 etiam
785 3511 872 3552 me
894 3499 1035 3569 quod
1054 3501 1289 3570 generali
1316 3504 1534 3560 nomine
1556 3506 1724 3576 magis

155 3581 333 3638 Psalmi
361 3602 523 3656 quam
549 3586 763 3642 Cantica
792 3600 1069 3656 vocantur,
1107 3592 1176 3645 ita
1202 3602 1260 3647 ut
1287 3593 1542 3665 Dominus
1568 3596 1721 3654 dice-

155 3683 257 3727 ret:
283 3677 406 3741 Qui:
422 3679 615 3748 scripta
639 3688 755 3733 sunt
778 3681 832 3734 in
856 3679 1009 3751 Lege,
1033 3694 1081 3736 et
1103 3681 1394 3752 Prophetis,
1426 3698 1473 3745 ct
1496 3687 1723 3745 Psalmis

154 3764 208 3817 de
232 3783 305 3819 me
330 3767 477 3837 (an.
508 3786 655 3837 xxiv,
687 3770 811 3843 M);
840 3782 895 3827 et
924 3773 1061 3827 liber
1092 3775 1205 3845 ipse
1228 3776 1560 3834 Psalmorum
1587 3780 1723 3837 dici-

156 3863 247 3921 tur,
286 3874 385 3912 non
414 3860 756 3917 Canticorum
791 3882 804 3917 :
838 3864 985 3919 Sicut
1018 3868 1262 3935 scriptum
1291 3880 1399 3936 est,
1430 3871 1628 3942 inquit,
1667 3875 1723 3929 in

154 3944 265 3998 libro
288 3946 608 4004 Psalmorum
639 3951 657 4022 (
686 3953 796 4007 Act.
821 3968 859 4021 ι,
889 3955 960 4009 20
980 3958 1032 4025 );
1066 3974 1187 4011 cum
1226 3961 1402 4027 potius
1428 3964 1720 4019 secundum

154 4035 291 4094 istam
316 4041 673 4099 diﬂ‘erentiam
700 4087 715 4109 ,
749 4047 968 4103 Cantica
999 4032 1102 4105 dici
1131 4051 1380 4108 debuisse
1406 4054 1718 4124 videantur;

153 4132 382 4195 quoniam
412 4135 693 4192 Canticum
736 4139 897 4193 etiam
939 4140 1055 4193 sine
1084 4142 1295 4197 Psalmo
1338 4161 1458 4201 esse
1502 4156 1717 4217 potest,

155 4217 375 4279 Psalmus
406 4242 535 4281 vero
561 4227 924 4285 sineCantico
953 4248 1075 4287 esse
1119 4249 1225 4289 non
1268 4247 1463 4305 potest.
1493 4239 1724 4297 Possunt

154 4312 331 4367 ctenim
378 4331 499 4372 esse
545 4320 895 4388 cogitationes
929 4324 1160 4391 mentis,
1204 4342 1428 4396 quarum
1475 4346 1582 4385 non
1615 4333 1724 4388 sint

153 4415 294 4467 opera
322 4410 617 4477 corporalia
643 4427 652 4435 ’
680 4412 881 4466 nullum
911 4423 996 4468 est
1019 4426 1197 4471 autem
1218 4432 1353 4488 opus
1379 4420 1594 4490 bonum,
1623 4440 1722 4479 cu-

151 4488 226 4555 jus
254 4509 351 4549 non
378 4498 447 4552 sit
476 4500 530 4553 in
558 4511 737 4555 mente
761 4504 1031 4571 cogitatio.
1065 4506 1143 4560 Ac
1180 4522 1277 4576 per
1298 4508 1402 4564 hoc
1441 4488 1723 4584 utrobique

153 4577 348 4639 Cantica
372 4603 387 4650 ;
418 4604 527 4644 non
553 4592 838 4663 utrobique
860 4594 1056 4650 Psalmi
1088 4613 1101 4648 :
1128 4607 1184 4652 et
1204 4607 1403 4664 tamen,
1430 4577 1715 4672 sicutdi-xi,

155 4678 452 4768 generaliter
468 4681 665 4737 Psalmi
690 4685 1045 4754 appellantur,
1070 4704 1174 4743 non
1200 4690 1453 4759 Cantica;
1481 4694 1722 4768 liberque

155 4760 486 4837 l'salmorum,
517 4787 620 4827 non
651 4774 1016 4832 Canticorum.
1055 4780 1119 4834 Et
1156 4782 1201 4837 si
1246 4783 1608 4856 intelligantur
1635 4760 1717 4845 at-

156 4868 246 4921 que
263 4856 608 4919 discutiantur
628 4880 819 4922 sensus
844 4867 1131 4936 dictorum,
1165 4874 1252 4928 ubi
1286 4876 1470 4932 titulus
1497 4890 1579 4935 est
1606 4890 1721 4935 tau-

156 4952 408 5039 tummodo
440 4954 658 5022 Psalmi,
687 4968 741 5012 et
772 4961 859 5015 ubi
891 4967 1258 5021 tantummodo
1284 4968 1483 5024 Cantici
1500 5014 1515 5039 ,
1546 4986 1603 5028 et
1632 4976 1718 5029 ubi

154 5048 245 5092 non
266 5038 499 5099 Psalmus
516 5046 728 5115 Cantici,
750 5052 888 5106 sicut
904 5054 954 5107 in
977 5054 1098 5119 isto,
1122 5057 1215 5112 sed
1233 5038 1507 5116 Canticum
1522 5063 1719 5121 Psalmi

154 5124 442 5218 inuriptum
473 5149 587 5206 est;
621 5143 801 5196 nescio
844 5156 1021 5201 utrum
1062 5150 1227 5218 possit
1270 5153 1370 5207 ista
1415 5154 1718 5215 diﬂ'erentia

153 5216 502 5315 demonstrari.
528 5232 755 5291 Proinde
785 5238 923 5291 sicut
947 5254 1313 5311 cceperamus,
1350 5248 1718 5318 relinquentes

155 5306 237 5361 ista
262 5314 335 5367 eis
359 5320 446 5387 qui
480 5333 721 5389 possunt,
755 5334 809 5379 et
836 5306 1209 5397 quibus—Vacat
1235 5306 1358 5389 talia
1386 5306 1714 5408 discernere,

154 5407 194 5449 ει
218 5414 350 5459 certa
376 5410 791 5469 diﬂ‘erentiarnm
816 5420 1020 5474 ratione
1048 5421 1303 5490 delinire;
1334 5443 1432 5481 nos
1458 5443 1715 5499 quantum

152 5491 406 5555 ildiuvante
452 5503 679 5560 Domino
726 5508 997 5579 valemus,
1057 5514 1213 5585 hujus
1266 5491 1714 5587 psalmi'lextum

154 5589 524 5649 consideremus
550 5608 711 5665 atque
742 5609 1053 5657 tractemus.

212 5674 430 5769 2._[rers.
460 5684 541 5759 2.]
570 5686 830 5760 Exsurgat
859 5691 997 5746 Deus
1016 5739 1029 5760 ,
1061 5706 1107 5749 et
1142 5699 1453 5769 dissipentur
1479 5706 1491 5737 ¹
1525 5708 1715 5765 inimici

204 5765 228 5843 ἰ
238 5767 563 5843 ἀιίὲἶῖξοίυεξοο
581 5777 942 5843 disperguntur.

212 5826 277 5890 (α)
298 5826 491 5887 Hilarius
508 5826 562 5888 ai
931 5826 1160 5903 Psalmos.

3328 381 3437 437 8M

1845 489 1976 552 eius.
2021 489 2139 543 Jam
2184 490 2381 546 factum
2422 502 2506 547 cst
2536 511 2548 545 :
2580 495 2887 549 exsurrexit
2926 493 3171 549 Christus
3218 496 3308 565 qui
3350 509 3434 553 est

1840 594 2004 651 super
2026 582 2204 637 omnia
2236 583 2377 638 Deus
2407 583 2721 639 benedictus
2746 588 2795 639 in
2827 588 3021 641 sarcula
3044 586 3216 654 (Rom.
3238 604 3317 653 ts,
3351 589 3429 661 5),

1840 680 1897 724 et
1921 671 2149 741 dispersi
2177 682 2302 727 sunt
2328 674 2529 728 inimici
2558 676 2675 744 ejus
2716 693 2809 744 per
2846 692 3033 730 omnes
3073 689 3289 747 gentes,
3330 678 3431 733 Ju-
3500 748 3503 749 ν

1840 760 1941 814 ᾱωὶ
1964 777 1978 825 ;
2004 762 2056 814 in
2082 777 2147 816 eo
2169 762 2285 831 ipso
2311 763 2429 818 loco
2453 764 2539 817 ubi
2570 765 2878 819 inimicitias
2902 780 3257 823 exercuerunt
3280 810 3296 833 ,
3338 770 3432 823 de-

1841 849 2043 916 bellati,
2070 860 2233 920 atque
2262 852 2384 906 inde
2412 869 2510 921 per
2534 867 2722 907 cuncta
2753 855 2977 924 dispersi
3008 874 3021 909 :
3054 868 3108 910 et
3137 875 3277 913 nunc
3302 860 3429 913 ode-

1838 950 1963 993 runt
1984 980 2000 1005 ,
2033 941 2127 994 sed
2156 952 2431 1008 metuunt;
2459 953 2513 997 et
2542 944 2593 998 in
2622 946 2737 1014 ipso
2771 955 2915 999 metu
2942 946 3132 1001 faciunt
3177 951 3319 1018 quod
3347 966 3431 1005 se-

1838 1031 2038 1099 quitur,
2070 1030 2136 1083 Et
2162 1034 2360 1103 fugiant
2388 1035 2477 1101 qui
2505 1035 2719 1088 oderunt
2744 1054 2879 1099 cum,
2904 1054 2934 1089 α
2960 1039 3090 1108 facie
3119 1040 3248 1108 ejus.
3284 1041 3426 1110 Fuga

1838 1121 2034 1190 quippe
2068 1122 2265 1188 animi,
2295 1133 2378 1177 est
2417 1124 2597 1178 timor.
2626 1125 2757 1181 Nam
2786 1128 2986 1181 carnali
3030 1129 3146 1199 fuga
3168 1170 3184 1195 ,
3215 1146 3323 1200 quo
3352 1132 3434 1185 [ιι-

1837 1211 1989 1278 giunt
2017 1211 2083 1265 ab
2108 1212 2223 1280 ejus
2256 1212 2387 1267 facie
2412 1215 2501 1283 qui
2531 1215 2725 1286 ubique
2759 1218 3055 1286 praesentia:
3082 1235 3192 1274 sua:
3214 1221 3436 1276 demon-

1836 1311 1971 1356 Strat
1995 1302 2286 1357 eﬂ‘ectum?
2317 1304 2429 1371 Quo
2460 1305 2623 1370 abibo,
2659 1307 2828 1377 inquit
2854 1308 2943 1361 ille
2963 1348 2977 1375 ,
3010 1326 3041 1360 η
3089 1310 3269 1378 spiritu
3312 1321 3429 1377 tuo,

1835 1402 1882 1447 et
1907 1409 1939 1445 a
1962 1393 2094 1462 {acie
2121 1404 2207 1447 tua
2235 1412 2333 1463 quo
2366 1397 2560 1467 fugiam
2586 1396 2605 1468 (
2635 1396 2779 1451 Psal.
2810 1414 3065 1463 cxxxvm,
3102 1400 3211 1471 7)?
3238 1402 3432 1455 Animo

1834 1497 1995 1553 ergo,
2026 1499 2132 1537 non
2159 1500 2384 1554 corpore
2416 1485 2654 1555 fugiunt;
2691 1489 2925 1543 timendo
2953 1491 3191 1555 scilicet,
3220 1506 3325 1544 non
3354 1492 3431 1545 la-

1836 1572 2035 1635 tendo;
2068 1589 2169 1626 nec
2207 1575 2276 1628 ab
2315 1589 2376 1628 ca
2408 1573 2541 1631 facie
2583 1592 2742 1645 quam
2786 1592 2891 1630 non
2919 1578 3118 1644 vident,
3149 1579 3245 1634 scd
3274 1580 3341 1634 ab
3364 1594 3428 1634 ea

1834 1679 1993 1733 quam
2024 1664 2207 1719 videre
2250 1677 2533 1735 coguntur.
2567 1667 2755 1722 Facies
2781 1670 2977 1739 quippe
3007 1671 3123 1739 ejus
3164 1672 3429 1741 appellata

1833 1762 1916 1807 est
1944 1757 2229 1824 prtesentia
2259 1756 2376 1825 ejus
2404 1772 2500 1827 per
2531 1758 2825 1812 Ecclesiam
2854 1760 2988 1827 ejus.
3020 1761 3172 1817 Unde
3194 1762 3297 1817 illis
3322 1764 3430 1816 ini-

1833 1843 2152 1899 micantibus
2180 1845 2317 1900 dixit
2344 1864 2357 1899 :
2385 1848 2583 1900 Amodo
2617 1848 2844 1902 videbitis
2869 1848 3065 1903 Filium
3094 1852 3312 1907 hominis
3340 1870 3427 1907 ve-

1836 1935 2054 1989 nientem
2095 1938 2147 1990 in
2187 1938 2399 1992 nubibus
2425 1940 2443 2009 (
2472 1939 2659 1994 Matth.
2688 1957 2839 2006 xxvi,
2866 1942 2935 1997 64
2956 1943 2995 2012 ).
3022 1942 3171 1999 Sicut
3202 1946 3348 2001 venit
3376 1948 3429 2007 in

1833 2025 2070 2083 Ecclesia
2099 2043 2193 2084 sua
2218 2072 2233 2095 ,
2282 2030 2585 2085 dill‘nndens
2617 2048 2733 2086 eam
2763 2042 2873 2089 toto
2899 2035 3030 2091 orbe
3060 2046 3343 2104 terrarum,
3374 2038 3428 2094 in

1833 2132 1940 2187 quo
1965 2118 2191 2189 dispersi
2224 2131 2349 2175 sunt
2376 2122 2575 2176 inimici
2598 2124 2735 2193 ejus.
2764 2123 2922 2179 Venit
2953 2136 3130 2181 autem
3156 2129 3206 2183 in
3235 2129 3428 2185 talibus

1833 2209 2085 2276 nubibus,
2121 2209 2188 2266 de
2217 2212 2462 2283 qualibus
2490 2213 2619 2268 dicit
2648 2213 2954 2271 :Jlandabo
2975 2196 3186 2271 nubibus
3217 2220 3338 2273 meis
3363 2237 3428 2275 ns

1834 2301 2017 2368 pluunt
2044 2319 2195 2373 super
2214 2321 2326 2359 eam
2345 2304 2555 2359 imbrem
2580 2304 2632 2376 (Ι
2636 2308 2733 2361 sai.
2764 2323 2817 2375 v,
2842 2310 2921 2378 6).
2946 2306 3170 2381 Fugiunt
3198 2328 3324 2382 ergo
3338 2330 3428 2385 qut

1831 2391 2043 2447 oderunt
2061 2410 2196 2459 eum,
2220 2413 2249 2447 α
2271 2396 2403 2464 [acie
2428 2398 2539 2467 ejus
2561 2414 2580 2450 :
2602 2398 2824 2454 timeant
2842 2415 2871 2453 a
2897 2398 3179 2471 prtcscntia
3210 2415 3425 2460 sancto-

1830 2499 1947 2537 rum
1981 2483 2323 2556 lideliumque
2367 2489 2485 2555 ejus
2510 2530 2525 2552 ,
2566 2488 2631 2542 de
2659 2491 2852 2560 quibus
2876 2490 3033 2557 dicit,
3078 2492 3207 2548 Cum
3240 2496 3329 2549 uni
3363 2514 3426 2552 ex

1832 2575 2053 2629 minimis
2081 2577 2206 2631 meis
2232 2578 2439 2648 fecistis,
2473 2579 2597 2631 mihi
2625 2580 2815 2648 fecistis
2840 2581 3053 2651 (Matth.
3075 2600 3203 2647 xxv,

1901 2664 1956 2718 5.
1985 2662 2241 2739 [vers.3.]
2271 2667 2417 2722 Sicut
2433 2668 2603 2737 tle/icit
2617 2674 2806 2740 (unius,
2837 2672 3090 2738 deﬁciant.
3112 2675 3428 2733 Extulerqu

1832 2754 1976 2809 enim
2006 2771 2067 2811 se
2091 2756 2159 2810 ab
2196 2756 2406 2826 ignibus
2430 2758 2673 2813 odiorum
2717 2776 2933 2816 suorum
2968 2764 3019 2818 in
3046 2767 3309 2834 superbia:
3338 2779 3424 2839 ty-

1832 2846 1993 2915 pbum
2015 2863 2030 2913 ;
2056 2857 2109 2902 et
2139 2857 2401 2919 ponentes
2439 2850 2491 2903 in
2518 2851 2713 2905 coelum
2748 2867 2809 2907 os
2834 2866 2987 2909 suum
3016 2853 3037 2928 (
3064 2853 3205 2909 Psal.
3237 2873 3381 2912 Lxxu
3403 2899 3421 2923 ,

1829 2937 1940 3007 9),
1967 2949 2125 3009 atque
2159 2940 2453 2995 clamantes
2472 2984 2488 3009 ,
2535 2942 2804 3015 Cruciﬁge,
2830 2948 3069 3018 erud/ig:
3096 2948 3271 3020 (Joan.
3302 2966 3421 3017 xtx,

1827 3028 1902 3099 6)
1927 3072 1943 3094 ,
1977 3039 2133 3100 capto
2160 3032 2458 3098 illuserunt,
2486 3034 2807 3103 pendentem
2852 3037 3134 3094 irriserunt
3160 3056 3175 3092 ε
3200 3051 3255 3096 et
3279 3042 3423 3097 unde

1829 3120 2061 3177 victores
2091 3132 2417 3189 tumuerunt,
2451 3141 2573 3180 mox
2604 3127 2727 3181 victi
2750 3140 3099 3185 evanuerunt.
3125 3132 3273 3189 Sicut
3299 3137 3418 3204 [luit

1828 3227 1944 3265 cera
1969 3229 2001 3265 a
2029 3214 2157 3285 facie
2179 3214 2309 3285 ignis
2338 3256 2354 3281 ,
2382 3219 2455 3270 sic
2507 3229 2712 3287 pereant
2752 3231 3037 3285 peccatores
3062 3240 3095 3275 a
3121 3226 3253 3293 {acie
3306 3224 3421 3281 Dei.

1827 3304 2142 3375 Quanquam
2189 3307 2414 3361 fortasse
2452 3324 2546 3364 eos
2592 3310 2833 3366 bocloco
2858 3313 3255 3385 signiﬁcaverit,
3282 3334 3420 3390 quo~

1828 3410 1947 3449 rum
1967 3395 2161 3452 duritia
2201 3399 2253 3452 in
2282 3399 2610 3468 panitentite
2646 3403 2910 3475 lacrymas
2946 3408 3206 3464 solvitur:
3242 3420 3419 3468 tamen

1826 3486 1989 3542 etiam
2041 3489 2170 3544 illud
2230 3490 2455 3563 intelligi
2506 3503 2719 3565 potest,
2774 3504 2831 3553 ut
2882 3497 3115 3555 futurum
3161 3502 3420 3571 judicium

1829 3578 2216 3644 comminetur;
2258 3580 2380 3650 quia
2406 3598 2530 3637 cum
2558 3584 2611 3637 iu
2642 3585 2742 3639 hoc
2766 3588 2960 3643 sznculo
2978 3589 3115 3645 sicut
3145 3592 3322 3648 fumus
3356 3606 3419 3645 se

1827 3668 2132 3724 extollendo
2156 3712 2171 3733 ,
2200 3671 2251 3725 id
2282 3682 2386 3738 est,
2413 3675 2773 3745 superbiendo
2812 3679 3125 3750 defecerint,
3157 3685 3419 3742 vcnietil-

1829 3757 1892 3811 lis
1914 3758 1967 3811 in
1998 3760 2101 3814 line
2128 3772 2363 3818 extrema
2394 3765 2683 3833 damnatio,
2718 3778 2775 3824 ut
2800 3771 2868 3825 ab
2896 3772 3012 3841 ejus
3039 3774 3173 3831 facie
3197 3790 3417 3848 pereant

1826 3850 1881 3904 in
1906 3862 2189 3919 auernum,
2217 3870 2339 3908 cum
2382 3856 2435 3910 in
2460 3872 2555 3912 sua
2585 3859 2827 3916 claritate
2857 3860 3017 3920 fuerit
3045 3878 3418 3935 praesentanea,

1826 3940 1972 3996 velut
2021 3943 2177 4014 ignis,
2229 3944 2298 3998 ad
2343 3960 2557 4015 prunam
2607 3948 2895 4017 impiorum
2937 3954 3223 4026 lumenque
3241 3958 3422 4027 justo-

1827 4048 1965 4088 rum.

1897 4125 1952 4179 4.
1984 4122 2134 4197 [υεη.
2177 4126 2255 4200 4.]
2302 4128 2539 4197 Denique
2578 4132 2858 4202 sequitur:
2890 4134 2957 4189 Et
2978 4138 3109 4207 justi
3128 4141 3420 4208 jucnndcu-

1829 4225 1931 4281 tur,
1960 4229 2005 4270 et
2031 4219 2283 4273 exsultent
2310 4220 2364 4273 in
2390 4233 2663 4291 conspectu
2693 4222 2820 4291 Dei,
2847 4237 2894 4281 et
2916 4228 3226 4287 delectentur
3247 4236 3301 4287 in
3322 4237 3418 4291 lte-

1827 4310 1956 4362 titia.
1985 4310 2133 4365 Tunc
2156 4312 2300 4365 enim
2314 4314 2532 4368 audient
2559 4334 2572 4367 z
2608 4315 2796 4379 Venite.
2828 4320 3071 4375 benedicti
3088 4322 3263 4381 Patris
3282 4332 3380 4382 mei
3400 4347 3423 4394 ,-

1830 4401 2066 4469 percipite
2094 4418 2302 4471 regnum
2330 4403 2543 4474 (Matth.
2574 4422 2680 4462 xxv
2707 4448 2720 4471 ,
2747 4410 2881 4481 31).
2908 4410 3265 4470 Jucundentur
3292 4435 3425 4488 ergo

1830 4492 1919 4559 qui
1957 4491 2353 4558 laboraverunt,
2401 4505 2448 4549 et
2489 4500 2739 4552 exsultent
2764 4500 2817 4553 in
2840 4516 3111 4572 conspectu
3139 4505 3255 4562 Dei.
3302 4511 3425 4569 Non

1828 4582 1970 4636 enim
1995 4584 2097 4638 erit
2124 4586 2497 4643 exsultationis
2523 4589 2680 4658 hujus
2704 4633 2721 4657 ,
2751 4602 3001 4664 tanquam
3028 4613 3210 4655 coram
3246 4602 3423 4671 hami-

1828 4673 2005 4737 nibus,
2055 4674 2230 4729 inanis
2272 4677 2380 4732 ulla
2420 4679 2713 4748 jactantia;
2757 4684 2854 4739 sed
2898 4685 2951 4741 in
2991 4702 3282 4759 conspectu
3308 4698 3422 4766 ejus

1827 4763 1918 4831 qui
1949 4763 2067 4818 sine
2093 4779 2279 4821 errore
2307 4766 2525 4835 inspicit
2567 4770 2709 4839 quod
2751 4772 2987 4831 donavit.
3016 4763 3350 4840 Delectentur
3370 4790 3428 4843 in

1828 4857 2003 4911 lwtitia
2026 4874 2045 4909 :
2084 4875 2187 4913 non
2215 4859 2324 4929 jam
2353 4864 2680 4935 exsultantes
2710 4881 2834 4921 eum
2872 4880 3104 4929 tremore
3132 4877 3153 4948 (
3176 4876 3323 4935 Psal.
3362 4898 3422 4947 ιι,

1830 4947 1889 5000 Η
1916 4946 1971 5016 ),
2000 4948 2141 5002 sicut
2167 4950 2219 5003 in
2258 4949 2361 5006 hoc
2384 4955 2614 5019 saeculo,
2641 4960 2893 5023 quamdiu
2924 4946 3151 5019 tentatio
3185 4979 3269 5024 est
3319 4946 3424 5027 vita

1828 5034 2060 5090 humana
2091 5053 2252 5107 super
2278 5050 2472 5095 terram
2504 5042 2625 5112 (Job
2655 5062 2745 5107 vn,
2780 5050 2862 5120 i).

1898 5128 1953 5181 5.
1980 5125 2129 5199 [rem
2155 5130 2208 5194 5,
2228 5129 2307 5203 6.]
2340 5132 2541 5188 Deinde
2562 5150 2619 5189 se
2654 5138 2718 5190 ad
2746 5140 2888 5209 ipsos
2913 5148 3199 5213 wnvertit,
3232 5153 3425 5221 quibus

1829 5226 2028 5272 tantam
2051 5235 2201 5288 spem
2232 5222 2398 5289 dedit,
2437 5235 2490 5278 et
2516 5224 2601 5279 hic
2630 5229 2873 5286 viVentes
2901 5235 3187 5305 alloquitur
3220 5256 3274 5295 et
3300 5243 3425 5298 lior-

1830 5320 1971 5365 tatur
2000 5329 2014 5365 :
2039 5311 2251 5367 Caritate
2280 5313 2384 5368 Deo
2404 5358 2418 5381 ,
2446 5320 2651 5387 psallite
2686 5325 2879 5376 nomini
2903 5326 3035 5394 ejus.
3075 5327 3193 5383 Jam
3224 5334 3346 5387 hinc
3369 5337 3421 5389 in

1829 5402 1964 5455 tituli
1993 5405 2349 5471 espositione,
2396 5409 2535 5476 quod
2587 5411 2865 5469 videbatur
2893 5418 3166 5485 pnelocuti
3211 5438 3417 5480 sumus.

1827 5494 2017 5548 Canutt
2066 5496 2196 5563 Deo,
2224 5500 2313 5566 qui
2360 5500 2489 5553 visit
2518 5502 2660 5565 Deo;
2690 5506 2867 5572 psallit
2916 5513 3117 5566 nomini
3147 5514 3284 5582 ejus,
3332 5523 3422 5587 qui

1826 5595 2079 5653 operatur
2106 5588 2157 5641 in
2187 5589 2409 5657 gloriam
2441 5592 2577 5659 ejus.
2608 5593 2680 5647 lta
2706 5600 2992 5662 cantando,
3025 5603 3094 5655 ita
3121 5608 3423 5674 psallendo,

1825 5675 1877 5728 id
1908 5687 2010 5736 est,
2039 5679 2115 5730 sic
2138 5678 2387 5745 vivendo,
2412 5683 2489 5735 sic
2512 5686 2800 5753 operando,
2829 5687 2934 5742 lter
2958 5692 3111 5760 facite
3135 5697 3199 5755 ei.
3230 5698 3421 5769 inquit,

1824 5768 1909 5837 qui
1932 5770 2155 5822 ascendit
2174 5788 2328 5840 super
2349 5789 2604 5827 occasum.
2639 5776 2744 5829 lter
2772 5777 2930 5835 facile
2967 5783 3213 5850 Christo;
3245 5768 3422 5861 utper

1825 5851 2095 5928 speetosos
2127 5862 2292 5931 pedes
2340 5866 2813 5931 cvangelizantium
2851 5874 3022 5944 (καὶ.
3055 5894 3142 5946 ιιι,
3176 5882 3233 5955 7)
3258 5925 3272 5945 ,
3298 5851 3421 5955 pcr-
