3934 6328
470 407 573 463 815

472 521 554 571 vla
609 514 716 569 sint
767 511 814 563 ei
868 507 1026 561 corda
1075 503 1425 558 credentium.
1479 499 1594 566 Ipse
1649 493 1731 548 est
1772 493 1911 546 enim
1969 490 2056 551 qui

476 604 718 661 ascendit
758 613 920 668 super
958 609 1203 650 occasum
1240 612 1252 646 :
1284 592 1394 644 sive
1419 591 1540 657 quia
1569 601 1673 640 non
1710 598 1832 638 eum
1863 586 2061 648 excipit

474 713 606 754 nova
650 695 755 748 vita
805 706 863 745 sc
893 689 956 741 ad
1001 701 1120 740 cum
1151 681 1540 744 converteutis,
1574 677 1674 731 nisi
1713 685 1861 729 vetus
1919 672 2062 726 occi-

474 790 610 843 derit
638 786 759 838 huic
807 780 1003 835 sarculo
1059 772 1448 833 renuntiantis;
1499 769 1612 822 sive
1655 767 1774 836 quia
1820 757 2061 816 ascendit

472 896 636 951 super
681 889 952 936 occasum,
1002 885 1123 924 cum
1172 863 1499 934 resurgendo
1549 859 1672 913 vicit
1706 855 1945 924 corporis
1974 867 2064 907 ca-

472 945 616 1028 sum.
651 968 897 1021 Dominus
939 962 1070 1014 enim
1095 973 1275 1010 nomen
1305 963 1377 1008 est
1405 954 1469 1006 ei.
1511 948 1662 1015 Quod
1691 947 1764 1000 illi
1792 945 1836 998 si
1867 955 2064 1012 cogno-

476 1062 722 1122 vissent,
775 1067 1042 1122 nunquam
1101 1048 1378 1103 Dominum
1431 1041 1615 1112 gloria:
1676 1033 2065 1093 cruciﬁxisscnt

516 1153 534 1206 Ι
563 1151 682 1205 Cor.
710 1164 771 1214 ιι,
800 1145 895 1214 8).

551 1246 607 1298 6'.
641 1239 905 1295 Exsultate
931 1236 982 1288 in
1002 1229 1268 1300 conspectu
1297 1228 1425 1296 ejus.
1447 1223 1492 1285 0
1517 1237 1610 1278 vos
1632 1221 1830 1289 quibus
1861 1217 2059 1271 dictum

480 1345 582 1397 est,
605 1333 813 1387 Cantate
837 1328 965 1391 Deo,
997 1324 1196 1396 psallite
1221 1319 1411 1373 nomini
1457 1317 1596 1386 ejus,
1624 1315 1716 1366 iter
1737 1313 1888 1384 facite
1912 1311 1957 1362 ei
1981 1309 2069 1381 qui

479 1419 703 1479 ascendit
739 1436 888 1489 super
923 1429 1176 1479 occasum,
1225 1412 1386 1465 etiam
1433 1407 1678 1461 exsultate
1721 1405 1776 1456 in
1801 1406 2068 1470 conspectu

481 1519 588 1588 ejus
609 1532 629 1569 :
657 1512 806 1584 quasi
837 1510 1014 1564 tristes
1036 1549 1051 1573 ,
1082 1519 1297 1573 semper
1323 1510 1498 1555 autctn
1529 1496 1822 1567 gaudentes
1843 1494 1861 1562 (
1879 1491 1922 1546 ll
1947 1490 2064 1545 Cor.

480 1581 556 1671 vt,
592 1581 746 1673 10b
772 1603 906 1656 Dum
935 1597 1077 1653 enim
1119 1593 1293 1651 facitis
1332 1592 1434 1645 iter
1460 1590 1507 1643 ei
1533 1630 1548 1652 ,
1595 1588 1722 1641 dum
1756 1581 2070 1652 prmparatis

462 1669 584 1766 ~qua
613 1669 788 1748 veniat
812 1731 829 1756 ,
877 1698 1168 1758 gentesque
1198 1681 1488 1753 possideat,
1521 1675 1686 1730 multa
1711 1671 1918 1744 passuri
1944 1669 2072 1725 estis

485 1761 538 1840 in
567 1791 856 1853 conspectu
882 1778 1157 1834 hominum
1185 1773 1364 1828 tristia
1417 1785 1432 1822 :
1499 1768 1594 1824 sed
1623 1781 1719 1819 vos
1765 1779 1871 1819 non
1899 1761 2071 1816 solum

477 1877 649 1931 nolite
677 1873 927 1934 deiicere,
954 1867 1052 1924 sed
1069 1868 1228 1922 etiam
1246 1862 1540 1924 exsultatc;
1565 1873 1674 1912 non
1704 1858 1757 1910 in
1785 1859 2073 1920 conspectu

489 1961 892 2032 hominum,sed
921 1961 973 2015 in
993 1965 1285 2026 conspectu
1308 1952 1425 2008 Dei.
1442 1950 1550 2019 Spe
1574 1948 1884 2018 gaudentes,
1900 1944 1951 1997 in
1977 1941 2074 1996 tri-

491 2057 758 2112 bulatione
786 2055 1073 2108 tolerantes
1109 2050 1283 2120 (Rom.
1312 2061 1384 2101 xu
1411 2085 1428 2110 ,
1463 2041 1573 2113 19.).
1596 2039 1859 2094 Exsultate
1883 2037 1934 2091 in
1957 2052 2077 2089 con-

479 2157 660 2218 spectu
693 2147 822 2214 ejus.
853 2143 940 2198 ιιιι-
973 2141 1116 2197 enim
1155 2139 1244 2208 qui
1269 2152 1364 2191 vos
1390 2139 1442 2190 in
1470 2141 1755 2200 conspectu
1805 2129 2074 2183 hominum

493 2241 743 2302 turbant,
774 2235 1132 2290 Turbalntutur
1177 2248 1208 2283 a
1233 2229 1361 2298 facie
1390 2229 1520 2299 ejus,
1548 2225 1706 2296 patris
1739 2223 2079 2293 orphanorum

489 2339 536 2383 et
579 2327 772 2398 jttdicis
817 2324 1101 2378 viduarum.
1141 2320 1419 2374 Desolatos
1464 2316 1605 2371 enim
1643 2321 1846 2384 putant,
1890 2327 1918 2364 a
1958 2311 2079 2380 qui-

495 2421 592 2473 bus
611 2420 923 2488 plerumque
947 2414 1122 2485 gladio
1147 2412 1291 2467 verbi
1321 2410 1433 2474 Dei,
1459 2417 1513 2463 et
1540 2416 1785 2477 parentes
1805 2420 1834 2458 a
1857 2403 1998 2466 (iliis,
2029 2410 2082 2457 ct

489 2508 668 2562 mariti
711 2508 779 2562 ab
817 2504 1070 2560 uxoribus
1117 2509 1431 2572 separantur
1455 2498 1678 2569 (Matth.
1709 2512 1765 2559 ιι,
1795 2496 1863 2549 54
1886 2536 1901 2560 ,
1929 2493 2035 2561 '55)
2063 2510 2078 2547 :

495 2597 590 2650 sed
659 2596 856 2649 habent
915 2591 1334 2648 consolationem
1384 2587 1620 2643 destituti
1681 2597 1840 2652 atque
1883 2583 2081 2637 viduati

495 2687 651 2755 patris
696 2685 1036 2755 orphanorum
1075 2690 1122 2736 et
1155 2680 1350 2752 judicis
1396 2679 1696 2740 viduarum;
1729 2675 1926 2730 habent
1968 2674 2086 2743 ejus

494 2777 912 2831 censolaliOnem
961 2773 1052 2842 qui
1103 2772 1152 2827 ei
1204 2771 1407 2834 dicunt,
1439 2762 1691 2833 Quoniam
1717 2776 1858 2836 pater
1883 2782 2021 2818 meus
2040 2773 2084 2816 et

494 2878 654 2921 mater
673 2882 784 2919 mea
822 2863 1186 2934 dereliqurrunt
1219 2876 1298 2913 me
1319 2872 1339 2922 ,'
1360 2857 1605 2912 Dominus
1627 2865 1794 2909 autem
1811 2853 2086 2923 assumpsit

496 2975 576 3012 me
603 2959 620 3026 (
649 2955 790 3009 Psal.
813 2968 946 3009 xxvi
974 2994 987 3018 ,
1022 2952 1120 3019 10)
1154 2969 1167 3002 :
1195 2959 1252 3005 et
1277 2950 1366 3018 qui
1389 2955 1733 3026 speraverant
1757 2946 1808 2998 in
1838 2944 2082 3010 Domino,

505 3025 855 3118 persistentes
908 3047 960 3098 in
1011 3043 1338 3096 orationibus
1387 3049 1544 3092 nocte
1589 3025 1659 3091 ac.
1697 3036 1784 3090 die
1830 3034 1894 3101 (Ι
1945 3033 2079 3088 Tim.

494 3155 550 3203 tv,
577 3139 611 3193 5
633 3138 687 3207 );
740 3152 770 3189 a
815 3135 968 3202 cujus
1020 3133 1153 3187 faeie
1180 3131 1250 3184 illi
1284 3128 1639 3184 turbabuntur
1661 3166 1676 3192 ,
1707 3140 1828 3207 cum
1856 3125 2086 3180 viderint

497 3197 558 3284 se
597 3197 730 3281 nihil
776 3197 1065 3296 prolicere,
1105 3216 1356 3292 quoniam
1387 3227 1530 3272 totus
1558 3197 1788 3271 mundus
1814 3225 1935 3287 post
1962 3229 2083 3270 eum

493 3317 630 3371 abiit
657 3317 675 3384 (
699 3315 855 3369 Joan.
884 3313 1126 3377 XII,19).

581 3410 634 3462 7.
659 3406 812 3480 [rem
850 3403 932 3478 7.]
963 3403 1093 3458 Nam
1117 3402 1187 3457 de
1211 3400 1295 3454 bis
1319 3397 1572 3469 orphanis
1599 3406 1653 3452 et
1682 3395 1856 3451 viduis
1881 3438 1895 3462 ,
1921 3395 1976 3450 id
2004 3403 2089 3450 est

500 3499 617 3568 spei
644 3497 916 3552 surcularis
945 3494 1200 3550 societate
1224 3492 1512 3554 destitutis,
1539 3488 1798 3544 Dominus
1821 3488 1923 3546 sibi
1950 3497 2088 3542 tem-

502 3594 644 3662 plum
672 3589 896 3645 fabricat
921 3606 936 3642 :
974 3588 1043 3659 de
1066 3602 1174 3655 quo
1201 3592 1593 3654 consequenter
1609 3582 1746 3645 dicit
1768 3624 1782 3646 ,
1819 3580 2084 3648 Dominus,

502 3685 557 3736 in
585 3683 694 3734 loco
725 3691 900 3734 sancto
941 3694 1056 3732 suo.
1088 3676 1216 3745 Quis
1248 3676 1390 3731 enim
1433 3674 1504 3728 sit
1534 3676 1680 3727 locus
1705 3671 1824 3741 ejus
1858 3670 2084 3740 aperuit,

502 3787 624 3826 cum
644 3772 737 3834 ait,
769 3769 906 3823 Deus
929 3769 1017 3838 qui
1039 3768 1320 3841 inhabitare
1340 3766 1461 3836 facit
1487 3764 1634 3817 unius
1659 3761 1796 3815 modi
1826 3762 1879 3814 in
1903 3762 2084 3815 domo:

505 3865 782 3918 unanimes
805 3904 822 3926 ,
853 3877 1016 3916 unum
1063 3861 1355 3914 sentientes
1383 3874 1397 3909 :
1425 3857 1526 3911 iste
1570 3865 1653 3910 est
1689 3855 1840 3909 locus
1875 3863 2089 3908 sanctus

505 3953 736 4008 Domini.
763 3951 898 4007 Cum
924 3951 1070 4006 enim
1115 3949 1378 4011 dixisset,
1410 3945 1659 3999 Dominus
1700 3945 1754 3998 in
1783 3945 1892 3997 loco
1915 3952 2088 3997 sancto

507 4061 598 4098 suo
625 4061 644 4100 :
675 4053 924 4112 tanquam
953 4041 1352 4111 requireremus
1380 4038 1431 4092 in
1479 4054 1587 4108 quo
1637 4039 1778 4101 loco,
1833 4052 1952 4090 cum
1996 4037 2084 4090 ille

507 4137 702 4208 ubique
725 4136 796 4190 sit
815 4144 978 4199 totus,
1003 4143 1060 4188 et
1081 4131 1260 4186 nullus
1279 4135 1402 4185 cum
1429 4130 1699 4185 contineat
1723 4129 2082 4197 corporalium

506 4227 801 4299 spatiorum
834 4225 1004 4286 locus,
1053 4223 1193 4276 illico
1216 4221 1482 4289 subjecit;
1526 4235 1594 4274 ne
1619 4225 1924 4288 quaeramus
1966 4232 2087 4271 cum

506 4322 707 4388 absque
747 4317 939 4381 nobis;
990 4313 1084 4369 sed
1136 4312 1313 4382 potius
1351 4312 1506 4365 unius
1551 4311 1688 4365 modi
1714 4310 2011 4362 habitantes
2039 4311 2090 4360 in

507 4411 656 4462 domo
673 4419 694 4472 ',
723 4421 1023 4461 mereamur
1040 4415 1101 4458 ut
1146 4402 1388 4457 habitare
1427 4402 1588 4456 etiam
1624 4401 1738 4469 ipse
1763 4399 2008 4468 dignetur
2037 4398 2089 4452 in

511 4499 684 4552 nobis.
726 4498 831 4552 lste
854 4505 936 4550 est
982 4496 1133 4549 locus
1158 4503 1375 4548 sanctus
1403 4490 1633 4556 Domini,
1654 4502 1818 4559 "quem
1850 4489 2091 4558 plerique

510 4591 752 4645 homines
779 4597 1042 4658 quierunt,
1083 4596 1141 4638 ut
1164 4585 1391 4638 habeant
1422 4582 1512 4636 ubi
1558 4589 1778 4636 orantes
1804 4581 2090 4635 exaudian-

511 4693 613 4736 tur.
657 4681 774 4735 Sint
814 4679 912 4747 ipsi
940 4693 1070 4746 ergo
1113 4674 1256 4744 quod
1282 4682 1560 4743 quierunt;
1589 4669 1644 4726 et
1683 4687 1805 4740 qua:
1830 4672 2010 4725 dicunt
2040 4672 2089 4724 in

508 4771 756 4824 cordibus
781 4769 910 4828 suis,
945 4768 995 4820 id
1034 4775 1118 4820 est
1154 4766 1205 4818 in
1248 4764 1438 4817 talibus
1464 4763 1728 4816 cubilibus
1754 4762 1866 4813 suis
1886 4802 1902 4826 ,
1930 4776 2084 4815 com-

513 4868 810 4929 pungantur
856 4856 1042 4927 (Psal.
1084 4871 1155 4921 tv,
1183 4853 1288 4926 5),
1342 4853 1640 4915 habitantes
1679 4854 1834 4904 unius
1863 4852 1996 4902 modi
2037 4853 2090 4906 in

511 4953 682 5008 domo.
723 4962 781 5003 ut
822 4964 852 5002 a
896 4948 1122 5001 Domino
1159 4959 1365 5014 magna:
1387 4942 1578 4996 domus
1618 4941 1996 5004 inhabitcutnr,
2037 4953 2094 4994 et

514 5042 648 5109 apud
668 5042 873 5109 seipsos
901 5038 1277 5093 cxaudiantur.
1304 5035 1397 5089 Est
1421 5036 1562 5088 enim
1584 5035 1776 5087 domus
1799 5049 2007 5102 magna,
2041 5036 2090 5087 in

510 5151 611 5201 qua
647 5148 750 5185 non
799 5133 971 5185 solum
1015 5143 1175 5182 aurea
1204 5141 1329 5182 vasa
1375 5134 1501 5178 sunt
1541 5134 1595 5179 et
1619 5135 1890 5192 argentea,
1920 5125 2012 5178 sed
2039 5135 2094 5177 ct

513 5227 680 5293 lignea
727 5233 780 5276 et
812 5223 1026 5285 ﬁctilia;
1055 5229 1112 5275 et
1149 5217 1253 5274 alia
1278 5217 1488 5286 quidem
1542 5227 1668 5269 sunt
1713 5217 1763 5268 in
1808 5215 2089 5280 honorem,

511 5319 610 5370 alia
658 5319 708 5368 iu
734 5313 1115 5393 contumeliam
1146 5328 1160 5364 :
1187 5313 1236 5365 si
1269 5310 1356 5378 qui
1395 5317 1571 5360 autem
1596 5308 1965 5360 mandaverint
2002 5322 2090 5359 sc-

513 5406 768 5476 tnetipsos
795 5420 824 5456 a
851 5403 990 5455 vasis
1031 5399 1365 5454 Contumelia:
1390 5398 1409 5465 (
1431 5397 1467 5448 ll
1499 5395 1634 5450 Tim.
1668 5411 1732 5458 tt,
1759 5396 1869 5462 ευ)
1895 5435 1909 5460 ,
1939 5408 2092 5453 (ιίιιιι

511 5496 658 5546 unius
684 5493 820 5545 modi
843 5493 896 5543 in
921 5493 1088 5555 domo,
1120 5499 1176 5543 ct
1218 5488 1365 5542 locus
1418 5497 1635 5539 sanctus
1674 5487 1902 5539 Domini.
1955 5488 2086 5541 Nam

512 5587 649 5642 sicut
679 5585 730 5637 in
773 5597 962 5651 magna
999 5581 1429 5640 hominisdomo,
1483 5596 1588 5631 non
1629 5579 1680 5630 in
1723 5580 2094 5650 qualicumque

497 5680 632 5731 loco
654 5677 772 5746 ejus
801 5675 1086 5743 requiescit
1125 5673 1375 5726 dominus
1403 5677 1541 5739 ejus,
1574 5670 1666 5724 sed
1699 5671 1748 5724 in
1780 5671 1957 5740 aliquo
1985 5675 2090 5726 uti-

509 5783 615 5836 quc
641 5767 927 5823 secretiore
952 5774 1004 5820 ct
1029 5763 1369 5819 honoratiore
1419 5765 1533 5816 loco
1567 5783 1577 5818 :
1621 5763 1702 5818 sic
1733 5762 1870 5816 Deus
1917 5775 2021 5816 non
2047 5761 2103 5817 in

1705 384 1763 438 S.
1807 384 1844 434 Α
1855 374 2168 436 UGUSTINI
2209 371 2506 430 EPISCOPI

3643 371 3740 427 816

2167 489 2412 544 omnibus
2451 489 2539 558 qui
2588 490 2640 542 in
2680 488 2844 542 domo
2882 488 2999 556 ejus
3025 496 3148 542 sunt
3188 487 3389 542 habitat
3427 487 3580 557 (non
3605 487 3745 541 enim

2168 580 2368 633 habitat
2397 580 2448 634 in
2477 581 2619 632 vasis
2652 580 2987 634 contumelia:
3009 580 3026 648 )
3051 595 3066 644 ;
3094 578 3187 632 sed
3214 579 3358 633 locus
3384 590 3601 632 sanctus
3631 578 3748 647 ejus

2166 679 2289 723 sunt
2314 684 2448 740 quos
2476 671 2702 723 habitare
2729 671 2852 738 facit
2879 672 3027 723 unius
3055 670 3214 733 modi,
3235 669 3319 723 vel
3348 669 3498 722 unius
3519 670 3678 721 moris
3698 669 3750 721 in

2166 760 2336 815 domo.
2361 761 2461 827 Qui
2494 762 2634 814 enim
2661 769 2832 832 τρόποι
2857 775 3029 830 graece
3065 759 3312 816 dicuntur
3333 801 3348 825 ,
3396 769 3450 812 et
3495 758 3640 812 medi
3658 799 3673 819 ,
3701 769 3754 812 et

2170 868 2351 907 mores
2383 853 2550 907 latine
2578 853 2912 922 interpretari
2943 861 3182 920 possunt.
3209 851 3318 905 Nec
3344 852 3500 904 habet
3519 865 3750 920 grazcus,

2170 943 2270 1006 Qui
2295 943 2578 997 inhabitare
2603 945 2759 1012 facit;
2787 942 2882 996 sed
2916 953 3141 1004 tantum,
3169 942 3392 995 habitare
3414 940 3557 1009 facit.
3586 939 3757 992 Domi-

2167 1049 2264 1085 nus
2293 1047 2420 1102 crgo
2454 1034 2505 1085 in
2542 1034 2652 1085 loco
2674 1042 2847 1086 sancto
2884 1048 2993 1085 suo.
3026 1031 3155 1099 Quis
3191 1041 3271 1085 est
3297 1031 3446 1084 locus
3472 1030 3612 1085 iste?
3637 1030 3756 1098 Ipse

2169 1125 2309 1177 Deus
2348 1139 2469 1178 eum
2517 1124 2617 1176 sibi
2648 1122 2793 1178 facit.
2827 1125 2966 1178 l‘eus
3001 1124 3141 1176 enim
3190 1122 3415 1175 habitare
3450 1121 3579 1191 facit
3604 1122 3756 1175 unius

2167 1215 2322 1266 moris
2347 1213 2402 1265 in
2426 1214 2575 1266 domo
2598 1228 2616 1265 :
2645 1213 2730 1268 hic
2748 1223 2829 1268 est
2855 1213 3001 1266 locus
3025 1224 3238 1267 sanctus
3258 1212 3394 1280 ejus.

2239 1306 2294 1358 8.
2321 1304 2472 1377 Quod
2499 1314 2674 1358 autem
2703 1305 2868 1375 gratia
2895 1320 2988 1359 sua
3015 1304 3117 1358 sibi
3134 1303 3361 1359 mdilicet
3380 1305 3518 1358 hunc
3543 1302 3753 1368 locum,

2171 1407 2276 1447 non
2324 1393 2526 1447 meritis
2566 1407 2751 1448 eorum
2804 1393 3224 1463 praecedentibus
3274 1408 3342 1447 ex
3390 1393 3587 1462 quibus
3634 1408 3756 1446 eum

2170 1483 2419 1547 aediﬁcat,
2467 1483 2590 1538 vide
2618 1484 2743 1552 quid
2769 1492 3060 1553 sequatur:
3112 1483 3215 1550 Qui
3255 1484 3422 1538 educit
3448 1485 3758 1551 compeditos

2171 1575 2227 1628 in
2251 1575 2566 1644 fortitudine.
2593 1574 2764 1629 Solvit
2784 1576 2926 1629 enim
2953 1573 3130 1644 gravia
3158 1575 3364 1628 vincula
3393 1583 3756 1644 peccatorum,

2173 1667 2365 1734 quibus
2411 1654 2836 1735 impediebantur
2861 1681 2928 1720 ne
2965 1665 3297 1719 ambularent
3337 1667 3388 1718 in
3428 1666 3510 1718 via
3556 1679 3759 1734 prece.

2175 1767 2385 1826 ptorum
2417 1775 2430 1810 :
2460 1759 2637 1812 educit
2663 1769 2840 1812 autem
2880 1772 2974 1813 eos
3013 1758 3067 1812 in
3101 1756 3426 1823 fortitudine,
3456 1772 3616 1826 quam
3634 1767 3759 1810 ante

2174 1849 2293 1916 ejus
2319 1848 2541 1918 gratiam
2577 1864 2683 1902 non
2711 1848 2994 1902 habebant.
3024 1847 3272 1902 Similiter
3299 1848 3635 1901 amaricantes
3673 1846 3760 1918 qui

2178 1940 2405 1994 habitant
2462 1940 2516 1993 in
2554 1941 2794 2008 sepulcris
2835 1939 2933 1993 :id
2978 1948 3059 1993 est
3107 1939 3250 1992 omni
3295 1938 3454 1993 modo
3497 1948 3757 2002 mortuos,

2177 2040 2464 2099 occupatos
2494 2032 2546 2083 in
2569 2029 2818 2097 operibus
2841 2030 3084 2084 mortuis.
3111 2029 3172 2082 lli
3194 2029 3334 2083 enim
3363 2029 3657 2082 amaricant
3675 2043 3758 2082 re-

2179 2121 2419 2176 sistendo
2462 2121 2682 2191 iustitia:
2710 2139 2724 2175 :
2755 2135 2875 2174 nam
2908 2120 2982 2174 illi
3012 2119 3294 2189 compediti
3326 2120 3543 2174 lorsitan
3570 2120 3754 2173 volunt

2181 2214 2454 2267 ambulare
2477 2255 2490 2276 ,
2522 2228 2618 2267 nec
2646 2215 2896 2282 possunt;
2930 2214 3201 2281 Deumque
3239 2219 3519 2280 precantur
3549 2221 3609 2283 ut
3633 2227 3757 2281 pes-

2183 2305 2306 2370 sint,
2365 2305 2520 2372 eique
2568 2304 2750 2358 dicunt
2781 2322 2794 2358 :
2824 2303 2900 2356 De
2953 2301 3321 2357 necessitatibus
3354 2303 3477 2356 meis
3515 2303 3642 2357 educ
3682 2319 3762 2356 me

2184 2397 2203 2466 (
2227 2397 2368 2452 Psal.
2396 2411 2546 2461 XXIV,
2577 2397 2640 2449 l7
2663 2397 2703 2466 ).
2746 2397 2789 2449 A
2815 2409 2922 2464 quo
2947 2394 3175 2449 exauditi
3201 2435 3216 2459 ,
3245 2395 3438 2464 gratias
3479 2403 3644 2463 agunt
3688 2393 3761 2446 di-

2183 2498 2372 2544 centes
2404 2507 2418 2543 :
2446 2488 2719 2558 Disrupisti
2758 2487 2958 2541 vincula
2999 2497 3109 2539 mea
3135 2484 3318 2555 (Psal.
3356 2499 3477 2551 csv,
3518 2485 3642 2554 l7).
3670 2482 3760 2538 Isti

2184 2589 2360 2635 autem
2426 2581 2775 2634 amaricantcs
2817 2579 2905 2648 qui
2943 2577 3181 2632 habitant
3213 2576 3265 2630 in
3297 2575 3573 2645 sepulcris,
3605 2575 3655 2627 in
3693 2589 3760 2628 eo

2185 2687 2380 2741 genere
2409 2679 2532 2724 sunt
2572 2670 2712 2738 quod
2754 2671 2861 2723 alio
2897 2669 3017 2723 loco
3043 2667 3316 2736 Scriptura
3361 2664 3642 2734 signiﬁcat,
3681 2664 3762 2717 dio

2186 2779 2313 2819 cens
2359 2783 2374 2816 :
2415 2766 2453 2815 Α
2500 2771 2714 2824 mortuo,
2764 2762 2899 2814 velut
2949 2760 3034 2830 qui
3083 2776 3182 2813 non
3223 2759 3306 2823 sit,
3352 2757 3480 2832 petit
3516 2755 3762 2824 confessio

2187 2858 2206 2926 (
2235 2856 2391 2910 Eccli.
2414 2870 2543 2920 xvn,
2569 2853 2639 2907 26
2662 2854 2702 2918 ).
2733 2851 2888 2908 Unde
2904 2861 2985 2906 est
3011 2850 3138 2904 illud
3172 2866 3188 2903 :
3220 2849 3462 2902 Peccator
3479 2863 3594 2900 cum
3616 2863 3761 2899 sate-

2187 2948 2253 2999 rit
2282 2948 2333 2997 in
2363 2945 2670 3014 profundum
2696 2933 2964 3001 malorum,
2987 2939 3255 2993 contemnit
3282 2937 3460 3010 (Prov.
3491 2951 3650 3001 XVIII,
3684 2937 3759 3004 3).

2188 3037 2343 3090 Aliud
2373 3046 2453 3090 cst
2477 3035 2615 3088 enim
2649 3034 2968 3096 desiderare,
2985 3030 3125 3085 aliud
3145 3028 3760 3100 oppugnarejustitiam;

2187 3127 2330 3181 aliud
2353 3143 2382 3181 a
2414 3127 2552 3180 malo
2573 3126 2781 3181 liberari
2829 3125 2986 3189 velle,
3013 3121 3155 3177 aliud
3183 3122 3320 3176 mala
3347 3136 3440 3175 sua
3481 3120 3769 3175 defendere

2189 3221 2365 3290 potius
2415 3235 2572 3291 quam
2625 3218 2819 3272 fateri:
2854 3227 3104 3286 utrosque
3146 3225 3320 3269 tamen
3360 3212 3529 3279 gratia
3561 3210 3765 3265 Christi

2189 3310 2353 3364 educit
2377 3311 2430 3364 in
2456 3309 2768 3382 fortitudine.
2796 3309 2912 3375 Qua
2937 3304 3263 3369 fortitudine,
3297 3305 3396 3359 nisi
3428 3314 3485 3356 ut
3510 3302 3768 3356 adversus

2190 3409 2465 3470 peccatum
2511 3413 2682 3469 usque
2710 3398 2774 3452 ad
2804 3396 3113 3464 sanguinem
3160 3394 3401 3449 certent?
3430 3393 3513 3447 Ex
3544 3402 3768 3460 utroque

2190 3493 2332 3548 enim
2371 3505 2566 3563 genere
2609 3491 2742 3543 fiunt
2787 3489 2963 3544 idonei
3014 3488 3204 3557 quibus
3232 3495 3574 3540 construatur
3622 3485 3769 3538 locus

2191 3591 2406 3638 sanctus
2441 3583 2588 3652 ejus;
2621 3581 2726 3635 illis
2765 3580 2988 3644 solutis,
3035 3580 3137 3633 illis
3163 3577 3513 3632 resuscitatis.
3543 3577 3677 3643 Quia
3715 3582 3772 3630 et

2194 3673 2455 3739 mulieris,
2483 3687 2638 3741 quam
2669 3671 3206 3739 alligaveratsatanas
3235 3683 3332 3738 per
3355 3667 3541 3722 decem
3568 3675 3626 3720 et
3651 3677 3771 3720 octo

2193 3780 2384 3829 annos,
2410 3764 2646 3834 jubendo
2667 3763 2874 3816 vincula
2897 3758 3056 3816 solvit
3079 3759 3242 3829 (Luc.
3272 3774 3386 3823 xm,
3420 3757 3553 3829 16);
3585 3769 3646 3811 et
3675 3757 3773 3810 Lao

2192 3856 2300 3911 zari
2327 3865 2551 3910 mortem
2582 3852 2859 3908 clamando
2886 3851 3156 3920 superavit
3186 3848 3376 3920 (Joan.
3403 3864 3475 3912 st,
3517 3849 3608 3911 45,
3647 3849 3768 3914 ιι).

2192 3947 2291 4013 Qui
2323 3945 2448 4000 fecit
2467 3945 2584 3999 haec
2611 3945 2663 3997 in
2683 3942 3019 4012 corporibus,
3050 3948 3224 4009 potest
3251 3939 3569 3991 mirabiliora
3595 3939 3773 3991 facere

2194 4040 2247 4093 in
2292 4037 2528 4093 moribus
2553 4077 2568 4103 ,
2597 4045 2651 4090 et
2677 4035 2850 4090 facere
2894 4035 3044 4086 unius
3068 4032 3204 4084 modi
3233 4030 3457 4083 habitare
3497 4030 3550 4083 in
3580 4029 3730 4082 domo
3754 4045 3772 4080 :

2195 4133 2406 4185 educens‘
2434 4129 2741 4199 compeditos
2763 4127 2818 4180 in
2844 4124 3174 4197 fortitudine;
3189 4122 3416 4176 similiter
3440 4121 3774 4173 misericordes

2194 4223 2280 4292 qui
2299 4222 2523 4274 habitant
2548 4221 2600 4272 in
2623 4217 2887 4288 sepulcris.

2267 4311 2319 4365 9.
2354 4308 2505 4380 [vers.
2547 4306 2728 4378 8-10.]
2759 4305 2893 4360 Deus
2915 4320 3030 4358 cum
3063 4302 3364 4374 egredereris
3388 4317 3561 4354 coram
3590 4302 3774 4369 popqu

2195 4412 2300 4456 tuo.
2329 4401 2585 4470 Egressus
2611 4398 2726 4466 ejus
2754 4395 3088 4463 intelligitur,
3118 4408 3237 4446 cum
3263 4403 3486 4459 apparet
3523 4392 3575 4444 in
3596 4391 3774 4459 operi-

2196 4493 2296 4546 bus
2315 4491 2444 4545 suis.
2468 4490 2703 4559 Apparet
2722 4494 2900 4541 autem
2922 4498 3024 4538 non
3050 4481 3318 4547 omnibus,
3350 4480 3440 4535 sed
3463 4480 3542 4533 cis
3569 4481 3658 4548 qui
3685 4497 3776 4532 uo-

2197 4591 2387 4646 vcmnt
2443 4594 2604 4648 opera
2655 4578 2772 4646 ejus
2807 4574 3018 4630 intueri.
3041 4573 3157 4630 Non
3180 4573 3324 4626 enim
3359 4585 3421 4623 ea
3448 4585 3590 4624 nunc
3615 4585 3772 4638 Opera

2197 4673 2471 4741 diemqua:
2489 4668 2773 4737 conspicua
2799 4674 2924 4721 sunt
2941 4663 3444 4727 omnibus,cmlum,
3473 4671 3529 4714 et
3557 4670 3772 4724 terram,

2200 4772 2255 4817 et
2277 4778 2447 4832 mare,
2474 4769 2528 4814 et
2558 4759 2803 4812 universa
2834 4771 2952 4824 quae
2979 4755 3029 4808 in
3059 4755 3138 4808 cis
3157 4763 3314 4816 sunt;
3343 4752 3433 4805 sed
3465 4766 3628 4819 opera
3657 4752 3773 4819 qui-

2200 4854 2298 4906 bus
2316 4852 2481 4905 educit
2507 4849 2810 4918 compeditos
2829 4848 2881 4900 in
2908 4844 3219 4916 fortitudine,
3237 4843 3465 4897 similiter
3483 4843 3770 4895 amarican-

2202 4958 2273 5000 tes
2297 4923 2383 5012 qui
2431 4943 2656 4996 habitant
2695 4942 2748 4994 in
2783 4939 3061 5008 sepulcris,
3087 4947 3137 4990 et
3162 4936 3286 5007 facit
3322 4950 3414 4989 eos
3455 4935 3604 4988 unius
3627 4935 3775 4987 moris

2203 5040 2431 5091 habitare
2455 5037 2505 5087 in
2534 5035 2704 5086 domo.
2725 5032 2814 5087 Sic
2841 5030 3113 5100 egreditur
3139 5043 3320 5082 coram
3353 5026 3550 5096 populo
3578 5041 3701 5090 suo,
3727 5027 3774 5079 id

2201 5140 2280 5184 est
2297 5143 2474 5183 coram
2497 5127 2575 5179 eis
2596 5125 2681 5193 qui
2706 5124 2858 5176 istam
2884 5121 3102 5191 gratiam
3126 5118 3240 5188 ejus
3269 5119 3584 5184 intelligunt.
3615 5116 3776 5171 Deoi~

2201 5237 2304 5290 que
2321 5220 2559 5287 sequitur
2588 5233 2601 5267 :
2629 5213 2754 5269 Cum
2780 5214 3017 5283 transires
3044 5213 3096 5264 in
3121 5212 3314 5263 deserto
3339 5250 3353 5273 ,
3375 5217 3507 5261 terra
3533 5217 3668 5260 mota
3683 5217 3772 5260 est.

2207 5313 2482 5364 Desertum
2517 5315 2666 5360 erant
2703 5303 2924 5368 Gentes,
2959 5317 3078 5371 qua:
3107 5301 3417 5371 ignorabant
3443 5299 3607 5353 Deum
3643 5317 3658 5353 :
3688 5299 3776 5352 de-

2202 5415 2402 5456 sertum
2425 5407 2560 5461 crat,
2592 5396 2679 5449 ubi
2716 5396 2800 5448 lex
2829 5394 2967 5447 nulla
2992 5393 3058 5446 ab
3087 5393 3203 5461 ipso
3231 5391 3338 5444 Deo
3363 5391 3482 5444 data
3509 5400 3658 5452 erat;
3691 5372 3773 5443 ubi

2203 5493 2329 5545 nulli
2369 5489 2646 5557 l‘ropheue
2670 5486 3067 5548 habitaverant,
3104 5484 3484 5551 Dominumque
3508 5497 3628 5536 esse
3657 5497 3777 5535 ven-

2203 5596 2378 5637 turum
2430 5580 2802 5649 prtcdixerant.
2853 5578 2978 5631 Cum
3023 5589 3151 5644 ergo
3187 5561 3424 5629 transires
3468 5577 3521 5626 in
3563 5574 3772 5638 deserto,

2201 5689 2322 5728 cum
2346 5665 2715 5741 prmdiearcris
2740 5669 2792 5722 in
2818 5667 3080 5722 Gentibus
3098 5707 3115 5731 ,
3144 5675 3276 5719 terra
3302 5676 3436 5718 mota
3462 5675 3554 5728 est,
3585 5664 3772 5718 terreni

2207 5765 2448 5820 homines
2470 5761 2534 5816 ad
2577 5749 2730 5814 {idem
2761 5760 2975 5815 excitati
3001 5765 3154 5813 sunt.
3183 5755 3292 5813 Sed
3327 5757 3465 5812 unde
3493 5746 3634 5812 mota
3663 5755 3774 5810 est?
