3934 6314
223 370 324 427 817

225 485 422 540 Etenim
445 482 558 538 coeli
577 480 952 537 distillaverunt
977 498 1010 534 a
1030 482 1159 552 facie
1187 481 1300 534 Dei.
1329 479 1570 535 Forsitan
1594 478 1679 532 ltic
1706 478 1802 531 ali-

221 577 338 646 quis
381 575 584 629 recolat
609 573 738 628 illud
787 583 997 641 tempus
1021 615 1037 637 ,
1068 571 1280 641 quando
1332 573 1382 624 in
1413 570 1630 624 deserto
1659 569 1803 623 Deus

222 668 477 722 transibat
497 682 677 722 coram
699 666 894 736 pepulo
921 680 1040 729 suo,
1071 679 1249 718 coram
1279 663 1402 717 liliis
1429 662 1612 719 Israel.
1643 660 1732 715 die
1754 660 1805 714 in

220 763 468 815 columna
493 760 852 825 nubis,nocte
895 758 947 812 in
1001 756 1208 826 fulgore
1259 755 1396 825 ignis
1446 753 1652 824 (Exod.
1689 767 1804 816 stu,

217 853 280 907 2i
306 854 361 921 );
395 861 448 905 et
491 851 592 906 ltoe
623 865 743 905 esse
784 849 982 904 sentiat
1031 847 1172 914 quod
1198 848 1310 901 cali
1354 845 1724 900 distillaverunt
1773 861 1808 896 a

220 943 346 1012 facie
377 941 492 1004 Dei,
523 941 772 1010 quoniam
800 953 992 992 manna
1021 938 1152 1006 pluit
1187 937 1382 1006 popqu
1407 951 1508 990 suo
1540 933 1652 1004 (Id.
1685 950 1800 996 xvt.

219 1037 285 1089 I5
310 1037 366 1103 );
401 1034 503 1088 hoc
525 1033 685 1088 etiam
713 1046 833 1088 esse
863 1029 1007 1100 quod
1045 1031 1304 1100 sequitur,
1340 1029 1489 1083 Mons
1520 1028 1648 1083 Sina
1670 1044 1702 1080 a
1726 1027 1807 1095 [a-

217 1125 289 1178 cie
318 1124 412 1178 Dei
439 1123 624 1187 Israel,
677 1123 900 1194 pluviam
938 1122 1274 1175 uoluntariam
1307 1135 1596 1190 segregans,
1644 1117 1801 1182 Deus,

217 1218 497 1270 Ita'rcditati
515 1225 636 1280 tute,
663 1215 788 1285 quia
805 1215 857 1268 in
887 1224 1068 1268 monte
1094 1213 1220 1268 Sina
1249 1213 1457 1267 locutus
1481 1222 1564 1266 est
1587 1212 1724 1266 Deus
1736 1209 1802 1264 ad

218 1306 452 1379 Moysen,
483 1306 694 1375 quando
721 1305 913 1375 Legem
943 1304 1088 1359 dedit
1115 1303 1240 1373 (Id.
1285 1317 1398 1368 χιιι,
1441 1302 1528 1367 18,
1555 1301 1673 1372 etc.)
1703 1318 1718 1354 :
1749 1310 1805 1354 ut

217 1413 408 1452 manna
438 1397 509 1450 sit
558 1395 732 1465 pluvia
780 1395 1076 1450 voluntaria
1113 1411 1273 1464 quam
1321 1392 1617 1464 segregavit
1663 1392 1805 1447 Deus

217 1487 514 1543 Increditati
555 1503 702 1554 suae,
741 1488 791 1542 id
831 1497 915 1542 est
961 1487 1156 1557 popqu
1185 1501 1314 1541 suo:
1350 1487 1473 1556 quia
1515 1486 1660 1540 solos
1709 1500 1804 1540 eos

215 1580 282 1634 ita
308 1581 484 1648 pavit,
541 1593 648 1634 non
694 1590 750 1633 et
783 1590 1006 1635 caeteras
1048 1580 1248 1634 Gentes
1289 1597 1302 1633 :
1344 1589 1402 1632 ut
1444 1579 1584 1648 quod
1609 1579 1804 1633 deinde

213 1671 358 1737 dicit,
393 1670 460 1724 Et
481 1671 738 1739 inﬁrmata
772 1682 866 1734 est,
896 1671 1007 1739 ipsa
1035 1671 1319 1725 ltmreditas
1346 1671 1610 1724 inﬁrmata
1641 1673 1799 1725 intel-

217 1761 441 1830 ligatur;
471 1760 720 1830 quoniam
751 1771 1168 1824 murmurantes,
1201 1777 1392 1814 manna
1417 1763 1673 1816 fastidiosi
1701 1779 1791 1816 rc—

215 1862 492 1921 spueruut,
519 1852 888 1907 desiderantes
919 1869 1070 1907 escas
1111 1855 1373 1918 carnium,
1410 1866 1463 1909 et
1498 1871 1559 1908 ea
1609 1856 1803 1924 quibus

216 1942 354 1996 vesci
381 1943 432 1995 in
463 1941 698 2014 Egypto
729 1952 1116 1998 consueverant
1143 1945 1159 2012 (
1189 1943 1348 1995 Nunt.
1380 1959 1450 2005 χι,
1479 1945 1532 2008 5,
1576 1944 1664 2012 6).
1691 1946 1799 2001 Sed

214 2035 267 2089 in
292 2034 376 2089 bis
401 2035 580 2090 verbis
619 2037 662 2090 si
696 2037 994 2104 proprietas
1024 2036 1389 2088 tantummodo
1431 2035 1621 2089 littera:
1646 2076 1662 2101 ,
1693 2052 1799 2091 uou

217 2129 504 2198 spirit'ualis
556 2127 910 2197 requirendus
955 2138 1037 2182 est
1092 2128 1432 2189 intellectus,
1481 2138 1692 2197 oportet
1745 2140 1803 2183 ut

217 2221 526 2276 ostendatur
564 2221 856 2276 secundum
907 2222 1284 2291 proprietatem
1325 2222 1679 2288 corporalem,
1712 2222 1799 2290 qui

215 2325 337 2369 tunc
362 2314 672 2384 compediti,
717 2315 912 2382 quique
941 2313 1099 2367 etiam
1146 2313 1443 2368 habitantes
1473 2314 1526 2367 in
1545 2314 1802 2382 sepulcris

211 2404 382 2459 educti
409 2415 536 2458 sunt
584 2406 636 2458 in
660 2405 985 2459 fortitudine.
1013 2404 1214 2458 Deinde
1238 2404 1281 2457 si
1311 2404 1402 2459 ille
1437 2405 1684 2473 populus,
1713 2406 1800 2460 illa

211 2493 414 2549 scilicet
441 2494 725 2548 bmreditas
746 2496 864 2558 Dei,
891 2494 1104 2549 fastidio
1135 2511 1332 2548 manna
1364 2511 1627 2563 respuens
1654 2497 1804 2550 infir-

213 2595 346 2639 mata
375 2594 479 2649 est,
526 2603 630 2639 non
659 2586 839 2640 debuit
867 2586 1040 2656 sequi,
1071 2584 1150 2638 Tu
1183 2603 1295 2639 vero
1341 2587 1593 2655 ρετίαὶαὲ
1637 2603 1748 2641 eam
1781 2603 1796 2653 ;

211 2677 323 2741 sed,
355 2676 434 2732 Tu
463 2692 587 2730 vero
616 2678 920 2747 percussisn
949 2694 1086 2731 eam.
1121 2678 1228 2731 Deo
1257 2679 1450 2747 quippe
1475 2677 1679 2733 olfetiso
1709 2693 1802 2748 per

211 2765 294 2820 illa
321 2783 593 2822 murmura
614 2778 774 2837 atque
805 2767 1045 2829 fastidia,
1079 2770 1264 2838 ingens
1305 2769 1455 2838 plaga
1490 2778 1670 2823 secuta
1719 2777 1803 2825 est

211 2853 410 2927 (llud.
432 2856 557 2928 35).
589 2858 868 2917 Postremo
910 2859 984 2912 illi
1016 2875 1201 2912 omnes
1247 2860 1299 2914 iu
1345 2874 1530 2913 eremo
1562 2869 1804 2913 conster-

211 2950 315 3003 nati
364 2958 522 3010 sunt.
553 2966 654 3005 nec
683 2952 958 3020 quisquam
989 2967 1175 3005 eorum
1196 2993 1212 3017 ,
1251 2962 1445 3020 praeter
1483 2951 1616 3006 duos
1643 2994 1659 3018 ,
1694 2962 1803 3008 ter-

211 3052 320 3092 ram
350 3041 545 3094 meruit
592 3041 956 3108 promissionis
996 3031 1192 3095 intrare
1236 3039 1359 3113 (Id.
1407 3057 1517 3104 xw,
1547 3042 1639 3108 ‘29,
1669 3042 1797 3110 50).

211 3127 520 3198 Quanquam
549 3129 756 3184 etiamsi
796 3129 1002 3184 dicatur
1033 3130 1085 3183 in
1137 3129 1258 3183 ﬁliis
1282 3146 1470 3184 eorum
1519 3130 1802 3188 haereditas

213 3214 296 3270 illa
353 3218 606 3288 perfecta,
631 3234 729 3273 nos
763 3234 980 3274 sensum
1006 3219 1336 3288 spiritualem
1358 3220 1576 3275 liberius
1619 3231 1801 3276 tenere

212 3307 488 3366 debemus.
531 3312 719 3366 Omnia
767 3313 962 3380 quippe
1015 3312 1101 3364 illa
1143 3311 1194 3365 in
1225 3313 1392 3381 ﬁgura
1420 3314 1802 3382 contingebant

213 3400 265 3456 in
313 3403 459 3471 illis(
487 3403 540 3473 (I
580 3401 699 3458 Cor.
752 3419 808 3466 χ,
845 3405 904 3458 11
935 3403 987 3472 );
1045 3403 1214 3458 donec
1253 3405 1514 3473 aspir-aret
1564 3403 1702 3470 dies,
1745 3414 1801 3460 et

213 3502 614 3548 removerentur
643 3493 843 3547 umbra:
869 3493 1037 3563 (Cant.
1071 3509 1146 3559 ιι,
1180 3492 1286 3564 l7).

281 3582 372 3636 10.
402 3583 621 3652 Aperiat
666 3583 845 3652 itaque
875 3584 1025 3637 nobis
1055 3579 1676 3653 pulsantibus'Dmuiuus
1702 3604 1714 3649 ;
1747 3595 1802 3640 et

213 3673 587 3744 mysteriorqu
616 3675 767 3743 ejus,
811 3684 1063 3743 quantum
1109 3676 1225 3743 ipse
1265 3675 1550 3745 dignatur,
1595 3689 1798 3731 secreta

216 3765 763 3833 paudantur.‘Etcnim
791 3775 848 3820 ut
872 3777 1011 3821 terra
1039 3776 1186 3821 mota
1209 3778 1351 3822 esset
1378 3769 1443 3822 ad
1472 3770 1649 3835 Iidem,
1678 3786 1798 3825 cum

216 3856 269 3912 in
294 3857 564 3914 desertum
593 3858 843 3914 Gentium
872 3860 1120 3914 transiret
1159 3861 1504 3930 Evangelium
1525 3904 1538 3926 ,
1571 3866 1681 3917 coeli
1719 3867 1802 3917 di—

213 3951 523 4005 stillavcrunt
553 3968 585 4004 a
613 3953 744 4021 facie
765 3951 876 4005 Dei.
901 3951 964 4006 Hi
984 3962 1116 4007 sunt
1139 3953 1283 4019 cmli,
1305 3955 1590 4024 dequibus
1621 3957 1671 4010 in
1695 3958 1799 4011 alio

218 4041 418 4108 psalmo
444 4041 653 4096 canitur
685 4061 698 4095 :
729 4042 853 4098 ϐωιὶ
894 4053 1132 4096 enarrant
1174 4043 1390 4112 gloriam
1432 4044 1550 4098 Dei.
1596 4047 1669 4101 De
1717 4047 1801 4101 Itis

215 4135 407 4206 quippe
445 4136 603 4204 paulo
632 4144 751 4205 post
776 4134 846 4190 ibi
875 4136 1106 4190 dicitur:
1140 4136 1261 4190 Non
1301 4149 1417 4191 sunt
1461 4139 1671 4205 loquela:
1709 4157 1799 4193 nc-

215 4242 310 4294 gue
338 4243 593 4282 sermones
612 4268 627 4290 ,
673 4244 884 4297 quorum
910 4245 1011 4280 non
1039 4228 1312 4281 audiantur
1335 4244 1476 4282 voces
1503 4246 1676 4283 corum
1704 4247 1725 4284 :
1747 4231 1803 4284 in

217 4334 410 4372 omnem
432 4328 614 4372 terram
639 4321 759 4373 exiit
781 4335 935 4374 sonus
957 4337 1166 4386 eorum,
1192 4330 1240 4374 et
1267 4321 1321 4374 in
1351 4323 1475 4390 ﬁnes
1499 4323 1632 4376 orbis
1655 4334 1805 4377 terrm

217 4409 360 4462 serba
383 4426 556 4463 eorum
584 4410 603 4479 (
614 4409 910 4476 Ρια1.,.ινιιι
934 4451 949 4475 ,
979 4410 1120 4480 2-5).
1160 4411 1268 4466 Nec
1296 4421 1474 4465 tamen
1505 4412 1620 4466 istis
1650 4413 1800 4467 cmlis

215 4509 358 4554 tanta
385 4502 554 4570 gloria
588 4499 864 4555 tribuenda
890 4511 992 4566 est,
1023 4511 1271 4572 tanquam
1293 4502 1360 4556 ab
1381 4502 1683 4556 hominibus
1713 4504 1799 4557 illa

218 4595 381 4661 gratia
414 4593 618 4647 venerit
646 4592 698 4646 in
723 4591 992 4648 desertum
1016 4592 1290 4658 Gentium,
1315 4602 1374 4646 ut
1402 4601 1540 4646 terra
1563 4608 1803 4647 movere-

216 4693 300 4737 tur
334 4683 402 4737 ad
432 4683 612 4737 ﬁdem.
645 4683 760 4738 Non
787 4683 928 4737 enim
951 4683 1071 4738 εαξΙί
1101 4700 1131 4738 a
1157 4683 1349 4753 seipsis
1371 4683 1799 4750 distillavcrunt;

218 4775 308 4830 sed
332 4792 365 4830 a
395 4776 526 4846 facie
565 4775 692 4841 Dei,
734 4775 914 4844 utique
953 4774 1298 4828 inhabitantis
1319 4789 1414 4828 eos
1435 4815 1449 4837 ,
1476 4782 1533 4829 et
1559 4775 1800 4829 facientis

215 4881 308 4922 eos
335 4867 634 4936 inhabitare
659 4867 815 4921 unius
838 4866 998 4920 moris
1030 4866 1079 4918 in
1106 4867 1282 4918 domo.
1310 4865 1410 4932 lpsi
1432 4874 1556 4919 sunt
1580 4866 1721 4920 enim
1749 4877 1814 4920 et'

219 4971 465 5031 montes,
511 4959 579 5014 de
621 4959 812 5029 quibus
839 4958 1032 5011 dicitur
1077 4975 1089 5009 :
1133 4955 1313 5009 Levavi
1355 4955 1530 5009 oculos
1573 4972 1707 5010 meos
1733 4957 1802 5008 ad

220 5036 406 5105 mortles
432 5093 447 5115 ,
492 5051 626 5104 unde
669 5053 826 5103 veniet
869 5049 1117 5102 auxilium
1143 5049 1284 5101 milii.
1320 5048 1384 5100 Et
1416 5059 1592 5102 tamen
1639 5063 1706 5100 ne
1747 5049 1798 5101 in

221 5139 521 5195 hominibus
537 5157 684 5208 spem
707 5141 947 5209 posuisse
968 5140 1251 5200 videretur,
1272 5139 1526 5192 continuo
1541 5138 1797 5206 subjecit:

223 5233 477 5284 Auxilium
502 5248 664 5284 meum
689 5249 720 5282 a
749 5229 962 5282 Domino
987 5270 1001 5291 ,
1046 5230 1130 5297 qui
1174 5229 1290 5298 fecit
1318 5229 1497 5285 caelum
1533 5238 1579 5281 et
1617 5238 1801 5280 trrram

224 5323 387 5390 (Psal.
415 5340 537 5385 cxx,
564 5325 614 5386 1,
641 5323 722 5392 ‘2).
751 5323 810 5375 Ei
846 5324 1042 5390 quippe
1070 5321 1174 5374 alio
1206 5322 1322 5373 loco
1347 5319 1540 5373 dicitur
1561 5360 1574 5380 ,
1604 5319 1804 5372 Illumi-

224 5430 345 5468 unus
372 5426 426 5466 tu
455 5415 823 5467 admirabiliter
841 5455 855 5476 ,
886 5429 916 5464 a
939 5412 1184 5466 montibus
1207 5411 1406 5464 (uternis
1435 5409 1606 5477 (Psal.
1641 5426 1796 5485 txsv,

223 5505 274 5563 5)
308 5524 320 5557 :
348 5506 590 5573 quamvis
615 5521 646 5556 a
687 5505 954 5558 montibus
979 5504 1189 5556 mteruis
1216 5545 1229 5566 ,
1273 5501 1446 5554 tamen
1497 5501 1800 5555 illuminans

185 5662 189 5666 η
227 5603 296 5646 ιιι.
323 5595 410 5649 Sic
439 5604 491 5648 ct
520 5595 624 5659 bic,
651 5595 760 5646 caeli
789 5576 1196 5654 distillaverunt;
1224 5592 1313 5644 sed
1336 5633 1351 5656 ,
1383 5607 1412 5641 a
1436 5591 1565 5658 facie
1593 5589 1705 5642 Dci.
1739 5592 1802 5644 Et

226 5685 317 5751 ipsi
365 5689 508 5739 enim
553 5686 681 5738 salvi
722 5684 842 5738 facti
875 5693 998 5737 sunt
1027 5700 1122 5753 per
1148 5684 1303 5736 fidem
1328 5722 1340 5740 .
1371 5691 1425 5735 et
1471 5681 1570 5734 hoc
1602 5696 1704 5735 non
1731 5697 1797 5734 ex

225 5776 438 5844 Seipsis;
480 5775 572 5830 sed
624 5775 715 5830 Dei
759 5774 954 5828 donum
999 5785 1077 5829 est
1109 5793 1120 5828 :
1153 5790 1256 5827 non
1299 5789 1358 5826 ex
1400 5771 1683 5839 operibus.
1731 5787 1796 5824 ne

1279 363 1674 421 ENARRATIO
1708 362 1776 416 VIN
1817 363 2144 426 PSALMUM
2176 365 2381 422 LXVII.

3401 381 3508 438 818

1919 479 2057 534 forte
2095 484 2217 550 quis
2257 484 2554 545 extollatur.
2589 485 2754 554 Ipsius
2798 489 2938 542 enim
2969 505 3152 546 sumus
3196 494 3505 562 figmentum

1913 566 2130 638 (Ephes.
2162 587 2225 634 tt,
2274 573 2476 643 8-10),
2517 575 2602 644 qui
2643 577 2763 645 facit
2809 579 2957 632 unius
3001 583 3139 634 modi
3179 584 3407 640 habitare
3450 589 3505 641 in

1912 662 2082 715 domo.

1983 753 2071 808 11.
2103 751 2208 807 Sal
2229 754 2356 822 quid
2385 765 2466 808 est
2491 757 2630 824 quod
2671 761 2937 827 sequitur,
2969 759 3119 817 Mons
3155 764 3285 819 Sina
3309 785 3341 820 α
3368 767 3498 836 facie

1911 840 2006 894 Dei
2050 839 2254 907 Israel?
2298 847 2376 897 Au
2421 845 2841 904 subaudiendum
2893 860 3015 917 est,
3059 853 3330 911 distillavit
3375 875 3389 910 :
3439 869 3499 913 ut

1909 935 2051 1003 quod
2078 936 2284 990 vocavit
2314 938 2572 991 caelorum
2602 939 2815 994 nomine
2838 981 2853 1004 ,
2887 942 2987 995 hoc
3025 945 3251 1000 voluerit
3275 945 3494 1018 intelligi

1911 1027 2128 1082 nomine
2154 1028 2313 1081 etiam
2341 1031 2537 1084 montis
2564 1029 2690 1084 Sina
2715 1049 2729 1095 ;
2774 1034 2914 1087 sicut
2935 1034 3168 1090 diximus
3203 1053 3298 1092 eos
3322 1043 3503 1095 vocari

1909 1128 2152 1183 montes,
2181 1120 2269 1189 qui
2299 1123 2465 1174 vocati
2492 1131 2616 1175 sunt
2637 1124 2792 1178 caeli?
2816 1123 2925 1180 Nec
2965 1126 3018 1179 in
3058 1130 3162 1182 isto
3189 1144 3350 1185 sensu
3377 1145 3500 1185 mo-

1908 1224 2036 1264 vere
2061 1209 2216 1265 debet
2237 1210 2380 1281 quod
2408 1213 2500 1279 ait,
2528 1230 2696 1280 mons,-
2719 1232 2848 1282 non,
2879 1228 3108 1284 montes;
3136 1234 3257 1274 cum
3282 1222 3350 1277 ibi
3371 1222 3502 1278 dicti

1909 1302 2049 1364 sint,
2071 1303 2226 1366 coeli;
2255 1319 2359 1356 non
2383 1345 2396 1365 .
2432 1306 2627 1358 cretum
2661 1322 2674 1359 :
2705 1307 2826 1376 quia
2851 1319 2906 1364 et
2935 1310 2986 1362 in
3009 1310 3116 1364 alio
3149 1313 3354 1381 psalmo
3377 1330 3498 1369 cum

1907 1390 2108 1444 dictum
2138 1404 2300 1458 esset,
2330 1391 2454 1448 (Σωιί
2477 1407 2717 1448 enarrant
2744 1395 2957 1466 gloriam
2989 1399 3120 1464 Dei;
3157 1419 3308 1457 more
3349 1405 3497 1460 Scri-

1908 1493 2077 1551 ptum
2100 1484 2346 1538 eumdem
2386 1478 2600 1540 sensum
2629 1488 2804 1542 verbis
2840 1490 2960 1543 aliis
2987 1494 3278 1559 repetentis
3301 1495 3491 1549 subsc-

1907 1581 2130 1641 quenter
2160 1574 2360 1629 dictum
2384 1585 2470 1630 est
2505 1595 2519 1630 :
2547 1576 2612 1630 Et
2640 1594 2794 1649 opera
2824 1595 3063 1634 manuum
3089 1582 3200 1651 ejus
3227 1585 3496 1639 annuntiat

1907 1663 2298 1729 ﬁrmamentum.
2331 1665 2483 1719 Prius
2507 1666 2660 1733 dixit,
2688 1669 2830 1732 corli;
2864 1686 2968 1722 non
2988 1671 3204 1735 cmlum;
3235 1681 3291 1726 et
3318 1684 3498 1730 tamen

1908 1763 2091 1822 postea
2120 1770 2248 1819 non,
2277 1756 2646 1819 ﬁrmamenta;
2675 1759 2767 1813 sed
2790 1801 2804 1823 ,
2833 1758 3250 1816 ﬁrmamentum.
3292 1763 3497 1819 Vocavit

1906 1848 2049 1900 enim
2083 1845 2218 1901 Deus
2241 1849 2614 1916 ﬁrmamentum
2634 1891 2649 1914 ,
2675 1850 2859 1904 calum
2897 1850 3047 1922 (Gen.
3076 1868 3124 1916 ι,
3150 1857 3235 1923 8),
3268 1855 3402 1910 sicut
3445 1858 3498 1909 in

1905 1935 2102 1993 Genesi
2128 1940 2383 2008 scriptum
2411 1949 2513 1994 est.
2538 1938 2612 1994 Ita
2637 1956 2767 2010 ergo
2800 1943 2924 1997 cmli
2949 1954 3003 1996 et
3027 1945 3220 2000 coelum
3247 1985 3264 2011 ,
3291 1957 3498 2002 montes

1905 2041 1960 2085 et
1985 2045 2139 2085 mons
2159 2070 2174 2094 ,
2206 2046 2313 2086 non
2355 2032 2495 2087 aliud
2516 2073 2532 2098 ,
2565 2033 2658 2088 sed
2698 2032 2804 2089 hoc
2832 2035 3002 2102 ipsum
3037 2053 3050 2090 :
3079 2037 3220 2091 sicut
3249 2038 3498 2093 Ecclesiae

1907 2125 2085 2177 multae
2107 2131 2158 2178 ct
2191 2139 2293 2178 una
2333 2123 2615 2191 Ecclesia,
2656 2140 2764 2180 non
2805 2127 2981 2191 aliud.
3023 2129 3117 2184 sed
3158 2129 3260 2185 hoc.
3301 2131 3493 2201 ipsum.

1905 2214 2014 2268 Cur
2037 2230 2165 2285 ergo
2189 2256 2203 2278 ,
2232 2233 2374 2270 mons
2402 2217 2530 2271 Sina
2566 2219 2653 2287 qui
2688 2220 2742 2272 in
2782 2221 3065 2274 servitutem
3104 2235 3308 2293 generat
3349 2224 3490 2297 (Gul.

1906 2321 1958 2361 Iv
1979 2349 1994 2372 ,
2017 2307 2110 2378 ‘24)
2132 2348 2148 2374 ,
2179 2309 2316 2363 sicut
2343 2309 2472 2363 dicit
2498 2309 2824 2379 Apostolus?
2853 2313 2932 2364 An
2961 2313 3097 2368 forte
3129 2314 3234 2369 Lex
3264 2315 3374 2384 ipsa
3409 2316 3494 2370 in-

1905 2398 2186 2468 telligeuda
2215 2408 2299 2454 est
2323 2401 2374 2453 iu
2403 2409 2582 2456 monte
2603 2400 2730 2456 Sina
2753 2442 2768 2466 ,
2794 2418 2952 2472 quam
2983 2404 3351 2460 distillaverunt
3381 2407 3510 2464 εωιὲ

1902 2505 1934 2541 a
1963 2490 2095 2558 [acie
2125 2488 2238 2554 Dei,
2263 2499 2318 2544 ut
2344 2500 2482 2547 terra
2506 2492 2838 2547 moveretur?
2864 2504 2919 2548 et
2949 2495 3061 2564 ipse
3085 2508 3165 2549 est
3191 2507 3346 2551 terrai
3375 2514 3494 2552 mo-

1906 2591 2008 2646 tus,
2039 2597 2161 2636 cum
2183 2584 2567 2638 conturbantur
2592 2583 2836 2640 homines
2859 2627 2875 2650 ,
2898 2588 3022 2655 quia
3049 2586 3243 2656 Legem
3269 2588 3494 2654 implere

1904 2687 2008 2724 non
2038 2673 2284 2742 possunt?
2309 2674 2463 2740 Quod
2487 2674 2531 2728 si
2551 2673 2626 2727 ita
2655 2684 2756 2736 est,
2785 2674 2901 2730 lucc
2928 2688 3010 2731 est
3032 2687 3086 2731 et
3109 2679 3280 2747 pluvia
3303 2681 3494 2735 volun-

1905 2764 2057 2829 taria,
2080 2764 2147 2818 de
2171 2779 2274 2835 qua
2303 2777 2692 2835 consequenter
2716 2766 2866 2833 dicit,
2894 2767 3128 2822 I’Iuviam
3157 2770 3494 2825 uoluntariam

1904 2874 2197 2928 segrcgans,
2228 2858 2382 2922 Deus,
2408 2859 2688 2915 Itazreditati
2719 2871 2820 2917 tua:
2835 2879 2853 2926 ;
2874 2866 2995 2932 quia
3022 2881 3127 2920 non
3151 2864 3274 2919 Iecit
3299 2865 3376 2920 sic
3401 2868 3493 2921 ulli

1903 2949 2067 3017 genti,
2090 2950 2352 3018 etjudieia
2378 2966 2471 3004 sua
2493 2967 2598 3006 non
2625 2952 2984 3007 manilestavit
3005 2954 3084 3008 eis
3101 2953 3271 3024 (Psal.
3288 2971 3491 3022 chvn,

1902 3039 2016 3109 20).
2037 3041 2344 3111 Segregavit
2362 3041 2538 3112 itaque
2565 3044 2793 3112 pluviam
2817 3045 2951 3099 bane
2971 3047 3322 3102 voluntariam
3352 3049 3493 3104 Deus

1905 3131 2197 3186 baareditati
2228 3149 2374 3198 suo,
2405 3135 2546 3203 quod
2577 3135 2771 3204 Legem
2798 3135 2964 3191 dedit.
2997 3136 3058 3190 Et
3084 3138 3342 3207 iit/inuata
3370 3151 3445 3193 est
3474 3157 3492 3194 :

1904 3224 1985 3277 vel
2028 3224 2138 3290 ipsa
2175 3225 2318 3289 Lex,
2352 3229 2433 3281 vel
2472 3228 2584 3296 ipsa
2631 3228 2934 3285 Imreditas.
2977 3230 3082 3285 Lex
3123 3231 3384 3286 inﬁrmata
3415 3234 3493 3291 sic

1903 3318 2071 3387 accipi
2103 3328 2296 3387 potest,
2323 3335 2390 3373 eo
2407 3319 2548 3389 quod
2578 3335 2683 3374 non
2716 3321 3062 3388 impleretur:
3092 3338 3196 3376 non
3217 3323 3354 3393 quod
3380 3325 3493 3392 ipsa

1905 3409 2110 3463 inﬁrma
2141 3411 2234 3473 sit,
2269 3411 2361 3464 sed
2389 3411 2527 3480 quod
2561 3411 2801 3465 inﬁrmos
2827 3411 2952 3465 facit
2977 3412 3228 3466 minando
3257 3429 3492 3482 poenam,

1903 3515 2004 3554 nec
2028 3500 2330 3569 adjuvando
2361 3517 2454 3570 per
2489 3503 2736 3571 gratiam.
2766 3501 2900 3555 Nam
2944 3511 2998 3557 et
3044 3504 3332 3571 Apostolus
3378 3505 3495 3573 ipso

1893 3593 2066 3648 verbo
2110 3609 2235 3648 usus
2262 3604 2372 3656 est,
2424 3595 2509 3648 ubi
2561 3595 2668 3660 ait,
2703 3594 2851 3659 Quod
2891 3597 3022 3650 enim
3050 3596 3358 3663 impossibile
3388 3608 3494 3650 crat

1903 3683 2056 3754 Legi,
2090 3687 2144 3737 in
2171 3701 2268 3753 quo
2307 3685 2661 3751 infirmabatur
2689 3703 2778 3753 per
2816 3703 3053 3752 carnem;
3083 3688 3382 3756 signiﬁcare
3410 3703 3496 3741 voc

1904 3775 2018 3828 lens
2053 3776 2175 3844 quia
2204 3791 2300 3846 per
2323 3775 2566 3844 spiritum
2607 3776 2857 3845 impletur
2891 3795 2905 3831 :
2933 3786 3108 3831 tamen
3155 3779 3320 3845 ipsam
3360 3779 3494 3834 dixit

1904 3864 2198 3930 inﬁrmari,
2230 3880 2348 3918 cum
2375 3866 2442 3918 ab
2479 3864 2701 3919 inﬁrmis
2731 3882 2836 3918 nou
2865 3867 3031 3934 possit
3059 3867 3286 3934 impleri.
3338 3868 3493 3922 Inﬁr-

1903 3965 2043 4010 mata
2075 3971 2202 4010 vero
2241 3957 2350 4026 ipsa
2383 3956 2696 4018 Iucreditas,
2728 3956 2778 4010 id
2817 3966 2899 4010 est
2925 3958 3037 4025 ipse
3079 3959 3303 4028 populus
3325 4000 3340 4025 ,
3369 3960 3492 4014 data

1904 4047 2006 4103 sibi
2037 4048 2198 4117 Lege,
2222 4049 2337 4102 sine
2366 4049 2468 4102 ulla
2491 4048 2834 4116 ambiguitate
2866 4049 3194 4119 intelligitur.
3226 4049 3334 4105 Lex
3361 4053 3494 4106 cnim

1904 4138 2198 4193 subintravit
2219 4180 2233 4202 ,
2262 4149 2316 4190 ut
2337 4137 2613 4191 abundaret
2640 4138 2896 4191 delictum.
2922 4138 3071 4206 Quod
3110 4149 3286 4194 autem
3317 4142 3496 4210 sequi-

1906 4236 2022 4289 tur,
2049 4226 2130 4281 Tu
2177 4244 2292 4280 vero
2320 4228 2572 4298 perfeciin
2600 4244 2711 4280 eam
2733 4268 2747 4286 ,
2776 4228 2841 4280 ad
2871 4228 3063 4298 Legem
3115 4229 3184 4283 ita
3233 4229 3490 4294 refertur,

1905 4319 2024 4387 quia
2051 4317 2341 4373 secundum
2369 4318 2496 4372 illud
2525 4317 2776 4386 perfecta,
2807 4320 2856 4372 id
2882 4329 2966 4372 est
2985 4321 3197 4389 impleta
3222 4331 3324 4385 est;
3351 4323 3493 4391 quod

1907 4407 2166 4472 Dominus
2191 4409 2244 4461 in
2277 4407 2563 4477 Evangelio
2588 4408 2713 4462 dicit
2743 4427 2755 4461 :
2788 4407 2909 4462 Non
2934 4411 3044 4463 veni
3071 4410 3254 4480 Legem
3283 4412 3491 4475 solvere,

1905 4499 1993 4552 sed
2017 4499 2225 4568 implere
2252 4497 2464 4566 (Matth.
2504 4514 2570 4560 ν,
2618 4499 2735 4569 1³7).
2779 4497 2932 4554 Unde
2975 4510 3030 4553 et
3075 4501 3361 4568 Apostolus
3403 4508 3492 4569 qui

1905 4589 2112 4644 dixerat
2140 4587 2335 4658 Legem
2368 4589 2685 4662 inﬁrmatam
2709 4602 2828 4644 esse
2851 4605 2945 4658 per
2965 4604 3201 4653 carnem,
3226 4591 3347 4659 quia
3367 4607 3494 4645 caro

1907 4696 2012 4734 non
2039 4681 2222 4749 implet
2249 4678 2390 4746 quod
2435 4694 2529 4748 per
2569 4679 2810 4747 spiritum
2848 4680 3131 4747 impletur,
3178 4680 3232 4736 id
3274 4689 3358 4735 est
3398 4695 3493 4748 per

1905 4773 2126 4841 gratiam
2157 4768 2508 4838 Spiritualetu;
2543 4769 2654 4837 ipse
2681 4769 2808 4823 item
2837 4769 2964 4823 dicit
2991 4787 3003 4821 :
3032 4769 3100 4825 Ut
3119 4769 3324 4839 justitia
3343 4769 3493 4841 Legis

1906 4861 2206 4930 impleretur
2227 4863 2279 4913 in
2309 4860 2472 4926 nobis,
2498 4862 2583 4932 qui
2605 4877 2704 4914 non
2728 4861 3007 4914 secundum
3037 4878 3237 4916 carnem
3265 4863 3494 4916 ambula-

1905 4968 2034 5014 ntus,
2058 4950 2147 5004 sed
2175 4946 2448 5003 secundum
2476 4952 2705 5019 spiritum
2737 4950 2912 5022 (Rom.
2942 4967 3051 5015 vut,
3086 4953 3137 5014 3,
3170 4953 3249 5021 1).
3281 4953 3390 5006 lloc
3410 4964 3493 5008 est

1905 5055 2031 5109 ergo
2056 5078 2074 5104 ,
2110 5039 2188 5092 Tu
2218 5055 2333 5092 vero
2359 5039 2610 5108 perfecisti
2635 5057 2777 5117 cam;
2808 5041 2928 5109 quia
2961 5024 3220 5109 plenitudo
3248 5041 3398 5111 Legi:
3419 5053 3493 5096 est

1905 5132 2125 5183 clior-itas
2169 5130 2278 5193 (Id.
2324 5145 2450 5193 χιιι,
2486 5130 2613 5198 10);
2645 5141 2698 5183 ct
2737 5131 2957 5183 cltaritas
2993 5128 3090 5182 Dei
3119 5130 3307 5196 diffusa
3333 5141 3403 5186 est
3438 5135 3490 5186 in

1905 5221 2144 5298 cordibus
2160 5220 2344 5281 nostris
2369 5262 2382 5281 ,
2407 5232 2511 5272 non
2541 5236 2636 5289 per
2665 5235 2761 5274 nos
2797 5221 2937 5288 ipsos
2957 5261 2970 5282 ,
2998 5219 3091 5274 sed
3121 5237 3212 5290 per
3240 5221 3490 5290 Spiritum

1904 5312 2240 5377 sanctumqui
2283 5312 2433 5364 datus
2473 5322 2542 5365 est
2588 5312 2728 5364 nobis
2755 5326 2774 5362 :
2806 5311 2904 5362 hoc
2931 5320 3041 5375 est,
3075 5311 3152 5364 Tu
3180 5328 3294 5365 vero
3323 5317 3490 5382 pcrfe-

1905 5405 2015 5457 ciin
2044 5420 2177 5467 eam,
2201 5405 2243 5456 si
2267 5402 2461 5472 Legem
2483 5401 2771 5470 perfecisse
2794 5389 3141 5470 intelligatur;
3165 5403 3208 5456 si
3232 5417 3359 5457 vero
3383 5403 3489 5456 Ine-

1908 5495 2183 5547 reditatom
2211 5531 2228 5555 ,
2271 5492 2473 5547 faeilior
2513 5503 2594 5544 est
2629 5491 2950 5545 intellectus.
2995 5491 3048 5545 Si
3087 5493 3228 5546 enim
3275 5504 3489 5561 propter

1907 5585 2007 5638 boc
2031 5586 2171 5636 dicta
2204 5593 2284 5634 est
2315 5576 2592 5652 limrcditas
2628 5570 2720 5634 Dei
2750 5582 3010 5650 inlirmata
3032 5621 3046 5646 ,
3081 5583 3130 5636 id
3155 5593 3236 5636 est
3266 5584 3488 5650 populus

1907 5678 1998 5730 Dei
2030 5677 2326 5728 inﬁrmatus
2351 5673 2470 5727 data
2498 5670 2656 5740 Lege,
2679 5671 2799 5740 quia
2833 5671 2937 5726 va
2958 5675 3250 5726 subintravit
3273 5687 3363 5738 ,.ut
3391 5675 3485 5724 al;-

1909 5768 2118 5820 uudaret
2149 5765 2385 5818 delictum
2409 5779 2429 5816 :
2448 5774 2575 5830 περ
2603 5775 2647 5820 et
2675 5765 2812 5836 quod
2837 5764 3095 5832 sequitur,
3134 5763 3205 5819 Tn
3231 5781 3339 5818 vero
3369 5780 3485 5832 per-
