  <div class='ocr_page' id='page_1' title='image "/cluster/home/n/w/nwhite01/storage/ocr_20150623/36/umn.319510024773307/419.png"; bbox 0 0 3934 6320; ppageno 0'>
   <div class='ocr_carea' id='block_1_1' title="bbox 458 394 563 448">
    <p class='ocr_par' dir='ltr' id='par_1_1' title="bbox 458 394 563 448">
     <span class='ocr_line' id='line_1_1' title="bbox 458 394 563 448; baseline -0.019 -1"><span class='ocrx_word' id='word_1_1' title='bbox 458 394 563 448; x_wconf 71' lang='lat'><strong>819</strong></span> 
     </span>
    </p>
   </div>
   <div class='ocr_carea' id='block_1_2' title="bbox 457 486 2042 574">
    <p class='ocr_par' dir='ltr' id='par_1_2' title="bbox 457 486 2042 574">
     <span class='ocr_line' id='line_1_2' title="bbox 457 486 2042 574; baseline -0.013 -14"><span class='ocrx_word' id='word_1_2' title='bbox 457 502 615 574; x_wconf 77' lang='lat' dir='ltr'><strong>fecisti</strong></span> <span class='ocrx_word' id='word_1_3' title='bbox 641 516 769 561; x_wconf 88' lang='lat' dir='ltr'><strong>eam.</strong></span> <span class='ocrx_word' id='word_1_4' title='bbox 801 516 868 556; x_wconf 88' lang='lat' dir='ltr'><strong>ex</strong></span> <span class='ocrx_word' id='word_1_5' title='bbox 898 500 989 556; x_wconf 89' lang='lat' dir='ltr'><strong>illo</strong></span> <span class='ocrx_word' id='word_1_6' title='bbox 1016 498 1323 567; x_wconf 77' lang='lat' dir='ltr'><strong>intelligitur</strong></span> <span class='ocrx_word' id='word_1_7' title='bbox 1350 494 1491 567; x_wconf 89' lang='lat' dir='ltr'><strong>quod</strong></span> <span class='ocrx_word' id='word_1_8' title='bbox 1516 495 1674 549; x_wconf 89' lang='lat' dir='ltr'><strong>etiam</strong></span> <span class='ocrx_word' id='word_1_9' title='bbox 1699 492 1754 546; x_wconf 87' lang='lat' dir='ltr'><strong>In</strong></span> <span class='ocrx_word' id='word_1_10' title='bbox 1786 486 2042 559; x_wconf 82' lang='lat' dir='ltr'><strong>Apostolo</strong></span> 
     </span>
    </p>
   </div>
   <div class='ocr_carea' id='block_1_3' title="bbox 455 578 2046 664">
    <p class='ocr_par' dir='ltr' id='par_1_3' title="bbox 455 578 2046 664">
     <span class='ocr_line' id='line_1_3' title="bbox 455 578 2046 664; baseline -0.013 -15"><span class='ocrx_word' id='word_1_11' title='bbox 455 594 716 664; x_wconf 82' lang='lat' dir='ltr'><strong>sequitur,</strong></span> <span class='ocrx_word' id='word_1_12' title='bbox 744 590 840 645; x_wconf 88' lang='lat' dir='ltr'><strong>Ubi</strong></span> <span class='ocrx_word' id='word_1_13' title='bbox 859 601 1026 643; x_wconf 86' lang='lat' dir='ltr'><strong>autem</strong></span> <span class='ocrx_word' id='word_1_14' title='bbox 1053 587 1322 642; x_wconf 80' lang='lat' dir='ltr'><strong>abundavit</strong></span> <span class='ocrx_word' id='word_1_15' title='bbox 1343 585 1600 648; x_wconf 85' lang='lat' dir='ltr'><strong>delictum,</strong></span> <span class='ocrx_word' id='word_1_16' title='bbox 1624 578 2046 648; x_wconf 75' lang='lat' dir='ltr'><strong>superabundavit</strong></span> 
     </span>
    </p>
   </div>
   <div class='ocr_carea' id='block_1_4' title="bbox 456 669 2044 756">
    <p class='ocr_par' dir='ltr' id='par_1_4' title="bbox 456 669 2044 756">
     <span class='ocr_line' id='line_1_4' title="bbox 456 669 2044 756; baseline -0.011 -17"><span class='ocrx_word' id='word_1_17' title='bbox 456 685 619 756; x_wconf 65' lang='lat' dir='ltr'><strong>gratia</strong></span> <span class='ocrx_word' id='word_1_18' title='bbox 635 686 811 753; x_wconf 75' lang='lat' dir='ltr'><strong>(llam.</strong></span> <span class='ocrx_word' id='word_1_19' title='bbox 828 699 876 744; x_wconf 74' lang='grc' dir='ltr'><strong>ι’,</strong></span> <span class='ocrx_word' id='word_1_20' title='bbox 898 682 952 745; x_wconf 81' lang='lat'><strong>5,</strong></span> <span class='ocrx_word' id='word_1_21' title='bbox 969 680 1060 749; x_wconf 73' lang='lat'><strong>20)</strong></span> <span class='ocrx_word' id='word_1_22' title='bbox 1072 719 1085 731; x_wconf 95' lang='lat'><strong>.</strong></span> <span class='ocrx_word' id='word_1_23' title='bbox 1103 679 1343 747; x_wconf 81' lang='lat' dir='ltr'><strong>Namque</strong></span> <span class='ocrx_word' id='word_1_24' title='bbox 1354 674 1656 731; x_wconf 90' lang='lat' dir='ltr'><strong>abundante</strong></span> <span class='ocrx_word' id='word_1_25' title='bbox 1668 671 1882 735; x_wconf 88' lang='lat' dir='ltr'><strong>delicto,</strong></span> <span class='ocrx_word' id='word_1_26' title='bbox 1901 669 2044 723; x_wconf 88' lang='lat' dir='ltr'><strong>mul-</strong></span> 
     </span>
    </p>
   </div>
   <div class='ocr_carea' id='block_1_5' title="bbox 457 761 2042 853">
    <p class='ocr_par' dir='ltr' id='par_1_5' title="bbox 457 761 2042 853">
     <span class='ocr_line' id='line_1_5' title="bbox 457 761 2042 853; baseline -0.009 -27"><span class='ocrx_word' id='word_1_27' title='bbox 457 775 705 844; x_wconf 74' lang='lat' dir='ltr'><strong>tiplicnttn</strong></span> <span class='ocrx_word' id='word_1_28' title='bbox 720 783 845 828; x_wconf 88' lang='lat' dir='ltr'><strong>sunt</strong></span> <span class='ocrx_word' id='word_1_29' title='bbox 859 771 1195 826; x_wconf 84' lang='lat' dir='ltr'><strong>inﬁrmitates</strong></span> <span class='ocrx_word' id='word_1_30' title='bbox 1212 761 1419 828; x_wconf 78' lang='lat' dir='ltr'><strong>earnm;</strong></span> <span class='ocrx_word' id='word_1_31' title='bbox 1440 773 1492 819; x_wconf 89' lang='lat' dir='ltr'><strong>et</strong></span> <span class='ocrx_word' id='word_1_32' title='bbox 1514 771 1692 852; x_wconf 86' lang='lat' dir='ltr'><strong>postea</strong></span> <span class='ocrx_word' id='word_1_33' title='bbox 1710 761 2042 853; x_wconf 65' lang='lat' dir='ltr'><strong>accelerave-</strong></span> 
     </span>
    </p>
   </div>
   <div class='ocr_carea' id='block_1_6' title="bbox 457 858 2044 935">
    <p class='ocr_par' dir='ltr' id='par_1_6' title="bbox 457 858 2044 935">
     <span class='ocr_line' id='line_1_6' title="bbox 457 858 2044 935; baseline -0.008 -13"><span class='ocrx_word' id='word_1_34' title='bbox 457 877 582 922; x_wconf 86' lang='lat' dir='ltr'><strong>runt</strong></span> <span class='ocrx_word' id='word_1_35' title='bbox 619 864 788 935; x_wconf 88' lang='lat' dir='ltr'><strong>(Psal.</strong></span> <span class='ocrx_word' id='word_1_36' title='bbox 834 881 902 919; x_wconf 89' lang='lat' dir='ltr'><strong>xv</strong></span> <span class='ocrx_word' id='word_1_37' title='bbox 921 907 936 929; x_wconf 93' lang='lat'><strong>,</strong></span> <span class='ocrx_word' id='word_1_38' title='bbox 965 862 1022 934; x_wconf 73' lang='grc'><strong>4)</strong></span> <span class='ocrx_word' id='word_1_39' title='bbox 1052 881 1065 916; x_wconf 94' lang='lat'>:</span> <span class='ocrx_word' id='word_1_40' title='bbox 1100 864 1219 933; x_wconf 89' lang='lat' dir='ltr'><strong>quia</strong></span> <span class='ocrx_word' id='word_1_41' title='bbox 1251 862 1649 931; x_wconf 79' lang='lat' dir='ltr'><strong>ingemuerunt.</strong></span> <span class='ocrx_word' id='word_1_42' title='bbox 1679 867 1733 912; x_wconf 89' lang='lat' dir='ltr'><strong>et</strong></span> <span class='ocrx_word' id='word_1_43' title='bbox 1763 858 2044 921; x_wconf 75' lang='lat' dir='ltr'><strong>invocave-</strong></span> 
     </span>
    </p>
   </div>
   <div class='ocr_carea' id='block_1_7' title="bbox 458 945 2046 1024">
    <p class='ocr_par' dir='ltr' id='par_1_7' title="bbox 458 945 2046 1024">
     <span class='ocr_line' id='line_1_7' title="bbox 458 945 2046 1024; baseline -0.009 -12"><span class='ocrx_word' id='word_1_44' title='bbox 458 967 604 1018; x_wconf 82' lang='lat' dir='ltr'><strong>runt,</strong></span> <span class='ocrx_word' id='word_1_45' title='bbox 637 965 695 1010; x_wconf 90' lang='lat' dir='ltr'><strong>ut</strong></span> <span class='ocrx_word' id='word_1_46' title='bbox 723 957 840 1024; x_wconf 92' lang='lat' dir='ltr'><strong>ipso</strong></span> <span class='ocrx_word' id='word_1_47' title='bbox 867 954 1152 1023; x_wconf 82' lang='lat' dir='ltr'><strong>adjuvante</strong></span> <span class='ocrx_word' id='word_1_48' title='bbox 1179 951 1491 1020; x_wconf 85' lang='lat' dir='ltr'><strong>impleretur</strong></span> <span class='ocrx_word' id='word_1_49' title='bbox 1514 947 1653 1018; x_wconf 84' lang='lat' dir='ltr'><strong>quod</strong></span> <span class='ocrx_word' id='word_1_50' title='bbox 1686 947 1802 1016; x_wconf 90' lang='lat' dir='ltr'><strong>ipso</strong></span> <span class='ocrx_word' id='word_1_51' title='bbox 1827 945 2046 1014; x_wconf 74' lang='lat' dir='ltr'><strong>iubente</strong></span> 
     </span>
    </p>
   </div>
   <div class='ocr_carea' id='block_1_8' title="bbox 460 1045 930 1113">
    <p class='ocr_par' dir='ltr' id='par_1_8' title="bbox 460 1045 930 1113">
     <span class='ocr_line' id='line_1_8' title="bbox 460 1045 930 1113; baseline -0.009 -14"><span class='ocrx_word' id='word_1_52' title='bbox 460 1060 569 1099; x_wconf 85' lang='lat' dir='ltr'><strong>non</strong></span> <span class='ocrx_word' id='word_1_53' title='bbox 594 1045 930 1113; x_wconf 89' lang='lat' dir='ltr'><strong>implebatur.</strong></span> 
     </span>
    </p>
   </div>
   <div class='ocr_carea' id='block_1_9' title="bbox 535 1127 2047 1198">
    <p class='ocr_par' dir='ltr' id='par_1_9' title="bbox 535 1127 2047 1198">
     <span class='ocr_line' id='line_1_9' title="bbox 535 1127 2047 1198; baseline -0.007 -8"><span class='ocrx_word' id='word_1_54' title='bbox 535 1137 624 1190; x_wconf 69' lang='grc' dir='ltr'><strong>η.</strong></span> <span class='ocrx_word' id='word_1_55' title='bbox 659 1136 753 1190; x_wconf 84' lang='lat' dir='ltr'><strong>Est</strong></span> <span class='ocrx_word' id='word_1_56' title='bbox 778 1137 829 1190; x_wconf 89' lang='lat' dir='ltr'><strong>in</strong></span> <span class='ocrx_word' id='word_1_57' title='bbox 861 1135 944 1190; x_wconf 85' lang='lat' dir='ltr'><strong>his</strong></span> <span class='ocrx_word' id='word_1_58' title='bbox 973 1134 1146 1189; x_wconf 82' lang='lat' dir='ltr'><strong>verbis</strong></span> <span class='ocrx_word' id='word_1_59' title='bbox 1173 1143 1225 1188; x_wconf 89' lang='lat' dir='ltr'><strong>et</strong></span> <span class='ocrx_word' id='word_1_60' title='bbox 1253 1133 1388 1186; x_wconf 86' lang='lat' dir='ltr'><strong>alius</strong></span> <span class='ocrx_word' id='word_1_61' title='bbox 1413 1145 1603 1186; x_wconf 82' lang='lat' dir='ltr'><strong>sensus</strong></span> <span class='ocrx_word' id='word_1_62' title='bbox 1623 1173 1637 1196; x_wconf 88' lang='lat'><strong>,</strong></span> <span class='ocrx_word' id='word_1_63' title='bbox 1666 1129 1754 1198; x_wconf 86' lang='lat' dir='ltr'><strong>qui</strong></span> <span class='ocrx_word' id='word_1_64' title='bbox 1796 1127 2047 1198; x_wconf 87' lang='lat' dir='ltr'><strong>probabi-</strong></span> 
     </span>
    </p>
   </div>
   <div class='ocr_carea' id='block_1_10' title="bbox 461 1218 2052 1291">
    <p class='ocr_par' dir='ltr' id='par_1_10' title="bbox 461 1218 2052 1291">
     <span class='ocr_line' id='line_1_10' title="bbox 461 1218 2052 1291; baseline -0.007 -11"><span class='ocrx_word' id='word_1_65' title='bbox 461 1227 564 1280; x_wconf 85' lang='lat' dir='ltr'><strong>liur</strong></span> <span class='ocrx_word' id='word_1_66' title='bbox 601 1227 731 1280; x_wconf 90' lang='lat' dir='ltr'><strong>mibi</strong></span> <span class='ocrx_word' id='word_1_67' title='bbox 759 1225 985 1281; x_wconf 88' lang='lat' dir='ltr'><strong>videtur.</strong></span> <span class='ocrx_word' id='word_1_68' title='bbox 1030 1224 1192 1279; x_wconf 77' lang='lat' dir='ltr'><strong>Multo</strong></span> <span class='ocrx_word' id='word_1_69' title='bbox 1223 1224 1364 1279; x_wconf 91' lang='lat' dir='ltr'><strong>enim</strong></span> <span class='ocrx_word' id='word_1_70' title='bbox 1400 1221 1778 1291; x_wconf 81' lang='lat' dir='ltr'><strong>congruentius</strong></span> <span class='ocrx_word' id='word_1_71' title='bbox 1804 1218 2052 1288; x_wconf 89' lang='lat' dir='ltr'><strong>intelligi-</strong></span> 
     </span>
    </p>
   </div>
   <div class='ocr_carea' id='block_1_11' title="bbox 462 1310 2049 1388">
    <p class='ocr_par' dir='ltr' id='par_1_11' title="bbox 462 1310 2049 1388">
     <span class='ocr_line' id='line_1_11' title="bbox 462 1310 2049 1388; baseline -0.004 -18"><span class='ocrx_word' id='word_1_72' title='bbox 462 1328 551 1372; x_wconf 87' lang='lat' dir='ltr'><strong>tur</strong></span> <span class='ocrx_word' id='word_1_73' title='bbox 578 1317 688 1385; x_wconf 89' lang='lat' dir='ltr'><strong>ipsa</strong></span> <span class='ocrx_word' id='word_1_74' title='bbox 715 1317 882 1388; x_wconf 89' lang='lat' dir='ltr'><strong>gratia</strong></span> <span class='ocrx_word' id='word_1_75' title='bbox 909 1316 1082 1384; x_wconf 77' lang='lat' dir='ltr'><strong>pluvia</strong></span> <span class='ocrx_word' id='word_1_76' title='bbox 1109 1314 1405 1371; x_wconf 81' lang='lat' dir='ltr'><strong>voluntaria</strong></span> <span class='ocrx_word' id='word_1_77' title='bbox 1427 1355 1442 1377; x_wconf 93' lang='lat'><strong>,</strong></span> <span class='ocrx_word' id='word_1_78' title='bbox 1482 1313 1605 1382; x_wconf 92' lang='lat' dir='ltr'><strong>quia</strong></span> <span class='ocrx_word' id='word_1_79' title='bbox 1645 1310 1804 1365; x_wconf 88' lang='lat' dir='ltr'><strong>nullis</strong></span> <span class='ocrx_word' id='word_1_80' title='bbox 1845 1324 2049 1380; x_wconf 70' lang='grc' dir='ltr'><strong>βιωθε-</strong></span> 
     </span>
    </p>
   </div>
   <div class='ocr_carea' id='block_1_12' title="bbox 460 1400 2052 1486">
    <p class='ocr_par' dir='ltr' id='par_1_12' title="bbox 460 1400 2052 1486">
     <span class='ocr_line' id='line_1_12' title="bbox 460 1400 2052 1486; baseline -0.005 -29"><span class='ocrx_word' id='word_1_81' title='bbox 460 1406 709 1460; x_wconf 87' lang='lat' dir='ltr'><strong>dentibus</strong></span> <span class='ocrx_word' id='word_1_82' title='bbox 731 1421 950 1475; x_wconf 86' lang='lat' dir='ltr'><strong>operum</strong></span> <span class='ocrx_word' id='word_1_83' title='bbox 984 1405 1186 1459; x_wconf 87' lang='lat' dir='ltr'><strong>meritis</strong></span> <span class='ocrx_word' id='word_1_84' title='bbox 1213 1403 1377 1486; x_wconf 77' lang='lat' dir='ltr'><strong>gratis</strong></span> <span class='ocrx_word' id='word_1_85' title='bbox 1397 1401 1572 1456; x_wconf 88' lang='lat' dir='ltr'><strong>datur.</strong></span> <span class='ocrx_word' id='word_1_86' title='bbox 1603 1400 1665 1455; x_wconf 87' lang='lat' dir='ltr'><strong>Si</strong></span> <span class='ocrx_word' id='word_1_87' title='bbox 1689 1400 1821 1454; x_wconf 87' lang='lat' dir='ltr'><strong>enim</strong></span> <span class='ocrx_word' id='word_1_88' title='bbox 1833 1400 2052 1470; x_wconf 59' lang='lat' dir='ltr'><strong>gratia;</strong></span> 
     </span>
    </p>
   </div>
   <div class='ocr_carea' id='block_1_13' title="bbox 459 1492 2053 1570">
    <p class='ocr_par' dir='ltr' id='par_1_13' title="bbox 459 1492 2053 1570">
     <span class='ocr_line' id='line_1_13' title="bbox 459 1492 2053 1570; baseline -0.005 -17"><span class='ocrx_word' id='word_1_89' title='bbox 459 1503 568 1570; x_wconf 75' lang='lat' dir='ltr'><strong>iam</strong></span> <span class='ocrx_word' id='word_1_90' title='bbox 596 1517 697 1554; x_wconf 86' lang='lat' dir='ltr'><strong>non</strong></span> <span class='ocrx_word' id='word_1_91' title='bbox 721 1517 786 1555; x_wconf 77' lang='lat' dir='ltr'><strong>ea:</strong></span> <span class='ocrx_word' id='word_1_92' title='bbox 809 1501 1042 1568; x_wconf 73' lang='lat' dir='ltr'><strong>operibus</strong></span> <span class='ocrx_word' id='word_1_93' title='bbox 1071 1515 1092 1553; x_wconf 81' lang='lat'><strong>.&#39;</strong></span> <span class='ocrx_word' id='word_1_94' title='bbox 1114 1498 1336 1566; x_wconf 79' lang='lat' dir='ltr'><strong>alioquin</strong></span> <span class='ocrx_word' id='word_1_95' title='bbox 1356 1497 1523 1568; x_wconf 81' lang='lat' dir='ltr'><strong>gratia</strong></span> <span class='ocrx_word' id='word_1_96' title='bbox 1543 1499 1650 1558; x_wconf 84' lang='lat' dir='ltr'><strong>iam</strong></span> <span class='ocrx_word' id='word_1_97' title='bbox 1669 1510 1770 1547; x_wconf 90' lang='lat' dir='ltr'><strong>non</strong></span> <span class='ocrx_word' id='word_1_98' title='bbox 1794 1503 1867 1548; x_wconf 87' lang='lat' dir='ltr'><strong>est</strong></span> <span class='ocrx_word' id='word_1_99' title='bbox 1887 1492 2053 1564; x_wconf 83' lang='lat' dir='ltr'><strong>gratia</strong></span> 
     </span>
    </p>
   </div>
   <div class='ocr_carea' id='block_1_14' title="bbox 464 1583 2053 1665">
    <p class='ocr_par' dir='ltr' id='par_1_14' title="bbox 464 1583 2053 1665">
     <span class='ocr_line' id='line_1_14' title="bbox 464 1583 2053 1665; baseline -0.007 -20"><span class='ocrx_word' id='word_1_100' title='bbox 464 1591 638 1665; x_wconf 81' lang='lat' dir='ltr'><strong>(llam.</strong></span> <span class='ocrx_word' id='word_1_101' title='bbox 682 1607 767 1654; x_wconf 77' lang='grc' dir='ltr'><strong><em>ιι,</em></strong></span> <span class='ocrx_word' id='word_1_102' title='bbox 814 1591 894 1661; x_wconf 85' lang='lat'><strong>6).</strong></span> <span class='ocrx_word' id='word_1_103' title='bbox 930 1589 1051 1643; x_wconf 80' lang='lat' dir='ltr'><strong>Non</strong></span> <span class='ocrx_word' id='word_1_104' title='bbox 1085 1591 1214 1642; x_wconf 86' lang='lat' dir='ltr'><strong>enim</strong></span> <span class='ocrx_word' id='word_1_105' title='bbox 1261 1589 1444 1658; x_wconf 86' lang='lat' dir='ltr'><strong>dignus</strong></span> <span class='ocrx_word' id='word_1_106' title='bbox 1472 1603 1616 1649; x_wconf 84' lang='lat' dir='ltr'><strong>sum,</strong></span> <span class='ocrx_word' id='word_1_107' title='bbox 1648 1584 1852 1654; x_wconf 83' lang='lat' dir='ltr'><strong>inquit,</strong></span> <span class='ocrx_word' id='word_1_108' title='bbox 1883 1583 2053 1636; x_wconf 71' lang='lat' dir='ltr'><strong>vocari</strong></span> 
     </span>
    </p>
   </div>
   <div class='ocr_carea' id='block_1_15' title="bbox 463 1673 2055 1751">
    <p class='ocr_par' dir='ltr' id='par_1_15' title="bbox 463 1673 2055 1751">
     <span class='ocr_line' id='line_1_15' title="bbox 463 1673 2055 1751; baseline -0.007 -15"><span class='ocrx_word' id='word_1_109' title='bbox 463 1682 753 1748; x_wconf 73' lang='lat' dir='ltr'><strong>apostolus,</strong></span> <span class='ocrx_word' id='word_1_110' title='bbox 784 1682 902 1751; x_wconf 83' lang='lat' dir='ltr'><strong>quia</strong></span> <span class='ocrx_word' id='word_1_111' title='bbox 942 1690 1228 1749; x_wconf 81' lang='lat' dir='ltr'><strong>persecutus</strong></span> <span class='ocrx_word' id='word_1_112' title='bbox 1264 1694 1377 1732; x_wconf 86' lang='lat' dir='ltr'><strong>sum</strong></span> <span class='ocrx_word' id='word_1_113' title='bbox 1426 1676 1699 1729; x_wconf 75' lang='lat' dir='ltr'><strong>Ecclesium</strong></span> <span class='ocrx_word' id='word_1_114' title='bbox 1729 1673 1820 1727; x_wconf 89' lang='lat' dir='ltr'><strong>Dei</strong></span> <span class='ocrx_word' id='word_1_115' title='bbox 1851 1673 2055 1742; x_wconf 84' lang='lat' dir='ltr'><strong>:gratia</strong></span> 
     </span>
    </p>
   </div>
   <div class='ocr_carea' id='block_1_16' title="bbox 468 1763 2056 1839">
    <p class='ocr_par' dir='ltr' id='par_1_16' title="bbox 468 1763 2056 1839">
     <span class='ocr_line' id='line_1_16' title="bbox 468 1763 2056 1839; baseline -0.004 -15"><span class='ocrx_word' id='word_1_116' title='bbox 468 1781 636 1824; x_wconf 89' lang='lat' dir='ltr'><strong>autem</strong></span> <span class='ocrx_word' id='word_1_117' title='bbox 666 1771 756 1824; x_wconf 88' lang='lat' dir='ltr'><strong>Dei</strong></span> <span class='ocrx_word' id='word_1_118' title='bbox 786 1787 894 1824; x_wconf 88' lang='lat' dir='ltr'><strong>sum</strong></span> <span class='ocrx_word' id='word_1_119' title='bbox 922 1770 976 1823; x_wconf 89' lang='lat' dir='ltr'><strong>id</strong></span> <span class='ocrx_word' id='word_1_120' title='bbox 1019 1771 1150 1839; x_wconf 82' lang='lat' dir='ltr'><strong>quod</strong></span> <span class='ocrx_word' id='word_1_121' title='bbox 1175 1785 1286 1821; x_wconf 86' lang='lat' dir='ltr'><strong>sum</strong></span> <span class='ocrx_word' id='word_1_122' title='bbox 1323 1767 1364 1838; x_wconf 94' lang='lat' dir='ltr'><strong>(l</strong></span> <span class='ocrx_word' id='word_1_123' title='bbox 1393 1766 1512 1820; x_wconf 80' lang='lat' dir='ltr'><strong>Cor.</strong></span> <span class='ocrx_word' id='word_1_124' title='bbox 1543 1781 1630 1826; x_wconf 80' lang='lat' dir='ltr'><strong>xv,</strong></span> <span class='ocrx_word' id='word_1_125' title='bbox 1658 1763 1692 1818; x_wconf 91' lang='lat'><strong>9</strong></span> <span class='ocrx_word' id='word_1_126' title='bbox 1713 1773 1760 1818; x_wconf 89' lang='lat' dir='ltr'><strong>et</strong></span> <span class='ocrx_word' id='word_1_127' title='bbox 1789 1764 1901 1834; x_wconf 83' lang='grc'><strong>10).</strong></span> <span class='ocrx_word' id='word_1_128' title='bbox 1931 1763 2056 1818; x_wconf 70' lang='lat' dir='ltr'><strong>Ilatc</strong></span> 
     </span>
    </p>
   </div>
   <div class='ocr_carea' id='block_1_17' title="bbox 467 1845 2055 1928">
    <p class='ocr_par' dir='ltr' id='par_1_17' title="bbox 467 1845 2055 1928">
     <span class='ocr_line' id='line_1_17' title="bbox 467 1845 2055 1928; baseline -0.004 -14"><span class='ocrx_word' id='word_1_129' title='bbox 467 1870 549 1914; x_wconf 88' lang='lat' dir='ltr'><strong>est</strong></span> <span class='ocrx_word' id='word_1_130' title='bbox 593 1860 763 1928; x_wconf 75' lang='lat' dir='ltr'><strong>pluvia</strong></span> <span class='ocrx_word' id='word_1_131' title='bbox 807 1859 1126 1913; x_wconf 80' lang='lat' dir='ltr'><strong>voluntaria.</strong></span> <span class='ocrx_word' id='word_1_132' title='bbox 1175 1845 1471 1910; x_wconf 85' lang='lat' dir='ltr'><strong>Voluntarie</strong></span> <span class='ocrx_word' id='word_1_133' title='bbox 1516 1856 1704 1926; x_wconf 83' lang='lat' dir='ltr'><strong>quippe</strong></span> <span class='ocrx_word' id='word_1_134' title='bbox 1750 1854 1918 1925; x_wconf 78' lang='lat' dir='ltr'><strong>genuit</strong></span> <span class='ocrx_word' id='word_1_135' title='bbox 1963 1869 2055 1907; x_wconf 88' lang='lat' dir='ltr'><strong>nos</strong></span> 
     </span>
    </p>
   </div>
   <div class='ocr_carea' id='block_1_18' title="bbox 468 1944 2052 2018">
    <p class='ocr_par' dir='ltr' id='par_1_18' title="bbox 468 1944 2052 2018">
     <span class='ocr_line' id='line_1_18' title="bbox 468 1944 2052 2018; baseline -0.004 -16"><span class='ocrx_word' id='word_1_136' title='bbox 468 1950 614 2004; x_wconf 79' lang='lat' dir='ltr'><strong>verbo</strong></span> <span class='ocrx_word' id='word_1_137' title='bbox 644 1949 864 2002; x_wconf 79' lang='lat' dir='ltr'><strong>veritatis</strong></span> <span class='ocrx_word' id='word_1_138' title='bbox 907 1947 1107 2018; x_wconf 81' lang='lat' dir='ltr'><strong>(Jacobi</strong></span> <span class='ocrx_word' id='word_1_139' title='bbox 1134 1964 1184 2008; x_wconf 88' lang='grc' dir='ltr'><strong><em>ι.</em></strong></span> <span class='ocrx_word' id='word_1_140' title='bbox 1220 1945 1330 2018; x_wconf 84' lang='grc'><strong>18).</strong></span> <span class='ocrx_word' id='word_1_141' title='bbox 1369 1946 1496 2000; x_wconf 68' lang='lat' dir='ltr'><strong>“me</strong></span> <span class='ocrx_word' id='word_1_142' title='bbox 1534 1944 1708 2014; x_wconf 83' lang='lat' dir='ltr'><strong>pluvia</strong></span> <span class='ocrx_word' id='word_1_143' title='bbox 1736 1945 2052 1998; x_wconf 85' lang='lat' dir='ltr'><strong>voluntaria.</strong></span> 
     </span>
    </p>
   </div>
   <div class='ocr_carea' id='block_1_19' title="bbox 468 2038 2056 2111">
    <p class='ocr_par' dir='ltr' id='par_1_19' title="bbox 468 2038 2056 2111">
     <span class='ocr_line' id='line_1_19' title="bbox 468 2038 2056 2111; baseline -0.003 -17"><span class='ocrx_word' id='word_1_144' title='bbox 468 2040 596 2094; x_wconf 85' lang='lat' dir='ltr'><strong>Inde</strong></span> <span class='ocrx_word' id='word_1_145' title='bbox 623 2040 744 2094; x_wconf 91' lang='lat' dir='ltr'><strong>alihi</strong></span> <span class='ocrx_word' id='word_1_146' title='bbox 772 2039 966 2093; x_wconf 76' lang='lat' dir='ltr'><strong>dicitur</strong></span> <span class='ocrx_word' id='word_1_147' title='bbox 994 2057 1008 2093; x_wconf 89' lang='lat'><strong>:</strong></span> <span class='ocrx_word' id='word_1_148' title='bbox 1039 2038 1197 2092; x_wconf 87' lang='lat' dir='ltr'><strong>Scuto</strong></span> <span class='ocrx_word' id='word_1_149' title='bbox 1217 2039 1359 2111; x_wconf 70' lang='lat' dir='ltr'><strong>bona:</strong></span> <span class='ocrx_word' id='word_1_150' title='bbox 1382 2038 1652 2090; x_wconf 80' lang='lat' dir='ltr'><strong>voluntatis</strong></span> <span class='ocrx_word' id='word_1_151' title='bbox 1685 2046 1788 2090; x_wconf 80' lang='lat' dir='ltr'><strong>tua:</strong></span> <span class='ocrx_word' id='word_1_152' title='bbox 1804 2044 2056 2089; x_wconf 86' lang='lat' dir='ltr'><strong>eoronaslt</strong></span> 
     </span>
    </p>
   </div>
   <div class='ocr_carea' id='block_1_20' title="bbox 467 2127 2058 2197">
    <p class='ocr_par' dir='ltr' id='par_1_20' title="bbox 467 2127 2058 2197">
     <span class='ocr_line' id='line_1_20' title="bbox 467 2127 2058 2197; baseline -0.001 -15"><span class='ocrx_word' id='word_1_153' title='bbox 467 2141 561 2183; x_wconf 81' lang='lat' dir='ltr'><strong>nos</strong></span> <span class='ocrx_word' id='word_1_154' title='bbox 582 2128 751 2194; x_wconf 85' lang='lat' dir='ltr'><strong>(Psal.</strong></span> <span class='ocrx_word' id='word_1_155' title='bbox 785 2143 835 2193; x_wconf 85' lang='lat' dir='ltr'><strong>v,</strong></span> <span class='ocrx_word' id='word_1_156' title='bbox 866 2130 980 2196; x_wconf 80' lang='grc'><strong>15).</strong></span> <span class='ocrx_word' id='word_1_157' title='bbox 1008 2130 1163 2182; x_wconf 87' lang='lat' dir='ltr'><strong>Istam</strong></span> <span class='ocrx_word' id='word_1_158' title='bbox 1194 2129 1426 2197; x_wconf 80' lang='lat' dir='ltr'><strong>pluviam</strong></span> <span class='ocrx_word' id='word_1_159' title='bbox 1448 2169 1463 2192; x_wconf 92' lang='lat'><strong>,</strong></span> <span class='ocrx_word' id='word_1_160' title='bbox 1494 2143 1614 2181; x_wconf 91' lang='lat' dir='ltr'><strong>cum</strong></span> <span class='ocrx_word' id='word_1_161' title='bbox 1641 2128 1778 2180; x_wconf 85' lang='lat' dir='ltr'><strong>Deus</strong></span> <span class='ocrx_word' id='word_1_162' title='bbox 1808 2127 2058 2181; x_wconf 90' lang='lat' dir='ltr'><strong>transiret</strong></span> 
     </span>
    </p>
   </div>
   <div class='ocr_carea' id='block_1_21' title="bbox 469 2220 2046 2290">
    <p class='ocr_par' dir='ltr' id='par_1_21' title="bbox 469 2220 2046 2290">
     <span class='ocr_line' id='line_1_21' title="bbox 469 2220 2046 2290; baseline -0.001 -15"><span class='ocrx_word' id='word_1_163' title='bbox 469 2223 522 2275; x_wconf 90' lang='lat' dir='ltr'><strong>in</strong></span> <span class='ocrx_word' id='word_1_164' title='bbox 543 2220 791 2289; x_wconf 83' lang='lat' dir='ltr'><strong>deserto,</strong></span> <span class='ocrx_word' id='word_1_165' title='bbox 817 2221 869 2276; x_wconf 90' lang='lat' dir='ltr'><strong>id</strong></span> <span class='ocrx_word' id='word_1_166' title='bbox 897 2230 981 2276; x_wconf 83' lang='lat' dir='ltr'><strong>est</strong></span> <span class='ocrx_word' id='word_1_167' title='bbox 999 2262 1014 2287; x_wconf 97' lang='lat'><strong>,</strong></span> <span class='ocrx_word' id='word_1_168' title='bbox 1048 2221 1423 2290; x_wconf 71' lang='lat' dir='ltr'><strong>prmdicziretur</strong></span> <span class='ocrx_word' id='word_1_169' title='bbox 1449 2223 1498 2274; x_wconf 90' lang='lat' dir='ltr'><strong>in</strong></span> <span class='ocrx_word' id='word_1_170' title='bbox 1519 2221 1811 2282; x_wconf 86' lang='lat' dir='ltr'><strong>Gentibus,</strong></span> <span class='ocrx_word' id='word_1_171' title='bbox 1841 2221 1952 2274; x_wconf 73' lang='lat' dir='ltr'><strong>caeli</strong></span> <span class='ocrx_word' id='word_1_172' title='bbox 1973 2221 2046 2274; x_wconf 87' lang='lat' dir='ltr'><strong>di-</strong></span> 
     </span>
    </p>
   </div>
   <div class='ocr_carea' id='block_1_22' title="bbox 466 2311 2053 2382">
    <p class='ocr_par' dir='ltr' id='par_1_22' title="bbox 466 2311 2053 2382">
     <span class='ocr_line' id='line_1_22' title="bbox 466 2311 2053 2382; baseline 0.001 -17"><span class='ocrx_word' id='word_1_173' title='bbox 466 2313 781 2366; x_wconf 74' lang='lat' dir='ltr'><strong>stillaverunt</strong></span> <span class='ocrx_word' id='word_1_174' title='bbox 816 2329 836 2368; x_wconf 89' lang='lat'><strong><em>:</em></strong></span> <span class='ocrx_word' id='word_1_175' title='bbox 871 2329 975 2367; x_wconf 87' lang='lat' dir='ltr'><strong>non</strong></span> <span class='ocrx_word' id='word_1_176' title='bbox 1015 2324 1190 2367; x_wconf 91' lang='lat' dir='ltr'><strong>tamen</strong></span> <span class='ocrx_word' id='word_1_177' title='bbox 1230 2328 1259 2365; x_wconf 90' lang='lat' dir='ltr'><strong>a</strong></span> <span class='ocrx_word' id='word_1_178' title='bbox 1301 2313 1492 2381; x_wconf 90' lang='lat' dir='ltr'><strong>seipsis</strong></span> <span class='ocrx_word' id='word_1_179' title='bbox 1515 2355 1529 2376; x_wconf 88' lang='lat'><strong>,</strong></span> <span class='ocrx_word' id='word_1_180' title='bbox 1559 2313 1651 2368; x_wconf 85' lang='lat' dir='ltr'><strong>sed</strong></span> <span class='ocrx_word' id='word_1_181' title='bbox 1693 2330 1726 2365; x_wconf 77' lang='grc' dir='ltr'><strong>α</strong></span> <span class='ocrx_word' id='word_1_182' title='bbox 1762 2313 1894 2382; x_wconf 78' lang='lat' dir='ltr'><strong>faeie</strong></span> <span class='ocrx_word' id='word_1_183' title='bbox 1921 2311 2053 2377; x_wconf 89' lang='lat' dir='ltr'><strong>Dei,</strong></span> 
     </span>
    </p>
   </div>
   <div class='ocr_carea' id='block_1_23' title="bbox 466 2401 2058 2473">
    <p class='ocr_par' dir='ltr' id='par_1_23' title="bbox 466 2401 2058 2473">
     <span class='ocr_line' id='line_1_23' title="bbox 466 2401 2058 2473; baseline 0.001 -19"><span class='ocrx_word' id='word_1_184' title='bbox 466 2404 715 2470; x_wconf 83' lang='lat' dir='ltr'><strong>quoniam</strong></span> <span class='ocrx_word' id='word_1_185' title='bbox 743 2413 796 2457; x_wconf 89' lang='lat' dir='ltr'><strong>et</strong></span> <span class='ocrx_word' id='word_1_186' title='bbox 823 2404 922 2473; x_wconf 82' lang='lat' dir='ltr'><strong>ipsi</strong></span> <span class='ocrx_word' id='word_1_187' title='bbox 951 2404 1119 2472; x_wconf 88' lang='lat' dir='ltr'><strong>gratia</strong></span> <span class='ocrx_word' id='word_1_188' title='bbox 1143 2403 1232 2458; x_wconf 90' lang='lat' dir='ltr'><strong>Dei</strong></span> <span class='ocrx_word' id='word_1_189' title='bbox 1264 2409 1389 2457; x_wconf 87' lang='lat' dir='ltr'><strong>sunt</strong></span> <span class='ocrx_word' id='word_1_190' title='bbox 1416 2401 1468 2456; x_wconf 90' lang='lat' dir='ltr'><strong>id</strong></span> <span class='ocrx_word' id='word_1_191' title='bbox 1491 2402 1632 2472; x_wconf 86' lang='lat' dir='ltr'><strong>quod</strong></span> <span class='ocrx_word' id='word_1_192' title='bbox 1670 2411 1814 2456; x_wconf 89' lang='lat' dir='ltr'><strong>sunt.</strong></span> <span class='ocrx_word' id='word_1_193' title='bbox 1847 2403 1912 2456; x_wconf 84' lang='lat' dir='ltr'><strong>Et</strong></span> <span class='ocrx_word' id='word_1_194' title='bbox 1936 2401 2058 2456; x_wconf 90' lang='lat' dir='ltr'><strong>ideo</strong></span> 
     </span>
    </p>
   </div>
   <div class='ocr_carea' id='block_1_24' title="bbox 467 2491 2058 2562">
    <p class='ocr_par' dir='ltr' id='par_1_24' title="bbox 467 2491 2058 2562">
     <span class='ocr_line' id='line_1_24' title="bbox 467 2491 2058 2562; baseline 0.002 -18"><span class='ocrx_word' id='word_1_195' title='bbox 467 2507 613 2546; x_wconf 84' lang='lat' dir='ltr'><strong>mons</strong></span> <span class='ocrx_word' id='word_1_196' title='bbox 642 2491 790 2555; x_wconf 89' lang='lat' dir='ltr'><strong>Sina,</strong></span> <span class='ocrx_word' id='word_1_197' title='bbox 823 2493 945 2562; x_wconf 90' lang='lat' dir='ltr'><strong>quia</strong></span> <span class='ocrx_word' id='word_1_198' title='bbox 975 2504 1028 2547; x_wconf 92' lang='lat' dir='ltr'><strong>et</strong></span> <span class='ocrx_word' id='word_1_199' title='bbox 1055 2493 1169 2562; x_wconf 88' lang='lat' dir='ltr'><strong>ipse</strong></span> <span class='ocrx_word' id='word_1_200' title='bbox 1195 2493 1282 2562; x_wconf 90' lang='lat' dir='ltr'><strong>qui</strong></span> <span class='ocrx_word' id='word_1_201' title='bbox 1313 2493 1430 2562; x_wconf 85' lang='lat' dir='ltr'><strong>plus</strong></span> <span class='ocrx_word' id='word_1_202' title='bbox 1455 2492 1700 2547; x_wconf 89' lang='lat' dir='ltr'><strong>omnibus</strong></span> <span class='ocrx_word' id='word_1_203' title='bbox 1721 2491 1824 2546; x_wconf 82' lang='lat' dir='ltr'><strong>illis</strong></span> <span class='ocrx_word' id='word_1_204' title='bbox 1846 2493 2058 2547; x_wconf 83' lang='lat' dir='ltr'><strong>labora-</strong></span> 
     </span>
    </p>
   </div>
   <div class='ocr_carea' id='block_1_25' title="bbox 467 2582 2056 2654">
    <p class='ocr_par' dir='ltr' id='par_1_25' title="bbox 467 2582 2056 2654">
     <span class='ocr_line' id='line_1_25' title="bbox 467 2582 2056 2654; baseline 0.002 -20"><span class='ocrx_word' id='word_1_205' title='bbox 467 2584 542 2637; x_wconf 74' lang='lat' dir='ltr'><strong>vit</strong></span> <span class='ocrx_word' id='word_1_206' title='bbox 563 2625 577 2647; x_wconf 91' lang='lat'><strong>,</strong></span> <span class='ocrx_word' id='word_1_207' title='bbox 611 2598 716 2638; x_wconf 88' lang='lat' dir='ltr'><strong>non</strong></span> <span class='ocrx_word' id='word_1_208' title='bbox 749 2585 862 2653; x_wconf 89' lang='lat' dir='ltr'><strong>ipse</strong></span> <span class='ocrx_word' id='word_1_209' title='bbox 891 2593 1102 2647; x_wconf 84' lang='lat' dir='ltr'><strong>autem,</strong></span> <span class='ocrx_word' id='word_1_210' title='bbox 1134 2582 1229 2638; x_wconf 89' lang='lat' dir='ltr'><strong>sed</strong></span> <span class='ocrx_word' id='word_1_211' title='bbox 1267 2584 1435 2654; x_wconf 89' lang='lat' dir='ltr'><strong>gratia</strong></span> <span class='ocrx_word' id='word_1_212' title='bbox 1463 2583 1553 2637; x_wconf 90' lang='lat' dir='ltr'><strong>Dei</strong></span> <span class='ocrx_word' id='word_1_213' title='bbox 1579 2599 1699 2638; x_wconf 93' lang='lat' dir='ltr'><strong>cum</strong></span> <span class='ocrx_word' id='word_1_214' title='bbox 1741 2585 1829 2638; x_wconf 88' lang='lat' dir='ltr'><strong>illo</strong></span> <span class='ocrx_word' id='word_1_215' title='bbox 1855 2584 1896 2652; x_wconf 87' lang='grc' dir='ltr'><strong>(Ι</strong></span> <span class='ocrx_word' id='word_1_216' title='bbox 1935 2588 2056 2641; x_wconf 76' lang='lat' dir='ltr'><strong>Cor.</strong></span> 
     </span>
    </p>
   </div>
   <div class='ocr_carea' id='block_1_26' title="bbox 465 2673 2060 2746">
    <p class='ocr_par' dir='ltr' id='par_1_26' title="bbox 465 2673 2060 2746">
     <span class='ocr_line' id='line_1_26' title="bbox 465 2673 2060 2746; baseline -0.001 -17"><span class='ocrx_word' id='word_1_217' title='bbox 465 2691 560 2739; x_wconf 85' lang='lat' dir='ltr'><strong>xv,</strong></span> <span class='ocrx_word' id='word_1_218' title='bbox 592 2676 717 2746; x_wconf 85' lang='lat' dir='ltr'><strong>I0),</strong></span> <span class='ocrx_word' id='word_1_219' title='bbox 749 2685 807 2729; x_wconf 91' lang='lat' dir='ltr'><strong>ut</strong></span> <span class='ocrx_word' id='word_1_220' title='bbox 826 2675 1182 2729; x_wconf 79' lang='lat' dir='ltr'><strong>abundantius</strong></span> <span class='ocrx_word' id='word_1_221' title='bbox 1204 2673 1489 2730; x_wconf 89' lang='lat' dir='ltr'><strong>distillaret</strong></span> <span class='ocrx_word' id='word_1_222' title='bbox 1510 2675 1560 2728; x_wconf 89' lang='lat' dir='ltr'><strong>in</strong></span> <span class='ocrx_word' id='word_1_223' title='bbox 1591 2675 1867 2745; x_wconf 87' lang='lat' dir='ltr'><strong>gentibus,</strong></span> <span class='ocrx_word' id='word_1_224' title='bbox 1898 2674 1948 2728; x_wconf 89' lang='lat' dir='ltr'><strong>id</strong></span> <span class='ocrx_word' id='word_1_225' title='bbox 1972 2681 2060 2727; x_wconf 86' lang='lat' dir='ltr'><strong>est</strong></span> 
     </span>
    </p>
   </div>
   <div class='ocr_carea' id='block_1_27' title="bbox 465 2765 2056 2828">
    <p class='ocr_par' dir='ltr' id='par_1_27' title="bbox 465 2765 2056 2828">
     <span class='ocr_line' id='line_1_27' title="bbox 465 2765 2056 2828; baseline -0.001 -9"><span class='ocrx_word' id='word_1_226' title='bbox 465 2766 523 2819; x_wconf 89' lang='lat' dir='ltr'><strong>in</strong></span> <span class='ocrx_word' id='word_1_227' title='bbox 551 2765 787 2828; x_wconf 86' lang='lat' dir='ltr'><strong>deserto,</strong></span> <span class='ocrx_word' id='word_1_228' title='bbox 815 2765 902 2819; x_wconf 91' lang='lat' dir='ltr'><strong>ubi</strong></span> <span class='ocrx_word' id='word_1_229' title='bbox 927 2765 1170 2820; x_wconf 87' lang='lat' dir='ltr'><strong>Christus</strong></span> <span class='ocrx_word' id='word_1_230' title='bbox 1199 2780 1303 2819; x_wconf 89' lang='lat' dir='ltr'><strong>non</strong></span> <span class='ocrx_word' id='word_1_231' title='bbox 1328 2775 1444 2820; x_wconf 89' lang='lat' dir='ltr'><strong>erat</strong></span> <span class='ocrx_word' id='word_1_232' title='bbox 1473 2765 1836 2825; x_wconf 83' lang='lat' dir='ltr'><strong>annuntiatus,</strong></span> <span class='ocrx_word' id='word_1_233' title='bbox 1866 2780 1934 2819; x_wconf 91' lang='lat' dir='ltr'><strong>ne</strong></span> <span class='ocrx_word' id='word_1_234' title='bbox 1961 2781 2056 2818; x_wconf 84' lang='lat' dir='ltr'><strong>su-</strong></span> 
     </span>
    </p>
   </div>
   <div class='ocr_carea' id='block_1_28' title="bbox 465 2849 2053 2927">
    <p class='ocr_par' dir='ltr' id='par_1_28' title="bbox 465 2849 2053 2927">
     <span class='ocr_line' id='line_1_28' title="bbox 465 2849 2053 2927; baseline 0.003 -21"><span class='ocrx_word' id='word_1_235' title='bbox 465 2871 566 2926; x_wconf 83' lang='lat' dir='ltr'><strong>per</strong></span> <span class='ocrx_word' id='word_1_236' title='bbox 588 2850 823 2910; x_wconf 86' lang='lat' dir='ltr'><strong>alienum</strong></span> <span class='ocrx_word' id='word_1_237' title='bbox 854 2849 1252 2910; x_wconf 80' lang='lat' dir='ltr'><strong>fundamentum</strong></span> <span class='ocrx_word' id='word_1_238' title='bbox 1284 2855 1572 2910; x_wconf 75' lang='lat' dir='ltr'><strong>aediﬁcaret</strong></span> <span class='ocrx_word' id='word_1_239' title='bbox 1601 2855 1776 2927; x_wconf 84' lang='lat' dir='ltr'><strong>(Rom.</strong></span> <span class='ocrx_word' id='word_1_240' title='bbox 1805 2869 1906 2916; x_wconf 88' lang='lat' dir='ltr'><strong>xv,</strong></span> <span class='ocrx_word' id='word_1_241' title='bbox 1938 2854 2053 2922; x_wconf 74' lang='lat'><strong>20);</strong></span> 
     </span>
    </p>
   </div>
   <div class='ocr_carea' id='block_1_29' title="bbox 394 2943 2059 3015">
    <p class='ocr_par' dir='ltr' id='par_1_29' title="bbox 394 2943 2059 3015">
     <span class='ocr_line' id='line_1_29' title="bbox 394 2943 2059 3015; baseline -0.001 -15"><span class='ocrx_word' id='word_1_242' title='bbox 394 3013 396 3015; x_wconf 5' lang='lat' dir='ltr'><strong>g</strong></span> <span class='ocrx_word' id='word_1_243' title='bbox 463 2945 605 3011; x_wconf 74' lang='lat' dir='ltr'><strong>ipse.</strong></span> <span class='ocrx_word' id='word_1_244' title='bbox 621 2943 860 3014; x_wconf 85' lang='lat' dir='ltr'><strong>inquam,</strong></span> <span class='ocrx_word' id='word_1_245' title='bbox 885 2945 1118 2999; x_wconf 89' lang='lat' dir='ltr'><strong>Israelita</strong></span> <span class='ocrx_word' id='word_1_246' title='bbox 1145 2953 1263 2999; x_wconf 89' lang='lat' dir='ltr'><strong>erat</strong></span> <span class='ocrx_word' id='word_1_247' title='bbox 1289 2960 1355 3000; x_wconf 91' lang='lat' dir='ltr'><strong>ex</strong></span> <span class='ocrx_word' id='word_1_248' title='bbox 1385 2959 1581 3014; x_wconf 85' lang='lat' dir='ltr'><strong>genere</strong></span> <span class='ocrx_word' id='word_1_249' title='bbox 1601 2943 1762 2998; x_wconf 79' lang='lat' dir='ltr'><strong>Israel</strong></span> <span class='ocrx_word' id='word_1_250' title='bbox 1783 2984 1799 3006; x_wconf 88' lang='lat'><strong>,</strong></span> <span class='ocrx_word' id='word_1_251' title='bbox 1823 2943 1892 2998; x_wconf 91' lang='lat' dir='ltr'><strong>de</strong></span> <span class='ocrx_word' id='word_1_252' title='bbox 1917 2944 2059 2999; x_wconf 87' lang='lat' dir='ltr'><strong>tribu</strong></span> 
     </span>
    </p>
   </div>
   <div class='ocr_carea' id='block_1_30' title="bbox 463 3035 2055 3109">
    <p class='ocr_par' dir='ltr' id='par_1_30' title="bbox 463 3035 2055 3109">
     <span class='ocr_line' id='line_1_30' title="bbox 463 3035 2055 3109; baseline 0 -18"><span class='ocrx_word' id='word_1_253' title='bbox 463 3035 744 3106; x_wconf 84' lang='lat' dir='ltr'><strong>Bcnjamin</strong></span> <span class='ocrx_word' id='word_1_254' title='bbox 767 3035 1025 3109; x_wconf 81' lang='lat' dir='ltr'><strong>(Philipp.</strong></span> <span class='ocrx_word' id='word_1_255' title='bbox 1046 3051 1102 3090; x_wconf 88' lang='lat' dir='ltr'><strong>ut</strong></span> <span class='ocrx_word' id='word_1_256' title='bbox 1121 3078 1136 3102; x_wconf 98' lang='lat'><strong>,</strong></span> <span class='ocrx_word' id='word_1_257' title='bbox 1165 3037 1220 3098; x_wconf 83' lang='lat'><strong>5)</strong></span> <span class='ocrx_word' id='word_1_258' title='bbox 1251 3053 1265 3089; x_wconf 91' lang='lat'><strong>:</strong></span> <span class='ocrx_word' id='word_1_259' title='bbox 1289 3045 1344 3092; x_wconf 89' lang='lat' dir='ltr'><strong>et</strong></span> <span class='ocrx_word' id='word_1_260' title='bbox 1372 3037 1487 3105; x_wconf 87' lang='lat' dir='ltr'><strong>ipse</strong></span> <span class='ocrx_word' id='word_1_261' title='bbox 1513 3050 1641 3105; x_wconf 86' lang='lat' dir='ltr'><strong>ergo</strong></span> <span class='ocrx_word' id='word_1_262' title='bbox 1666 3037 1716 3088; x_wconf 92' lang='lat' dir='ltr'><strong>in</strong></span> <span class='ocrx_word' id='word_1_263' title='bbox 1747 3036 2055 3091; x_wconf 80' lang='lat' dir='ltr'><strong>servitutem</strong></span> 
     </span>
    </p>
   </div>
   <div class='ocr_carea' id='block_1_31' title="bbox 463 3128 2054 3198">
    <p class='ocr_par' dir='ltr' id='par_1_31' title="bbox 463 3128 2054 3198">
     <span class='ocr_line' id='line_1_31' title="bbox 463 3128 2054 3198; baseline 0.002 -17"><span class='ocrx_word' id='word_1_264' title='bbox 463 3136 750 3196; x_wconf 82' lang='lat' dir='ltr'><strong>generatus</strong></span> <span class='ocrx_word' id='word_1_265' title='bbox 779 3135 912 3192; x_wconf 89' lang='lat' dir='ltr'><strong>erat,</strong></span> <span class='ocrx_word' id='word_1_266' title='bbox 941 3128 1010 3184; x_wconf 87' lang='lat' dir='ltr'><strong>de</strong></span> <span class='ocrx_word' id='word_1_267' title='bbox 1033 3128 1328 3184; x_wconf 84' lang='lat' dir='ltr'><strong>Jerusalem</strong></span> <span class='ocrx_word' id='word_1_268' title='bbox 1360 3136 1571 3183; x_wconf 87' lang='lat' dir='ltr'><strong>terrena</strong></span> <span class='ocrx_word' id='word_1_269' title='bbox 1597 3143 1719 3198; x_wconf 76' lang='lat' dir='ltr'><strong>quze</strong></span> <span class='ocrx_word' id='word_1_270' title='bbox 1744 3129 1908 3184; x_wconf 83' lang='lat' dir='ltr'><strong>servit</strong></span> <span class='ocrx_word' id='word_1_271' title='bbox 1933 3144 2054 3184; x_wconf 91' lang='lat' dir='ltr'><strong>cum</strong></span> 
     </span>
    </p>
   </div>
   <div class='ocr_carea' id='block_1_32' title="bbox 463 3219 2058 3291">
    <p class='ocr_par' dir='ltr' id='par_1_32' title="bbox 463 3219 2058 3291">
     <span class='ocr_line' id='line_1_32' title="bbox 463 3219 2058 3291; baseline 0.002 -19"><span class='ocrx_word' id='word_1_272' title='bbox 463 3219 589 3272; x_wconf 80' lang='lat' dir='ltr'><strong>ﬁliis</strong></span> <span class='ocrx_word' id='word_1_273' title='bbox 609 3219 740 3286; x_wconf 87' lang='lat' dir='ltr'><strong>suis,</strong></span> <span class='ocrx_word' id='word_1_274' title='bbox 763 3231 817 3275; x_wconf 90' lang='lat' dir='ltr'><strong>et</strong></span> <span class='ocrx_word' id='word_1_275' title='bbox 845 3220 963 3274; x_wconf 90' lang='lat' dir='ltr'><strong>ideo</strong></span> <span class='ocrx_word' id='word_1_276' title='bbox 981 3219 1396 3290; x_wconf 86' lang='lat' dir='ltr'><strong>persequebatur</strong></span> <span class='ocrx_word' id='word_1_277' title='bbox 1415 3219 1724 3274; x_wconf 85' lang='lat' dir='ltr'><strong>Ecclesiam.</strong></span> <span class='ocrx_word' id='word_1_278' title='bbox 1744 3219 1896 3287; x_wconf 87' lang='lat' dir='ltr'><strong>Nam,</strong></span> <span class='ocrx_word' id='word_1_279' title='bbox 1914 3222 2058 3291; x_wconf 70' lang='lat' dir='ltr'><strong>quod</strong></span> 
     </span>
    </p>
   </div>
   <div class='ocr_carea' id='block_1_33' title="bbox 463 3309 2058 3382">
    <p class='ocr_par' dir='ltr' id='par_1_33' title="bbox 463 3309 2058 3382">
     <span class='ocr_line' id='line_1_33' title="bbox 463 3309 2058 3382; baseline 0.001 -18"><span class='ocrx_word' id='word_1_280' title='bbox 463 3309 582 3378; x_wconf 81' lang='lat' dir='ltr'><strong>ipse</strong></span> <span class='ocrx_word' id='word_1_281' title='bbox 605 3311 968 3377; x_wconf 90' lang='lat' dir='ltr'><strong>commonuit,</strong></span> <span class='ocrx_word' id='word_1_282' title='bbox 986 3311 1118 3365; x_wconf 89' lang='lat' dir='ltr'><strong>sicut</strong></span> <span class='ocrx_word' id='word_1_283' title='bbox 1137 3321 1258 3364; x_wconf 85' lang='lat' dir='ltr'><strong>tunc</strong></span> <span class='ocrx_word' id='word_1_284' title='bbox 1278 3312 1365 3382; x_wconf 85' lang='lat' dir='ltr'><strong>qui</strong></span> <span class='ocrx_word' id='word_1_285' title='bbox 1390 3310 1667 3366; x_wconf 85' lang='lat' dir='ltr'><strong>secundum</strong></span> <span class='ocrx_word' id='word_1_286' title='bbox 1691 3327 1893 3365; x_wconf 84' lang='lat' dir='ltr'><strong>carnem</strong></span> <span class='ocrx_word' id='word_1_287' title='bbox 1907 3329 2058 3381; x_wconf 79' lang='lat' dir='ltr'><strong>gene-</strong></span> 
     </span>
    </p>
   </div>
   <div class='ocr_carea' id='block_1_34' title="bbox 460 3402 2058 3472">
    <p class='ocr_par' dir='ltr' id='par_1_34' title="bbox 460 3402 2058 3472">
     <span class='ocr_line' id='line_1_34' title="bbox 460 3402 2058 3472; baseline 0.001 -17"><span class='ocrx_word' id='word_1_288' title='bbox 460 3412 604 3456; x_wconf 84' lang='lat' dir='ltr'><strong>ratus</strong></span> <span class='ocrx_word' id='word_1_289' title='bbox 627 3412 702 3456; x_wconf 89' lang='lat' dir='ltr'><strong>est</strong></span> <span class='ocrx_word' id='word_1_290' title='bbox 724 3404 1110 3472; x_wconf 78' lang='lat' dir='ltr'><strong>persequebatur</strong></span> <span class='ocrx_word' id='word_1_291' title='bbox 1124 3420 1236 3456; x_wconf 78' lang='lat' dir='ltr'><strong>eum</strong></span> <span class='ocrx_word' id='word_1_292' title='bbox 1253 3404 1340 3472; x_wconf 90' lang='lat' dir='ltr'><strong>qui</strong></span> <span class='ocrx_word' id='word_1_293' title='bbox 1362 3402 1636 3457; x_wconf 85' lang='lat' dir='ltr'><strong>secundum</strong></span> <span class='ocrx_word' id='word_1_294' title='bbox 1652 3403 1910 3472; x_wconf 76' lang='lat' dir='ltr'><strong>spiritum;</strong></span> <span class='ocrx_word' id='word_1_295' title='bbox 1923 3404 1996 3455; x_wconf 92' lang='lat' dir='ltr'><strong>ita</strong></span> <span class='ocrx_word' id='word_1_296' title='bbox 2011 3413 2058 3456; x_wconf 92' lang='lat' dir='ltr'><strong>et</strong></span> 
     </span>
    </p>
   </div>
   <div class='ocr_carea' id='block_1_35' title="bbox 461 3491 2059 3563">
    <p class='ocr_par' dir='ltr' id='par_1_35' title="bbox 461 3491 2059 3563">
     <span class='ocr_line' id='line_1_35' title="bbox 461 3491 2059 3563; baseline 0.002 -18"><span class='ocrx_word' id='word_1_297' title='bbox 461 3508 598 3546; x_wconf 82' lang='lat' dir='ltr'><strong>nunc</strong></span> <span class='ocrx_word' id='word_1_298' title='bbox 621 3491 761 3563; x_wconf 86' lang='lat' dir='ltr'><strong>(Gal.</strong></span> <span class='ocrx_word' id='word_1_299' title='bbox 782 3493 1180 3563; x_wconf 71' lang='lat' dir='ltr'><strong>tv,25,29).Sed</strong></span> <span class='ocrx_word' id='word_1_300' title='bbox 1195 3493 1611 3548; x_wconf 82' lang='lat' dir='ltr'><strong>misericordiam</strong></span> <span class='ocrx_word' id='word_1_301' title='bbox 1639 3503 1956 3548; x_wconf 87' lang='lat' dir='ltr'><strong>consecutus</strong></span> <span class='ocrx_word' id='word_1_302' title='bbox 1975 3503 2059 3548; x_wconf 89' lang='lat' dir='ltr'><strong>est</strong></span> 
     </span>
    </p>
   </div>
   <div class='ocr_carea' id='block_1_36' title="bbox 460 3583 2055 3655">
    <p class='ocr_par' dir='ltr' id='par_1_36' title="bbox 460 3583 2055 3655">
     <span class='ocr_line' id='line_1_36' title="bbox 460 3583 2055 3655; baseline 0.004 -23"><span class='ocrx_word' id='word_1_303' title='bbox 460 3583 583 3652; x_wconf 80' lang='lat' dir='ltr'><strong>quia</strong></span> <span class='ocrx_word' id='word_1_304' title='bbox 605 3583 853 3652; x_wconf 82' lang='lat' dir='ltr'><strong>ignorans</strong></span> <span class='ocrx_word' id='word_1_305' title='bbox 866 3584 990 3639; x_wconf 74' lang='lat' dir='ltr'><strong>fecit</strong></span> <span class='ocrx_word' id='word_1_306' title='bbox 1005 3584 1054 3636; x_wconf 93' lang='lat' dir='ltr'><strong>in</strong></span> <span class='ocrx_word' id='word_1_307' title='bbox 1079 3583 1448 3638; x_wconf 87' lang='lat' dir='ltr'><strong>incredulitate</strong></span> <span class='ocrx_word' id='word_1_308' title='bbox 1470 3584 1510 3654; x_wconf 88' lang='grc' dir='ltr'><strong>(Ι</strong></span> <span class='ocrx_word' id='word_1_309' title='bbox 1537 3583 1666 3637; x_wconf 87' lang='lat' dir='ltr'><strong>Tim.</strong></span> <span class='ocrx_word' id='word_1_310' title='bbox 1693 3601 1739 3647; x_wconf 88' lang='lat' dir='ltr'><strong>I,</strong></span> <span class='ocrx_word' id='word_1_311' title='bbox 1771 3583 1881 3655; x_wconf 73' lang='grc'><strong>15).</strong></span> <span class='ocrx_word' id='word_1_312' title='bbox 1901 3583 2055 3639; x_wconf 77' lang='lat' dir='ltr'><strong>Mira-</strong></span> 
     </span>
    </p>
   </div>
   <div class='ocr_carea' id='block_1_37' title="bbox 462 3669 2057 3747">
    <p class='ocr_par' dir='ltr' id='par_1_37' title="bbox 462 3669 2057 3747">
     <span class='ocr_line' id='line_1_37' title="bbox 462 3669 2057 3747; baseline 0.004 -21"><span class='ocrx_word' id='word_1_313' title='bbox 462 3689 586 3726; x_wconf 87' lang='lat' dir='ltr'><strong>mur</strong></span> <span class='ocrx_word' id='word_1_314' title='bbox 608 3689 739 3744; x_wconf 91' lang='lat' dir='ltr'><strong>ergo</strong></span> <span class='ocrx_word' id='word_1_315' title='bbox 765 3674 905 3745; x_wconf 87' lang='lat' dir='ltr'><strong>quod</strong></span> <span class='ocrx_word' id='word_1_316' title='bbox 936 3673 1046 3728; x_wconf 70' lang='lat' dir='ltr'><strong>cali</strong></span> <span class='ocrx_word' id='word_1_317' title='bbox 1078 3674 1450 3729; x_wconf 83' lang='lat' dir='ltr'><strong>distillaverunt</strong></span> <span class='ocrx_word' id='word_1_318' title='bbox 1479 3693 1511 3727; x_wconf 90' lang='lat' dir='ltr'><strong>a</strong></span> <span class='ocrx_word' id='word_1_319' title='bbox 1545 3677 1674 3746; x_wconf 80' lang='lat' dir='ltr'><strong>facie</strong></span> <span class='ocrx_word' id='word_1_320' title='bbox 1711 3669 1808 3729; x_wconf 90' lang='lat' dir='ltr'><strong>Dei</strong></span> <span class='ocrx_word' id='word_1_321' title='bbox 1838 3693 1858 3730; x_wconf 92' lang='lat'><strong><em>:</em></strong></span> <span class='ocrx_word' id='word_1_322' title='bbox 1888 3678 2057 3747; x_wconf 88' lang='lat' dir='ltr'><strong>magis</strong></span> 
     </span>
    </p>
   </div>
   <div class='ocr_carea' id='block_1_38' title="bbox 461 3763 2054 3837">
    <p class='ocr_par' dir='ltr' id='par_1_38' title="bbox 461 3763 2054 3837">
     <span class='ocr_line' id='line_1_38' title="bbox 461 3763 2054 3837; baseline 0.004 -20"><span class='ocrx_word' id='word_1_323' title='bbox 461 3763 723 3817; x_wconf 84' lang='lat' dir='ltr'><strong>miremur</strong></span> <span class='ocrx_word' id='word_1_324' title='bbox 750 3765 891 3834; x_wconf 89' lang='lat' dir='ltr'><strong>quod</strong></span> <span class='ocrx_word' id='word_1_325' title='bbox 923 3782 1066 3819; x_wconf 89' lang='lat' dir='ltr'><strong>mons</strong></span> <span class='ocrx_word' id='word_1_326' title='bbox 1093 3765 1243 3830; x_wconf 87' lang='lat' dir='ltr'><strong>Sina,</strong></span> <span class='ocrx_word' id='word_1_327' title='bbox 1268 3765 1321 3820; x_wconf 92' lang='lat' dir='ltr'><strong>id</strong></span> <span class='ocrx_word' id='word_1_328' title='bbox 1344 3775 1450 3829; x_wconf 88' lang='lat' dir='ltr'><strong>est,</strong></span> <span class='ocrx_word' id='word_1_329' title='bbox 1476 3768 1564 3837; x_wconf 89' lang='lat' dir='ltr'><strong>qui</strong></span> <span class='ocrx_word' id='word_1_330' title='bbox 1588 3766 1735 3836; x_wconf 88' lang='lat' dir='ltr'><strong>prius</strong></span> <span class='ocrx_word' id='word_1_331' title='bbox 1762 3783 2054 3837; x_wconf 84' lang='lat' dir='ltr'><strong>perseque-</strong></span> 
     </span>
    </p>
   </div>
   <div class='ocr_carea' id='block_1_39' title="bbox 464 3852 2055 3927">
    <p class='ocr_par' dir='ltr' id='par_1_39' title="bbox 464 3852 2055 3927">
     <span class='ocr_line' id='line_1_39' title="bbox 464 3852 2055 3927; baseline 0.004 -21"><span class='ocrx_word' id='word_1_332' title='bbox 464 3852 640 3913; x_wconf 81' lang='lat' dir='ltr'><strong>batur.</strong></span> <span class='ocrx_word' id='word_1_333' title='bbox 666 3852 922 3908; x_wconf 76' lang='lat' dir='ltr'><strong>Ilebrtens</strong></span> <span class='ocrx_word' id='word_1_334' title='bbox 945 3871 1008 3910; x_wconf 91' lang='lat' dir='ltr'><strong>ex</strong></span> <span class='ocrx_word' id='word_1_335' title='bbox 1030 3854 1267 3909; x_wconf 73' lang='lat' dir='ltr'><strong>Ilebrmis</strong></span> <span class='ocrx_word' id='word_1_336' title='bbox 1286 3898 1300 3921; x_wconf 92' lang='lat'><strong>,</strong></span> <span class='ocrx_word' id='word_1_337' title='bbox 1329 3857 1623 3911; x_wconf 84' lang='lat' dir='ltr'><strong>secundum</strong></span> <span class='ocrx_word' id='word_1_338' title='bbox 1651 3856 1846 3927; x_wconf 81' lang='lat' dir='ltr'><strong>Legem</strong></span> <span class='ocrx_word' id='word_1_339' title='bbox 1878 3857 2055 3927; x_wconf 83' lang='lat' dir='ltr'><strong>phari-</strong></span> 
     </span>
    </p>
   </div>
   <div class='ocr_carea' id='block_1_40' title="bbox 461 3941 2051 4018">
    <p class='ocr_par' dir='ltr' id='par_1_40' title="bbox 461 3941 2051 4018">
     <span class='ocr_line' id='line_1_40' title="bbox 461 3941 2051 4018; baseline 0.006 -24"><span class='ocrx_word' id='word_1_340' title='bbox 461 3957 604 3997; x_wconf 72' lang='lat' dir='ltr'><strong>smus</strong></span> <span class='ocrx_word' id='word_1_341' title='bbox 629 3941 890 4014; x_wconf 83' lang='lat' dir='ltr'><strong>(Philipp.</strong></span> <span class='ocrx_word' id='word_1_342' title='bbox 915 3959 993 4008; x_wconf 88' lang='grc' dir='ltr'><strong><em>ιιι,</em></strong></span> <span class='ocrx_word' id='word_1_343' title='bbox 1012 3943 1088 4016; x_wconf 82' lang='grc'><strong>5).</strong></span> <span class='ocrx_word' id='word_1_344' title='bbox 1109 3945 1244 4013; x_wconf 89' lang='lat' dir='ltr'><strong>Quid</strong></span> <span class='ocrx_word' id='word_1_345' title='bbox 1261 3957 1438 4014; x_wconf 69' lang='lat' dir='ltr'><strong>amem</strong></span> <span class='ocrx_word' id='word_1_346' title='bbox 1458 3947 1750 4001; x_wconf 77' lang='lat' dir='ltr'><strong>miremur?</strong></span> <span class='ocrx_word' id='word_1_347' title='bbox 1771 3948 1887 4018; x_wconf 71' lang='lat' dir='ltr'><strong>Non</strong></span> <span class='ocrx_word' id='word_1_348' title='bbox 1909 3950 2051 4004; x_wconf 91' lang='lat' dir='ltr'><strong>enim</strong></span> 
     </span>
    </p>
   </div>
   <div class='ocr_carea' id='block_1_41' title="bbox 460 4034 2052 4110">
    <p class='ocr_par' dir='ltr' id='par_1_41' title="bbox 460 4034 2052 4110">
     <span class='ocr_line' id='line_1_41' title="bbox 460 4034 2052 4110; baseline 0.006 -25"><span class='ocrx_word' id='word_1_349' title='bbox 460 4047 491 4085; x_wconf 74' lang='grc' dir='ltr'><strong><em>τι</em></strong></span> <span class='ocrx_word' id='word_1_350' title='bbox 519 4034 719 4100; x_wconf 83' lang='lat' dir='ltr'><strong>seipse,</strong></span> <span class='ocrx_word' id='word_1_351' title='bbox 739 4035 832 4089; x_wconf 74' lang='lat' dir='ltr'><strong>Sed</strong></span> <span class='ocrx_word' id='word_1_352' title='bbox 850 4035 989 4105; x_wconf 91' lang='lat' dir='ltr'><strong>quod</strong></span> <span class='ocrx_word' id='word_1_353' title='bbox 1015 4038 1275 4104; x_wconf 85' lang='lat' dir='ltr'><strong>sequitur,</strong></span> <span class='ocrx_word' id='word_1_354' title='bbox 1295 4053 1328 4087; x_wconf 88' lang='lat' dir='ltr'><strong>a</strong></span> <span class='ocrx_word' id='word_1_355' title='bbox 1345 4038 1474 4106; x_wconf 77' lang='lat' dir='ltr'><strong>facie</strong></span> <span class='ocrx_word' id='word_1_356' title='bbox 1497 4035 1596 4088; x_wconf 89' lang='lat' dir='ltr'><strong>Dei</strong></span> <span class='ocrx_word' id='word_1_357' title='bbox 1619 4035 1824 4104; x_wconf 87' lang='lat' dir='ltr'><strong>Israel;</strong></span> <span class='ocrx_word' id='word_1_358' title='bbox 1852 4039 1920 4094; x_wconf 88' lang='lat' dir='ltr'><strong>de</strong></span> <span class='ocrx_word' id='word_1_359' title='bbox 1944 4053 2052 4110; x_wconf 90' lang='lat' dir='ltr'><strong>quo</strong></span> 
     </span>
    </p>
   </div>
   <div class='ocr_carea' id='block_1_42' title="bbox 455 4123 2050 4201">
    <p class='ocr_par' dir='ltr' id='par_1_42' title="bbox 455 4123 2050 4201">
     <span class='ocr_line' id='line_1_42' title="bbox 455 4123 2050 4201; baseline 0.005 -23"><span class='ocrx_word' id='word_1_360' title='bbox 455 4123 576 4193; x_wconf 83' lang='lat' dir='ltr'><strong>ipse</strong></span> <span class='ocrx_word' id='word_1_361' title='bbox 602 4125 764 4189; x_wconf 88' lang='lat' dir='ltr'><strong>dicit,</strong></span> <span class='ocrx_word' id='word_1_362' title='bbox 800 4125 864 4178; x_wconf 84' lang='lat' dir='ltr'><strong>Et</strong></span> <span class='ocrx_word' id='word_1_363' title='bbox 887 4143 1040 4196; x_wconf 83' lang='lat' dir='ltr'><strong>super</strong></span> <span class='ocrx_word' id='word_1_364' title='bbox 1083 4126 1251 4180; x_wconf 82' lang='lat' dir='ltr'><strong>Israel</strong></span> <span class='ocrx_word' id='word_1_365' title='bbox 1295 4126 1391 4180; x_wconf 80' lang='lat' dir='ltr'><strong>Dei</strong></span> <span class='ocrx_word' id='word_1_366' title='bbox 1437 4127 1576 4198; x_wconf 76' lang='lat' dir='ltr'><strong>(Gal.</strong></span> <span class='ocrx_word' id='word_1_367' title='bbox 1607 4145 1660 4183; x_wconf 77' lang='lat' dir='ltr'><strong>Vt</strong></span> <span class='ocrx_word' id='word_1_368' title='bbox 1685 4170 1700 4194; x_wconf 94' lang='lat'><strong>,</strong></span> <span class='ocrx_word' id='word_1_369' title='bbox 1729 4130 1818 4200; x_wconf 83' lang='grc'><strong>16)</strong></span> <span class='ocrx_word' id='word_1_370' title='bbox 1847 4130 1916 4186; x_wconf 89' lang='lat' dir='ltr'><strong>de</strong></span> <span class='ocrx_word' id='word_1_371' title='bbox 1944 4147 2050 4201; x_wconf 88' lang='lat' dir='ltr'><strong>quo</strong></span> 
     </span>
    </p>
   </div>
   <div class='ocr_carea' id='block_1_43' title="bbox 455 4211 2049 4286">
    <p class='ocr_par' dir='ltr' id='par_1_43' title="bbox 455 4211 2049 4286">
     <span class='ocr_line' id='line_1_43' title="bbox 455 4211 2049 4286; baseline 0.004 -18"><span class='ocrx_word' id='word_1_372' title='bbox 455 4211 716 4270; x_wconf 85' lang='lat' dir='ltr'><strong>Dominus</strong></span> <span class='ocrx_word' id='word_1_373' title='bbox 743 4215 907 4282; x_wconf 89' lang='lat' dir='ltr'><strong>dicit,</strong></span> <span class='ocrx_word' id='word_1_374' title='bbox 945 4216 1080 4270; x_wconf 85' lang='lat' dir='ltr'><strong>Ecce</strong></span> <span class='ocrx_word' id='word_1_375' title='bbox 1103 4233 1214 4270; x_wconf 77' lang='lat' dir='ltr'><strong>vere</strong></span> <span class='ocrx_word' id='word_1_376' title='bbox 1240 4216 1477 4271; x_wconf 83' lang='lat' dir='ltr'><strong>Israelita</strong></span> <span class='ocrx_word' id='word_1_377' title='bbox 1498 4260 1515 4285; x_wconf 93' lang='lat'><strong>,</strong></span> <span class='ocrx_word' id='word_1_378' title='bbox 1547 4220 1599 4272; x_wconf 81' lang='lat' dir='ltr'><strong>in</strong></span> <span class='ocrx_word' id='word_1_379' title='bbox 1644 4235 1744 4286; x_wconf 84' lang='lat' dir='ltr'><strong>quo</strong></span> <span class='ocrx_word' id='word_1_380' title='bbox 1771 4219 1920 4274; x_wconf 84' lang='lat' dir='ltr'><strong>dolus</strong></span> <span class='ocrx_word' id='word_1_381' title='bbox 1946 4237 2049 4274; x_wconf 85' lang='lat' dir='ltr'><strong>non</strong></span> 
     </span>
    </p>
   </div>
   <div class='ocr_carea' id='block_1_44' title="bbox 453 4303 2047 4378">
    <p class='ocr_par' dir='ltr' id='par_1_44' title="bbox 453 4303 2047 4378">
     <span class='ocr_line' id='line_1_44' title="bbox 453 4303 2047 4378; baseline 0.003 -19"><span class='ocrx_word' id='word_1_382' title='bbox 453 4312 530 4359; x_wconf 86' lang='lat' dir='ltr'><strong>est</strong></span> <span class='ocrx_word' id='word_1_383' title='bbox 570 4303 748 4375; x_wconf 80' lang='lat' dir='ltr'><strong>(Joan.</strong></span> <span class='ocrx_word' id='word_1_384' title='bbox 792 4320 844 4368; x_wconf 90' lang='lat' dir='ltr'><strong>t,</strong></span> <span class='ocrx_word' id='word_1_385' title='bbox 891 4305 1008 4378; x_wconf 83' lang='grc'><strong>47).</strong></span> <span class='ocrx_word' id='word_1_386' title='bbox 1054 4305 1205 4361; x_wconf 80' lang='lat' dir='ltr'><strong>lianc</strong></span> <span class='ocrx_word' id='word_1_387' title='bbox 1243 4321 1374 4378; x_wconf 84' lang='lat' dir='ltr'><strong>ergo</strong></span> <span class='ocrx_word' id='word_1_388' title='bbox 1415 4307 1647 4376; x_wconf 81' lang='lat' dir='ltr'><strong>pluviam</strong></span> <span class='ocrx_word' id='word_1_389' title='bbox 1693 4309 2047 4364; x_wconf 79' lang='lat' dir='ltr'><strong>voluntariam</strong></span> 
     </span>
    </p>
   </div>
   <div class='ocr_carea' id='block_1_45' title="bbox 452 4395 2045 4472">
    <p class='ocr_par' dir='ltr' id='par_1_45' title="bbox 452 4395 2045 4472">
     <span class='ocr_line' id='line_1_45' title="bbox 452 4395 2045 4472; baseline 0.004 -22"><span class='ocrx_word' id='word_1_390' title='bbox 452 4396 614 4451; x_wconf 90' lang='lat' dir='ltr'><strong>nullis</strong></span> <span class='ocrx_word' id='word_1_391' title='bbox 645 4395 1067 4466; x_wconf 65' lang='lat' dir='ltr'><strong>praecedentibus</strong></span> <span class='ocrx_word' id='word_1_392' title='bbox 1094 4399 1299 4454; x_wconf 89' lang='lat' dir='ltr'><strong>meritis</strong></span> <span class='ocrx_word' id='word_1_393' title='bbox 1325 4413 1544 4469; x_wconf 89' lang='lat' dir='ltr'><strong>operum</strong></span> <span class='ocrx_word' id='word_1_394' title='bbox 1574 4401 1832 4454; x_wconf 84' lang='lat' dir='ltr'><strong>bonorum</strong></span> <span class='ocrx_word' id='word_1_395' title='bbox 1861 4415 2045 4472; x_wconf 84' lang='lat' dir='ltr'><strong>segre-</strong></span> 
     </span>
    </p>
   </div>
   <div class='ocr_carea' id='block_1_46' title="bbox 450 4488 2047 4562">
    <p class='ocr_par' dir='ltr' id='par_1_46' title="bbox 450 4488 2047 4562">
     <span class='ocr_line' id='line_1_46' title="bbox 450 4488 2047 4562; baseline 0.003 -20"><span class='ocrx_word' id='word_1_396' title='bbox 450 4489 595 4558; x_wconf 85' lang='lat' dir='ltr'><strong>gavit</strong></span> <span class='ocrx_word' id='word_1_397' title='bbox 623 4488 763 4544; x_wconf 86' lang='lat' dir='ltr'><strong>Deus</strong></span> <span class='ocrx_word' id='word_1_398' title='bbox 788 4488 1083 4545; x_wconf 71' lang='lat' dir='ltr'><strong>haereditati</strong></span> <span class='ocrx_word' id='word_1_399' title='bbox 1124 4505 1258 4544; x_wconf 64' lang='lat' dir='ltr'><strong>suae.</strong></span> <span class='ocrx_word' id='word_1_400' title='bbox 1289 4489 1360 4544; x_wconf 86' lang='lat' dir='ltr'><strong>Et</strong></span> <span class='ocrx_word' id='word_1_401' title='bbox 1391 4493 1653 4558; x_wconf 77' lang='lat' dir='ltr'><strong>inﬁrmata</strong></span> <span class='ocrx_word' id='word_1_402' title='bbox 1687 4501 1780 4544; x_wconf 87' lang='lat' dir='ltr'><strong>est.</strong></span> <span class='ocrx_word' id='word_1_403' title='bbox 1819 4493 2047 4562; x_wconf 80' lang='lat' dir='ltr'><strong>Agnovit</strong></span> 
     </span>
    </p>
   </div>
   <div class='ocr_carea' id='block_1_47' title="bbox 449 4581 2046 4652">
    <p class='ocr_par' dir='ltr' id='par_1_47' title="bbox 449 4581 2046 4652">
     <span class='ocr_line' id='line_1_47' title="bbox 449 4581 2046 4652; baseline 0.001 -16"><span class='ocrx_word' id='word_1_404' title='bbox 449 4581 594 4636; x_wconf 88' lang='lat' dir='ltr'><strong>enim</strong></span> <span class='ocrx_word' id='word_1_405' title='bbox 637 4597 742 4636; x_wconf 91' lang='lat' dir='ltr'><strong>non</strong></span> <span class='ocrx_word' id='word_1_406' title='bbox 769 4596 890 4638; x_wconf 88' lang='lat' dir='ltr'><strong>esse</strong></span> <span class='ocrx_word' id='word_1_407' title='bbox 915 4596 974 4637; x_wconf 86' lang='lat' dir='ltr'><strong>se</strong></span> <span class='ocrx_word' id='word_1_408' title='bbox 1001 4582 1198 4652; x_wconf 89' lang='lat' dir='ltr'><strong>aliquid</strong></span> <span class='ocrx_word' id='word_1_409' title='bbox 1247 4596 1342 4651; x_wconf 87' lang='lat' dir='ltr'><strong>per</strong></span> <span class='ocrx_word' id='word_1_410' title='bbox 1376 4582 1648 4651; x_wconf 86' lang='lat' dir='ltr'><strong>seipsum;</strong></span> <span class='ocrx_word' id='word_1_411' title='bbox 1695 4598 1799 4636; x_wconf 89' lang='lat' dir='ltr'><strong>non</strong></span> <span class='ocrx_word' id='word_1_412' title='bbox 1841 4583 2046 4638; x_wconf 85' lang='lat' dir='ltr'><strong>viribus</strong></span> 
     </span>
    </p>
   </div>
   <div class='ocr_carea' id='block_1_48' title="bbox 447 4672 2042 4746">
    <p class='ocr_par' dir='ltr' id='par_1_48' title="bbox 447 4672 2042 4746">
     <span class='ocr_line' id='line_1_48' title="bbox 447 4672 2042 4746; baseline 0.003 -20"><span class='ocrx_word' id='word_1_413' title='bbox 447 4673 579 4737; x_wconf 85' lang='lat' dir='ltr'><strong>suis,</strong></span> <span class='ocrx_word' id='word_1_414' title='bbox 613 4672 707 4728; x_wconf 80' lang='lat' dir='ltr'><strong>sed</strong></span> <span class='ocrx_word' id='word_1_415' title='bbox 736 4675 920 4744; x_wconf 71' lang='lat' dir='ltr'><strong>gratia:</strong></span> <span class='ocrx_word' id='word_1_416' title='bbox 949 4674 1040 4729; x_wconf 86' lang='lat' dir='ltr'><strong>Dei</strong></span> <span class='ocrx_word' id='word_1_417' title='bbox 1065 4674 1404 4729; x_wconf 88' lang='lat' dir='ltr'><strong>tribuendum</strong></span> <span class='ocrx_word' id='word_1_418' title='bbox 1430 4689 1552 4731; x_wconf 87' lang='lat' dir='ltr'><strong>esse</strong></span> <span class='ocrx_word' id='word_1_419' title='bbox 1575 4675 1716 4744; x_wconf 87' lang='lat' dir='ltr'><strong>quod</strong></span> <span class='ocrx_word' id='word_1_420' title='bbox 1747 4686 1848 4730; x_wconf 90' lang='lat' dir='ltr'><strong>est.</strong></span> <span class='ocrx_word' id='word_1_421' title='bbox 1872 4677 2042 4746; x_wconf 81' lang='lat' dir='ltr'><strong>Agno-</strong></span> 
     </span>
    </p>
   </div>
   <div class='ocr_carea' id='block_1_49' title="bbox 446 4763 2043 4838">
    <p class='ocr_par' dir='ltr' id='par_1_49' title="bbox 446 4763 2043 4838">
     <span class='ocr_line' id='line_1_49' title="bbox 446 4763 2043 4838; baseline 0.006 -25"><span class='ocrx_word' id='word_1_422' title='bbox 446 4763 524 4817; x_wconf 82' lang='lat' dir='ltr'><strong>vit</strong></span> <span class='ocrx_word' id='word_1_423' title='bbox 561 4765 701 4829; x_wconf 85' lang='lat' dir='ltr'><strong>quod</strong></span> <span class='ocrx_word' id='word_1_424' title='bbox 727 4765 926 4819; x_wconf 85' lang='lat' dir='ltr'><strong>dictum</strong></span> <span class='ocrx_word' id='word_1_425' title='bbox 967 4774 1090 4820; x_wconf 89' lang='lat' dir='ltr'><strong>est:</strong></span> <span class='ocrx_word' id='word_1_426' title='bbox 1121 4765 1190 4818; x_wconf 81' lang='lat' dir='ltr'><strong>In</strong></span> <span class='ocrx_word' id='word_1_427' title='bbox 1220 4763 1600 4833; x_wconf 74' lang='lat' dir='ltr'><strong>infirmitatibus</strong></span> <span class='ocrx_word' id='word_1_428' title='bbox 1627 4767 1753 4820; x_wconf 84' lang='lat' dir='ltr'><strong>meis</strong></span> <span class='ocrx_word' id='word_1_429' title='bbox 1788 4768 2043 4838; x_wconf 84' lang='lat' dir='ltr'><strong>gloriabor</strong></span> 
     </span>
    </p>
   </div>
   <div class='ocr_carea' id='block_1_50' title="bbox 447 4850 2041 4924">
    <p class='ocr_par' dir='ltr' id='par_1_50' title="bbox 447 4850 2041 4924">
     <span class='ocr_line' id='line_1_50' title="bbox 447 4850 2041 4924; baseline 0.002 -16"><span class='ocrx_word' id='word_1_430' title='bbox 447 4851 517 4922; x_wconf 85' lang='lat' dir='ltr'><strong>(ll</strong></span> <span class='ocrx_word' id='word_1_431' title='bbox 546 4850 665 4908; x_wconf 87' lang='lat' dir='ltr'><strong>Cor.</strong></span> <span class='ocrx_word' id='word_1_432' title='bbox 697 4869 795 4920; x_wconf 87' lang='lat' dir='ltr'><strong>xu,</strong></span> <span class='ocrx_word' id='word_1_433' title='bbox 822 4853 900 4921; x_wconf 86' lang='lat'><strong>9).</strong></span> <span class='ocrx_word' id='word_1_434' title='bbox 931 4855 1159 4924; x_wconf 79' lang='lat' dir='ltr'><strong>Agnovit</strong></span> <span class='ocrx_word' id='word_1_435' title='bbox 1183 4854 1326 4924; x_wconf 92' lang='lat' dir='ltr'><strong>quod</strong></span> <span class='ocrx_word' id='word_1_436' title='bbox 1350 4855 1551 4910; x_wconf 88' lang='lat' dir='ltr'><strong>dictum</strong></span> <span class='ocrx_word' id='word_1_437' title='bbox 1578 4863 1698 4910; x_wconf 88' lang='lat' dir='ltr'><strong>est:</strong></span> <span class='ocrx_word' id='word_1_438' title='bbox 1731 4854 1857 4910; x_wconf 85' lang='lat' dir='ltr'><strong>Noli</strong></span> <span class='ocrx_word' id='word_1_439' title='bbox 1879 4857 2041 4912; x_wconf 87' lang='lat' dir='ltr'><strong>altum</strong></span> 
     </span>
    </p>
   </div>
   <div class='ocr_carea' id='block_1_51' title="bbox 445 4944 2039 5020">
    <p class='ocr_par' dir='ltr' id='par_1_51' title="bbox 445 4944 2039 5020">
     <span class='ocr_line' id='line_1_51' title="bbox 445 4944 2039 5020; baseline 0.004 -22"><span class='ocrx_word' id='word_1_440' title='bbox 445 4959 644 5014; x_wconf 81' lang='lat' dir='ltr'><strong>sapere,</strong></span> <span class='ocrx_word' id='word_1_441' title='bbox 673 4944 763 4998; x_wconf 82' lang='lat' dir='ltr'><strong>sed</strong></span> <span class='ocrx_word' id='word_1_442' title='bbox 796 4945 915 4997; x_wconf 89' lang='lat' dir='ltr'><strong>time</strong></span> <span class='ocrx_word' id='word_1_443' title='bbox 941 4944 961 5015; x_wconf 92' lang='lat'><strong>(</strong></span> <span class='ocrx_word' id='word_1_444' title='bbox 971 4945 1118 5020; x_wconf 83' lang='lat' dir='ltr'><strong>Rom.</strong></span> <span class='ocrx_word' id='word_1_445' title='bbox 1152 4961 1206 4999; x_wconf 87' lang='lat' dir='ltr'><strong>xt</strong></span> <span class='ocrx_word' id='word_1_446' title='bbox 1228 4988 1243 5011; x_wconf 94' lang='lat'><strong>,</strong></span> <span class='ocrx_word' id='word_1_447' title='bbox 1270 4946 1385 5015; x_wconf 74' lang='lat'><strong>20).</strong></span> <span class='ocrx_word' id='word_1_448' title='bbox 1417 4947 1650 5016; x_wconf 81' lang='lat' dir='ltr'><strong>Agnovit</strong></span> <span class='ocrx_word' id='word_1_449' title='bbox 1670 4947 1812 5016; x_wconf 90' lang='lat' dir='ltr'><strong>quod</strong></span> <span class='ocrx_word' id='word_1_450' title='bbox 1837 4949 2039 5005; x_wconf 90' lang='lat' dir='ltr'><strong>dictum</strong></span> 
     </span>
    </p>
   </div>
   <div class='ocr_carea' id='block_1_52' title="bbox 442 5033 2040 5108">
    <p class='ocr_par' dir='ltr' id='par_1_52' title="bbox 442 5033 2040 5108">
     <span class='ocr_line' id='line_1_52' title="bbox 442 5033 2040 5108; baseline 0.003 -19"><span class='ocrx_word' id='word_1_451' title='bbox 442 5045 566 5089; x_wconf 74' lang='lat' dir='ltr'><strong>est:</strong></span> <span class='ocrx_word' id='word_1_452' title='bbox 602 5033 896 5089; x_wconf 82' lang='lat' dir='ltr'><strong>Ilumilibus</strong></span> <span class='ocrx_word' id='word_1_453' title='bbox 922 5045 1085 5088; x_wconf 85' lang='lat' dir='ltr'><strong>autem</strong></span> <span class='ocrx_word' id='word_1_454' title='bbox 1120 5037 1207 5089; x_wconf 89' lang='lat' dir='ltr'><strong>dat</strong></span> <span class='ocrx_word' id='word_1_455' title='bbox 1233 5038 1449 5106; x_wconf 82' lang='lat' dir='ltr'><strong>gratiam</strong></span> <span class='ocrx_word' id='word_1_456' title='bbox 1489 5035 1694 5106; x_wconf 81' lang='lat' dir='ltr'><strong>(Jacobi</strong></span> <span class='ocrx_word' id='word_1_457' title='bbox 1737 5053 1824 5104; x_wconf 79' lang='lat' dir='ltr'><strong>tv,</strong></span> <span class='ocrx_word' id='word_1_458' title='bbox 1857 5039 1935 5108; x_wconf 86' lang='lat'><strong>6).</strong></span> <span class='ocrx_word' id='word_1_459' title='bbox 1971 5038 2040 5094; x_wconf 79' lang='lat' dir='ltr'><strong>Et</strong></span> 
     </span>
    </p>
   </div>
   <div class='ocr_carea' id='block_1_53' title="bbox 444 5123 2036 5197">
    <p class='ocr_par' dir='ltr' id='par_1_53' title="bbox 444 5123 2036 5197">
     <span class='ocr_line' id='line_1_53' title="bbox 444 5123 2036 5197; baseline 0.004 -20"><span class='ocrx_word' id='word_1_460' title='bbox 444 5123 702 5192; x_wconf 81' lang='lat' dir='ltr'><strong>inﬁrmata</strong></span> <span class='ocrx_word' id='word_1_461' title='bbox 726 5133 828 5190; x_wconf 85' lang='lat' dir='ltr'><strong>est;</strong></span> <span class='ocrx_word' id='word_1_462' title='bbox 859 5134 913 5177; x_wconf 90' lang='lat' dir='ltr'><strong>tu</strong></span> <span class='ocrx_word' id='word_1_463' title='bbox 937 5140 1052 5177; x_wconf 80' lang='lat' dir='ltr'><strong>vero</strong></span> <span class='ocrx_word' id='word_1_464' title='bbox 1088 5127 1336 5197; x_wconf 76' lang='lat' dir='ltr'><strong>perfecisti</strong></span> <span class='ocrx_word' id='word_1_465' title='bbox 1358 5143 1468 5179; x_wconf 88' lang='lat' dir='ltr'><strong>eam</strong></span> <span class='ocrx_word' id='word_1_466' title='bbox 1492 5141 1511 5180; x_wconf 91' lang='lat'><em>:</em></span> <span class='ocrx_word' id='word_1_467' title='bbox 1540 5126 1662 5197; x_wconf 87' lang='lat' dir='ltr'><strong>quia</strong></span> <span class='ocrx_word' id='word_1_468' title='bbox 1691 5127 1850 5182; x_wconf 76' lang='lat' dir='ltr'><strong>uirtus</strong></span> <span class='ocrx_word' id='word_1_469' title='bbox 1875 5130 1928 5183; x_wconf 82' lang='lat' dir='ltr'><strong>in</strong></span> <span class='ocrx_word' id='word_1_470' title='bbox 1951 5133 2036 5184; x_wconf 80' lang='lat' dir='ltr'><strong>iu—</strong></span> 
     </span>
    </p>
   </div>
   <div class='ocr_carea' id='block_1_54' title="bbox 442 5215 2038 5287">
    <p class='ocr_par' dir='ltr' id='par_1_54' title="bbox 442 5215 2038 5287">
     <span class='ocr_line' id='line_1_54' title="bbox 442 5215 2038 5287; baseline 0.006 -21"><span class='ocrx_word' id='word_1_471' title='bbox 442 5215 685 5283; x_wconf 71' lang='lat' dir='ltr'><strong>ﬁrmitate</strong></span> <span class='ocrx_word' id='word_1_472' title='bbox 708 5215 967 5284; x_wconf 81' lang='lat' dir='ltr'><strong>perﬁcitur</strong></span> <span class='ocrx_word' id='word_1_473' title='bbox 997 5217 1060 5286; x_wconf 92' lang='lat' dir='ltr'><strong>(ll</strong></span> <span class='ocrx_word' id='word_1_474' title='bbox 1091 5215 1209 5271; x_wconf 88' lang='lat' dir='ltr'><strong>Cor.</strong></span> <span class='ocrx_word' id='word_1_475' title='bbox 1242 5233 1318 5271; x_wconf 84' lang='lat' dir='ltr'><strong>xu</strong></span> <span class='ocrx_word' id='word_1_476' title='bbox 1343 5260 1358 5283; x_wconf 92' lang='lat'><strong>,</strong></span> <span class='ocrx_word' id='word_1_477' title='bbox 1384 5218 1461 5287; x_wconf 86' lang='lat'><strong>9).</strong></span> <span class='ocrx_word' id='word_1_478' title='bbox 1485 5217 1708 5285; x_wconf 85' lang='lat' dir='ltr'><strong>Quidam</strong></span> <span class='ocrx_word' id='word_1_479' title='bbox 1735 5233 1866 5276; x_wconf 83' lang='lat' dir='ltr'><strong>sane</strong></span> <span class='ocrx_word' id='word_1_480' title='bbox 1889 5221 2038 5276; x_wconf 91' lang='lat' dir='ltr'><strong>codi-</strong></span> 
     </span>
    </p>
   </div>
   <div class='ocr_carea' id='block_1_55' title="bbox 439 5303 2036 5378">
    <p class='ocr_par' dir='ltr' id='par_1_55' title="bbox 439 5303 2036 5378">
     <span class='ocr_line' id='line_1_55' title="bbox 439 5303 2036 5378; baseline 0.004 -19"><span class='ocrx_word' id='word_1_481' title='bbox 439 5303 551 5368; x_wconf 73' lang='lat' dir='ltr'><strong>ces.</strong></span> <span class='ocrx_word' id='word_1_482' title='bbox 579 5315 635 5362; x_wconf 89' lang='lat' dir='ltr'><strong>et</strong></span> <span class='ocrx_word' id='word_1_483' title='bbox 663 5307 809 5362; x_wconf 89' lang='lat' dir='ltr'><strong>latini</strong></span> <span class='ocrx_word' id='word_1_484' title='bbox 842 5318 896 5363; x_wconf 92' lang='lat' dir='ltr'><strong>et</strong></span> <span class='ocrx_word' id='word_1_485' title='bbox 919 5310 1102 5378; x_wconf 77' lang='lat' dir='ltr'><strong>grzcci,</strong></span> <span class='ocrx_word' id='word_1_486' title='bbox 1133 5324 1236 5360; x_wconf 87' lang='lat' dir='ltr'><strong>non</strong></span> <span class='ocrx_word' id='word_1_487' title='bbox 1267 5307 1482 5371; x_wconf 89' lang='lat' dir='ltr'><strong>habent,</strong></span> <span class='ocrx_word' id='word_1_488' title='bbox 1518 5326 1661 5363; x_wconf 83' lang='lat' dir='ltr'><strong>mons</strong></span> <span class='ocrx_word' id='word_1_489' title='bbox 1692 5309 1858 5376; x_wconf 86' lang='lat' dir='ltr'><strong>Sina;</strong></span> <span class='ocrx_word' id='word_1_490' title='bbox 1887 5311 1980 5366; x_wconf 89' lang='lat' dir='ltr'><strong>sed</strong></span> <span class='ocrx_word' id='word_1_491' title='bbox 2003 5329 2036 5366; x_wconf 90' lang='lat' dir='ltr'><strong>a</strong></span> 
     </span>
    </p>
   </div>
   <div class='ocr_carea' id='block_1_56' title="bbox 439 5401 2032 5472">
    <p class='ocr_par' dir='ltr' id='par_1_56' title="bbox 439 5401 2032 5472">
     <span class='ocr_line' id='line_1_56' title="bbox 439 5401 2032 5472; baseline 0.004 -18"><span class='ocrx_word' id='word_1_492' title='bbox 439 5403 574 5471; x_wconf 80' lang='lat' dir='ltr'><strong>facie</strong></span> <span class='ocrx_word' id='word_1_493' title='bbox 599 5401 696 5456; x_wconf 87' lang='lat' dir='ltr'><strong>Dei</strong></span> <span class='ocrx_word' id='word_1_494' title='bbox 726 5403 887 5465; x_wconf 78' lang='lat' dir='ltr'><strong>Sina,</strong></span> <span class='ocrx_word' id='word_1_495' title='bbox 914 5421 946 5458; x_wconf 91' lang='lat' dir='ltr'><strong>a</strong></span> <span class='ocrx_word' id='word_1_496' title='bbox 974 5404 1104 5472; x_wconf 78' lang='lat' dir='ltr'><strong>facie</strong></span> <span class='ocrx_word' id='word_1_497' title='bbox 1133 5404 1225 5458; x_wconf 86' lang='lat' dir='ltr'><strong>Dei</strong></span> <span class='ocrx_word' id='word_1_498' title='bbox 1245 5404 1428 5458; x_wconf 81' lang='lat' dir='ltr'><strong>Israel.</strong></span> <span class='ocrx_word' id='word_1_499' title='bbox 1457 5406 1510 5460; x_wconf 92' lang='lat' dir='ltr'><strong>ld</strong></span> <span class='ocrx_word' id='word_1_500' title='bbox 1536 5415 1622 5460; x_wconf 92' lang='lat' dir='ltr'><strong>est</strong></span> <span class='ocrx_word' id='word_1_501' title='bbox 1639 5448 1654 5472; x_wconf 91' lang='lat'><strong>,</strong></span> <span class='ocrx_word' id='word_1_502' title='bbox 1676 5407 1790 5460; x_wconf 72' lang='lat' dir='ltr'><strong>caeli</strong></span> <span class='ocrx_word' id='word_1_503' title='bbox 1810 5406 2032 5462; x_wconf 85' lang='lat' dir='ltr'><strong>distilla-</strong></span> 
     </span>
    </p>
   </div>
   <div class='ocr_carea' id='block_1_57' title="bbox 437 5495 2034 5568">
    <p class='ocr_par' dir='ltr' id='par_1_57' title="bbox 437 5495 2034 5568">
     <span class='ocr_line' id='line_1_57' title="bbox 437 5495 2034 5568; baseline 0.007 -22"><span class='ocrx_word' id='word_1_504' title='bbox 437 5506 614 5547; x_wconf 72' lang='lat' dir='ltr'><strong>eerunt</strong></span> <span class='ocrx_word' id='word_1_505' title='bbox 634 5513 666 5548; x_wconf 92' lang='lat' dir='ltr'><strong>a</strong></span> <span class='ocrx_word' id='word_1_506' title='bbox 699 5498 830 5566; x_wconf 82' lang='lat' dir='ltr'><strong>facie</strong></span> <span class='ocrx_word' id='word_1_507' title='bbox 855 5495 950 5550; x_wconf 86' lang='lat' dir='ltr'><strong>Dei</strong></span> <span class='ocrx_word' id='word_1_508' title='bbox 979 5513 998 5550; x_wconf 91' lang='lat'><strong><em>:</em></strong></span> <span class='ocrx_word' id='word_1_509' title='bbox 1024 5508 1078 5552; x_wconf 91' lang='lat' dir='ltr'><strong>et</strong></span> <span class='ocrx_word' id='word_1_510' title='bbox 1097 5500 1245 5568; x_wconf 85' lang='lat' dir='ltr'><strong>quasi</strong></span> <span class='ocrx_word' id='word_1_511' title='bbox 1277 5507 1608 5567; x_wconf 76' lang='lat' dir='ltr'><strong>quaereretur</strong></span> <span class='ocrx_word' id='word_1_512' title='bbox 1647 5501 1800 5568; x_wconf 85' lang='lat' dir='ltr'><strong>cujus</strong></span> <span class='ocrx_word' id='word_1_513' title='bbox 1840 5501 1967 5566; x_wconf 87' lang='lat' dir='ltr'><strong>Dei;</strong></span> <span class='ocrx_word' id='word_1_514' title='bbox 2001 5520 2034 5556; x_wconf 88' lang='lat' dir='ltr'><strong>a</strong></span> 
     </span>
    </p>
   </div>
   <div class='ocr_carea' id='block_1_58' title="bbox 437 5585 2033 5660">
    <p class='ocr_par' dir='ltr' id='par_1_58' title="bbox 437 5585 2033 5660">
     <span class='ocr_line' id='line_1_58' title="bbox 437 5585 2033 5660; baseline 0.006 -21"><span class='ocrx_word' id='word_1_515' title='bbox 437 5587 570 5656; x_wconf 75' lang='lat' dir='ltr'><strong>[acie</strong></span> <span class='ocrx_word' id='word_1_516' title='bbox 589 5585 707 5650; x_wconf 88' lang='lat' dir='ltr'><strong>Dei,</strong></span> <span class='ocrx_word' id='word_1_517' title='bbox 738 5589 935 5656; x_wconf 87' lang='lat' dir='ltr'><strong>inquit,</strong></span> <span class='ocrx_word' id='word_1_518' title='bbox 971 5589 1118 5650; x_wconf 83' lang='lat' dir='ltr'><strong>Sina,</strong></span> <span class='ocrx_word' id='word_1_519' title='bbox 1142 5608 1174 5642; x_wconf 88' lang='lat' dir='ltr'><strong>a</strong></span> <span class='ocrx_word' id='word_1_520' title='bbox 1203 5591 1334 5660; x_wconf 80' lang='lat' dir='ltr'><strong>[acie</strong></span> <span class='ocrx_word' id='word_1_521' title='bbox 1359 5589 1456 5644; x_wconf 86' lang='lat' dir='ltr'><strong>Dei</strong></span> <span class='ocrx_word' id='word_1_522' title='bbox 1482 5590 1684 5657; x_wconf 87' lang='lat' dir='ltr'><strong>Israel;</strong></span> <span class='ocrx_word' id='word_1_523' title='bbox 1709 5592 1759 5646; x_wconf 92' lang='lat' dir='ltr'><strong>id</strong></span> <span class='ocrx_word' id='word_1_524' title='bbox 1785 5603 1863 5647; x_wconf 89' lang='lat' dir='ltr'><strong>est</strong></span> <span class='ocrx_word' id='word_1_525' title='bbox 1894 5608 1922 5647; x_wconf 89' lang='lat' dir='ltr'><strong>a</strong></span> <span class='ocrx_word' id='word_1_526' title='bbox 1949 5593 2033 5648; x_wconf 80' lang='lat' dir='ltr'><strong>fa-</strong></span> 
     </span>
    </p>
   </div>
   <div class='ocr_carea' id='block_1_59' title="bbox 436 5671 2032 5755">
    <p class='ocr_par' dir='ltr' id='par_1_59' title="bbox 436 5671 2032 5755">
     <span class='ocr_line' id='line_1_59' title="bbox 436 5671 2032 5755; baseline 0.004 -25"><span class='ocrx_word' id='word_1_527' title='bbox 436 5675 522 5731; x_wconf 81' lang='lat' dir='ltr'><strong>cie</strong></span> <span class='ocrx_word' id='word_1_528' title='bbox 552 5678 643 5732; x_wconf 87' lang='lat' dir='ltr'><strong>Dei</strong></span> <span class='ocrx_word' id='word_1_529' title='bbox 686 5680 774 5747; x_wconf 89' lang='lat' dir='ltr'><strong>qui</strong></span> <span class='ocrx_word' id='word_1_530' title='bbox 806 5681 1000 5750; x_wconf 83' lang='lat' dir='ltr'><strong>Legem</strong></span> <span class='ocrx_word' id='word_1_531' title='bbox 1030 5680 1176 5734; x_wconf 87' lang='lat' dir='ltr'><strong>dedit</strong></span> <span class='ocrx_word' id='word_1_532' title='bbox 1221 5682 1421 5751; x_wconf 87' lang='lat' dir='ltr'><strong>populo</strong></span> <span class='ocrx_word' id='word_1_533' title='bbox 1452 5681 1633 5736; x_wconf 88' lang='lat' dir='ltr'><strong>Israel.</strong></span> <span class='ocrx_word' id='word_1_534' title='bbox 1682 5671 1860 5749; x_wconf 77' lang='lat' dir='ltr'><strong>Quare</strong></span> <span class='ocrx_word' id='word_1_535' title='bbox 1899 5699 2032 5755; x_wconf 83' lang='lat' dir='ltr'><strong>ergo</strong></span> 
     </span>
    </p>
   </div>
   <div class='ocr_carea' id='block_1_60' title="bbox 444 5767 2028 5844">
    <p class='ocr_par' dir='ltr' id='par_1_60' title="bbox 444 5767 2028 5844">
     <span class='ocr_line' id='line_1_60' title="bbox 444 5767 2028 5844; baseline 0.006 -22"><span class='ocrx_word' id='word_1_536' title='bbox 444 5767 553 5822; x_wconf 62' lang='lat' dir='ltr'><strong>cadi</strong></span> <span class='ocrx_word' id='word_1_537' title='bbox 589 5767 958 5824; x_wconf 75' lang='lat' dir='ltr'><strong>distillarerunt</strong></span> <span class='ocrx_word' id='word_1_538' title='bbox 977 5788 1008 5823; x_wconf 90' lang='lat' dir='ltr'><strong>a</strong></span> <span class='ocrx_word' id='word_1_539' title='bbox 1030 5772 1162 5841; x_wconf 79' lang='lat' dir='ltr'><strong>facie</strong></span> <span class='ocrx_word' id='word_1_540' title='bbox 1185 5770 1319 5840; x_wconf 88' lang='lat' dir='ltr'><strong>Dei,</strong></span> <span class='ocrx_word' id='word_1_541' title='bbox 1359 5787 1388 5827; x_wconf 91' lang='lat' dir='ltr'><strong>a</strong></span> <span class='ocrx_word' id='word_1_542' title='bbox 1416 5771 1550 5830; x_wconf 77' lang='lat' dir='ltr'><strong>facie</strong></span> <span class='ocrx_word' id='word_1_543' title='bbox 1576 5771 1731 5844; x_wconf 79' lang='lat' dir='ltr'><strong>hujus</strong></span> <span class='ocrx_word' id='word_1_544' title='bbox 1767 5774 1896 5840; x_wconf 80' lang='lat' dir='ltr'><strong>Dei,</strong></span> <span class='ocrx_word' id='word_1_545' title='bbox 1925 5776 2028 5832; x_wconf 76' lang='lat' dir='ltr'><strong>nisi</strong></span> 
     </span>
    </p>
   </div>
   <div class='ocr_carea' id='block_1_61' title="bbox 1679 371 2492 432">
    <p class='ocr_par' dir='ltr' id='par_1_61' title="bbox 1679 371 2492 432">
     <span class='ocr_line' id='line_1_61' title="bbox 1679 371 2492 432; baseline -0.004 0"><span class='ocrx_word' id='word_1_546' title='bbox 1679 379 1741 432; x_wconf 80' lang='grc'><strong>5.</strong></span> <span class='ocrx_word' id='word_1_547' title='bbox 1783 371 2147 432; x_wconf 69' lang='lat' dir='ltr'><strong>AUGUSTINI</strong></span> <span class='ocrx_word' id='word_1_548' title='bbox 2191 371 2492 429; x_wconf 79' lang='lat' dir='ltr'><strong>EPISCOPI</strong></span> 
     </span>
    </p>
   </div>
   <div class='ocr_carea' id='block_1_62' title="bbox 3628 374 3730 433">
    <p class='ocr_par' dir='ltr' id='par_1_62' title="bbox 3628 374 3730 433">
     <span class='ocr_line' id='line_1_62' title="bbox 3628 374 3730 433; baseline 0.02 -2"><span class='ocrx_word' id='word_1_549' title='bbox 3628 374 3730 433; x_wconf 73' lang='lat'><strong>820</strong></span> 
     </span>
    </p>
   </div>
   <div class='ocr_carea' id='block_1_63' title="bbox 2152 484 3737 559">
    <p class='ocr_par' dir='ltr' id='par_1_63' title="bbox 2152 484 3737 559">
     <span class='ocr_line' id='line_1_63' title="bbox 2152 484 3737 559; baseline 0.006 -21"><span class='ocrx_word' id='word_1_550' title='bbox 2152 484 2274 556; x_wconf 87' lang='lat' dir='ltr'><strong>quia</strong></span> <span class='ocrx_word' id='word_1_551' title='bbox 2318 485 2397 541; x_wconf 89' lang='lat' dir='ltr'><strong>sic</strong></span> <span class='ocrx_word' id='word_1_552' title='bbox 2440 487 2716 555; x_wconf 87' lang='lat' dir='ltr'><strong>impletum</strong></span> <span class='ocrx_word' id='word_1_553' title='bbox 2746 495 2826 541; x_wconf 88' lang='lat' dir='ltr'><strong>est</strong></span> <span class='ocrx_word' id='word_1_554' title='bbox 2857 486 2999 557; x_wconf 87' lang='lat' dir='ltr'><strong>quod</strong></span> <span class='ocrx_word' id='word_1_555' title='bbox 3030 487 3336 559; x_wconf 68' lang='lat' dir='ltr'><strong>prtedictum</strong></span> <span class='ocrx_word' id='word_1_556' title='bbox 3361 498 3447 545; x_wconf 88' lang='lat' dir='ltr'><strong>est</strong></span> <span class='ocrx_word' id='word_1_557' title='bbox 3476 508 3492 545; x_wconf 91' lang='lat'>:</span> <span class='ocrx_word' id='word_1_558' title='bbox 3519 489 3737 546; x_wconf 66' lang='lat' dir='ltr'><strong>Beudi.</strong></span> 
     </span>
    </p>
   </div>
   <div class='ocr_carea' id='block_1_64' title="bbox 2149 575 3741 650">
    <p class='ocr_par' dir='ltr' id='par_1_64' title="bbox 2149 575 3741 650">
     <span class='ocr_line' id='line_1_64' title="bbox 2149 575 3741 650; baseline 0.006 -24"><span class='ocrx_word' id='word_1_559' title='bbox 2149 576 2364 628; x_wconf 88' lang='lat' dir='ltr'><strong>etionem</strong></span> <span class='ocrx_word' id='word_1_560' title='bbox 2394 576 2533 629; x_wconf 81' lang='lat' dir='ltr'><strong>dabit</strong></span> <span class='ocrx_word' id='word_1_561' title='bbox 2565 576 2654 646; x_wconf 85' lang='lat' dir='ltr'><strong>qui</strong></span> <span class='ocrx_word' id='word_1_562' title='bbox 2681 575 2865 647; x_wconf 79' lang='lat' dir='ltr'><strong>Legem</strong></span> <span class='ocrx_word' id='word_1_563' title='bbox 2892 578 3030 630; x_wconf 85' lang='lat' dir='ltr'><strong>dedit</strong></span> <span class='ocrx_word' id='word_1_564' title='bbox 3051 576 3222 647; x_wconf 89' lang='lat' dir='ltr'><strong>(Psal.</strong></span> <span class='ocrx_word' id='word_1_565' title='bbox 3254 594 3453 633; x_wconf 80' lang='lat' dir='ltr'><strong>Lxxxm</strong></span> <span class='ocrx_word' id='word_1_566' title='bbox 3474 620 3489 643; x_wconf 88' lang='lat'><strong>,</strong></span> <span class='ocrx_word' id='word_1_567' title='bbox 3518 580 3617 650; x_wconf 71' lang='lat'><strong>8)?</strong></span> <span class='ocrx_word' id='word_1_568' title='bbox 3649 578 3741 636; x_wconf 76' lang='lat' dir='ltr'><strong>Le-</strong></span> 
     </span>
    </p>
   </div>
   <div class='ocr_carea' id='block_1_65' title="bbox 2151 667 3742 738">
    <p class='ocr_par' dir='ltr' id='par_1_65' title="bbox 2151 667 3742 738">
     <span class='ocr_line' id='line_1_65' title="bbox 2151 667 3742 738; baseline 0.005 -20"><span class='ocrx_word' id='word_1_569' title='bbox 2151 681 2296 736; x_wconf 82' lang='lat' dir='ltr'><strong>gem,</strong></span> <span class='ocrx_word' id='word_1_570' title='bbox 2331 681 2434 736; x_wconf 89' lang='lat' dir='ltr'><strong>qua</strong></span> <span class='ocrx_word' id='word_1_571' title='bbox 2464 675 2662 721; x_wconf 87' lang='lat' dir='ltr'><strong>terreat</strong></span> <span class='ocrx_word' id='word_1_572' title='bbox 2686 667 2755 721; x_wconf 89' lang='lat' dir='ltr'><strong>de</strong></span> <span class='ocrx_word' id='word_1_573' title='bbox 2799 669 3043 722; x_wconf 88' lang='lat' dir='ltr'><strong>humanis</strong></span> <span class='ocrx_word' id='word_1_574' title='bbox 3067 668 3270 723; x_wconf 87' lang='lat' dir='ltr'><strong>viribus</strong></span> <span class='ocrx_word' id='word_1_575' title='bbox 3295 681 3707 738; x_wconf 68' lang='lat' dir='ltr'><strong>praesumentem</strong></span> <span class='ocrx_word' id='word_1_576' title='bbox 3725 711 3742 736; x_wconf 90' lang='lat'><strong>,</strong></span> 
     </span>
    </p>
   </div>
   <div class='ocr_carea' id='block_1_66' title="bbox 2151 755 3746 828">
    <p class='ocr_par' dir='ltr' id='par_1_66' title="bbox 2151 755 3746 828">
     <span class='ocr_line' id='line_1_66' title="bbox 2151 755 3746 828; baseline 0.004 -21"><span class='ocrx_word' id='word_1_577' title='bbox 2151 755 2580 816; x_wconf 87' lang='lat' dir='ltr'><strong>benedictionem,</strong></span> <span class='ocrx_word' id='word_1_578' title='bbox 2620 772 2723 825; x_wconf 86' lang='lat' dir='ltr'><strong>qua</strong></span> <span class='ocrx_word' id='word_1_579' title='bbox 2767 756 2954 812; x_wconf 89' lang='lat' dir='ltr'><strong>liberet</strong></span> <span class='ocrx_word' id='word_1_580' title='bbox 2991 757 3043 810; x_wconf 87' lang='lat' dir='ltr'><strong>in</strong></span> <span class='ocrx_word' id='word_1_581' title='bbox 3085 757 3250 812; x_wconf 90' lang='lat' dir='ltr'><strong>Deum</strong></span> <span class='ocrx_word' id='word_1_582' title='bbox 3289 769 3621 828; x_wconf 83' lang='lat' dir='ltr'><strong>sperantem.</strong></span> <span class='ocrx_word' id='word_1_583' title='bbox 3664 760 3746 818; x_wconf 88' lang='lat' dir='ltr'><strong>Tu</strong></span> 
     </span>
    </p>
   </div>
   <div class='ocr_carea' id='block_1_67' title="bbox 2153 846 3750 922">
    <p class='ocr_par' dir='ltr' id='par_1_67' title="bbox 2153 846 3750 922">
     <span class='ocr_line' id='line_1_67' title="bbox 2153 846 3750 922; baseline 0.004 -22"><span class='ocrx_word' id='word_1_584' title='bbox 2153 861 2284 916; x_wconf 86' lang='lat' dir='ltr'><strong>ergo</strong></span> <span class='ocrx_word' id='word_1_585' title='bbox 2322 846 2590 917; x_wconf 82' lang='lat' dir='ltr'><strong>perfecisti</strong></span> <span class='ocrx_word' id='word_1_586' title='bbox 2609 889 2622 913; x_wconf 92' lang='lat'><strong>,</strong></span> <span class='ocrx_word' id='word_1_587' title='bbox 2659 849 2820 912; x_wconf 75' lang='lat' dir='ltr'><strong>Deus,</strong></span> <span class='ocrx_word' id='word_1_588' title='bbox 2850 849 3213 904; x_wconf 67' lang='lat' dir='ltr'><strong>haereditatem</strong></span> <span class='ocrx_word' id='word_1_589' title='bbox 3246 861 3418 917; x_wconf 88' lang='lat' dir='ltr'><strong>tuam;</strong></span> <span class='ocrx_word' id='word_1_590' title='bbox 3447 854 3572 922; x_wconf 84' lang='lat' dir='ltr'><strong>quia</strong></span> <span class='ocrx_word' id='word_1_591' title='bbox 3600 852 3750 908; x_wconf 85' lang='lat' dir='ltr'><strong>inﬁr-</strong></span> 
     </span>
    </p>
   </div>
   <div class='ocr_carea' id='block_1_68' title="bbox 2155 935 3278 1006">
    <p class='ocr_par' dir='ltr' id='par_1_68' title="bbox 2155 935 3278 1006">
     <span class='ocr_line' id='line_1_68' title="bbox 2155 935 3278 1006; baseline 0.004 -18"><span class='ocrx_word' id='word_1_592' title='bbox 2155 944 2294 988; x_wconf 87' lang='lat' dir='ltr'><strong>mata</strong></span> <span class='ocrx_word' id='word_1_593' title='bbox 2323 945 2405 991; x_wconf 85' lang='lat' dir='ltr'><strong>est</strong></span> <span class='ocrx_word' id='word_1_594' title='bbox 2435 935 2488 990; x_wconf 92' lang='lat' dir='ltr'><strong>in</strong></span> <span class='ocrx_word' id='word_1_595' title='bbox 2520 951 2608 1001; x_wconf 90' lang='lat' dir='ltr'><strong>se,</strong></span> <span class='ocrx_word' id='word_1_596' title='bbox 2635 945 2693 990; x_wconf 92' lang='lat' dir='ltr'><strong>ut</strong></span> <span class='ocrx_word' id='word_1_597' title='bbox 2721 937 3068 1006; x_wconf 83' lang='lat' dir='ltr'><strong>perﬁceretur</strong></span> <span class='ocrx_word' id='word_1_598' title='bbox 3089 939 3184 992; x_wconf 81' lang='lat' dir='ltr'><strong>abs</strong></span> <span class='ocrx_word' id='word_1_599' title='bbox 3206 949 3278 994; x_wconf 91' lang='lat' dir='ltr'><strong>te.</strong></span> 
     </span>
    </p>
   </div>
   <div class='ocr_carea' id='block_1_69' title="bbox 2228 1026 3748 1101">
    <p class='ocr_par' dir='ltr' id='par_1_69' title="bbox 2228 1026 3748 1101">
     <span class='ocr_line' id='line_1_69' title="bbox 2228 1026 3748 1101; baseline 0.004 -21"><span class='ocrx_word' id='word_1_600' title='bbox 2228 1027 2313 1080; x_wconf 76' lang='grc'><strong>13.</strong></span> <span class='ocrx_word' id='word_1_601' title='bbox 2342 1026 2491 1099; x_wconf 59' lang='lat' dir='ltr'><strong>[verm</strong></span> <span class='ocrx_word' id='word_1_602' title='bbox 2526 1026 2638 1101; x_wconf 79' lang='lat' dir='ltr'><strong>IL]</strong></span> <span class='ocrx_word' id='word_1_603' title='bbox 2667 1029 2924 1083; x_wconf 79' lang='lat' dir='ltr'><strong>Animalia</strong></span> <span class='ocrx_word' id='word_1_604' title='bbox 2950 1040 3037 1083; x_wconf 90' lang='lat' dir='ltr'><strong>tua</strong></span> <span class='ocrx_word' id='word_1_605' title='bbox 3059 1031 3406 1086; x_wconf 80' lang='lat' dir='ltr'><strong>inhabitabant</strong></span> <span class='ocrx_word' id='word_1_606' title='bbox 3425 1033 3479 1087; x_wconf 87' lang='lat' dir='ltr'><strong>in</strong></span> <span class='ocrx_word' id='word_1_607' title='bbox 3506 1051 3587 1088; x_wconf 83' lang='lat' dir='ltr'><strong>ea.</strong></span> <span class='ocrx_word' id='word_1_608' title='bbox 3614 1032 3748 1100; x_wconf 71' lang='lat' dir='ltr'><strong>Tua,</strong></span> 
     </span>
    </p>
   </div>
   <div class='ocr_carea' id='block_1_70' title="bbox 2157 1119 3752 1196">
    <p class='ocr_par' dir='ltr' id='par_1_70' title="bbox 2157 1119 3752 1196">
     <span class='ocr_line' id='line_1_70' title="bbox 2157 1119 3752 1196; baseline 0.005 -24"><span class='ocrx_word' id='word_1_609' title='bbox 2157 1133 2263 1173; x_wconf 92' lang='lat' dir='ltr'><strong>non</strong></span> <span class='ocrx_word' id='word_1_610' title='bbox 2285 1134 2416 1184; x_wconf 87' lang='lat' dir='ltr'><strong>sua;</strong></span> <span class='ocrx_word' id='word_1_611' title='bbox 2447 1119 2538 1173; x_wconf 88' lang='lat' dir='ltr'><strong>tibi</strong></span> <span class='ocrx_word' id='word_1_612' title='bbox 2568 1119 2775 1175; x_wconf 86' lang='lat' dir='ltr'><strong>subdita</strong></span> <span class='ocrx_word' id='word_1_613' title='bbox 2793 1163 2808 1186; x_wconf 93' lang='lat'><strong>,</strong></span> <span class='ocrx_word' id='word_1_614' title='bbox 2835 1136 2943 1177; x_wconf 92' lang='lat' dir='ltr'><strong>non</strong></span> <span class='ocrx_word' id='word_1_615' title='bbox 2973 1122 3073 1176; x_wconf 86' lang='lat' dir='ltr'><strong>sibi</strong></span> <span class='ocrx_word' id='word_1_616' title='bbox 3098 1123 3298 1189; x_wconf 90' lang='lat' dir='ltr'><strong>libera;</strong></span> <span class='ocrx_word' id='word_1_617' title='bbox 3322 1124 3388 1179; x_wconf 87' lang='lat' dir='ltr'><strong>ad</strong></span> <span class='ocrx_word' id='word_1_618' title='bbox 3419 1132 3472 1180; x_wconf 85' lang='lat' dir='ltr'><strong>te</strong></span> <span class='ocrx_word' id='word_1_619' title='bbox 3496 1127 3710 1196; x_wconf 78' lang='lat' dir='ltr'><strong>egentia</strong></span> <span class='ocrx_word' id='word_1_620' title='bbox 3732 1165 3752 1192; x_wconf 89' lang='lat'><strong>,</strong></span> 
     </span>
    </p>
   </div>
   <div class='ocr_carea' id='block_1_71' title="bbox 2157 1209 3752 1283">
    <p class='ocr_par' dir='ltr' id='par_1_71' title="bbox 2157 1209 3752 1283">
     <span class='ocr_line' id='line_1_71' title="bbox 2157 1209 3752 1283; baseline 0.005 -21"><span class='ocrx_word' id='word_1_621' title='bbox 2157 1224 2262 1262; x_wconf 88' lang='lat' dir='ltr'><strong>non</strong></span> <span class='ocrx_word' id='word_1_622' title='bbox 2306 1209 2406 1263; x_wconf 87' lang='lat' dir='ltr'><strong>sibi</strong></span> <span class='ocrx_word' id='word_1_623' title='bbox 2450 1209 2786 1266; x_wconf 83' lang='lat' dir='ltr'><strong>sufﬁcientia.</strong></span> <span class='ocrx_word' id='word_1_624' title='bbox 2831 1212 3067 1282; x_wconf 87' lang='lat' dir='ltr'><strong>Denique</strong></span> <span class='ocrx_word' id='word_1_625' title='bbox 3111 1215 3349 1283; x_wconf 87' lang='lat' dir='ltr'><strong>sequitur</strong></span> <span class='ocrx_word' id='word_1_626' title='bbox 3389 1231 3403 1268; x_wconf 88' lang='lat'><strong><em>:</em></strong></span> <span class='ocrx_word' id='word_1_627' title='bbox 3449 1214 3660 1270; x_wconf 85' lang='lat' dir='ltr'><strong>Parasti</strong></span> <span class='ocrx_word' id='word_1_628' title='bbox 3699 1218 3752 1271; x_wconf 82' lang='lat' dir='ltr'><strong>in</strong></span> 
     </span>
    </p>
   </div>
   <div class='ocr_carea' id='block_1_72' title="bbox 2158 1300 3755 1371">
    <p class='ocr_par' dir='ltr' id='par_1_72' title="bbox 2158 1300 3755 1371">
     <span class='ocr_line' id='line_1_72' title="bbox 2158 1300 3755 1371; baseline 0.008 -21"><span class='ocrx_word' id='word_1_629' title='bbox 2158 1307 2248 1351; x_wconf 84' lang='lat' dir='ltr'><strong>tua</strong></span> <span class='ocrx_word' id='word_1_630' title='bbox 2273 1301 2520 1354; x_wconf 78' lang='lat' dir='ltr'><strong>suavitate</strong></span> <span class='ocrx_word' id='word_1_631' title='bbox 2541 1303 2702 1371; x_wconf 79' lang='lat' dir='ltr'><strong>egenti</strong></span> <span class='ocrx_word' id='word_1_632' title='bbox 2729 1300 2889 1357; x_wconf 80' lang='lat' dir='ltr'><strong>Deus.</strong></span> <span class='ocrx_word' id='word_1_633' title='bbox 2920 1301 2987 1356; x_wconf 81' lang='lat' dir='ltr'><strong>In</strong></span> <span class='ocrx_word' id='word_1_634' title='bbox 3021 1312 3108 1356; x_wconf 71' lang='lat' dir='ltr'><strong>tua</strong></span> <span class='ocrx_word' id='word_1_635' title='bbox 3143 1307 3420 1370; x_wconf 73' lang='lat' dir='ltr'><strong>suavitate,</strong></span> <span class='ocrx_word' id='word_1_636' title='bbox 3460 1322 3568 1360; x_wconf 89' lang='lat' dir='ltr'><strong>non</strong></span> <span class='ocrx_word' id='word_1_637' title='bbox 3609 1308 3755 1363; x_wconf 85' lang='lat' dir='ltr'><strong>illius</strong></span> 
     </span>
    </p>
   </div>
   <div class='ocr_carea' id='block_1_73' title="bbox 2159 1387 3757 1463">
    <p class='ocr_par' dir='ltr' id='par_1_73' title="bbox 2159 1387 3757 1463">
     <span class='ocr_line' id='line_1_73' title="bbox 2159 1387 3757 1463; baseline 0.008 -23"><span class='ocrx_word' id='word_1_638' title='bbox 2159 1387 2429 1444; x_wconf 59' lang='lat' dir='ltr'><strong>bonitate.</strong></span> <span class='ocrx_word' id='word_1_639' title='bbox 2460 1391 2634 1461; x_wconf 81' lang='lat' dir='ltr'><strong>Egens</strong></span> <span class='ocrx_word' id='word_1_640' title='bbox 2658 1403 2742 1446; x_wconf 86' lang='lat' dir='ltr'><strong>est</strong></span> <span class='ocrx_word' id='word_1_641' title='bbox 2765 1392 2932 1460; x_wconf 90' lang='lat' dir='ltr'><strong>enim,</strong></span> <span class='ocrx_word' id='word_1_642' title='bbox 2963 1395 3216 1463; x_wconf 85' lang='lat' dir='ltr'><strong>quoniam</strong></span> <span class='ocrx_word' id='word_1_643' title='bbox 3238 1393 3536 1452; x_wconf 82' lang='lat' dir='ltr'><strong>inﬁrmatus</strong></span> <span class='ocrx_word' id='word_1_644' title='bbox 3566 1407 3673 1463; x_wconf 87' lang='lat' dir='ltr'><strong>est,</strong></span> <span class='ocrx_word' id='word_1_645' title='bbox 3697 1409 3757 1454; x_wconf 83' lang='lat' dir='ltr'><strong>ut</strong></span> 
     </span>
    </p>
   </div>
   <div class='ocr_carea' id='block_1_74' title="bbox 2159 1481 3751 1556">
    <p class='ocr_par' dir='ltr' id='par_1_74' title="bbox 2159 1481 3751 1556">
     <span class='ocr_line' id='line_1_74' title="bbox 2159 1481 3751 1556; baseline 0.006 -22"><span class='ocrx_word' id='word_1_646' title='bbox 2159 1481 2465 1547; x_wconf 84' lang='lat' dir='ltr'><strong>perﬁciatur</strong></span> <span class='ocrx_word' id='word_1_647' title='bbox 2515 1499 2530 1537; x_wconf 89' lang='lat'><strong>:</strong></span> <span class='ocrx_word' id='word_1_648' title='bbox 2573 1484 2788 1553; x_wconf 80' lang='lat' dir='ltr'><strong>agnovit</strong></span> <span class='ocrx_word' id='word_1_649' title='bbox 2840 1499 2900 1540; x_wconf 87' lang='lat' dir='ltr'><strong>se</strong></span> <span class='ocrx_word' id='word_1_650' title='bbox 2951 1485 3311 1556; x_wconf 85' lang='lat' dir='ltr'><strong>indigentem,</strong></span> <span class='ocrx_word' id='word_1_651' title='bbox 3356 1498 3417 1542; x_wconf 90' lang='lat' dir='ltr'><strong>ut</strong></span> <span class='ocrx_word' id='word_1_652' title='bbox 3455 1489 3751 1556; x_wconf 84' lang='lat' dir='ltr'><strong>repleatur.</strong></span> 
     </span>
    </p>
   </div>
   <div class='ocr_carea' id='block_1_75' title="bbox 2161 1572 3756 1650">
    <p class='ocr_par' dir='ltr' id='par_1_75' title="bbox 2161 1572 3756 1650">
     <span class='ocr_line' id='line_1_75' title="bbox 2161 1572 3756 1650; baseline 0.008 -23"><span class='ocrx_word' id='word_1_653' title='bbox 2161 1573 2288 1628; x_wconf 70' lang='lat' dir='ltr'><strong>Hrec</strong></span> <span class='ocrx_word' id='word_1_654' title='bbox 2311 1583 2395 1630; x_wconf 86' lang='lat' dir='ltr'><strong>cst</strong></span> <span class='ocrx_word' id='word_1_655' title='bbox 2423 1575 2511 1632; x_wconf 89' lang='lat' dir='ltr'><strong>illa</strong></span> <span class='ocrx_word' id='word_1_656' title='bbox 2549 1579 2784 1631; x_wconf 82' lang='lat' dir='ltr'><strong>suavitas</strong></span> <span class='ocrx_word' id='word_1_657' title='bbox 2811 1577 2881 1633; x_wconf 90' lang='lat' dir='ltr'><strong>de</strong></span> <span class='ocrx_word' id='word_1_658' title='bbox 2921 1572 3024 1650; x_wconf 84' lang='lat' dir='ltr'><strong>qua</strong></span> <span class='ocrx_word' id='word_1_659' title='bbox 3059 1579 3185 1634; x_wconf 87' lang='lat' dir='ltr'><strong>alibi</strong></span> <span class='ocrx_word' id='word_1_660' title='bbox 3223 1580 3458 1637; x_wconf 90' lang='lat' dir='ltr'><strong>dicitur:</strong></span> <span class='ocrx_word' id='word_1_661' title='bbox 3498 1580 3756 1640; x_wconf 73' lang='lat' dir='ltr'><strong>Dominus</strong></span> 
     </span>
    </p>
   </div>
   <div class='ocr_carea' id='block_1_76' title="bbox 2161 1662 3755 1740">
    <p class='ocr_par' dir='ltr' id='par_1_76' title="bbox 2161 1662 3755 1740">
     <span class='ocr_line' id='line_1_76' title="bbox 2161 1662 3755 1740; baseline 0.009 -26"><span class='ocrx_word' id='word_1_662' title='bbox 2161 1662 2301 1716; x_wconf 88' lang='lat' dir='ltr'><strong>dabit</strong></span> <span class='ocrx_word' id='word_1_663' title='bbox 2329 1666 2624 1718; x_wconf 66' lang='lat' dir='ltr'><strong>suavitates):</strong></span> <span class='ocrx_word' id='word_1_664' title='bbox 2644 1708 2660 1732; x_wconf 91' lang='lat'><strong>,</strong></span> <span class='ocrx_word' id='word_1_665' title='bbox 2699 1677 2747 1720; x_wconf 87' lang='lat' dir='ltr'><strong>et</strong></span> <span class='ocrx_word' id='word_1_666' title='bbox 2789 1677 2923 1722; x_wconf 86' lang='lat' dir='ltr'><strong>terra</strong></span> <span class='ocrx_word' id='word_1_667' title='bbox 2950 1677 3124 1723; x_wconf 87' lang='lat' dir='ltr'><strong>nostra</strong></span> <span class='ocrx_word' id='word_1_668' title='bbox 3164 1671 3303 1725; x_wconf 89' lang='lat' dir='ltr'><strong>dabit</strong></span> <span class='ocrx_word' id='word_1_669' title='bbox 3337 1676 3561 1740; x_wconf 74' lang='lat' dir='ltr'><strong>fructum</strong></span> <span class='ocrx_word' id='word_1_670' title='bbox 3601 1691 3755 1728; x_wconf 72' lang='lat' dir='ltr'><strong>suum</strong></span> 
     </span>
    </p>
   </div>
   <div class='ocr_carea' id='block_1_77' title="bbox 2163 1753 3752 1831">
    <p class='ocr_par' dir='ltr' id='par_1_77' title="bbox 2163 1753 3752 1831">
     <span class='ocr_line' id='line_1_77' title="bbox 2163 1753 3752 1831; baseline 0.008 -26"><span class='ocrx_word' id='word_1_671' title='bbox 2163 1753 2335 1824; x_wconf 80' lang='lat' dir='ltr'><strong>(Psal.</strong></span> <span class='ocrx_word' id='word_1_672' title='bbox 2363 1771 2582 1822; x_wconf 77' lang='lat' dir='ltr'><strong>Lxxxtv,</strong></span> <span class='ocrx_word' id='word_1_673' title='bbox 2621 1758 2726 1827; x_wconf 79' lang='grc'><strong>15)</strong></span> <span class='ocrx_word' id='word_1_674' title='bbox 2752 1776 2763 1810; x_wconf 91' lang='lat'>:</span> <span class='ocrx_word' id='word_1_675' title='bbox 2794 1767 2852 1812; x_wconf 90' lang='lat' dir='ltr'><strong>ut</strong></span> <span class='ocrx_word' id='word_1_676' title='bbox 2879 1759 3076 1814; x_wconf 89' lang='lat' dir='ltr'><strong>bonum</strong></span> <span class='ocrx_word' id='word_1_677' title='bbox 3102 1774 3236 1830; x_wconf 81' lang='lat' dir='ltr'><strong>Opus</strong></span> <span class='ocrx_word' id='word_1_678' title='bbox 3267 1760 3357 1816; x_wconf 86' lang='lat' dir='ltr'><strong>ﬁat</strong></span> <span class='ocrx_word' id='word_1_679' title='bbox 3383 1777 3487 1817; x_wconf 90' lang='lat' dir='ltr'><strong>non</strong></span> <span class='ocrx_word' id='word_1_680' title='bbox 3525 1764 3752 1831; x_wconf 88' lang='lat' dir='ltr'><strong>timore,</strong></span> 
     </span>
    </p>
   </div>
   <div class='ocr_carea' id='block_1_78' title="bbox 2161 1845 3754 1920">
    <p class='ocr_par' dir='ltr' id='par_1_78' title="bbox 2161 1845 3754 1920">
     <span class='ocr_line' id='line_1_78' title="bbox 2161 1845 3754 1920; baseline 0.007 -22"><span class='ocrx_word' id='word_1_681' title='bbox 2161 1845 2255 1899; x_wconf 86' lang='lat' dir='ltr'><strong>sed</strong></span> <span class='ocrx_word' id='word_1_682' title='bbox 2287 1862 2507 1911; x_wconf 89' lang='lat' dir='ltr'><strong>amore;</strong></span> <span class='ocrx_word' id='word_1_683' title='bbox 2535 1862 2640 1902; x_wconf 89' lang='lat' dir='ltr'><strong>non</strong></span> <span class='ocrx_word' id='word_1_684' title='bbox 2681 1849 2962 1905; x_wconf 75' lang='lat' dir='ltr'><strong>formidine</strong></span> <span class='ocrx_word' id='word_1_685' title='bbox 2997 1865 3170 1920; x_wconf 68' lang='lat' dir='ltr'><strong>paenae</strong></span> <span class='ocrx_word' id='word_1_686' title='bbox 3193 1891 3209 1919; x_wconf 91' lang='lat'><strong>,</strong></span> <span class='ocrx_word' id='word_1_687' title='bbox 3257 1853 3352 1908; x_wconf 83' lang='lat' dir='ltr'><strong>sed</strong></span> <span class='ocrx_word' id='word_1_688' title='bbox 3396 1853 3754 1910; x_wconf 80' lang='lat' dir='ltr'><strong>delectatione</strong></span> 
     </span>
    </p>
   </div>
   <div class='ocr_carea' id='block_1_79' title="bbox 2158 1937 3752 2008">
    <p class='ocr_par' dir='ltr' id='par_1_79' title="bbox 2158 1937 3752 2008">
     <span class='ocr_line' id='line_1_79' title="bbox 2158 1937 3752 2008; baseline 0.009 -20"><span class='ocrx_word' id='word_1_689' title='bbox 2158 1937 2378 2005; x_wconf 66' lang='lat' dir='ltr'><strong>justitia:</strong></span> <span class='ocrx_word' id='word_1_690' title='bbox 2418 1939 2458 1990; x_wconf 86' lang='grc'><strong>¹.</strong></span> <span class='ocrx_word' id='word_1_691' title='bbox 2491 1939 2605 2008; x_wconf 89' lang='lat' dir='ltr'><strong>Ipsa</strong></span> <span class='ocrx_word' id='word_1_692' title='bbox 2632 1941 2897 1999; x_wconf 84' lang='lat' dir='ltr'><strong>est.enim</strong></span> <span class='ocrx_word' id='word_1_693' title='bbox 2927 1957 3050 1996; x_wconf 88' lang='lat' dir='ltr'><strong>vera</strong></span> <span class='ocrx_word' id='word_1_694' title='bbox 3089 1951 3145 1997; x_wconf 90' lang='lat' dir='ltr'><strong>et</strong></span> <span class='ocrx_word' id='word_1_695' title='bbox 3187 1958 3315 1997; x_wconf 87' lang='lat' dir='ltr'><strong>sana</strong></span> <span class='ocrx_word' id='word_1_696' title='bbox 3358 1943 3596 2000; x_wconf 87' lang='lat' dir='ltr'><strong>libertas.</strong></span> <span class='ocrx_word' id='word_1_697' title='bbox 3646 1946 3752 2002; x_wconf 84' lang='lat' dir='ltr'><strong>Sed</strong></span> 
     </span>
    </p>
   </div>
   <div class='ocr_carea' id='block_1_80' title="bbox 2164 2027 3754 2105">
    <p class='ocr_par' dir='ltr' id='par_1_80' title="bbox 2164 2027 3754 2105">
     <span class='ocr_line' id='line_1_80' title="bbox 2164 2027 3754 2105; baseline 0.006 -24"><span class='ocrx_word' id='word_1_698' title='bbox 2164 2028 2422 2082; x_wconf 79' lang='lat' dir='ltr'><strong>Dominus</strong></span> <span class='ocrx_word' id='word_1_699' title='bbox 2451 2027 2552 2084; x_wconf 91' lang='lat' dir='ltr'><strong>boc</strong></span> <span class='ocrx_word' id='word_1_700' title='bbox 2573 2031 2749 2100; x_wconf 87' lang='lat' dir='ltr'><strong>egenti</strong></span> <span class='ocrx_word' id='word_1_701' title='bbox 2776 2031 3016 2100; x_wconf 84' lang='lat' dir='ltr'><strong>paravit,</strong></span> <span class='ocrx_word' id='word_1_702' title='bbox 3057 2046 3161 2086; x_wconf 91' lang='lat' dir='ltr'><strong>non</strong></span> <span class='ocrx_word' id='word_1_703' title='bbox 3192 2032 3478 2088; x_wconf 84' lang='lat' dir='ltr'><strong>abundanti</strong></span> <span class='ocrx_word' id='word_1_704' title='bbox 3498 2077 3515 2098; x_wconf 83' lang='lat'><strong>,</strong></span> <span class='ocrx_word' id='word_1_705' title='bbox 3543 2035 3629 2090; x_wconf 91' lang='lat' dir='ltr'><strong>cui</strong></span> <span class='ocrx_word' id='word_1_706' title='bbox 3655 2049 3754 2105; x_wconf 83' lang='lat' dir='ltr'><strong>op-</strong></span> 
     </span>
    </p>
   </div>
   <div class='ocr_carea' id='block_1_81' title="bbox 2165 2123 3750 2197">
    <p class='ocr_par' dir='ltr' id='par_1_81' title="bbox 2165 2123 3750 2197">
     <span class='ocr_line' id='line_1_81' title="bbox 2165 2123 3750 2197; baseline 0.006 -22"><span class='ocrx_word' id='word_1_707' title='bbox 2165 2123 2383 2192; x_wconf 85' lang='lat' dir='ltr'><strong>probrio</strong></span> <span class='ocrx_word' id='word_1_708' title='bbox 2411 2134 2494 2179; x_wconf 89' lang='lat' dir='ltr'><strong>est</strong></span> <span class='ocrx_word' id='word_1_709' title='bbox 2520 2125 2619 2180; x_wconf 92' lang='lat' dir='ltr'><strong>ista</strong></span> <span class='ocrx_word' id='word_1_710' title='bbox 2647 2135 2964 2195; x_wconf 87' lang='lat' dir='ltr'><strong>paupertas;</strong></span> <span class='ocrx_word' id='word_1_711' title='bbox 2991 2126 3059 2181; x_wconf 90' lang='lat' dir='ltr'><strong>de</strong></span> <span class='ocrx_word' id='word_1_712' title='bbox 3083 2127 3326 2197; x_wconf 89' lang='lat' dir='ltr'><strong>qualibus</strong></span> <span class='ocrx_word' id='word_1_713' title='bbox 3350 2128 3472 2182; x_wconf 86' lang='lat' dir='ltr'><strong>alibi</strong></span> <span class='ocrx_word' id='word_1_714' title='bbox 3501 2128 3705 2184; x_wconf 87' lang='lat' dir='ltr'><strong>dicitur</strong></span> <span class='ocrx_word' id='word_1_715' title='bbox 3735 2147 3750 2184; x_wconf 91' lang='lat'><strong>:</strong></span> 
     </span>
    </p>
   </div>
   <div class='ocr_carea' id='block_1_82' title="bbox 2167 2211 3754 2289">
    <p class='ocr_par' dir='ltr' id='par_1_82' title="bbox 2167 2211 3754 2289">
     <span class='ocr_line' id='line_1_82' title="bbox 2167 2211 3754 2289; baseline 0.004 -23"><span class='ocrx_word' id='word_1_716' title='bbox 2167 2211 2510 2283; x_wconf 83' lang='lat' dir='ltr'><strong>Opprobrium</strong></span> <span class='ocrx_word' id='word_1_717' title='bbox 2553 2215 2633 2268; x_wconf 82' lang='lat' dir='ltr'><strong>Itis</strong></span> <span class='ocrx_word' id='word_1_718' title='bbox 2669 2217 2774 2289; x_wconf 61' lang='lat' dir='ltr'><strong>qui.</strong></span> <span class='ocrx_word' id='word_1_719' title='bbox 2801 2214 3092 2280; x_wconf 82' lang='lat' dir='ltr'><strong>abundant,</strong></span> <span class='ocrx_word' id='word_1_720' title='bbox 3137 2225 3186 2270; x_wconf 88' lang='lat' dir='ltr'><strong>et</strong></span> <span class='ocrx_word' id='word_1_721' title='bbox 3230 2216 3483 2286; x_wconf 78' lang='lat' dir='ltr'><strong>despectio</strong></span> <span class='ocrx_word' id='word_1_722' title='bbox 3521 2219 3754 2288; x_wconf 84' lang='lat' dir='ltr'><strong>superbis</strong></span> 
     </span>
    </p>
   </div>
   <div class='ocr_carea' id='block_1_83' title="bbox 2169 2301 3754 2376">
    <p class='ocr_par' dir='ltr' id='par_1_83' title="bbox 2169 2301 3754 2376">
     <span class='ocr_line' id='line_1_83' title="bbox 2169 2301 3754 2376; baseline 0.006 -21"><span class='ocrx_word' id='word_1_723' title='bbox 2169 2301 2342 2374; x_wconf 79' lang='lat' dir='ltr'><strong>(Psal.</strong></span> <span class='ocrx_word' id='word_1_724' title='bbox 2369 2317 2512 2358; x_wconf 83' lang='lat' dir='ltr'><strong>cxxu</strong></span> <span class='ocrx_word' id='word_1_725' title='bbox 2534 2347 2547 2366; x_wconf 90' lang='lat'><strong><em>.</em></strong></span> <span class='ocrx_word' id='word_1_726' title='bbox 2578 2303 2657 2376; x_wconf 90' lang='grc'><strong>4).</strong></span> <span class='ocrx_word' id='word_1_727' title='bbox 2686 2304 2798 2360; x_wconf 80' lang='lat' dir='ltr'><strong>Hos</strong></span> <span class='ocrx_word' id='word_1_728' title='bbox 2824 2306 2968 2360; x_wconf 88' lang='lat' dir='ltr'><strong>enim</strong></span> <span class='ocrx_word' id='word_1_729' title='bbox 2996 2305 3130 2360; x_wconf 86' lang='lat' dir='ltr'><strong>dixit</strong></span> <span class='ocrx_word' id='word_1_730' title='bbox 3156 2305 3438 2376; x_wconf 88' lang='lat' dir='ltr'><strong>superbos,</strong></span> <span class='ocrx_word' id='word_1_731' title='bbox 3463 2322 3599 2376; x_wconf 84' lang='lat' dir='ltr'><strong>quos</strong></span> <span class='ocrx_word' id='word_1_732' title='bbox 3619 2309 3754 2364; x_wconf 86' lang='lat' dir='ltr'><strong>dixit</strong></span> 
     </span>
    </p>
   </div>
   <div class='ocr_carea' id='block_1_84' title="bbox 2163 2395 2574 2463">
    <p class='ocr_par' dir='ltr' id='par_1_84' title="bbox 2163 2395 2574 2463">
     <span class='ocr_line' id='line_1_84' title="bbox 2163 2395 2574 2463; baseline 0.007 -17"><span class='ocrx_word' id='word_1_733' title='bbox 2163 2395 2252 2463; x_wconf 91' lang='lat' dir='ltr'><strong>qui</strong></span> <span class='ocrx_word' id='word_1_734' title='bbox 2280 2395 2574 2450; x_wconf 88' lang='lat' dir='ltr'><strong>abundant.</strong></span> 
     </span>
    </p>
   </div>
   <div class='ocr_carea' id='block_1_85' title="bbox 2237 2485 3754 2562">
    <p class='ocr_par' dir='ltr' id='par_1_85' title="bbox 2237 2485 3754 2562">
     <span class='ocr_line' id='line_1_85' title="bbox 2237 2485 3754 2562; baseline 0.005 -22"><span class='ocrx_word' id='word_1_735' title='bbox 2237 2486 2325 2541; x_wconf 88' lang='grc'><strong>14.</strong></span> <span class='ocrx_word' id='word_1_736' title='bbox 2367 2485 2530 2558; x_wconf 79' lang='lat' dir='ltr'><strong>[oers.</strong></span> <span class='ocrx_word' id='word_1_737' title='bbox 2560 2487 2673 2562; x_wconf 75' lang='lat' dir='ltr'><strong>I2.]</strong></span> <span class='ocrx_word' id='word_1_738' title='bbox 2701 2486 2950 2544; x_wconf 87' lang='lat' dir='ltr'><strong>Dominus</strong></span> <span class='ocrx_word' id='word_1_739' title='bbox 2977 2489 3118 2544; x_wconf 85' lang='lat' dir='ltr'><strong>dabit</strong></span> <span class='ocrx_word' id='word_1_740' title='bbox 3141 2489 3342 2544; x_wconf 71' lang='lat' dir='ltr'><strong>verbm</strong></span> <span class='ocrx_word' id='word_1_741' title='bbox 3370 2506 3391 2545; x_wconf 89' lang='lat'><strong><em>:</em></strong></span> <span class='ocrx_word' id='word_1_742' title='bbox 3415 2490 3614 2546; x_wconf 89' lang='lat' dir='ltr'><strong>cibaria</strong></span> <span class='ocrx_word' id='word_1_743' title='bbox 3644 2492 3754 2547; x_wconf 83' lang='lat' dir='ltr'><strong>sci-</strong></span> 
     </span>
    </p>
   </div>
   <div class='ocr_carea' id='block_1_86' title="bbox 2165 2575 3748 2650">
    <p class='ocr_par' dir='ltr' id='par_1_86' title="bbox 2165 2575 3748 2650">
     <span class='ocr_line' id='line_1_86' title="bbox 2165 2575 3748 2650; baseline 0.006 -20"><span class='ocrx_word' id='word_1_744' title='bbox 2165 2575 2292 2631; x_wconf 83' lang='lat' dir='ltr'><strong>licet</strong></span> <span class='ocrx_word' id='word_1_745' title='bbox 2326 2578 2648 2633; x_wconf 86' lang='lat' dir='ltr'><strong>animalibus</strong></span> <span class='ocrx_word' id='word_1_746' title='bbox 2693 2579 2805 2634; x_wconf 84' lang='lat' dir='ltr'><strong>suis</strong></span> <span class='ocrx_word' id='word_1_747' title='bbox 2848 2596 2967 2650; x_wconf 68' lang='lat' dir='ltr'><strong>qua:</strong></span> <span class='ocrx_word' id='word_1_748' title='bbox 3013 2580 3386 2637; x_wconf 88' lang='lat' dir='ltr'><strong>inhabitabunt</strong></span> <span class='ocrx_word' id='word_1_749' title='bbox 3409 2583 3464 2637; x_wconf 90' lang='lat' dir='ltr'><strong>in</strong></span> <span class='ocrx_word' id='word_1_750' title='bbox 3506 2599 3592 2638; x_wconf 86' lang='lat' dir='ltr'><strong>ea.</strong></span> <span class='ocrx_word' id='word_1_751' title='bbox 3639 2583 3748 2640; x_wconf 85' lang='lat' dir='ltr'><strong>Sed</strong></span> 
     </span>
    </p>
   </div>
   <div class='ocr_carea' id='block_1_87' title="bbox 2166 2666 3752 2741">
    <p class='ocr_par' dir='ltr' id='par_1_87' title="bbox 2166 2666 3752 2741">
     <span class='ocr_line' id='line_1_87' title="bbox 2166 2666 3752 2741; baseline 0.006 -22"><span class='ocrx_word' id='word_1_752' title='bbox 2166 2666 2296 2735; x_wconf 87' lang='lat' dir='ltr'><strong>quid</strong></span> <span class='ocrx_word' id='word_1_753' title='bbox 2315 2669 2680 2738; x_wconf 88' lang='lat' dir='ltr'><strong>operabuntur</strong></span> <span class='ocrx_word' id='word_1_754' title='bbox 2699 2669 2816 2725; x_wconf 69' lang='lat' dir='ltr'><strong>bare</strong></span> <span class='ocrx_word' id='word_1_755' title='bbox 2833 2670 3103 2734; x_wconf 87' lang='lat' dir='ltr'><strong>animalia.</strong></span> <span class='ocrx_word' id='word_1_756' title='bbox 3126 2672 3318 2741; x_wconf 85' lang='lat' dir='ltr'><strong>quibus</strong></span> <span class='ocrx_word' id='word_1_757' title='bbox 3337 2672 3484 2728; x_wconf 89' lang='lat' dir='ltr'><strong>dabit</strong></span> <span class='ocrx_word' id='word_1_758' title='bbox 3505 2674 3752 2729; x_wconf 75' lang='lat' dir='ltr'><strong>verbum?</strong></span> 
     </span>
    </p>
   </div>
   <div class='ocr_carea' id='block_1_88' title="bbox 2165 2757 3753 2834">
    <p class='ocr_par' dir='ltr' id='par_1_88' title="bbox 2165 2757 3753 2834">
     <span class='ocr_line' id='line_1_88' title="bbox 2165 2757 3753 2834; baseline 0.008 -23"><span class='ocrx_word' id='word_1_759' title='bbox 2165 2757 2294 2826; x_wconf 77' lang='lat' dir='ltr'><strong>quid</strong></span> <span class='ocrx_word' id='word_1_760' title='bbox 2346 2759 2448 2813; x_wconf 90' lang='lat' dir='ltr'><strong>nisi</strong></span> <span class='ocrx_word' id='word_1_761' title='bbox 2507 2760 2650 2830; x_wconf 88' lang='lat' dir='ltr'><strong>quod</strong></span> <span class='ocrx_word' id='word_1_762' title='bbox 2705 2762 2996 2832; x_wconf 79' lang='lat' dir='ltr'><strong>sequitur?</strong></span> <span class='ocrx_word' id='word_1_763' title='bbox 3045 2761 3518 2834; x_wconf 71' lang='lat' dir='ltr'><strong>Euangelizantibus</strong></span> <span class='ocrx_word' id='word_1_764' title='bbox 3569 2768 3753 2824; x_wconf 71' lang='lat' dir='ltr'><strong>virtuts</strong></span> 
     </span>
    </p>
   </div>
   <div class='ocr_carea' id='block_1_89' title="bbox 2166 2847 3751 2928">
    <p class='ocr_par' dir='ltr' id='par_1_89' title="bbox 2166 2847 3751 2928">
     <span class='ocr_line' id='line_1_89' title="bbox 2166 2847 3751 2928; baseline 0.008 -26"><span class='ocrx_word' id='word_1_765' title='bbox 2166 2847 2347 2903; x_wconf 82' lang='lat' dir='ltr'><strong>multa.</strong></span> <span class='ocrx_word' id='word_1_766' title='bbox 2377 2850 2490 2916; x_wconf 89' lang='lat' dir='ltr'><strong>Qua</strong></span> <span class='ocrx_word' id='word_1_767' title='bbox 2519 2851 2717 2907; x_wconf 87' lang='lat' dir='ltr'><strong>virtute</strong></span> <span class='ocrx_word' id='word_1_768' title='bbox 2735 2893 2752 2918; x_wconf 91' lang='lat'><strong>,</strong></span> <span class='ocrx_word' id='word_1_769' title='bbox 2779 2852 2880 2907; x_wconf 89' lang='lat' dir='ltr'><strong>nisi</strong></span> <span class='ocrx_word' id='word_1_770' title='bbox 2909 2851 3218 2911; x_wconf 80' lang='lat' dir='ltr'><strong>fortitudine</strong></span> <span class='ocrx_word' id='word_1_771' title='bbox 3245 2855 3335 2910; x_wconf 91' lang='lat' dir='ltr'><strong>illa</strong></span> <span class='ocrx_word' id='word_1_772' title='bbox 3366 2857 3419 2911; x_wconf 92' lang='lat' dir='ltr'><strong>in</strong></span> <span class='ocrx_word' id='word_1_773' title='bbox 3443 2873 3545 2928; x_wconf 90' lang='lat' dir='ltr'><strong>qua</strong></span> <span class='ocrx_word' id='word_1_774' title='bbox 3569 2858 3751 2914; x_wconf 88' lang='lat' dir='ltr'><strong>educit</strong></span> 
     </span>
    </p>
   </div>
   <div class='ocr_carea' id='block_1_90' title="bbox 2165 2939 3748 3015">
    <p class='ocr_par' dir='ltr' id='par_1_90' title="bbox 2165 2939 3748 3015">
     <span class='ocr_line' id='line_1_90' title="bbox 2165 2939 3748 3015; baseline 0.009 -24"><span class='ocrx_word' id='word_1_775' title='bbox 2165 2939 2532 3009; x_wconf 77' lang='lat' dir='ltr'><strong>compeditos?</strong></span> <span class='ocrx_word' id='word_1_776' title='bbox 2557 2941 2808 2998; x_wconf 83' lang='lat' dir='ltr'><strong>Fortasse</strong></span> <span class='ocrx_word' id='word_1_777' title='bbox 2835 2943 2995 2998; x_wconf 85' lang='lat' dir='ltr'><strong>etiam</strong></span> <span class='ocrx_word' id='word_1_778' title='bbox 3021 2946 3269 3002; x_wconf 86' lang='lat' dir='ltr'><strong>virtutem</strong></span> <span class='ocrx_word' id='word_1_779' title='bbox 3296 2946 3382 3001; x_wconf 82' lang='lat' dir='ltr'><strong>hic</strong></span> <span class='ocrx_word' id='word_1_780' title='bbox 3408 2947 3548 3002; x_wconf 88' lang='lat' dir='ltr'><strong>dicat</strong></span> <span class='ocrx_word' id='word_1_781' title='bbox 3582 2949 3748 3015; x_wconf 82' lang='lat' dir='ltr'><strong>illam,</strong></span> 
     </span>
    </p>
   </div>
   <div class='ocr_carea' id='block_1_91' title="bbox 2165 3032 3477 3105">
    <p class='ocr_par' dir='ltr' id='par_1_91' title="bbox 2165 3032 3477 3105">
     <span class='ocr_line' id='line_1_91' title="bbox 2165 3032 3477 3105; baseline 0.007 -23"><span class='ocrx_word' id='word_1_782' title='bbox 2165 3044 2268 3100; x_wconf 90' lang='lat' dir='ltr'><strong>qua</strong></span> <span class='ocrx_word' id='word_1_783' title='bbox 2295 3032 2724 3102; x_wconf 79' lang='lat' dir='ltr'><strong>evangelizantes</strong></span> <span class='ocrx_word' id='word_1_784' title='bbox 2751 3033 3010 3089; x_wconf 88' lang='lat' dir='ltr'><strong>mirabilia</strong></span> <span class='ocrx_word' id='word_1_785' title='bbox 3042 3036 3187 3105; x_wconf 87' lang='lat' dir='ltr'><strong>signa</strong></span> <span class='ocrx_word' id='word_1_786' title='bbox 3214 3033 3477 3092; x_wconf 81' lang='lat' dir='ltr'><strong>fecerunt.</strong></span> 
     </span>
    </p>
   </div>
   <div class='ocr_carea' id='block_1_92' title="bbox 2239 3119 3750 3198">
    <p class='ocr_par' dir='ltr' id='par_1_92' title="bbox 2239 3119 3750 3198">
     <span class='ocr_line' id='line_1_92' title="bbox 2239 3119 3750 3198; baseline 0.006 -23"><span class='ocrx_word' id='word_1_787' title='bbox 2239 3121 2330 3176; x_wconf 83' lang='grc'><strong>15.</strong></span> <span class='ocrx_word' id='word_1_788' title='bbox 2357 3119 2512 3194; x_wconf 67' lang='lat' dir='ltr'><strong>[rem</strong></span> <span class='ocrx_word' id='word_1_789' title='bbox 2536 3121 2649 3196; x_wconf 76' lang='lat' dir='ltr'><strong>I5.)</strong></span> <span class='ocrx_word' id='word_1_790' title='bbox 2675 3123 2806 3193; x_wconf 87' lang='lat' dir='ltr'><strong>Quis</strong></span> <span class='ocrx_word' id='word_1_791' title='bbox 2826 3139 2953 3195; x_wconf 88' lang='lat' dir='ltr'><strong>ergo</strong></span> <span class='ocrx_word' id='word_1_792' title='bbox 2978 3126 3116 3180; x_wconf 86' lang='lat' dir='ltr'><strong>dabit</strong></span> <span class='ocrx_word' id='word_1_793' title='bbox 3140 3127 3340 3180; x_wconf 71' lang='lat' dir='ltr'><strong>verbum</strong></span> <span class='ocrx_word' id='word_1_794' title='bbox 3364 3129 3750 3198; x_wconf 66' lang='lat' dir='ltr'><strong>euangelizanti-</strong></span> 
     </span>
    </p>
   </div>
   <div class='ocr_carea' id='block_1_93' title="bbox 2167 3217 3749 3289">
    <p class='ocr_par' dir='ltr' id='par_1_93' title="bbox 2167 3217 3749 3289">
     <span class='ocr_line' id='line_1_93' title="bbox 2167 3217 3749 3289; baseline 0.005 -19"><span class='ocrx_word' id='word_1_795' title='bbox 2167 3217 2258 3270; x_wconf 87' lang='lat' dir='ltr'><strong>bus</strong></span> <span class='ocrx_word' id='word_1_796' title='bbox 2282 3217 2460 3270; x_wconf 76' lang='lat' dir='ltr'><strong>uirtute</strong></span> <span class='ocrx_word' id='word_1_797' title='bbox 2485 3217 2692 3272; x_wconf 77' lang='lat' dir='ltr'><strong>multa!</strong></span> <span class='ocrx_word' id='word_1_798' title='bbox 2721 3217 2852 3282; x_wconf 70' lang='lat' dir='ltr'><strong>Rex,</strong></span> <span class='ocrx_word' id='word_1_799' title='bbox 2884 3218 3074 3289; x_wconf 86' lang='lat' dir='ltr'><strong>inquit.</strong></span> <span class='ocrx_word' id='word_1_800' title='bbox 3091 3219 3332 3274; x_wconf 78' lang='lat' dir='ltr'><strong>virtutum</strong></span> <span class='ocrx_word' id='word_1_801' title='bbox 3357 3219 3562 3275; x_wconf 84' lang='lat' dir='ltr'><strong>Dilecti.</strong></span> <span class='ocrx_word' id='word_1_802' title='bbox 3591 3221 3749 3278; x_wconf 87' lang='lat' dir='ltr'><strong>Pater</strong></span> 
     </span>
    </p>
   </div>
   <div class='ocr_carea' id='block_1_94' title="bbox 2165 3307 3748 3382">
    <p class='ocr_par' dir='ltr' id='par_1_94' title="bbox 2165 3307 3748 3382">
     <span class='ocr_line' id='line_1_94' title="bbox 2165 3307 3748 3382; baseline 0.005 -22"><span class='ocrx_word' id='word_1_803' title='bbox 2165 3321 2293 3378; x_wconf 82' lang='lat' dir='ltr'><strong>ergo</strong></span> <span class='ocrx_word' id='word_1_804' title='bbox 2319 3317 2404 3362; x_wconf 90' lang='lat' dir='ltr'><strong>est</strong></span> <span class='ocrx_word' id='word_1_805' title='bbox 2441 3321 2540 3363; x_wconf 87' lang='lat' dir='ltr'><strong>rex</strong></span> <span class='ocrx_word' id='word_1_806' title='bbox 2569 3308 2824 3363; x_wconf 86' lang='lat' dir='ltr'><strong>virtutum</strong></span> <span class='ocrx_word' id='word_1_807' title='bbox 2862 3307 3003 3365; x_wconf 82' lang='lat' dir='ltr'><strong>Filii.</strong></span> <span class='ocrx_word' id='word_1_808' title='bbox 3049 3308 3284 3365; x_wconf 87' lang='lat' dir='ltr'><strong>Dilectus</strong></span> <span class='ocrx_word' id='word_1_809' title='bbox 3320 3311 3497 3377; x_wconf 89' lang='lat' dir='ltr'><strong>enim,</strong></span> <span class='ocrx_word' id='word_1_810' title='bbox 3535 3312 3748 3382; x_wconf 83' lang='lat' dir='ltr'><strong>quando</strong></span> 
     </span>
    </p>
   </div>
   <div class='ocr_carea' id='block_1_95' title="bbox 2166 3399 3748 3470">
    <p class='ocr_par' dir='ltr' id='par_1_95' title="bbox 2166 3399 3748 3470">
     <span class='ocr_line' id='line_1_95' title="bbox 2166 3399 3748 3470; baseline 0.003 -17"><span class='ocrx_word' id='word_1_811' title='bbox 2166 3415 2273 3454; x_wconf 93' lang='lat' dir='ltr'><strong>non</strong></span> <span class='ocrx_word' id='word_1_812' title='bbox 2300 3399 2517 3469; x_wconf 89' lang='lat' dir='ltr'><strong>ponitur</strong></span> <span class='ocrx_word' id='word_1_813' title='bbox 2551 3399 2674 3468; x_wconf 88' lang='lat' dir='ltr'><strong>quis</strong></span> <span class='ocrx_word' id='word_1_814' title='bbox 2710 3399 2970 3465; x_wconf 80' lang='lat' dir='ltr'><strong>dilectus,</strong></span> <span class='ocrx_word' id='word_1_815' title='bbox 3000 3414 3097 3470; x_wconf 85' lang='lat' dir='ltr'><strong>per</strong></span> <span class='ocrx_word' id='word_1_816' title='bbox 3120 3402 3541 3456; x_wconf 83' lang='lat' dir='ltr'><strong>antonomasiam</strong></span> <span class='ocrx_word' id='word_1_817' title='bbox 3585 3401 3748 3459; x_wconf 80' lang='lat' dir='ltr'><strong>Filius</strong></span> 
     </span>
    </p>
   </div>
   <div class='ocr_carea' id='block_1_96' title="bbox 2164 3489 3748 3563">
    <p class='ocr_par' dir='ltr' id='par_1_96' title="bbox 2164 3489 3748 3563">
     <span class='ocr_line' id='line_1_96' title="bbox 2164 3489 3748 3563; baseline 0.002 -17"><span class='ocrx_word' id='word_1_818' title='bbox 2164 3490 2353 3546; x_wconf 86' lang='lat' dir='ltr'><strong>unicus</strong></span> <span class='ocrx_word' id='word_1_819' title='bbox 2405 3489 2734 3560; x_wconf 89' lang='lat' dir='ltr'><strong>intelligitur.</strong></span> <span class='ocrx_word' id='word_1_820' title='bbox 2786 3492 2868 3546; x_wconf 83' lang='lat' dir='ltr'><strong>An</strong></span> <span class='ocrx_word' id='word_1_821' title='bbox 2921 3490 3174 3546; x_wconf 85' lang='lat' dir='ltr'><strong>virtutum</strong></span> <span class='ocrx_word' id='word_1_822' title='bbox 3227 3505 3444 3546; x_wconf 87' lang='lat' dir='ltr'><strong>suarum</strong></span> <span class='ocrx_word' id='word_1_823' title='bbox 3493 3508 3588 3548; x_wconf 87' lang='lat' dir='ltr'><strong>rex</strong></span> <span class='ocrx_word' id='word_1_824' title='bbox 3636 3494 3748 3563; x_wconf 82' lang='lat' dir='ltr'><strong>ipse</strong></span> 
     </span>
    </p>
   </div>
   <div class='ocr_carea' id='block_1_97' title="bbox 2165 3580 3746 3654">
    <p class='ocr_par' dir='ltr' id='par_1_97' title="bbox 2165 3580 3746 3654">
     <span class='ocr_line' id='line_1_97' title="bbox 2165 3580 3746 3654; baseline 0.004 -20"><span class='ocrx_word' id='word_1_825' title='bbox 2165 3580 2366 3644; x_wconf 76' lang='lat' dir='ltr'><strong>Filius;</strong></span> <span class='ocrx_word' id='word_1_826' title='bbox 2411 3580 2664 3635; x_wconf 85' lang='lat' dir='ltr'><strong>virtutum</strong></span> <span class='ocrx_word' id='word_1_827' title='bbox 2693 3581 2899 3636; x_wconf 75' lang='lat' dir='ltr'><strong>scilicet</strong></span> <span class='ocrx_word' id='word_1_828' title='bbox 2923 3581 3025 3640; x_wconf 85' lang='lat' dir='ltr'><strong>sibi</strong></span> <span class='ocrx_word' id='word_1_829' title='bbox 3069 3581 3457 3638; x_wconf 76' lang='lat' dir='ltr'><strong>servientium?</strong></span> <span class='ocrx_word' id='word_1_830' title='bbox 3496 3584 3618 3654; x_wconf 86' lang='lat' dir='ltr'><strong>quia</strong></span> <span class='ocrx_word' id='word_1_831' title='bbox 3643 3587 3746 3640; x_wconf 78' lang='lat' dir='ltr'><strong>air-</strong></span> 
     </span>
    </p>
   </div>
   <div class='ocr_carea' id='block_1_98' title="bbox 2163 3671 3742 3741">
    <p class='ocr_par' dir='ltr' id='par_1_98' title="bbox 2163 3671 3742 3741">
     <span class='ocr_line' id='line_1_98' title="bbox 2163 3671 3742 3741; baseline 0.005 -19"><span class='ocrx_word' id='word_1_832' title='bbox 2163 3679 2268 3723; x_wconf 87' lang='lat' dir='ltr'><strong>tute</strong></span> <span class='ocrx_word' id='word_1_833' title='bbox 2290 3671 2453 3724; x_wconf 85' lang='lat' dir='ltr'><strong>multa</strong></span> <span class='ocrx_word' id='word_1_834' title='bbox 2477 3671 2934 3740; x_wconf 75' lang='lat' dir='ltr'><strong>eranyelisantibus</strong></span> <span class='ocrx_word' id='word_1_835' title='bbox 2968 3672 3108 3726; x_wconf 88' lang='lat' dir='ltr'><strong>dabit</strong></span> <span class='ocrx_word' id='word_1_836' title='bbox 3144 3671 3346 3727; x_wconf 71' lang='lat' dir='ltr'><strong>verbum</strong></span> <span class='ocrx_word' id='word_1_837' title='bbox 3372 3690 3463 3728; x_wconf 69' lang='lat' dir='ltr'><strong>ra:</strong></span> <span class='ocrx_word' id='word_1_838' title='bbox 3488 3676 3742 3741; x_wconf 73' lang='lat' dir='ltr'><strong>uirtutum,</strong></span> 
     </span>
    </p>
   </div>
   <div class='ocr_carea' id='block_1_99' title="bbox 2162 3758 3747 3834">
    <p class='ocr_par' dir='ltr' id='par_1_99' title="bbox 2162 3758 3747 3834">
     <span class='ocr_line' id='line_1_99' title="bbox 2162 3758 3747 3834; baseline 0.004 -20"><span class='ocrx_word' id='word_1_839' title='bbox 2162 3758 2234 3815; x_wconf 85' lang='lat' dir='ltr'><strong>de</strong></span> <span class='ocrx_word' id='word_1_840' title='bbox 2270 3777 2376 3830; x_wconf 88' lang='lat' dir='ltr'><strong>quo</strong></span> <span class='ocrx_word' id='word_1_841' title='bbox 2418 3761 2620 3829; x_wconf 79' lang='lat' dir='ltr'><strong>dictum</strong></span> <span class='ocrx_word' id='word_1_842' title='bbox 2659 3771 2776 3826; x_wconf 85' lang='lat' dir='ltr'><strong>est,</strong></span> <span class='ocrx_word' id='word_1_843' title='bbox 2819 3760 3069 3817; x_wconf 83' lang='lat' dir='ltr'><strong>Dominus</strong></span> <span class='ocrx_word' id='word_1_844' title='bbox 3095 3763 3358 3830; x_wconf 78' lang='lat' dir='ltr'><strong>virtutum,</strong></span> <span class='ocrx_word' id='word_1_845' title='bbox 3403 3765 3513 3834; x_wconf 80' lang='lat' dir='ltr'><strong>ipse</strong></span> <span class='ocrx_word' id='word_1_846' title='bbox 3537 3776 3612 3822; x_wconf 78' lang='lat' dir='ltr'><strong>est</strong></span> <span class='ocrx_word' id='word_1_847' title='bbox 3657 3782 3747 3821; x_wconf 72' lang='lat' dir='ltr'><strong>res</strong></span> 
     </span>
    </p>
   </div>
   <div class='ocr_carea' id='block_1_100' title="bbox 2161 3852 3742 3926">
    <p class='ocr_par' dir='ltr' id='par_1_100' title="bbox 2161 3852 3742 3926">
     <span class='ocr_line' id='line_1_100' title="bbox 2161 3852 3742 3926; baseline 0.005 -21"><span class='ocrx_word' id='word_1_848' title='bbox 2161 3852 2341 3922; x_wconf 73' lang='lat' dir='ltr'><strong>glorise</strong></span> <span class='ocrx_word' id='word_1_849' title='bbox 2365 3852 2537 3926; x_wconf 84' lang='lat' dir='ltr'><strong>(Psal.</strong></span> <span class='ocrx_word' id='word_1_850' title='bbox 2563 3869 2695 3908; x_wconf 89' lang='lat' dir='ltr'><strong>xxnt</strong></span> <span class='ocrx_word' id='word_1_851' title='bbox 2714 3895 2732 3921; x_wconf 93' lang='lat'><strong>,</strong></span> <span class='ocrx_word' id='word_1_852' title='bbox 2757 3854 2882 3924; x_wconf 82' lang='lat' dir='ltr'><strong>I0).</strong></span> <span class='ocrx_word' id='word_1_853' title='bbox 2921 3853 3074 3923; x_wconf 86' lang='lat' dir='ltr'><strong>Quod</strong></span> <span class='ocrx_word' id='word_1_854' title='bbox 3108 3863 3287 3910; x_wconf 86' lang='lat' dir='ltr'><strong>autem</strong></span> <span class='ocrx_word' id='word_1_855' title='bbox 3317 3870 3422 3910; x_wconf 92' lang='lat' dir='ltr'><strong>non</strong></span> <span class='ocrx_word' id='word_1_856' title='bbox 3451 3856 3606 3924; x_wconf 82' lang='lat' dir='ltr'><strong>dixit,</strong></span> <span class='ocrx_word' id='word_1_857' title='bbox 3635 3858 3742 3913; x_wconf 78' lang='lat' dir='ltr'><strong>Rex</strong></span> 
     </span>
    </p>
   </div>
   <div class='ocr_carea' id='block_1_101' title="bbox 2160 3944 3744 4010">
    <p class='ocr_par' dir='ltr' id='par_1_101' title="bbox 2160 3944 3744 4010">
     <span class='ocr_line' id='line_1_101' title="bbox 2160 3944 3744 4010; baseline 0.004 -12"><span class='ocrx_word' id='word_1_858' title='bbox 2160 3944 2417 3998; x_wconf 80' lang='lat' dir='ltr'><strong>virtutum</strong></span> <span class='ocrx_word' id='word_1_859' title='bbox 2445 3958 2664 3999; x_wconf 88' lang='lat' dir='ltr'><strong>suarum</strong></span> <span class='ocrx_word' id='word_1_860' title='bbox 2684 3985 2698 4010; x_wconf 90' lang='lat'><strong>,</strong></span> <span class='ocrx_word' id='word_1_861' title='bbox 2729 3945 2858 4010; x_wconf 88' lang='lat' dir='ltr'><strong>sed,</strong></span> <span class='ocrx_word' id='word_1_862' title='bbox 2890 3944 3006 4001; x_wconf 81' lang='lat' dir='ltr'><strong>Rea:</strong></span> <span class='ocrx_word' id='word_1_863' title='bbox 3028 3946 3267 4000; x_wconf 73' lang='lat' dir='ltr'><strong>virtutum</strong></span> <span class='ocrx_word' id='word_1_864' title='bbox 3292 3946 3477 4002; x_wconf 81' lang='lat' dir='ltr'><strong>Dilecti</strong></span> <span class='ocrx_word' id='word_1_865' title='bbox 3493 3989 3509 4010; x_wconf 89' lang='lat'><strong>.</strong></span> <span class='ocrx_word' id='word_1_866' title='bbox 3548 3949 3744 4005; x_wconf 86' lang='lat' dir='ltr'><strong>locatio</strong></span> 
     </span>
    </p>
   </div>
   <div class='ocr_carea' id='block_1_102' title="bbox 2160 4035 3740 4111">
    <p class='ocr_par' dir='ltr' id='par_1_102' title="bbox 2160 4035 3740 4111">
     <span class='ocr_line' id='line_1_102' title="bbox 2160 4035 3740 4111; baseline 0.001 -18"><span class='ocrx_word' id='word_1_867' title='bbox 2160 4045 2243 4093; x_wconf 87' lang='lat' dir='ltr'><strong>est</strong></span> <span class='ocrx_word' id='word_1_868' title='bbox 2270 4035 2323 4089; x_wconf 90' lang='lat' dir='ltr'><strong>in</strong></span> <span class='ocrx_word' id='word_1_869' title='bbox 2351 4035 2644 4105; x_wconf 89' lang='lat' dir='ltr'><strong>Scripturis</strong></span> <span class='ocrx_word' id='word_1_870' title='bbox 2672 4036 3038 4102; x_wconf 82' lang='lat' dir='ltr'><strong>nsitatissima,</strong></span> <span class='ocrx_word' id='word_1_871' title='bbox 3068 4036 3114 4091; x_wconf 87' lang='lat' dir='ltr'><strong>si</strong></span> <span class='ocrx_word' id='word_1_872' title='bbox 3141 4036 3264 4108; x_wconf 89' lang='lat' dir='ltr'><strong>quis</strong></span> <span class='ocrx_word' id='word_1_873' title='bbox 3287 4037 3530 4094; x_wconf 83' lang='lat' dir='ltr'><strong>advertat</strong></span> <span class='ocrx_word' id='word_1_874' title='bbox 3559 4056 3574 4093; x_wconf 90' lang='lat'><strong>:</strong></span> <span class='ocrx_word' id='word_1_875' title='bbox 3604 4041 3740 4111; x_wconf 83' lang='lat' dir='ltr'><strong>quod</strong></span> 
     </span>
    </p>
   </div>
   <div class='ocr_carea' id='block_1_103' title="bbox 2159 4126 3744 4200">
    <p class='ocr_par' dir='ltr' id='par_1_103' title="bbox 2159 4126 3744 4200">
     <span class='ocr_line' id='line_1_103' title="bbox 2159 4126 3744 4200; baseline 0.004 -19"><span class='ocrx_word' id='word_1_876' title='bbox 2159 4126 2230 4181; x_wconf 91' lang='lat' dir='ltr'><strong>ibi</strong></span> <span class='ocrx_word' id='word_1_877' title='bbox 2272 4127 2503 4182; x_wconf 80' lang='lat' dir='ltr'><strong>maxime</strong></span> <span class='ocrx_word' id='word_1_878' title='bbox 2526 4135 2786 4198; x_wconf 87' lang='lat' dir='ltr'><strong>apparet,</strong></span> <span class='ocrx_word' id='word_1_879' title='bbox 2814 4127 2903 4184; x_wconf 86' lang='lat' dir='ltr'><strong>ubi</strong></span> <span class='ocrx_word' id='word_1_880' title='bbox 2933 4129 3096 4185; x_wconf 85' lang='lat' dir='ltr'><strong>etiam</strong></span> <span class='ocrx_word' id='word_1_881' title='bbox 3121 4129 3395 4200; x_wconf 87' lang='lat' dir='ltr'><strong>proprium</strong></span> <span class='ocrx_word' id='word_1_882' title='bbox 3426 4146 3622 4186; x_wconf 87' lang='lat' dir='ltr'><strong>nomen</strong></span> <span class='ocrx_word' id='word_1_883' title='bbox 3651 4147 3744 4187; x_wconf 88' lang='lat' dir='ltr'><strong>ex-</strong></span> 
     </span>
    </p>
   </div>
   <div class='ocr_carea' id='block_1_104' title="bbox 2159 4216 3740 4290">
    <p class='ocr_par' dir='ltr' id='par_1_104' title="bbox 2159 4216 3740 4290">
     <span class='ocr_line' id='line_1_104' title="bbox 2159 4216 3740 4290; baseline 0.005 -20"><span class='ocrx_word' id='word_1_884' title='bbox 2159 4216 2441 4286; x_wconf 88' lang='lat' dir='ltr'><strong>primitur,</strong></span> <span class='ocrx_word' id='word_1_885' title='bbox 2471 4227 2530 4274; x_wconf 92' lang='lat' dir='ltr'><strong>ut</strong></span> <span class='ocrx_word' id='word_1_886' title='bbox 2549 4219 2800 4275; x_wconf 87' lang='lat' dir='ltr'><strong>eumdem</strong></span> <span class='ocrx_word' id='word_1_887' title='bbox 2829 4234 2950 4276; x_wconf 84' lang='lat' dir='ltr'><strong>esse</strong></span> <span class='ocrx_word' id='word_1_888' title='bbox 2989 4219 3059 4275; x_wconf 84' lang='lat' dir='ltr'><strong>de</strong></span> <span class='ocrx_word' id='word_1_889' title='bbox 3095 4234 3203 4290; x_wconf 89' lang='lat' dir='ltr'><strong>quo</strong></span> <span class='ocrx_word' id='word_1_890' title='bbox 3246 4220 3474 4287; x_wconf 82' lang='lat' dir='ltr'><strong>dicitur,</strong></span> <span class='ocrx_word' id='word_1_891' title='bbox 3507 4221 3740 4278; x_wconf 70' lang='lat' dir='ltr'><strong>dubitari</strong></span> 
     </span>
    </p>
   </div>
   <div class='ocr_carea' id='block_1_105' title="bbox 2157 4309 3741 4380">
    <p class='ocr_par' dir='ltr' id='par_1_105' title="bbox 2157 4309 3741 4380">
     <span class='ocr_line' id='line_1_105' title="bbox 2157 4309 3741 4380; baseline 0.004 -17"><span class='ocrx_word' id='word_1_892' title='bbox 2157 4311 2379 4364; x_wconf 90' lang='lat' dir='ltr'><strong>omnino</strong></span> <span class='ocrx_word' id='word_1_893' title='bbox 2402 4325 2508 4364; x_wconf 92' lang='lat' dir='ltr'><strong>non</strong></span> <span class='ocrx_word' id='word_1_894' title='bbox 2538 4312 2724 4380; x_wconf 84' lang='lat' dir='ltr'><strong>possit.</strong></span> <span class='ocrx_word' id='word_1_895' title='bbox 2752 4309 2935 4378; x_wconf 86' lang='lat' dir='ltr'><strong>Qualis</strong></span> <span class='ocrx_word' id='word_1_896' title='bbox 2957 4321 3014 4366; x_wconf 87' lang='lat' dir='ltr'><strong>et</strong></span> <span class='ocrx_word' id='word_1_897' title='bbox 3039 4311 3129 4366; x_wconf 84' lang='lat' dir='ltr'><strong>illa</strong></span> <span class='ocrx_word' id='word_1_898' title='bbox 3152 4313 3204 4367; x_wconf 93' lang='lat' dir='ltr'><strong>in</strong></span> <span class='ocrx_word' id='word_1_899' title='bbox 3224 4311 3588 4368; x_wconf 84' lang='lat' dir='ltr'><strong>Pentateucho</strong></span> <span class='ocrx_word' id='word_1_900' title='bbox 3611 4315 3741 4370; x_wconf 85' lang='lat' dir='ltr'><strong>mul-</strong></span> 
     </span>
    </p>
   </div>
   <div class='ocr_carea' id='block_1_106' title="bbox 2157 4399 3737 4474">
    <p class='ocr_par' dir='ltr' id='par_1_106' title="bbox 2157 4399 3737 4474">
     <span class='ocr_line' id='line_1_106' title="bbox 2157 4399 3737 4474; baseline 0.005 -22"><span class='ocrx_word' id='word_1_901' title='bbox 2157 4399 2227 4452; x_wconf 86' lang='lat' dir='ltr'><strong>tis</strong></span> <span class='ocrx_word' id='word_1_902' title='bbox 2253 4400 2688 4456; x_wconf 85' lang='lat' dir='ltr'><strong>locisinvenitur</strong></span> <span class='ocrx_word' id='word_1_903' title='bbox 2713 4418 2726 4455; x_wconf 89' lang='lat'><strong>:</strong></span> <span class='ocrx_word' id='word_1_904' title='bbox 2756 4399 2826 4455; x_wconf 85' lang='lat' dir='ltr'><strong>Et</strong></span> <span class='ocrx_word' id='word_1_905' title='bbox 2865 4403 2983 4473; x_wconf 78' lang='lat' dir='ltr'><strong>fecit</strong></span> <span class='ocrx_word' id='word_1_906' title='bbox 3012 4400 3219 4473; x_wconf 71' lang='lat' dir='ltr'><strong>Moyses</strong></span> <span class='ocrx_word' id='word_1_907' title='bbox 3248 4401 3376 4458; x_wconf 91' lang='lat' dir='ltr'><strong>illud</strong></span> <span class='ocrx_word' id='word_1_908' title='bbox 3405 4411 3569 4474; x_wconf 88' lang='lat' dir='ltr'><strong>atque</strong></span> <span class='ocrx_word' id='word_1_909' title='bbox 3593 4405 3737 4470; x_wconf 79' lang='lat' dir='ltr'><strong>illtxl,</strong></span> 
     </span>
    </p>
   </div>
   <div class='ocr_carea' id='block_1_107' title="bbox 2153 4489 3738 4572">
    <p class='ocr_par' dir='ltr' id='par_1_107' title="bbox 2153 4489 3738 4572">
     <span class='ocr_line' id='line_1_107' title="bbox 2153 4489 3738 4572; baseline 0.005 -30"><span class='ocrx_word' id='word_1_910' title='bbox 2153 4489 2282 4542; x_wconf 87' lang='lat' dir='ltr'><strong>sicut</strong></span> <span class='ocrx_word' id='word_1_911' title='bbox 2311 4489 2824 4572; x_wconf 36' lang='lat' dir='ltr'><strong>prwcepit‘Dominus</strong></span> <span class='ocrx_word' id='word_1_912' title='bbox 2836 4490 3007 4562; x_wconf 75' lang='lat' dir='ltr'><strong>Moysi</strong></span> <span class='ocrx_word' id='word_1_913' title='bbox 3027 4490 3215 4563; x_wconf 88' lang='lat' dir='ltr'><strong>(Num.</strong></span> <span class='ocrx_word' id='word_1_914' title='bbox 3235 4507 3362 4559; x_wconf 87' lang='lat' dir='ltr'><strong>xvn,</strong></span> <span class='ocrx_word' id='word_1_915' title='bbox 3389 4494 3474 4555; x_wconf 84' lang='grc'><strong>11,</strong></span> <span class='ocrx_word' id='word_1_916' title='bbox 3495 4503 3616 4560; x_wconf 85' lang='lat' dir='ltr'><strong>etc.,</strong></span> <span class='ocrx_word' id='word_1_917' title='bbox 3639 4511 3738 4550; x_wconf 85' lang='lat' dir='ltr'><strong>see.</strong></span> 
     </span>
    </p>
   </div>
   <div class='ocr_carea' id='block_1_108' title="bbox 2153 4576 3739 4650">
    <p class='ocr_par' dir='ltr' id='par_1_108' title="bbox 2153 4576 3739 4650">
     <span class='ocr_line' id='line_1_108' title="bbox 2153 4576 3739 4650; baseline 0.006 -18"><span class='ocrx_word' id='word_1_918' title='bbox 2153 4577 2344 4649; x_wconf 79' lang='lat' dir='ltr'><strong>LXX).</strong></span> <span class='ocrx_word' id='word_1_919' title='bbox 2373 4579 2488 4633; x_wconf 85' lang='lat' dir='ltr'><strong>Non</strong></span> <span class='ocrx_word' id='word_1_920' title='bbox 2529 4576 2664 4635; x_wconf 86' lang='lat' dir='ltr'><strong>dixit</strong></span> <span class='ocrx_word' id='word_1_921' title='bbox 2702 4580 2844 4650; x_wconf 89' lang='lat' dir='ltr'><strong>quod</strong></span> <span class='ocrx_word' id='word_1_922' title='bbox 2873 4583 3123 4644; x_wconf 86' lang='lat' dir='ltr'><strong>usitatum</strong></span> <span class='ocrx_word' id='word_1_923' title='bbox 3167 4593 3248 4637; x_wconf 89' lang='lat' dir='ltr'><strong>est</strong></span> <span class='ocrx_word' id='word_1_924' title='bbox 3289 4583 3344 4637; x_wconf 90' lang='lat' dir='ltr'><strong>in</strong></span> <span class='ocrx_word' id='word_1_925' title='bbox 3385 4583 3739 4642; x_wconf 84' lang='lat' dir='ltr'><strong>locationibus</strong></span> 
     </span>
    </p>
   </div>
   <div class='ocr_carea' id='block_1_109' title="bbox 2152 4668 3736 4743">
    <p class='ocr_par' dir='ltr' id='par_1_109' title="bbox 2152 4668 3736 4743">
     <span class='ocr_line' id='line_1_109' title="bbox 2152 4668 3736 4743; baseline 0.006 -21"><span class='ocrx_word' id='word_1_926' title='bbox 2152 4669 2350 4722; x_wconf 87' lang='lat' dir='ltr'><strong>nostris</strong></span> <span class='ocrx_word' id='word_1_927' title='bbox 2370 4710 2386 4732; x_wconf 90' lang='lat'><strong>,</strong></span> <span class='ocrx_word' id='word_1_928' title='bbox 2415 4669 2482 4724; x_wconf 83' lang='lat' dir='ltr'><strong>Et</strong></span> <span class='ocrx_word' id='word_1_929' title='bbox 2517 4668 2642 4724; x_wconf 73' lang='lat' dir='ltr'><strong>{ccit</strong></span> <span class='ocrx_word' id='word_1_930' title='bbox 2669 4670 2880 4742; x_wconf 74' lang='lat' dir='ltr'><strong>Moyses</strong></span> <span class='ocrx_word' id='word_1_931' title='bbox 2907 4672 3048 4726; x_wconf 88' lang='lat' dir='ltr'><strong>sicut</strong></span> <span class='ocrx_word' id='word_1_932' title='bbox 3087 4674 3340 4742; x_wconf 67' lang='lat' dir='ltr'><strong>praecepit</strong></span> <span class='ocrx_word' id='word_1_933' title='bbox 3364 4674 3413 4728; x_wconf 88' lang='lat' dir='ltr'><strong>ei</strong></span> <span class='ocrx_word' id='word_1_934' title='bbox 3447 4674 3736 4743; x_wconf 88' lang='lat' dir='ltr'><strong>Dominus;</strong></span> 
     </span>
    </p>
   </div>
   <div class='ocr_carea' id='block_1_110' title="bbox 2150 4757 3734 4839">
    <p class='ocr_par' dir='ltr' id='par_1_110' title="bbox 2150 4757 3734 4839">
     <span class='ocr_line' id='line_1_110' title="bbox 2150 4757 3734 4839; baseline 0.007 -28"><span class='ocrx_word' id='word_1_935' title='bbox 2150 4759 2270 4824; x_wconf 88' lang='lat' dir='ltr'><strong>sed,</strong></span> <span class='ocrx_word' id='word_1_936' title='bbox 2295 4757 2440 4813; x_wconf 86' lang='lat' dir='ltr'><strong>Fecit</strong></span> <span class='ocrx_word' id='word_1_937' title='bbox 2461 4760 2665 4831; x_wconf 79' lang='lat' dir='ltr'><strong>Moyses</strong></span> <span class='ocrx_word' id='word_1_938' title='bbox 2683 4763 2809 4816; x_wconf 86' lang='lat' dir='ltr'><strong>sicut</strong></span> <span class='ocrx_word' id='word_1_939' title='bbox 2833 4765 3068 4834; x_wconf 73' lang='lat' dir='ltr'><strong>prazcepit</strong></span> <span class='ocrx_word' id='word_1_940' title='bbox 3089 4763 3339 4819; x_wconf 76' lang='lat' dir='ltr'><strong>Dominus</strong></span> <span class='ocrx_word' id='word_1_941' title='bbox 3361 4764 3567 4836; x_wconf 71' lang='lat' dir='ltr'><strong>Moysi;</strong></span> <span class='ocrx_word' id='word_1_942' title='bbox 3591 4771 3734 4839; x_wconf 88' lang='lat' dir='ltr'><strong>quasi</strong></span> 
     </span>
    </p>
   </div>
   <div class='ocr_carea' id='block_1_111' title="bbox 2148 4853 3735 4934">
    <p class='ocr_par' dir='ltr' id='par_1_111' title="bbox 2148 4853 3735 4934">
     <span class='ocr_line' id='line_1_111' title="bbox 2148 4853 3735 4934; baseline 0.006 -27"><span class='ocrx_word' id='word_1_943' title='bbox 2148 4853 2284 4909; x_wconf 90' lang='lat' dir='ltr'><strong>alius</strong></span> <span class='ocrx_word' id='word_1_944' title='bbox 2328 4855 2399 4909; x_wconf 89' lang='lat' dir='ltr'><strong>sit</strong></span> <span class='ocrx_word' id='word_1_945' title='bbox 2433 4853 2645 4926; x_wconf 80' lang='lat' dir='ltr'><strong>Moyses</strong></span> <span class='ocrx_word' id='word_1_946' title='bbox 2687 4856 2772 4911; x_wconf 92' lang='lat' dir='ltr'><strong>cui</strong></span> <span class='ocrx_word' id='word_1_947' title='bbox 2819 4858 3111 4926; x_wconf 72' lang='lat' dir='ltr'><strong>pnecepit,</strong></span> <span class='ocrx_word' id='word_1_948' title='bbox 3151 4867 3207 4913; x_wconf 91' lang='lat' dir='ltr'><strong>et</strong></span> <span class='ocrx_word' id='word_1_949' title='bbox 3246 4858 3384 4913; x_wconf 90' lang='lat' dir='ltr'><strong>alius</strong></span> <span class='ocrx_word' id='word_1_950' title='bbox 3413 4860 3624 4929; x_wconf 74' lang='lat' dir='ltr'><strong>Moyses</strong></span> <span class='ocrx_word' id='word_1_951' title='bbox 3651 4864 3735 4934; x_wconf 88' lang='lat' dir='ltr'><strong>qui</strong></span> 
     </span>
    </p>
   </div>
   <div class='ocr_carea' id='block_1_112' title="bbox 2149 4940 3736 5016">
    <p class='ocr_par' dir='ltr' id='par_1_112' title="bbox 2149 4940 3736 5016">
     <span class='ocr_line' id='line_1_112' title="bbox 2149 4940 3736 5016; baseline 0.004 -14"><span class='ocrx_word' id='word_1_952' title='bbox 2149 4940 2306 5012; x_wconf 75' lang='lat' dir='ltr'><strong>fecit,</strong></span> <span class='ocrx_word' id='word_1_953' title='bbox 2349 4963 2470 5002; x_wconf 90' lang='lat' dir='ltr'><strong>cum</strong></span> <span class='ocrx_word' id='word_1_954' title='bbox 2516 4948 2656 5002; x_wconf 90' lang='lat' dir='ltr'><strong>idem</strong></span> <span class='ocrx_word' id='word_1_955' title='bbox 2701 4949 2814 5016; x_wconf 80' lang='lat' dir='ltr'><strong>ipse</strong></span> <span class='ocrx_word' id='word_1_956' title='bbox 2857 4949 2946 5002; x_wconf 89' lang='lat' dir='ltr'><strong>sit.</strong></span> <span class='ocrx_word' id='word_1_957' title='bbox 2990 4949 3148 5004; x_wconf 82' lang='lat' dir='ltr'><strong>Tales</strong></span> <span class='ocrx_word' id='word_1_958' title='bbox 3188 4949 3480 5006; x_wconf 89' lang='lat' dir='ltr'><strong>locutiones</strong></span> <span class='ocrx_word' id='word_1_959' title='bbox 3511 4953 3561 5006; x_wconf 91' lang='lat' dir='ltr'><strong>in</strong></span> <span class='ocrx_word' id='word_1_960' title='bbox 3592 4954 3736 5009; x_wconf 76' lang='lat' dir='ltr'><strong>Novo</strong></span> 
     </span>
    </p>
   </div>
   <div class='ocr_carea' id='block_1_113' title="bbox 2150 5039 3733 5111">
    <p class='ocr_par' dir='ltr' id='par_1_113' title="bbox 2150 5039 3733 5111">
     <span class='ocr_line' id='line_1_113' title="bbox 2150 5039 3733 5111; baseline 0.006 -18"><span class='ocrx_word' id='word_1_961' title='bbox 2150 5039 2495 5095; x_wconf 87' lang='lat' dir='ltr'><strong>Testamento</strong></span> <span class='ocrx_word' id='word_1_962' title='bbox 2529 5039 2849 5097; x_wconf 80' lang='lat' dir='ltr'><strong>difﬁcillime</strong></span> <span class='ocrx_word' id='word_1_963' title='bbox 2876 5043 3234 5111; x_wconf 88' lang='lat' dir='ltr'><strong>reperiuntur.</strong></span> <span class='ocrx_word' id='word_1_964' title='bbox 3280 5043 3406 5098; x_wconf 84' lang='lat' dir='ltr'><strong>inde</strong></span> <span class='ocrx_word' id='word_1_965' title='bbox 3437 5054 3520 5099; x_wconf 58' lang='lat' dir='ltr'><strong>est</strong></span> <span class='ocrx_word' id='word_1_966' title='bbox 3561 5057 3733 5104; x_wconf 87' lang='lat' dir='ltr'><strong>tamen</strong></span> 
     </span>
    </p>
   </div>
   <div class='ocr_carea' id='block_1_114' title="bbox 2146 5129 3734 5202">
    <p class='ocr_par' dir='ltr' id='par_1_114' title="bbox 2146 5129 3734 5202">
     <span class='ocr_line' id='line_1_114' title="bbox 2146 5129 3734 5202; baseline 0.005 -18"><span class='ocrx_word' id='word_1_967' title='bbox 2146 5129 2288 5200; x_wconf 89' lang='lat' dir='ltr'><strong>quod</strong></span> <span class='ocrx_word' id='word_1_968' title='bbox 2319 5131 2609 5200; x_wconf 82' lang='lat' dir='ltr'><strong>Apostolus</strong></span> <span class='ocrx_word' id='word_1_969' title='bbox 2649 5131 2725 5185; x_wconf 92' lang='lat' dir='ltr'><strong>ait</strong></span> <span class='ocrx_word' id='word_1_970' title='bbox 2767 5149 2780 5184; x_wconf 93' lang='lat'>:</span> <span class='ocrx_word' id='word_1_971' title='bbox 2823 5131 2902 5185; x_wconf 88' lang='lat' dir='ltr'><strong>De</strong></span> <span class='ocrx_word' id='word_1_972' title='bbox 2938 5130 3075 5185; x_wconf 84' lang='lat' dir='ltr'><strong>Filio</strong></span> <span class='ocrx_word' id='word_1_973' title='bbox 3103 5149 3225 5199; x_wconf 84' lang='lat' dir='ltr'><strong>suo,</strong></span> <span class='ocrx_word' id='word_1_974' title='bbox 3260 5132 3342 5202; x_wconf 70' lang='lat' dir='ltr'><strong>qui</strong></span> <span class='ocrx_word' id='word_1_975' title='bbox 3379 5137 3546 5201; x_wconf 79' lang='lat' dir='ltr'><strong>factus</strong></span> <span class='ocrx_word' id='word_1_976' title='bbox 3583 5145 3658 5190; x_wconf 90' lang='lat' dir='ltr'><strong>est</strong></span> <span class='ocrx_word' id='word_1_977' title='bbox 3693 5139 3734 5192; x_wconf 89' lang='lat' dir='ltr'><strong>ei</strong></span> 
     </span>
    </p>
   </div>
   <div class='ocr_carea' id='block_1_115' title="bbox 2145 5221 3733 5292">
    <p class='ocr_par' dir='ltr' id='par_1_115' title="bbox 2145 5221 3733 5292">
     <span class='ocr_line' id='line_1_115' title="bbox 2145 5221 3733 5292; baseline 0.006 -18"><span class='ocrx_word' id='word_1_978' title='bbox 2145 5237 2209 5274; x_wconf 74' lang='lat' dir='ltr'><strong>ex</strong></span> <span class='ocrx_word' id='word_1_979' title='bbox 2233 5221 2421 5274; x_wconf 86' lang='lat' dir='ltr'><strong>semine</strong></span> <span class='ocrx_word' id='word_1_980' title='bbox 2452 5221 2618 5274; x_wconf 71' lang='lat' dir='ltr'><strong>David</strong></span> <span class='ocrx_word' id='word_1_981' title='bbox 2645 5223 2922 5276; x_wconf 82' lang='lat' dir='ltr'><strong>secundum</strong></span> <span class='ocrx_word' id='word_1_982' title='bbox 2948 5238 3152 5276; x_wconf 84' lang='lat' dir='ltr'><strong>carnem</strong></span> <span class='ocrx_word' id='word_1_983' title='bbox 3172 5264 3188 5281; x_wconf 91' lang='lat'><strong>.</strong></span> <span class='ocrx_word' id='word_1_984' title='bbox 3225 5224 3313 5291; x_wconf 80' lang='lat' dir='ltr'><strong>qui</strong></span> <span class='ocrx_word' id='word_1_985' title='bbox 3352 5227 3733 5292; x_wconf 72' lang='lat' dir='ltr'><strong>prterlestinatns</strong></span> 
     </span>
    </p>
   </div>
   <div class='ocr_carea' id='block_1_116' title="bbox 2145 5302 3732 5386">
    <p class='ocr_par' dir='ltr' id='par_1_116' title="bbox 2145 5302 3732 5386">
     <span class='ocr_line' id='line_1_116' title="bbox 2145 5302 3732 5386; baseline 0.004 -22"><span class='ocrx_word' id='word_1_986' title='bbox 2145 5319 2220 5364; x_wconf 89' lang='lat' dir='ltr'><strong>est</strong></span> <span class='ocrx_word' id='word_1_987' title='bbox 2249 5309 2416 5365; x_wconf 80' lang='lat' dir='ltr'><strong>Filius</strong></span> <span class='ocrx_word' id='word_1_988' title='bbox 2445 5310 2544 5365; x_wconf 88' lang='lat' dir='ltr'><strong>Dei</strong></span> <span class='ocrx_word' id='word_1_989' title='bbox 2571 5313 2625 5365; x_wconf 89' lang='lat' dir='ltr'><strong>in</strong></span> <span class='ocrx_word' id='word_1_990' title='bbox 2653 5315 2835 5365; x_wconf 78' lang='lat' dir='ltr'><strong>virtute</strong></span> <span class='ocrx_word' id='word_1_991' title='bbox 2861 5311 3139 5366; x_wconf 84' lang='lat' dir='ltr'><strong>secundum</strong></span> <span class='ocrx_word' id='word_1_992' title='bbox 3170 5312 3421 5380; x_wconf 83' lang='lat' dir='ltr'><strong>Spiritum</strong></span> <span class='ocrx_word' id='word_1_993' title='bbox 3445 5302 3732 5386; x_wconf 77' lang='lat' dir='ltr'><strong>sanctiﬁca-</strong></span> 
     </span>
    </p>
   </div>
   <div class='ocr_carea' id='block_1_117' title="bbox 2141 5403 3730 5464">
    <p class='ocr_par' dir='ltr' id='par_1_117' title="bbox 2141 5403 3730 5464">
     <span class='ocr_line' id='line_1_117' title="bbox 2141 5403 3730 5464; baseline 0.006 -9"><span class='ocrx_word' id='word_1_994' title='bbox 2141 5403 2292 5456; x_wconf 86' lang='lat' dir='ltr'><strong>tionis</strong></span> <span class='ocrx_word' id='word_1_995' title='bbox 2329 5419 2394 5456; x_wconf 80' lang='lat' dir='ltr'><strong>ea:</strong></span> <span class='ocrx_word' id='word_1_996' title='bbox 2427 5404 2794 5457; x_wconf 85' lang='lat' dir='ltr'><strong>resurrectione</strong></span> <span class='ocrx_word' id='word_1_997' title='bbox 2828 5412 3140 5458; x_wconf 81' lang='lat' dir='ltr'><strong>mortuorum</strong></span> <span class='ocrx_word' id='word_1_998' title='bbox 3159 5404 3284 5458; x_wconf 72' lang='lat' dir='ltr'><strong>Iesu</strong></span> <span class='ocrx_word' id='word_1_999' title='bbox 3312 5405 3499 5460; x_wconf 69' lang='lat' dir='ltr'><strong>Clariin</strong></span> <span class='ocrx_word' id='word_1_1000' title='bbox 3528 5406 3730 5464; x_wconf 81' lang='lat' dir='ltr'><strong>Domini</strong></span> 
     </span>
    </p>
   </div>
   <div class='ocr_carea' id='block_1_118' title="bbox 2140 5491 3727 5565">
    <p class='ocr_par' dir='ltr' id='par_1_118' title="bbox 2140 5491 3727 5565">
     <span class='ocr_line' id='line_1_118' title="bbox 2140 5491 3727 5565; baseline 0.006 -20"><span class='ocrx_word' id='word_1_1001' title='bbox 2140 5494 2299 5546; x_wconf 79' lang='lat' dir='ltr'><strong>nostri</strong></span> <span class='ocrx_word' id='word_1_1002' title='bbox 2329 5491 2518 5562; x_wconf 84' lang='lat' dir='ltr'><strong>(Rom.</strong></span> <span class='ocrx_word' id='word_1_1003' title='bbox 2547 5509 2598 5560; x_wconf 85' lang='grc' dir='ltr'><strong><em>ι,</em></strong></span> <span class='ocrx_word' id='word_1_1004' title='bbox 2625 5494 2689 5558; x_wconf 79' lang='lat'><strong>3,</strong></span> <span class='ocrx_word' id='word_1_1005' title='bbox 2717 5491 2793 5565; x_wconf 93' lang='grc'><strong>4)</strong></span> <span class='ocrx_word' id='word_1_1006' title='bbox 2828 5511 2842 5548; x_wconf 88' lang='lat'><strong>:</strong></span> <span class='ocrx_word' id='word_1_1007' title='bbox 2878 5503 3127 5563; x_wconf 88' lang='lat' dir='ltr'><strong>tanquam</strong></span> <span class='ocrx_word' id='word_1_1008' title='bbox 3167 5493 3304 5548; x_wconf 88' lang='lat' dir='ltr'><strong>alius</strong></span> <span class='ocrx_word' id='word_1_1009' title='bbox 3345 5497 3413 5550; x_wconf 90' lang='lat' dir='ltr'><strong>sit</strong></span> <span class='ocrx_word' id='word_1_1010' title='bbox 3443 5496 3610 5553; x_wconf 81' lang='lat' dir='ltr'><strong>Filius</strong></span> <span class='ocrx_word' id='word_1_1011' title='bbox 3637 5499 3727 5554; x_wconf 86' lang='lat' dir='ltr'><strong>Dci</strong></span> 
     </span>
    </p>
   </div>
   <div class='ocr_carea' id='block_1_119' title="bbox 2139 5581 3727 5653">
    <p class='ocr_par' dir='ltr' id='par_1_119' title="bbox 2139 5581 3727 5653">
     <span class='ocr_line' id='line_1_119' title="bbox 2139 5581 3727 5653; baseline 0.008 -19"><span class='ocrx_word' id='word_1_1012' title='bbox 2139 5583 2230 5650; x_wconf 91' lang='lat' dir='ltr'><strong>qui</strong></span> <span class='ocrx_word' id='word_1_1013' title='bbox 2261 5581 2433 5637; x_wconf 85' lang='lat' dir='ltr'><strong>factus</strong></span> <span class='ocrx_word' id='word_1_1014' title='bbox 2458 5594 2541 5638; x_wconf 87' lang='lat' dir='ltr'><strong>est</strong></span> <span class='ocrx_word' id='word_1_1015' title='bbox 2566 5600 2631 5639; x_wconf 89' lang='lat' dir='ltr'><strong>ex</strong></span> <span class='ocrx_word' id='word_1_1016' title='bbox 2661 5586 2868 5639; x_wconf 87' lang='lat' dir='ltr'><strong>semine</strong></span> <span class='ocrx_word' id='word_1_1017' title='bbox 2895 5584 3058 5639; x_wconf 87' lang='lat' dir='ltr'><strong>David</strong></span> <span class='ocrx_word' id='word_1_1018' title='bbox 3087 5586 3380 5640; x_wconf 84' lang='lat' dir='ltr'><strong>secundum</strong></span> <span class='ocrx_word' id='word_1_1019' title='bbox 3405 5603 3645 5653; x_wconf 87' lang='lat' dir='ltr'><strong>carnem,</strong></span> <span class='ocrx_word' id='word_1_1020' title='bbox 3673 5601 3727 5646; x_wconf 90' lang='lat' dir='ltr'><strong>et</strong></span> 
     </span>
    </p>
   </div>
   <div class='ocr_carea' id='block_1_120' title="bbox 2137 5674 3722 5741">
    <p class='ocr_par' dir='ltr' id='par_1_120' title="bbox 2137 5674 3722 5741">
     <span class='ocr_line' id='line_1_120' title="bbox 2137 5674 3722 5741; baseline 0.006 -14"><span class='ocrx_word' id='word_1_1021' title='bbox 2137 5674 2274 5729; x_wconf 90' lang='lat' dir='ltr'><strong>alius</strong></span> <span class='ocrx_word' id='word_1_1022' title='bbox 2309 5675 2467 5730; x_wconf 84' lang='lat' dir='ltr'><strong>Jesus</strong></span> <span class='ocrx_word' id='word_1_1023' title='bbox 2501 5674 2749 5731; x_wconf 83' lang='lat' dir='ltr'><strong>Christus</strong></span> <span class='ocrx_word' id='word_1_1024' title='bbox 2785 5676 3041 5731; x_wconf 88' lang='lat' dir='ltr'><strong>Dominus</strong></span> <span class='ocrx_word' id='word_1_1025' title='bbox 3081 5685 3292 5741; x_wconf 88' lang='lat' dir='ltr'><strong>noster,</strong></span> <span class='ocrx_word' id='word_1_1026' title='bbox 3331 5693 3452 5733; x_wconf 90' lang='lat' dir='ltr'><strong>cum</strong></span> <span class='ocrx_word' id='word_1_1027' title='bbox 3491 5681 3561 5734; x_wconf 88' lang='lat' dir='ltr'><strong>sit</strong></span> <span class='ocrx_word' id='word_1_1028' title='bbox 3590 5695 3722 5738; x_wconf 80' lang='lat' dir='ltr'><strong>unus</strong></span> 
     </span>
    </p>
   </div>
   <div class='ocr_carea' id='block_1_121' title="bbox 2206 5784 3233 5851">
    <p class='ocr_par' dir='ltr' id='par_1_121' title="bbox 2206 5784 3233 5851">
     <span class='ocr_line' id='line_1_121' title="bbox 2206 5784 3233 5851; baseline 0.007 -18"><span class='ocrx_word' id='word_1_1029' title='bbox 2206 5789 2220 5820; x_wconf 78' lang='grc' dir='ltr'>ί</span> <span class='ocrx_word' id='word_1_1030' title='bbox 2258 5793 2394 5838; x_wconf 79' lang='lat' dir='ltr'><strong>Forte</strong></span> <span class='ocrx_word' id='word_1_1031' title='bbox 2419 5788 2683 5851; x_wconf 81' lang='lat' dir='ltr'><strong>legendum</strong></span> <span class='ocrx_word' id='word_1_1032' title='bbox 2709 5801 2722 5838; x_wconf 87' lang='lat'><strong><em>:</em></strong></span> <span class='ocrx_word' id='word_1_1033' title='bbox 2749 5787 3002 5840; x_wconf 72' lang='lat' dir='ltr'><strong>dilectione</strong></span> <span class='ocrx_word' id='word_1_1034' title='bbox 3010 5784 3233 5846; x_wconf 64' lang='lat' dir='ltr'><strong>iustitia.</strong></span> 
     </span>
    </p>
   </div>
  </div>
