3934 6320
182 378 280 433 821

182 499 345 558 atque
381 488 547 547 idem.
581 488 639 547 lu
665 489 934 545 veteribus
960 497 1138 544 autem
1168 489 1316 543 libris
1353 489 1542 545 crebra
1572 498 1656 544 est
1687 488 1784 542 ista

185 580 393 636 locutio
422 600 436 636 :
465 592 518 638 et
545 582 669 639 ideo
696 582 908 654 quando
932 582 1261 637 subobscure
1293 583 1371 648 ﬁt,
1394 600 1460 638 ex
1489 582 1785 638 manifestis

187 675 272 728 sui
301 676 520 745 generis
547 676 805 747 exemplis
836 675 1173 746 intelligenda
1205 686 1320 740 est;
1363 676 1501 731 sicut
1528 675 1632 731 hoc
1668 675 1786 730 loco

188 765 384 833 psalmi
429 766 589 835 hujus
616 782 773 837 quem
806 776 1124 829 tractamus,
1154 766 1483 822 subobscure
1514 766 1649 820 facta
1679 775 1781 820 est.

185 855 326 911 Nam
356 857 402 912 si
441 857 714 913 diceretur
740 858 897 913 Jesus
931 859 1175 913 Christus
1198 898 1213 923 ,
1252 874 1344 912 rex
1374 859 1624 911 virtutum
1655 856 1784 911 Jesu

186 948 413 1013 Christi,
440 960 544 1002 tam
570 960 754 1017 aperta
774 955 918 1003 esset
940 964 1097 1019 quam
1125 949 1237 1011 illa,
1262 946 1406 1001 Fecit
1431 947 1632 1019 Moyses
1656 948 1786 1002 sicut

186 1037 429 1107 praecepit
459 1037 706 1093 Dominus
742 1037 911 1109 Moysi
939 1054 957 1093 :
986 1038 1110 1109 quia
1137 1054 1263 1092 vero
1302 1039 1502 1093 dictum
1527 1046 1644 1106 est,
1673 1037 1786 1092 Rea:

186 1128 434 1181 virtutum
451 1122 657 1192 Dilecti,
688 1144 793 1183 non
822 1130 976 1184 facile
1001 1139 1086 1185 est
1110 1139 1169 1185 ut
1190 1140 1441 1184 occurrat
1467 1130 1638 1200 ipsum
1663 1144 1783 1185 esse

183 1233 371 1289 regem
400 1221 653 1275 virtutum
672 1262 687 1288 ,
726 1222 814 1292 qui
842 1230 925 1279 est
952 1232 1008 1277 et
1034 1221 1290 1277 Dilectus.
1334 1222 1447 1277 Rea:
1470 1237 1598 1293 ergo
1625 1222 1783 1276 uirtu-

184 1320 297 1364 tum
324 1308 509 1366 Dilecti
528 1354 545 1380 ,
576 1314 655 1368 sic
694 1312 915 1384 intelligi
947 1321 1154 1384 potest,
1182 1328 1245 1368 ac
1281 1314 1324 1369 si
1355 1312 1655 1379 diceretur,
1687 1330 1780 1369 rex

183 1401 447 1456 virtutum
482 1416 723 1466 suarum,
752 1404 872 1474 quia
903 1414 955 1460 et
998 1419 1090 1459 rex
1119 1404 1373 1459 virtutum
1398 1414 1482 1461 est
1509 1405 1777 1471 Christus,

183 1504 240 1548 et
270 1495 508 1550 Dilectus
532 1506 617 1551 est
646 1495 783 1551 idem
817 1498 930 1567 ipse
956 1497 1222 1553 Christus.
1269 1498 1521 1566 Quamuis
1548 1513 1656 1553 non
1686 1497 1783 1552 ha-

184 1587 317 1642 beat
359 1588 460 1643 iste
503 1603 694 1643 sensus
742 1599 942 1645 tantam
982 1589 1387 1655 necessitatem,
1418 1598 1476 1644 ut
1499 1590 1641 1645 aliud
1671 1606 1779 1644 non

183 1680 366 1735 valeat
393 1681 558 1750 accipi
591 1699 605 1735 :
643 1682 766 1751 quia
796 1690 850 1737 ct
876 1681 1029 1737 Patet
1074 1693 1248 1752 potest
1288 1682 1511 1754 intelligi
1551 1698 1645 1738 rex
1672 1683 1781 1737 vir-

183 1779 362 1826 tutum
392 1771 508 1825 Filii
540 1771 620 1825 sui
648 1771 825 1828 dilCCli
849 1816 862 1838 ,
894 1774 976 1827 cui
1004 1772 1135 1829 dicit
1160 1773 1272 1843 ipse
1300 1774 1567 1839 Dilectus,
1593 1774 1779 1828 Omnia

179 1879 297 1916 mea
322 1874 411 1917 tua
453 1873 587 1930 sunt,
637 1874 683 1918 et
731 1875 817 1918 tua
846 1882 957 1919 utea
1001 1865 1177 1936 (Joan.
1205 1867 1498 1936 X\'ll,10).
1545 1866 1695 1933 Quod
1730 1867 1777 1922 si

180 1954 322 2009 forte
348 1956 607 2024 quaeritur
634 1964 807 2010 utrum
839 1957 977 2012 Deus
1012 1957 1217 2012 Domini
1246 1956 1372 2012 Jesu
1397 1957 1592 2014 Christi
1619 1959 1778 2014 Pater

178 2046 345 2100 etiam
374 2060 464 2100 rex
494 2045 597 2100 dici
632 2048 830 2115 possit,
874 2049 1057 2103 nescio
1084 2059 1261 2104 utrum
1284 2049 1561 2121 quisquam
1584 2049 1777 2105 audeat

178 2137 288 2192 hoc
308 2137 375 2189 ah
405 2153 469 2191 eo
496 2153 691 2191 nomen
720 2138 963 2204 auferre,
999 2140 1086 2195 ubi
1122 2141 1411 2209 Apostolus
1447 2141 1575 2196 dicit
1605 2160 1619 2196 :
1648 2142 1777 2214 Regi

176 2241 349 2284 autem
376 2232 677 2285 seculorum
703 2233 999 2297 immortali,
1031 2234 1287 2301 invisibili,
1312 2234 1411 2289 soli
1429 2233 1537 2288 Deo
1563 2233 1617 2309 (l
1636 2234 1771 2289 Tim.

176 2336 217 2384 ι,
243 2318 357 2393 17).
388 2322 519 2387 Quia
547 2322 648 2377 etsi
677 2322 777 2378 hoc
803 2322 870 2377 de
905 2324 1015 2393 ipsa
1046 2323 1307 2380 Triuitate
1331 2324 1532 2380 dictum
1558 2334 1672 2391 cst,
1702 2326 1775 2382 ibi

174 2422 262 2465 est
288 2420 345 2465 et
386 2412 525 2466 Deus
553 2413 731 2468 Pater.
775 2412 830 2469 Si
861 2423 1038 2468 autem
1069 2429 1175 2469 non
1204 2415 1491 2471 carnaliter
1520 2416 1772 2487 intelligi-

175 2520 301 2560 tuus
321 2547 336 2572 ,
367 2504 501 2559 Deus
521 2548 538 2571 ,
560 2507 818 2578 judicium
846 2516 984 2560 tuum
1011 2508 1120 2577 regi
1144 2508 1240 2573 da,
1270 2517 1317 2562 et
1347 2509 1603 2579 justitiam
1633 2519 1774 2562 tuam

174 2597 290 2665 ﬁlio
318 2598 450 2668 regis
482 2598 649 2671 (Psal.
679 2615 820 2665 Lxxt,
842 2600 898 2669 2)
926 2616 940 2665 ;
974 2602 1157 2656 nescio
1182 2610 1357 2656 utrum
1386 2601 1529 2657 aliud
1570 2600 1769 2671 aliquid

175 2688 384 2742 dictum
427 2698 509 2744 cst
545 2705 727 2760 quam,
758 2689 892 2746 Filio
921 2699 1032 2747 tuo.
1076 2691 1190 2747 Rex
1230 2696 1359 2762 ergo
1399 2701 1483 2748 est
1510 2702 1565 2748 et
1590 2692 1769 2749 Pater.

176 2778 334 2836 Unde
364 2782 656 2836 versiculus
686 2782 784 2837 iste
815 2783 998 2852 psalmi
1028 2782 1187 2853 hujus
1210 2824 1226 2851 ,
1255 2784 1368 2841 Rea:
1404 2784 1644 2885 virgulam
1673 2783 1773 2839 Di-

173 2872 318 2937 lecti,
344 2881 570 2943 utroque
592 2873 753 2928 modo
779 2874 1000 2945 intelligi
1026 2884 1223 2945 potest.
1247 2876 1379 2931 Cum
1405 2872 1583 2947 itaque
1605 2876 1771 2932 dixis-

171 2972 299 3029 set,
344 2961 598 3019 Dominus
645 2966 784 3019 dabit
836 2967 1039 3020 uerbum
1085 2968 1547 3045 euangelizantibus
1588 2969 1772 3024 virtute

172 3055 377 3116 multa;
406 3056 528 3126 quia
559 3056 673 3126 ipsa
702 3056 872 3110 virtus
900 3057 968 3113 ab
996 3072 1062 3112 eo
1091 3057 1312 3128 regitur,
1338 3059 1495 3129 eique
1521 3060 1716 3114 militat
1736 3074 1769 3114 ι

171 3160 285 3215 quo
326 3145 504 3213 datur,
541 3145 677 3216 ipse,
725 3146 911 3218 inquit,
956 3144 1209 3205 Dominus
1250 3149 1340 3220 qui
1388 3151 1524 3204 dabit
1566 3149 1769 3205 verbum

171 3235 637 3307 euangelizantibus
683 3236 863 3292 virtute
904 3238 1087 3305 multa,
1130 3256 1223 3295 rea:
1262 3249 1347 3296 est
1388 3240 1624 3297 virtutum
1664 3241 1764 3298 Di-

170 3327 309 3380 terti.

246 3436 335 3492 16.
371 3437 572 3493 Deinde
596 3439 873 3510 sequitur:
900 3439 1118 3508 Dilecti,
1151 3452 1198 3497 et
1222 3443 1407 3513 speciei
1431 3445 1612 3498 domus
1638 3446 1767 3499 dici-

169 3530 294 3583 dere
320 3531 513 3599 spolia.
548 3530 815 3601 Repetitio
840 3534 1072 3602 pertinet
1095 3534 1163 3589 ad
1189 3536 1711 3593 commendationem
1746 3557 1763 3594 :

168 3637 476 3692 quanquam
523 3622 678 3677 istam
734 3624 1107 3695 repetitionem
1164 3642 1271 3682 non
1316 3642 1506 3684 omnes
1546 3628 1766 3684 codices

169 3712 441 3780 habeant,
470 3724 526 3770 et
553 3732 671 3771 eam
701 3716 1068 3789 diligentiores
1092 3718 1246 3774 stella
1275 3720 1517 3790 apposita
1547 3736 1764 3791 prauo-

166 3814 317 3870 tant,
364 3822 485 3878 qum
526 3807 676 3879 signa
707 3818 964 3863 vocantur
1000 3810 1284 3875 asterisci;
1325 3811 1518 3884 quibus
1546 3814 1763 3883 agnosci

166 3898 357 3953 volunt
396 3913 460 3953 ea
503 3914 609 3953 non
651 3915 771 3955 esse
816 3901 866 3955 in
912 3901 1352 3971 interpretatione
1392 3903 1760 3977 Septuaginta,

164 3988 263 4044 sed
293 4005 414 4045 esse
451 3988 503 4045 in
550 3989 787 4059 bebrteo,
818 4009 938 4063 qua:
978 3993 1171 4049 talibus
1211 3995 1571 4065 iusigniuntur
1598 3998 1758 4055 notis.

164 4082 277 4138 Sed
317 4083 433 4139 sive
479 4094 785 4154 repetatur,
828 4086 942 4141 sive
999 4086 1167 4142 semel
1212 4087 1414 4143 dictum
1468 4091 1762 4161 accipiatur

162 4174 312 4245 quod
356 4174 590 4246 positum
629 4186 743 4243 est,
789 4175 1015 4243 Dilecti;
1062 4178 1141 4233 sic
1181 4179 1588 4251 intelligendum
1632 4192 1762 4252 puto

164 4265 307 4335 quod
339 4266 583 4335 sequitur
602 4308 617 4332 ,
646 4276 693 4320 et
722 4268 906 4336 speciei
931 4268 1111 4323 domus
1135 4270 1358 4325 dividere
1391 4272 1559 4342 spolia
1579 4314 1593 4337 ,
1628 4290 1690 4329 ac
1714 4275 1761 4331 si

162 4356 470 4421 diceretur,
498 4354 684 4411 Dilecti
712 4358 871 4412 etiam
908 4360 1092 4427 speciei
1117 4359 1298 4415 domus
1321 4362 1544 4417 diuidere
1570 4365 1757 4437 spolia,

162 4446 215 4501 id
244 4455 327 4500 est
346 4487 364 4512 ,
408 4446 592 4503 Dilecti
620 4448 781 4503 etiam
810 4448 877 4504 ad
904 4448 1191 4506 dividenda
1216 4452 1406 4521 spolia.
1449 4455 1758 4525 Speciosam

160 4538 362 4607 quippe
395 4536 635 4605 domum,
664 4538 715 4593 id
739 4548 824 4594 est
855 4540 1144 4596 Ecclesiam
1171 4541 1415 4598 Christus
1443 4545 1586 4611 fecit,
1616 4546 1758 4602 divi-

159 4632 341 4687 dendo
375 4631 451 4686 illi
485 4632 693 4701 spolia;
734 4631 872 4687 sicut
910 4635 1211 4703 speciosum
1242 4647 1326 4693 est
1348 4653 1548 4708 corpus
1574 4639 1758 4695 distri-

157 4723 382 4778 butione
401 4723 785 4778 membrorum.
806 4723 986 4795 Spolia
1014 4741 1174 4797 porro
1191 4726 1441 4783 dicuntur
1460 4745 1579 4799 qua:
1600 4731 1755 4788 victis

156 4815 407 4871 hostibus
432 4814 806 4871 detrahuntur.
851 4817 966 4873 lloc
1004 4818 1130 4887 Quid
1172 4821 1243 4874 sit
1271 4820 1622 4892 Evangelium
1655 4839 1754 4880 nos

155 4908 436 4972 admonet,
466 4907 555 4963 ubi
587 4909 817 4979 legimus
843 4926 858 4963 :
894 4908 1055 4964 Nemo
1081 4912 1238 4964 intrat
1266 4914 1319 4965 in
1344 4912 1551 4967 domum
1581 4916 1750 4984 fortis,

156 5011 212 5053 ut
262 5016 386 5052 vasa
436 5002 544 5068 ejus
597 5001 840 5070 diripiat,
890 5002 989 5054 nisi
1039 5002 1183 5071 prius
1235 5002 1517 5073 ailigaven't
1570 5007 1753 5075 [ot-tem

158 5089 378 5159 (Matth.
410 5104 516 5150 xu.
545 5088 678 5158 29).
726 5090 978 5159 Alligavit
1021 5107 1152 5161 ergo
1194 5091 1463 5148 diabolum
1507 5095 1752 5152 Christus

154 5181 527 5252 spiritualibus
567 5181 826 5248 vinculis;
874 5183 1174 5252 superando
1214 5193 1477 5251 mortem,
1507 5195 1561 5240 et
1589 5202 1753 5257 super

153 5274 326 5329 celos
366 5272 435 5327 ab
478 5270 662 5327 inieris
698 5272 1040 5328 ascendendo
1072 5291 1087 5327 :
1131 5274 1368 5344 alligavit
1403 5292 1525 5331 eum
1566 5293 1748 5334 sacra-

157 5374 343 5420 mento
368 5364 752 5419 incarnationis
777 5380 918 5431 suae,
949 5364 1091 5434 quod
1118 5365 1247 5420 nihil
1290 5366 1343 5421 iu
1374 5383 1440 5422 eo
1472 5371 1747 5439 reperiens

155 5469 329 5513 morte
358 5455 597 5526 dignum,
632 5465 807 5511 tamen
835 5465 917 5511 est
942 5458 1235 5527 permissus
1261 5458 1510 5515 occidere
1535 5478 1549 5525 ;
1578 5476 1643 5515 ac
1670 5462 1748 5517 sic

154 5551 371 5622 alligato
412 5549 631 5605 abstulit
669 5558 917 5619 tauquam
947 5551 1117 5619 spolia
1147 5566 1269 5605 vasa
1303 5553 1440 5622 ejus.
1468 5553 1747 5623 Operaba-

155 5657 239 5700 tur
264 5644 467 5716 quippe
495 5644 548 5697 in
580 5642 703 5697 (illis
729 5642 1040 5699 difﬁdentia:
1070 5642 1285 5714 (Ep/tes.
1311 5660 1369 5709 u,
1400 5645 1478 5717 2),
1517 5663 1744 5717 quorum

155 5736 468 5793 inlidelitate
503 5732 752 5789 utebatur
779 5731 845 5788 ad
887 5734 1211 5790 voluntatem
1255 5735 1583 5801 suam..ll:ec
1618 5753 1745 5795 vasa

156 5828 410 5891 Luminus
443 5824 709 5881 mundana
733 5824 1048 5882 remissione
1075 5836 1436 5897 peccatorum,
1470 5827 1584 5886 haec
1609 5843 1743 5900 spe-

1259 374 1657 431 ENARRATIO
1698 374 1761 428 IN
1803 372 2125 433 PSALMUM
2168 380 2379 437 LXVII.

3382 398 3491 455 829

1900 486 1967 597 lia
1998 494 2335 550 sanetilicaus
2364 499 2499 556 hosti
2524 517 2705 575 erepta
2739 521 3004 578 prostrato
3046 528 3206 591 atque
3243 526 3484 597 alligato,

1894 579 2071 638 divisit
2113 601 2174 641 ea
2202 592 2396 658 speciei
2422 594 2613 653 domus
2642 616 2753 657 sua:
2778 622 2792 669 ;
2832 607 2966 663 alios
2989 579 3483 692 cons'tituensjtpo:

1893 674 2080 740 stolos,
2109 678 2243 733 alios
2278 686 2565 755 praphetas
2583 731 2599 757 ,
2627 693 2760 747 alios
2787 709 3029 765 pastores
3067 716 3119 762 et
3145 674 3402 770 doctores
3426 674 3479 772 in

1894 777 2029 868 opus
2072 769 2354 827 ministerii
2380 818 2394 836 ,
2444 776 2497 832 in
2544 782 2950 847 tediiicationem
2996 801 3240 868 corporis
3281 769 3485 862 Christi

1894 854 2111 959 {Ep/tes.
2123 879 2199 959 ¹ιν,
2262 866 2308 959 i,
2334 868 2447 939 ιε).
2468 870 2614 927 Sicut
2630 877 2764 930 enim
2780 896 2934 935 unum
2950 854 3132 956 corpus
3146 854 3242 959 est,
3260 854 3484 951 ei

1892 945 1984 1000 bra
2025 952 2186 1005 multa
2214 955 2403 1022 habet;
2431 964 2603 1017 omnia
2638 978 2809 1023 autem
2849 945 3073 1030 membra
3108 945 3335 1055 corporis
3367 1003 3482 1042 cum

1889 1039 1991 1093 sint
2017 1045 2197 1109 multa.
2232 1065 2386 1104 unum
2414 1065 2487 1108 est
2510 1073 2698 1127 corpus
2722 1076 2744 1115 :
2771 1063 2843 1117 sic
2864 1074 2915 1120 et
2934 1039 3485 1147 ϐΙιήεικσ.’Νισηιᾳιιῑά

1888 1146 2063 1189 omnes
2099 1142 2318 1208 apostoli
2334 1144 2362 1198 .’
2403 1150 2653 1220 numquid
2689 1169 2863 1212 omnes
2898 1162 3203 1231 prop/tete?
3244 1142 3487 1240 numquid

1888 1238 2063 1280 omnes
2101 1230 2346 1288 virtutes?
2388 1241 2634 1309 numquid
2673 1259 2846 1302 omnes
2869 1230 3008 1306 dona
3046 1254 3230 1311 habent
3255 1230 3485 1315 curatio—

1890 1328 2014 1368 num
2038 1315 2065 1369 .’
2111 1324 2358 1392 numquid
2405 1344 2577 1383 omnes
2624 1331 2814 1404 linguis
2864 1340 3190 1410 loquuntur!
3234 1353 3490 1423 numquid

1887 1419 2060 1461 omnes
2086 1409 2519 1484 interpretantur!
2550 1422 2735 1481 Omnia
2759 1441 2925 1485 autem
2952 1435 3062 1489 Ita'c
3087 1452 3329 1509 aperatttr
3350 1409 3482 1503 tinus

1888 1502 2198 1605 atque‘idem
2224 1506 2453 1576 Spiritus
2474 1555 2489 1578 ,
2536 1517 2762 1574 dividens
2795 1528 3005 1595 prapria
3031 1502 3305 1604 unicuique
3329 1552 3492 1605 prout

1886 1592 1991 1696 uult
2016 1591 2070 1659 (l
2095 1593 2345 1696 Corax",
2363 1602 2443 1696 Ai!
2460 1646 2474 1671 ,
2499 1605 2570 1662 29
2589 1650 2603 1674 ,
2633 1610 2703 1666 50
2720 1653 2734 1676 ,
2766 1591 2825 1669 Π
2853 1591 2901 1685 ).⁷
2927 1618 2995 1672 Ει
3021 1618 3137 1676 haec
3158 1591 3241 1680 es't
3267 1591 3479 1696 Species

1886 1680 2111 1750 domus,
2143 1689 2230 1741 cui
2259 1693 2427 1760 spolia
2471 1696 2807 1769 dividuntur;
2853 1680 2915 1761 ut
2961 1720 3168 1768 amator
3211 1680 3333 1786 cjurs
3378 1720 3480 1778 hac

1888 1776 2281 1843 pulchritudine
2306 1800 2563 1845 accensus
2586 1795 2851 1854 exclamet
2883 1818 2897 1854 :
2922 1800 3172 1874 Domine,
3203 1776 3363 1867 ditari
3388 1776 3478 1870 de;

1884 1883 2050 1924 carem
2082 1872 2263 1929 domus
2285 1887 2386 1933 tua:
2408 1880 2579 1953 (Psal.
2605 1903 2735 1956 xxv,
2763 1890 2844 1963 8).

1958 1960 2045 2068 i7:
2077 1959 2374 2068 [verm-14.]
2397 1971 2516 2068 iam
2547 1976 2598 2031 in
2625 1994 2692 2034 eo
2719 1959 2860 2052 quod
2887 1989 3148 2058 sequitur,
3181 2009 3240 2049 se
3265 1996 3330 2051 atl
3361 1998 3474 2068 ipsa

1884 2054 2163 2159 membra,
2205 2060 2286 2159 de
2320 2066 2515 2132 quibus
2544 2069 2604 2125 lit
2645 2076 2855 2143 species
2895 2054 3473 2159 domum-alloquenda

1883 2148 2153 2204 convertit
2172 2190 2189 2217 ,
2234 2152 2422 2211 dicens
2464 2175 2479 2213 :
2511 2160 2575 2215 Si
2612 2162 2877 2245 dormiatis
2906 2172 3038 2229 inter
3070 2148 3262 2234 medios
3281 2148 3470 2252 cteros,

2087 2242 2333 2344 columba:
2348 2242 2699 2344 deargentata:
2715 2299 2732 2323 ,
2773 2270 2822 2314 et
2848 2262 2979 2317 inter
3012 2270 3254 2339 scapulas
3279 2275 3391 2344 ejus
3417 2242 3473 2331 in

1880 2328 2137 2386 ririditate
2163 2337 2299 2391 auri.
2346 2339 2502 2397 Prius
2530 2344 2617 2401 hic
2654 2354 2975 2419 quaerendus
3002 2371 3086 2414 est
3101 2328 3246 2424 'ordo
3276 2328 3472 2423 verba;

1880 2432 1999 2474 rum
2029 2426 2539 2526 quomodo-finiatur
2562 2442 2863 2509 sententia;
2894 2460 3014 2517 qua:
3037 2450 3223 2523 utique
3250 2456 3468 2526 pendet,

1879 2526 2001 2619 cum
2026 2513 2255 2619 dicitur,
2285 2519 2349 2576 Si
2371 2522 2639 2582 dormientis
2673 2546 2693 2587 :
2730 2513 2928 2593 deinde
2963 2542 3106 2610 quod
3132 2513 3215 2601 3n
3233 2513 3265 2613 ,I
3292 2513 3473 2619 penna;

1879 2603 2123 2699 columba:
2149 2608 2522 2685 deargentatw,
2550 2628 2728 2678 utrum
2758 2603 3013 2699 singulari
3032 2603 3267 2693 numero

1880 2692 2147 2800 ﬁgendum
2166 2711 2289 2800 est,
2321 2703 2482 2775 hujus
2512 2724 2739 2782 pennae;
2783 2692 3088 2791 an'plurali,
3133 2692 3219 2783 lue

1875 2783 1981 2840 Sed
2009 2787 2333 2884 singularem
2361 2811 2642 2857 numerum
2666 2783 3151 2884 greces-excludit,
3180 2783 3274 2876 ubi

1877 2889 1948 2929 no
1976 2876 2254 2946 pluraliter
2278 2885 2382 2943 hoc
2415 2892 2645 2959 positum
2683 2896 2897 2969 legitur.
2940 2903 3046 2961 Sed
3073 2876 3248 2967 adhuc

1875 2975 1988 3073 tum
2019 2983 2101 3028 est
2125 2983 2337 3073 utrum.
2367 2980 2450 3038 lue
2478 3000 2705 3055 pennte;
2741 3007 2842 3060 an,
2872 3011 2906 3050 ο
2936 3013 3033 3055 vos
3058 3018 3247 3072 penna:
3266 3047 3283 3073 ,
3314 3017 3373 3065 ut
3398 3008 3474 3066 ad

1874 3056 2018 3131 ipsas
2058 3079 2261 3134 pennas
2300 3071 2445 3172 loqui
2473 3077 2734 3137 videatur.
2766 3056 2956 3143 Utrum
2984 3056 3469 3172 ergorerb'is-qt;

1874 3164 2267 3254 praeesseruut
2300 3162 2518 3221 ﬁniatur
2542 3168 2642 3224 ista
2666 3177 2930 3231 sententia
2952 3221 2967 3243 ,
2991 3162 3067 3237 uti
3082 3186 3218 3241 ordo
3241 3188 3330 3254 sit,
3358 3162 3469 3247 Do-

1873 3243 2041 3350 minus
2068 3246 2210 3303 dabit
2250 3254 2457 3310 verbum
2494 3264 2953 3333 erangelizantibus
2978 3274 3163 3332 virtute
3200 3243 3382 3350 mulio,

1870 3333 2139 3437 dormiatis
2179 3340 2312 3398 inter
2350 3349 2544 3404 medios
2568 3354 2765 3422 cteros,
2806 3374 2840 3413 ο
2869 3376 2964 3418 vos
3004 3383 3186 3437 penna:
3220 3333 3466 3430 caluitii;

1870 3425 2251 3532 dcargentatar:
2276 3450 2349 3492 an
2382 3438 2465 3532 his
2492 3457 2612 3513 quae
2640 3460 2967 3523 sequuntur,
3001 3425 3059 3511 ut
3093 3460 3228 3516 ordo

1871 3518 2139 3578 dormiatis
2156 3526 2287 3581 inter
2309 3531 2501 3587 medios
2524 3534 2709 3605 cteros,
2724 3518 2923 3611 penne
2946 3518 3191 3606 columba
3216 3518 3461 3629 deterget;

1873 3615 2135 3716 take-nive
2156 3617 2524 3678 dealbaltuntur
2542 3627 2596 3682 in
2622 3630 2832 3687 Selmou
2855 3651 2875 3690 :
2901 3636 2951 3691 id
2981 3649 3086 3706 est,
3116 3642 3246 3713 ipsa:
3274 3615 3463 3716 penna:

1871 3702 2293 3797 dealbabuntur,
2323 3715 2370 3771 si
2413 3715 2691 3777 dormiatis
2730 3724 2873 3781 inter
2914 3702 3336 3793 medios-cleros
3405 3702 3467 3797 ut

1872 3794 1977 3851 illis
2006 3797 2107 3855 hoc
2137 3799 2319 3859 dicere
2364 3806 2716 3880 intelligatur,
2758 3818 2849 3886 qui
2889 3822 3087 3889 speciei
3116 3823 3308 3882 tlomus
3338 3794 3462 3889 ιέηῖξ

1868 3906 2028 3989 quam
2058 3896 2225 3989 spolia
2256 3898 2609 3971 dividuntur;
2660 3908 2713 3963 id
2752 3922 2857 3975 est,
2899 3914 2954 3969 Si
2996 3916 3274 3976 dormiatis
3321 3906 3466 3989 inter

1867 3983 2077 4041 medios
2116 3988 2290 4083 eleros
2313 4032 2329 4057 ,
2358 4008 2395 4048 o
2421 4010 2517 4052 vos
2545 3999 2636 4068 qui
2665 3999 2962 4060 dividitnini
3004 4010 3202 4078 speciei
3242 3983 3457 4083 donius,

1868 4089 1965 4144 per
2008 4080 2493 4141 manifestationem
2536 4088 2770 4161 Spiritus
2814 4096 2881 4150 ad
2927 4098 3231 4171 utilitatem,
3277 4115 3335 4161 ut
3368 4080 3461 4165 alii

1868 4168 2082 4237 quidem
2104 4172 2262 4229 detur
2281 4191 2380 4247 per
2401 4178 2658 4251 Spiritum
2695 4200 2874 4242 sermo
2898 4191 3195 4262 sapientiaz,
3218 4168 3314 4253 alii
3346 4215 3461 4256 scr-

1867 4274 1958 4314 tuo
1983 4263 2223 4321 scientia:
2259 4271 2551 4329 secundum
2586 4280 2834 4335 eumdem
2863 4282 3122 4353 Spiritum
3143 4330 3158 4357 ,
3184 4291 3271 4344 alii
3302 4292 3458 4362 ﬁdes,

1858 4354 1957 4433 alii
1996 4371 2193 4426 genera
2232 4365 2569 4422 curationum
2608 4369 2662 4423 in
2690 4372 2878 4429 eodem
2921 4354 3155 4448 Spiritu,
3184 4394 3239 4437 et
3263 4354 3459 4441 cetera

1867 4442 1918 4516 (Ι
1947 4445 2065 4502 Cor.
2091 4464 2189 4517 xu,
2214 4452 2266 4519 7,
2294 4451 2351 4528 9)
2377 4472 2392 4510 :
2419 4458 2466 4511 si
2490 4474 2622 4531 ergo
2648 4477 2745 4519 vos
2782 4442 3061 4525 dormiatis
3090 4442 3231 4529 inter
3252 4476 3459 4534 medios

1865 4537 2073 4628 cies-os,
2102 4551 2229 4597 tunc
2255 4557 2446 4613 penna:
2474 4550 2737 4607 columba:
2762 4554 3123 4628 deargcntata:
3160 4565 3283 4621 nive
3308 4566 3458 4622 deal-

1864 4625 2132 4727 babuntur
2170 4634 2227 4727 in
2270 4635 2510 4694 Selmon.
2556 4642 2741 4700 Potest
2766 4657 2822 4703 et
2862 4625 2982 4705 sic:
3016 4652 3080 4708 Si
3118 4671 3239 4720 vos,
3281 4675 3461 4727 penna

1862 4722 2111 4778 columbae
2148 4726 2523 4800 deargentataz,
2554 4733 2821 4796 dormiatis
2865 4741 2997 4795 inter
3038 4747 3230 4802 medios
3273 4722 3455 4815 claros.

1862 4813 1975 4906 niue
2001 4814 2372 4873 dealbobuntur
2410 4822 2465 4876 in
2494 4823 2723 4893 Selmon,
2768 4838 2826 4884 ut
2859 4832 3326 4906 subintelligantur
3356 4813 3457 4897 lto;
3539 4822 3544 4828 ”

1862 5088 1967 5141 tico
1993 5092 2322 5146 canticorum
2353 5113 2365 5148 :
2399 5096 2527 5160 Quae
2567 5111 2641 5154 est
2678 5103 2777 5157 ista
2812 5122 2925 5174 quia
2958 5114 3183 5167 ascendit
3219 5116 3458 5174 dealbata

1863 5181 2033 5253 (Cant.
2068 5201 2141 5247 ut,
2173 5186 2226 5251 6,
2252 5204 2355 5241 sec.
2384 5189 2551 5263 LXX)
2576 5193 2600 5246 ?
2643 5193 2931 5255 Promissio
2960 5204 3157 5273 quippe
3184 5206 3276 5263 Dei
3309 5220 3443 5267 tene-

1859 5282 1966 5341 tur,
1990 5290 2084 5345 per
2110 5277 2432 5347 Prophetam
2462 5282 2691 5341 dicentis
2717 5304 2731 5341 :
2756 5287 2820 5343 Si
2845 5292 3031 5362 fuerint
3060 5308 3263 5364 peccata
3288 5312 3455 5355 vestro

1858 5374 2098 5435 tanquam
2123 5369 2447 5437 phatticium,
2471 5374 2599 5427 sicut
2626 5378 2790 5431 nivem
2814 5382 3060 5437 dealbabo
3080 5384 3233 5456 (lsai.
3260 5405 3299 5455 l,
3323 5392 3455 5458 ιδῃ

1856 5455 2042 5512 Potest
2089 5468 2143 5513 ct
2184 5459 2265 5514 sic
2308 5461 2553 5535 intelligi,
2601 5478 2661 5522 ut
2708 5469 2762 5524 in
2803 5486 2871 5527 eo
2915 5466 3061 5545 quod
3091 5455 3306 5537 dictum
3342 5455 3453 5552 est,

1858 5564 2040 5616 penna:
2078 5551 2325 5607 columbae
2353 5555 2713 5628 deargcntata,
2756 5565 3125 5637 subaudiatur,
3158 5574 3349 5638 eritis;
3395 5551 3457 5633 ut

1856 5641 1955 5694 iste
1991 5641 2062 5695 sit
2101 5657 2292 5702 sensus
2332 5664 2348 5700 :
2391 5646 2437 5703 0
2474 5664 2570 5704 vos
2611 5652 2703 5721 qui
2744 5666 3001 5725 tanquam
3044 5656 3213 5731 spolia
3253 5671 3454 5736 speciei

1854 5738 2048 5793 domus
2085 5738 2406 5810 dividimini,
2437 5745 2481 5799 si
2520 5745 2802 5804 dormiatis
2832 5749 2971 5808 inter
3014 5757 3221 5813 medios
3250 5754 3454 5831 ciem.

1859 5847 2050 5905 pennae
2070 5833 2331 5892 columbis
2354 5835 2713 5914 deargcutata:
2745 5846 2935 5917 eritis;
2967 5847 3020 5906 id
3047 5860 3153 5925 est,
3182 5854 3239 5910 in
3262 5855 3453 5917 altiora
