3934 6324
482 388 586 451 8‘33

476 499 838 566 etevahimlm,
867 496 1166 568 compagini
1195 504 1373 549 tamen
1412 489 1666 547 Ecclesia:
1703 487 2059 542 cohaarentes.

477 590 689 652 Nullam
710 593 907 662 quippe
922 589 1091 642 valiant
1134 585 1326 641 melius
1354 582 1440 637 hic
1463 579 1687 648 intelligi
1714 585 1840 648 puto
1863 573 2068 630 colum-

476 683 599 743 bam
643 683 1042 752 deargentatam
1066 720 1083 744 ,
1110 691 1270 746 quain
1301 673 1447 728 illam
1490 672 1559 725 de
1584 684 1685 739 qua
1716 666 1915 722 dictum
1944 671 2064 720 est:

483 778 602 834 Una
631 786 703 831 est
728 773 961 829 columba
998 787 1112 824 mea
1143 767 1324 841 (Cant.
1354 780 1436 830 Vl,
1467 761 1562 835 8).
1593 762 1943 831 Dcargentata
1984 765 2070 811 est

485 880 703 933 autem,
748 865 875 937 quia
919 862 1116 917 divinis
1157 856 1382 928 eloquiis
1423 864 1507 911 est
1549 854 1754 908 erudita
1802 869 1821 929 :1
1857 847 2067 917 eloquia

480 974 713 1030 namque
741 956 950 1013 Domini
974 955 1081 1010 alio
1107 953 1225 1006 loco
1251 951 1504 1004 dicuntur
1527 954 1786 1019 argentum
1806 943 1924 1014 igne
1947 955 2070 994 m-

481 1053 728 1106 minatum
757 1058 922 1110 terra,
969 1051 1240 1117 purgatum
1285 1039 1570 1110 septuplutn
1613 1034 1801 1107 (Psal.
1840 1048 1892 1087 xt
1915 1072 1932 1096 ,
1969 1030 2065 1100 7).

485 1137 734 1210 Magnum
785 1138 965 1207 itaque
1006 1133 1220 1204 aliquod
1264 1132 1461 1186 bonum
1503 1136 1605 1192 est,
1648 1124 1885 1181 dormire
1929 1124 2069 1177 inter

486 1232 692 1286 medios
736 1229 910 1285 cleros
940 1244 956 1283 :
983 1242 1103 1297 qua:
1145 1223 1383 1280 nonnulli
1412 1220 1521 1276 duo
1560 1221 1901 1274 Testamenta
1946 1228 2068 1269 esse

482 1325 802 1384 voluerunt;
850 1329 909 1375 ut
950 1317 1186 1373 dormire
1225 1317 1295 1371 sit
1335 1313 1476 1368 inter
1521 1310 1730 1366 medios
1770 1308 1982 1371 cleros,
2015 1305 2067 1358 in

483 1431 670 1470 eorum
717 1414 1180 1469 Testamentorum
1229 1407 1546 1462 auctoritate
1592 1403 1967 1472 requiescere;
2016 1396 2068 1451 id

483 1518 603 1573 est.
645 1509 923 1576 utriusque
967 1501 1298 1559 Tcstamenti
1345 1497 1662 1554 testimoniis
1708 1493 2069 1564 acquiescere,

485 1614 544 1658 nt
572 1601 787 1673 quando
814 1595 1015 1669 aliquid
1043 1610 1110 1652 ex
1141 1594 1227 1650 his
1251 1591 1520 1663 profertur
1546 1600 1603 1645 et
1630 1587 1885 1657 probatur
1902 1625 1918 1650 ,
1949 1599 2069 1638 om-

489 1693 575 1748 nis
600 1690 875 1747 contentio
906 1687 1123 1758 pacifica
1153 1685 1330 1754 quiete
1354 1680 1586 1736 finiatur.
1614 1676 1767 1745 Quod
1793 1676 1838 1731 si
1867 1675 1936 1729 ita
1963 1683 2068 1739 est,

489 1782 614 1852 quid
645 1781 786 1835 aliud
832 1777 1110 1833 admoneri
1139 1774 1385 1829 videntur
1421 1769 1847 1841 evangelizantcs
1877 1766 2074 1821 virtute

488 1874 680 1932 multa.
725 1871 827 1926 nisi
862 1870 984 1940 quia
1028 1877 1156 1924 tunc
1198 1866 1277 1922 eis
1304 1865 1559 1921 Dominus
1583 1862 1734 1918 dabit
1768 1861 1988 1917 verbum
2015 1868 2076 1914 ut

490 1963 862 2035 evangelimre
883 1959 1109 2031 possint,
1128 1959 1172 2013 si
1196 1957 1462 2012 dormiant
1480 1956 1621 2010 inter
1639 1953 1843 2008 medios
1864 1951 2076 2008 cleros?

490 2055 644 2113 Tunc
687 2055 831 2111 enim
873 2051 954 2110 eis
976 2051 1194 2107 verbum
1219 2049 1460 2105 veritatis
1487 2047 1664 2114 datur,
1703 2046 1747 2101 si
1786 2041 2077 2100 auctoritas

489 2148 558 2203 ab
585 2147 665 2202 eis
688 2145 916 2200 duorum
939 2142 1404 2198 Testamentorum
1449 2152 1556 2194 non
1595 2137 1928 2208 relinquatur
1959 2153 1977 2188 :
2014 2143 2078 2191 ut

489 2236 590 2308 ipsi
635 2238 746 2293 sint
788 2244 844 2292 et
891 2249 1078 2304 penna:
1118 2233 1379 2288 columba:
1424 2230 1804 2300 deargentatat.
1847 2242 2075 2300 quorum

493 2326 875 2402 praedicatione
902 2326 954 2380 in
980 2324 1174 2381 caelum
1206 2322 1372 2395 gloria
1404 2322 1573 2378 fertur
1595 2322 1871 2377 Ecclesiae.

564 2421 652 2476 l8.
695 2418 840 2474 Inter
878 2419 1118 2487 scapulas
1159 2426 1335 2472 autem
1364 2431 1379 2467 :
1413 2430 1536 2483 pars
1560 2423 1646 2468 est
1671 2414 1855 2483 utique
1882 2427 2079 2482 corpo-

491 2513 605 2575 ris;
651 2525 773 2580 pars
815 2520 899 2564 est
925 2509 1063 2563 circa
1094 2507 1366 2578 regionem
1395 2505 1570 2561 cordis
1591 2545 1605 2569 ,
1637 2519 1666 2557 a
1700 2504 2081 2574 posterioribus

493 2592 672 2658 tamen
694 2641 710 2668 ,
739 2601 788 2655 id
818 2609 901 2656 est
924 2615 956 2655 a
979 2600 1176 2654 dorso:
1202 2613 1360 2668 quam
1384 2597 1643 2653 columba:
1665 2598 1801 2652 illius
1824 2597 2081 2668 deargen-

496 2702 620 2753 tatai
662 2704 868 2766 partem
911 2695 964 2749 in
1004 2693 1268 2748 viriditate
1305 2691 1423 2747 auri
1458 2705 1577 2746 esse
1601 2691 1763 2758 dicit,
1792 2690 1895 2745 hoc
1918 2698 2003 2746 est
2030 2691 2081 2744 in

495 2791 678 2858 vigore
719 2786 1032 2857 sapientiai;
1075 2799 1231 2855 quem
1270 2785 1506 2854 vigorem
1538 2784 1556 2816 ί
1597 2783 1788 2838 melius
1823 2797 1927 2837 non
1955 2791 2086 2852 puto

494 2877 717 2950 intelligi
757 2892 914 2948 posse
949 2891 1107 2947 quam
1133 2876 1470 2932 charitatem.
1499 2874 1604 2930 Sed
1630 2889 1794 2945 quare
1821 2889 1850 2926 a
1881 2872 2044 2929 dorso
2063 2914 2082 2942 ,

496 2982 553 3029 et
577 2988 682 3027 non
706 2987 737 3025 a
763 2969 1016 3040 pectore?
1042 2967 1353 3045 Quanquam
1379 2967 1543 3022 mirer
1559 2965 1831 3038 quomodo
1849 2965 2081 3037 positum

498 3064 568 3119 sit
611 3063 715 3117 hoc
755 3061 977 3117 verbum
1018 3060 1073 3115 in
1112 3060 1218 3114 alio
1260 3059 1502 3129 psalmo,
1543 3057 1636 3113 ubi
1669 3058 1897 3123 dicitur,
1944 3055 2089 3112 Inter

499 3155 740 3225 scapulas
773 3169 895 3207 suas
925 3149 1236 3205 obnmbrabit
1264 3150 1384 3217 tibi,
1415 3160 1460 3204 et
1485 3149 1576 3205 sub
1605 3150 1703 3203 alis
1730 3151 1840 3220 ejus
1863 3148 2090 3218 sperabis

499 3246 674 3315 (Psal.
722 3260 824 3307 xc.
854 3244 912 3315 4)
936 3285 951 3309 ,
992 3257 1114 3298 cum
1147 3241 1246 3296 sub
1273 3241 1374 3296 alis
1399 3241 1734 3296 obrumhrari
1761 3256 1866 3294 non
1899 3241 2088 3310 possit,

500 3337 605 3391 nisi
631 3335 774 3405 quod
799 3349 828 3387 a
859 3343 1075 3404 pectore
1104 3333 1281 3388 fuerit.
1313 3331 1382 3387 Et
1407 3331 1570 3387 latine
1593 3332 1806 3401 quidem
1829 3331 1959 3386 inter
1978 3348 2090 3386 sca-

500 3427 650 3498 pulas
678 3427 902 3481 fortasse
924 3425 1103 3494 aliquo
1127 3423 1287 3479 modo
1312 3438 1378 3478 ex
1406 3431 1629 3494 utraque
1649 3431 1798 3493 parte
1817 3423 1987 3494 possit
2010 3424 2093 3478 in-

501 3520 662 3589 telligi
688 3558 704 3583 ,
734 3527 788 3573 et
814 3525 942 3572 ante
961 3556 980 3580 .
1010 3525 1066 3572 et
1092 3525 1212 3584 post
1239 3533 1252 3582 ;
1283 3524 1340 3570 ut
1362 3515 1611 3585 scapulas
1630 3516 1954 3584 accipiamus
1972 3532 2091 3586 qua:

500 3611 555 3666 in
604 3611 779 3665 medio
820 3617 979 3678 aiput
1023 3609 1219 3664 habent
1259 3625 1275 3663 :
1319 3616 1374 3664 et
1413 3608 1465 3663 in
1503 3608 1721 3664 hebraao
1754 3610 1823 3665 sit
1849 3608 2093 3666 fortassis

500 3703 805 3772 ambiguum
831 3742 847 3767 ,
891 3700 1034 3771 quod
1076 3701 1245 3769 possit
1279 3708 1333 3754 et
1376 3697 1478 3755 hoc
1514 3699 1674 3755 modo
1714 3700 1969 3771 intelligi;
1997 3701 2093 3756 sed

501 3795 642 3864 quod
685 3796 740 3849 in
775 3808 951 3865 grmco
983 3801 1067 3848 est
1090 3799 1385 3866 μετέῳρωα,
1414 3792 1622 3847 nonnisi
1649 3807 1680 3847 a
1708 3793 2093 3863 posterioribus

501 3885 797 3956 significat,
837 3883 978 3954 quod
1020 3891 1102 3939 est
1143 3884 1273 3938 inter
1303 3884 1560 3953 scapulas.
1592 3880 1783 3938 Utrum
1813 3892 2092 3952 propterea

506 3977 575 4030 ibi
597 3985 681 4031 est
704 3975 820 4029 auri
843 3975 1080 4030 viriditas
1104 4015 1119 4038 ,
1145 3975 1195 4028 id
1217 3983 1299 4029 est
1322 3973 1582 4044 sapientia
1608 3983 1664 4030 et
1680 3974 1914 4030 charitas
1933 4017 1947 4039 ,
1969 3975 2092 4045 quia

504 4064 575 4120 ibi
619 4074 744 4120 sunt
779 4064 1172 4133 quodammodo
1206 4063 1415 4119 radices
1456 4064 1705 4130 alarum;
1746 4080 1813 4119 an
1858 4065 1981 4135 quia
2020 4066 2091 4119 ibi

504 4164 748 4228 portatur
786 4156 875 4211 illa
909 4156 1117 4211 sarcina
1157 4156 1290 4210 levis
1315 4150 1501 4223 i‘Quid
1527 4155 1670 4210 enim
1699 4164 1825 4211 sunt
1849 4156 1932 4211 vel
1963 4158 2093 4227 ipsa:
2126 4196 2128 4199 τ

502 4248 603 4302 ala:
622 4287 640 4311 ,
669 4247 769 4301 nisi
799 4246 904 4301 duo
934 4254 1193 4316 pnecepta
1215 4244 1525 4311 charitatis,
1554 4246 1608 4299 in
1637 4245 1831 4316 quibus
1853 4256 1959 4300 tota
1983 4247 2094 4302 Lex

503 4341 702 4411 pendet
724 4349 779 4396 et
803 4339 1081 4411 Prophetas
1109 4338 1320 4413 (Matth.
1348 4355 1458 4395 xxu
1481 4378 1498 4405 ,
1524 4340 1660 4412 4-0)?
1687 4340 1822 4409 Quid
1843 4344 1954 4411 ipsa
1975 4357 2094 4396 sar-

503 4435 622 4486 cina
651 4430 816 4496 lcvis,
849 4429 952 4486 nisi
981 4430 1094 4500 ipsa
1120 4430 1352 4486 cluat-itas
1379 4445 1498 4500 qua:
1525 4431 1577 4485 in
1605 4430 1691 4487 his
1715 4431 1924 4487 duobus
1952 4447 2093 4502 pra:-

503 4523 670 4594 ceptis
694 4523 987 4593 impletur?
1011 4522 1277 4592 Quidquid
1301 4523 1444 4578 enim
1464 4522 1678 4577 difﬁcile
1704 4529 1788 4578 est
1817 4524 1868 4576 in
1893 4538 2096 4594 praece-

503 4625 597 4685 pto
618 4653 636 4681 ,
681 4614 800 4669 leve
835 4623 920 4668 est
957 4611 1178 4668 amanti.
1209 4612 1322 4668 Nec
1345 4613 1415 4669 ob
1441 4613 1582 4668 aliud
1610 4623 1756 4668 recte
1780 4614 2095 4686 intelligitur

503 4707 702 4759 dictum
724 4747 738 4768 ,
783 4703 926 4760 Onus
967 4721 1131 4758 meum
1173 4705 1278 4760 leve
1312 4715 1386 4759 est
1414 4703 1525 4779 (Id.
1561 4720 1614 4759 xt
1637 4746 1652 4771 ,
1686 4706 1812 4776 30);
1845 4708 1945 4761 nisi
1971 4709 2094 4776 quia

503 4797 594 4848 dat
633 4795 887 4863 Spiritum
917 4803 1188 4858 sanctum,
1222 4810 1315 4864 per
1341 4810 1500 4864 quem
1528 4795 1841 4852 diffunditur
1862 4797 2096 4853 cbaritas

505 4888 557 4942 in
580 4889 830 4943 cordibus
856 4889 1052 4942 nostris
1081 4888 1254 4959 (Rom.
1276 4904 1311 4941 ν
1327 4929 1343 4952 ,
1368 4889 1460 4955 5),
1481 4897 1540 4942 ut
1558 4889 1786 4942 amando
1806 4889 2098 4946 liberaliter

506 4979 761 5034 faciamus
785 5021 800 5044 ,
842 4979 984 5048 quod
1025 4980 1260 5035 timendo
1300 4979 1388 5050 qui
1429 4980 1593 5045 facit,
1621 4982 1900 5036 serviliter
1923 4981 2093 5038 facit:

505 5086 604 5124 nec
641 5079 724 5125 est
756 5071 958 5124 anticus
988 5071 1155 5136 recti,
1182 5070 1392 5140 quando
1417 5069 1627 5136 mallet,
1660 5071 1704 5126 si
1735 5071 1848 5126 fieri
1878 5083 2092 5141 posset,

503 5161 556 5216 id
585 5160 724 5229 quod
753 5169 955 5214 rectum
985 5169 1068 5214 est
1094 5177 1197 5215 non
1223 5160 1420 5230 jubcri.

577 5254 663 5306 19.
710 5251 888 5320 Quaeri
929 5251 1089 5306 etiam
1133 5263 1345 5321 potest,
1385 5267 1504 5306 cum
1536 5268 1640 5306 non
1672 5252 1743 5306 sit
1769 5253 1968 5307 dictum
1993 5295 2006 5318 ,
2038 5255 2095 5310 Si

503 5342 783 5398 dormiatis
811 5345 863 5398 in
893 5343 1085 5406 cleris,
1117 5343 1212 5398 sed
1233 5384 1248 5407 ,
1279 5345 1409 5396 inter
1432 5345 1621 5398 medias
1649 5344 1811 5398 cleros
1831 5386 1846 5409 ,
1873 5346 1998 5415 quid
2029 5347 2099 5401 sit

505 5436 636 5499 hoc,
678 5437 808 5488 inter
848 5436 1039 5489 medios
1071 5437 1251 5490 cleros.
1295 5435 1446 5504 Quod
1473 5436 1686 5505 quidem
1716 5437 1762 5492 si
1791 5438 2099 5506 expressius

506 5521 885 5585 trimsferretur
906 5542 973 5581 ex
997 5541 1170 5598 graeco
1193 5565 1207 5593 ,
1242 5526 1380 5582 inter
1410 5527 1640 5581 medium
1663 5528 1928 5582 clerorum
1956 5528 2097 5584 dicc-

504 5633 689 5684 rctur;
741 5618 879 5687 quod
925 5619 978 5674 in
1019 5620 1164 5673 nullo
1211 5621 1556 5687 interpretum
1602 5618 1704 5688 lqi
1757 5639 1768 5675 :
1816 5631 2096 5690 propterea

503 5711 665 5763 credo
703 5703 826 5778 quia
868 5712 1194 5766 tantumdem
1235 5712 1375 5765 valet
1411 5711 1552 5781 quod
1591 5710 1789 5766 dictum
1819 5722 1932 5776 est,
1966 5712 2097 5765 inter

567 5818 580 5850 '
622 5820 694 5869 itt-
723 5828 775 5871 es
808 5822 994 5886 ahquot
1014 5831 1144 5885 Mss,
1166 5823 1217 5874 in
1241 5823 1398 5875 virore
1419 5823 1683 5888 sapientia.
1710 5838 1851 5888 quem
1871 5824 2092 5876 virorem.

1714 375 1774 430 S.
1815 367 2179 428 AUGUSTINI
2219 368 2521 426 EPISCOPI

3653 382 3746 440 825

2173 475 2364 537 medios
2390 483 2570 539 cleros.
2599 482 2732 540 Hinc
2753 501 2881 557 ergo
2905 487 3027 557 quid
3055 489 3182 545 mihi
3207 491 3451 550 videatur
3469 509 3747 566 exponam.

2175 573 2330 643 Saepe
2373 575 2474 630 hoc
2509 576 2729 630 verbum
2767 577 2832 632 ad
2876 579 3049 651 aliqua
3085 585 3449 640 connectenda
3476 597 3640 657 atque
3664 602 3754 660 μυ

2174 667 2344 721 canda
2363 708 2378 732 ,
2423 683 2492 722 ne
2530 668 2667 724 inter
2701 683 2763 724 se
2787 671 3082 727 dissideant
3102 714 3117 739 ,
3145 674 3271 743 poni
3300 676 3438 732 solet
3464 694 3481 730 ε
3513 679 3654 734 sicut
3682 689 3756 735 te-

2174 767 2495 813 stamentum
2523 760 2662 814 inter
2677 774 2734 816 se
2759 770 2815 816 et
2840 763 3092 833 populum
3113 763 3225 820 Deo
3243 767 3604 823 constituente
3623 810 3638 834 .
3664 768 3760 826 hoc

2175 847 2398 903 verbum
2433 849 2703 920 Scriptura
2738 851 2887 921 ponit
2908 868 3071 915 ;.nam
3102 869 3199 926 pro
3227 871 3293 910 eo
3317 856 3458 927 quod
3487 866 3576 914 est
3599 859 3652 914 in
3684 861 3761 914 la-

2175 941 2288 995 tino
2310 982 2326 1005 ,
2369 941 2503 995 inter
2546 958 2627 995 me
2661 953 2708 996 et
2743 959 2864 1009 vos,
2907 960 3112 1013 graecus
3151 947 3344 1014 habet,
3375 949 3510 1003 inter
3541 952 3761 1005 medium

2175 1047 2342 1086 meum
2379 1042 2425 1087 et
2459 1044 2695 1088 uestrum.
2725 1035 2814 1090 Sic
2841 1044 2896 1090 et
2921 1036 2990 1091 de
3013 1037 3164 1108 signo
3192 1038 3617 1096 circumcisionis
3642 1057 3762 1096 cum

2175 1122 2407 1193 loquitur
2444 1125 2585 1180 Deus
2621 1126 2687 1180 ad
2727 1125 3027 1193 Abraham,
3069 1127 3231 1195 dicit,
3275 1128 3387 1184 Erit
3409 1139 3764 1188 testamentum

2174 1217 2306 1271 inter
2329 1233 2411 1271 me
2432 1227 2478 1271 et
2506 1228 2578 1282 te,
2607 1227 2653 1271 et
2680 1234 2827 1273 omne
2843 1236 3010 1275 semen
3036 1229 3176 1274 tuum
3205 1222 3354 1292 (Gen.
3381 1238 3496 1278 xvn
3517 1268 3534 1292 ,
3561 1223 3598 1279 2
3618 1267 3636 1294 ,
3665 1205 3721 1298 7)
3746 1243 3766 1285 :

2177 1306 2316 1375 quod
2360 1307 2580 1364 Crte-cus
2619 1309 2810 1377 habet,
2840 1311 2972 1366 inter
2995 1313 3214 1366 medium
3239 1331 3402 1367 meum
3429 1325 3476 1369 et
3505 1328 3654 1371 tuum
3675 1360 3693 1380 ,
3720 1330 3768 1375 et

2175 1398 2308 1454 inter
2325 1401 2543 1453 medium
2570 1403 2771 1456 seminis
2799 1404 2891 1456 tui.
2924 1403 3051 1458 ltem
3073 1421 3192 1460 cum
3222 1405 3531 1476 loqueretur
3558 1410 3629 1465 ad
3656 1409 3768 1468 Noe

2178 1490 2246 1546 de
2268 1506 2395 1546 arcu
2423 1492 2476 1546 in
2502 1493 2730 1548 nubibus
2756 1495 2821 1549 ad
2845 1480 3053 1566 signum
3079 1499 3507 1556 constituendum
3540 1500 3654 1568 (Id.
3679 1519 3730 1557 tx
3749 1544 3765 1570 ,

2177 1581 2304 1650 12),
2347 1580 2451 1638 hoc
2499 1583 2717 1638 verbum
2757 1587 3052 1656 smpissime
3077 1590 3266 1659 repetit
3289 1600 3375 1645 :et
3398 1592 3542 1661 quod
3569 1593 3772 1650 habent

2179 1673 2326 1728 latini
2361 1675 2573 1730 codices
2601 1716 2618 1742 ,
2647 1676 2777 1730 inter
2802 1693 2881 1732 me
2906 1689 2950 1732 et
2977 1695 3064 1734 vos
3081 1721 3096 1745 ,
3127 1681 3209 1735 vel
3239 1683 3370 1735 inter
3392 1699 3473 1736 me
3494 1694 3543 1737 et
3569 1701 3769 1740 omnem

2180 1763 2405 1818 animam
2444 1766 2604 1819 vivant
2623 1809 2639 1832 ,
2671 1775 2726 1821 et
2750 1768 2794 1821 si
2821 1784 2921 1837 qua
2951 1770 3020 1824 ibi
3049 1771 3171 1826 talia
3199 1771 3477 1839 dicuntur;
3505 1776 3643 1830 inter
3667 1795 3774 1832 me-

2179 1856 2318 1910 dium
2343 1874 2507 1912 meum
2532 1867 2580 1912 at
2601 1871 2817 1914 uestrum
2834 1902 2849 1925 ,
2879 1863 3144 1919 invenitur
3169 1866 3220 1918 in
3241 1865 3428 1922 Greco
3446 1907 3460 1931 ,
3482 1869 3630 1938 quod
3651 1878 3737 1924 est
3751 1911 3768 1936 ,

2177 1951 2272 2002 ἆνὰ
2304 1959 2461 2017 μέσον.
2507 1951 2670 2007 David
2707 1970 2918 2024 quoque
2945 1964 2998 2010 et
3021 1956 3283 2012 Jonathan
3309 1959 3516 2029 signum
3546 1960 3690 2016 inter
3711 1978 3772 2019 se

2181 2045 2547 2111 constituunt,
2581 2062 2648 2102 ne
2669 2046 2811 2102 aliud
2841 2049 3108 2119 opinando
3133 2050 3423 2108 dissideant
3453 2053 3499 2110 II
3520 2055 3653 2124 Reg.
3678 2071 3767 2121 xx,

2181 2134 2374 2208 20-23)
2403 2153 2419 2187 :
2448 2147 2504 2190 et
2521 2138 2663 2207 quod
2693 2139 2856 2194 latine
2882 2141 3105 2208 dicitur,
3129 2143 3261 2198 inter
3278 2143 3450 2198 ambos
3467 2162 3487 2212 ;
3505 2145 3644 2199 inter
3661 2163 3772 2202 nte-

2182 2226 2321 2280 dium
2362 2228 2659 2296 amborum,
2703 2229 2864 2285 habet
2907 2231 3126 2287 Grzecus
3167 2232 3354 2289 eodem
3392 2235 3562 2290 verbo
3585 2278 3601 2303 ,
3628 2237 3774 2307 quod

2182 2327 2266 2373 est
2284 2360 2298 2384 ,
2337 2321 2430 2374 εὶνά
2452 2328 2608 2388 μὲσον.
2635 2320 2846 2391 Optime
2871 2335 3048 2377 autem
3075 2323 3271 2379 factum
3297 2333 3497 2388 est,.ut
3522 2326 3625 2382 hoc
3654 2327 3775 2382 loco

2183 2412 2372 2481 psalmi
2417 2411 2574 2482 hujus
2618 2410 2933 2484 interpretes
2971 2415 3139 2471 nostri
3182 2431 3287 2471 non
3329 2416 3603 2484 dicerent,
3635 2417 3778 2474 inter

2184 2505 2397 2568 cleros,
2435 2503 2574 2572 quod
2613 2503 2792 2560 latina;
2819 2505 3070 2562 locutioni
3095 2507 3346 2564 usitatum
3374 2517 3493 2574 est;
3524 2510 3620 2566 sed
3647 2511 3780 2567 inter

2186 2597 2378 2651 medios
2432 2597 2592 2651 cleros
2621 2639 2638 2665 ,
2693 2607 2943 2669 tanquam
2992 2600 3132 2658 inter
3175 2602 3407 2658 medium
3457 2605 3774 2670 clerorum.

2195 2689 2329 2760 quod
2367 2690 2540 2760 potius
2578 2692 2631 2746 in
2673 2708 2848 2764 graeco
2885 2695 3109 2765 legitur,
3153 2705 3208 2751 et
3248 2696 3389 2767 quod
3425 2697 3529 2753 dici
3557 2698 3695 2755 solet
3725 2699 3780 2756 in

2192 2783 2269 2839 eis
2294 2781 2454 2838 rebus
2472 2822 2490 2851 ,
2519 2790 2579 2838 ut
2604 2783 2714 2840 dixi
2731 2826 2748 2852 ,
2776 2801 2895 2855 qua:
2920 2787 3059 2842 inter
3082 2801 3142 2843 se
3170 2787 3398 2844 debeant
3426 2789 3626 2845 habere
3651 2805 3784 2846 con-

2190 2886 2429 2948 sensum.
2468 2873 2628 2931 Jubet
2667 2891 2796 2946 ergo
2821 2877 3095 2947 Scriptura
3123 2889 3182 2933 ut
3208 2880 3349 2935 inter
3373 2881 3579 2936 medios
3605 2881 3781 2938 cleros

2191 2964 2458 3021 dormiant
2482 3009 2498 3034 ,
2522 2967 2610 3038 qui
2639 2968 2720 3023 vel
2746 2979 2869 3023 sunt
2891 2985 3077 3038 perime
3099 2971 3360 3026 columba:
3385 2971 3778 3043 deargentaue,

2192 3059 2276 3112 vel
2322 3073 2388 3114 ex
2429 3057 2532 3114 hoc
2570 3057 2649 3114 eis
2693 3069 2975 3130 prmstatnr
3012 3069 3072 3116 ut
3111 3061 3238 3115 sint.
3275 3062 3441 3118 Porro
3465 3063 3511 3120 si
3537 3064 3626 3118 isti
3651 3063 3783 3121 elcri

2192 3148 2300 3203 duo
2327 3148 2666 3204 Testamenta
2695 3151 3034 3221 significant,
3063 3151 3190 3222 quid
3219 3152 3361 3207 aliud
3390 3153 3779 3218 admonemur,

2195 3239 2295 3295 nisi
2320 3247 2381 3294 ut
2399 3239 2754 3295 Testamentis
2783 3242 2922 3297 inter
2946 3255 3004 3296 se
3027 3241 3480 3298 consentientibus
3501 3257 3606 3297 non
3623 3260 3786 3314 repu-

2193 3346 2419 3400 gnemus
2457 3331 2516 3395 ¹;
2569 3331 2664 3388 sed
2708 3331 3054 3402 intelligendo
3097 3333 3532 3402 acquiescamus,
3582 3348 3785 3404 nosque

2195 3421 2362 3476 simus
2398 3437 2583 3477 eorum
2621 3423 2921 3478 concordiae
2945 3425 3151 3493 signum
3181 3432 3339 3494 atque
3366 3423 3745 3479 documentum
3765 3466 3781 3491 ,

2195 3527 2316 3567 cum
2345 3513 2569 3568 alterum
2590 3514 2845 3569 adversus
2862 3515 3090 3569 alterum
3111 3515 3242 3569 nihil
3265 3515 3464 3570 dixisse
3489 3517 3749 3571 sentimus
3763 3554 3780 3581 ,

2196 3613 2252 3658 et
2289 3619 2410 3660 cum
2454 3603 2674 3674 pacifica
2708 3604 3056 3664 admiratione
3079 3645 3095 3671 ,
3135 3605 3285 3677 quasi
3311 3607 3533 3662 ecstasis
3553 3623 3781 3677 sopore,

2197 3697 2596 3753 monstramus?
2620 3697 2729 3753 Cur
2752 3707 2930 3752 autem
2960 3697 3014 3752 in
3039 3697 3196 3753 cleris
3221 3697 3559 3753 Testamenta
3585 3699 3784 3754 intelli-

2196 3797 2390 3860 gantur
2408 3830 2424 3854 ,
2449 3804 2570 3844 cum
2598 3787 2702 3844 hoc
2721 3803 2916 3843 nomen
2935 3803 3167 3859 graecum
3193 3790 3264 3843 sit
3290 3789 3503 3859 quidem
3522 3832 3537 3854 ,
3562 3791 3658 3844 sed
3679 3789 3782 3845 Teo

2198 3889 2518 3936 stamentum
2567 3896 2672 3935 non
2715 3882 2784 3934 ita
2811 3881 3048 3945 dicatur;
3082 3880 3195 3935 haec
3218 3895 3375 3935 causa
3402 3889 3513 3948 est,
3541 3882 3665 3950 quia
3693 3897 3786 3951 per

2199 3981 2573 4030 testamentum
2601 3972 2759 4027 datur
2781 3972 3064 4028 haereditas
3083 4013 3097 4038 ,
3127 3989 3244 4043 qua:
3268 3989 3443 4044 grmce
3467 3976 3782 4044 appellatur,

2198 4078 2501 4135 κληρονομία,
2516 4076 2570 4122 el
2582 4066 2774 4131 hteres,
2789 4075 3086 4137 κληρονόμος.
3099 4073 3283 4136 κλῆρος
3297 4076 3471 4121 autem
3485 4083 3602 4121 sors
3617 4082 3785 4136 gnece

2197 4158 2394 4214 dicitur
2414 4200 2430 4223 ,
2467 4168 2525 4215 et
2563 4170 2735 4214 sortes
2763 4174 2829 4215 ex
2859 4158 3208 4228 promissione
3239 4158 3331 4212 Dei
3358 4198 3372 4222 ,
3403 4168 3584 4228 partes
3615 4161 3784 4213 haere-

2199 4252 2379 4306 ditatis
2419 4259 2714 4314 vocantur,
2759 4265 2878 4320 qua:
2919 4250 3116 4319 populo
3142 4259 3266 4304 sunt
3290 4249 3605 4304 distributa}.
3639 4250 3787 4306 Unde

2200 4345 2370 4400 tribus
2411 4342 2539 4399 Levi
2589 4351 2851 4412 praecepta
2896 4350 2978 4396 est
3021 4356 3126 4395 non
3174 4340 3369 4394 habere
3411 4349 3611 4395 sortem
3655 4343 3789 4396 inter

2201 4437 2392 4492 fratres
2433 4451 2594 4500 suos,
2635 4435 2776 4505 quod
2819 4450 2886 4488 ex
2927 4448 3114 4489 eorum
3153 4431 3375 4486 decimis
3400 4441 3791 4487 sustentaretur

2205 4529 2390 4601 (Num.
2437 4543 2567 4582 xvm
2592 4569 2608 4594 ,
2651 4526 2786 4600 20).⁸
2813 4526 2946 4581 Nam
2991 4534 3046 4580 et
3083 4523 3268 4579 Cieros
3309 4535 3364 4579 et
3397 4523 3637 4579 Clericos
3670 4524 3790 4580 hinc

2201 4623 2496 4693 appellatos
2535 4631 2702 4692 puto,
2744 4621 2833 4692 qui
2875 4629 2999 4674 sunt
3041 4620 3093 4675 in
3135 4619 3480 4674 ecclesiastici
3511 4617 3791 4674 ministerii

2202 4715 2451 4787 gradibus
2493 4713 2752 4779 ordinati,
2793 4714 2914 4782 quia
2955 4713 3201 4767 Matthias
3243 4722 3393 4767 sorte
3433 4711 3642 4767 electus
3673 4721 3787 4775 cst,

2203 4822 2360 4877 quem
2387 4806 2616 4874 primum
2644 4818 2739 4873 per
2762 4803 3049 4871 Apostolus
3077 4803 3301 4872 legimus
3325 4803 3631 4857 ordinatum
3656 4803 3790 4875 (Act.

2205 4913 2258 4964 ι,
2299 4896 2415 4964 26).
2465 4894 2697 4950 Proinde
2733 4905 2952 4965 propter
2989 4894 3351 4948 hatreditatem
3391 4910 3510 4964 quae
3542 4895 3602 4948 fit
3626 4904 3795 4950 testae

2205 4997 2384 5044 mento
2408 5027 2424 5053 ,
2471 4997 2717 5056 tanquam
2760 5003 2856 5056 per
2899 4987 2949 5039 id
2987 4986 3128 5056 quod
3164 4985 3392 5040 efficitur
3430 4986 3481 5040 id
3512 4987 3658 5056 quod
3687 4987 3797 5042 effi-

2204 5080 2311 5144 cit,
2368 5078 2584 5134 nomine
2625 5078 2889 5133 clerorum
2937 5078 3278 5132 Testamch
3335 5076 3447 5147 ipsa
3500 5079 3796 5149 significata

2204 5181 2348 5227 διιηῑ.

2275 5268 2365 5322 20.
2407 5267 2719 5336 Quanquam
2757 5265 2885 5319 mihi
2925 5274 2980 5318 et
3015 5263 3150 5318 alius
3178 5262 3264 5317 hic
3291 5275 3479 5316 sensus
3507 5271 3786 5319 occurrat.

2206 5361 2306 5414 nisi
2353 5360 2538 5424 fallor,
2580 5356 2981 5426 anteponendus
3001 5397 3014 5419 ,
3056 5365 3113 5409 ut
3141 5355 3316 5410 cleros
3345 5353 3512 5407 multo
3540 5353 3795 5422 probabi-

2207 5455 2308 5508 lius
2345 5454 2486 5522 ipsas
2523 5451 2859 5506 haereditates
2888 5449 3246 5518 intelligamus
3277 5465 3292 5500 :
3324 5456 3380 5500 ut
3403 5445 3656 5515 quoniam
3687 5447 3796 5498 ιιευ-

2207 5545 2402 5600 rcditas
2429 5543 2637 5598 Veteris
2666 5541 2993 5596 Testamenti
3019 5548 3104 5594 est
3126 5581 3140 5602 ,
3163 5537 3404 5608 quamvis
3433 5537 3484 5590 in
3514 5537 3706 5591 umbra
3727 5539 3793 5591 si-

2271 5703 2286 5734 ¹
2323 5709 2501 5749 Omnes
2524 5711 2675 5761 prope
2697 5704 2824 5755 Mss"
2843 5702 2896 5746 ut
2919 5710 2975 5761 ea
3004 5701 3292 5746 Testamenta
3310 5693 3432 5743 inter
3455 5706 3506 5760 sc
3530 5693 3791 5743 cattsentirt

2207 5776 2300 5812 non
2320 5758 2658 5826 repugnemus.
2679 5761 2854 5822 Regius
2873 5758 3049 5826 Cd.._nt
3070 5769 3128 5806 ea
3155 5761 3443 5807 testamenta
3465 5758 3589 5806 inter
3613 5769 3663 5805 se
3687 5769 3794 5805 ron-

2211 5824 2404 5884 sents're,
2427 5835 2521 5874 non
2543 5827 2812 5884 repugnare
2837 5824 3120 5870 noverimus.
