1967 3174
81 207 134 234 825

81 262 231 297 gniﬁcativa
255 261 356 295 futuri,
380 265 484 288 terrena
508 259 637 291 felicitas;
661 258 801 286 hmreditas
813 263 877 284 vero

83 308 150 336 Novi
167 306 331 336 'i‘estamenti
353 312 395 334 εει
416 311 515 333 aeterna
536 304 741 336 immortalitas;
761 302 879 330 dormire

82 354 119 382 sit
139 355 209 381 inter
226 353 330 381 medios
349 353 435 380 clero:
446 371 455 384 ,
479 359 529 379 nec
550 350 622 378 illam
635 350 689 385 jam
703 356 824 385 quaerere
837 355 880 375 ar-

84 400 195 433 denter,
219 403 248 427 et
266 399 354 426 adhuc
372 398 451 426 istam
471 400 626 432 exspectare
649 396 791 431 patienter.
811 393 879 422 Nam

85 446 131 481 qui
146 446 201 473 Deo
212 449 352 481 propterea
365 445 501 472 serviunt.
513 443 554 470 vel
570 443 658 477 potius
672 446 813 477 propterea
823 448 881 469 ser-

85 491 143 517 vire
154 491 265 522 uolunt,
281 490 343 517 dum
356 493 479 524 quierunt
491 489 517 515 iu
533 488 583 515 hac
596 488 648 514 vita
664 492 692 515 et
705 487 732 515 in
745 486 796 514 hac
809 490 880 513 terra

86 535 255 567 felicitatem,
277 535 382 561 ablatus
403 539 445 561 est
464 540 573 561 somnus
593 532 628 559 ab
646 532 701 565 eis,
715 537 807 560 etnon
819 531 881 559 dor—

86 581 183 608 miunt.
201 579 428 607 lnllammantibus
444 585 514 605 enim
529 577 717 613 cupiditatibus
730 577 820 612 agitati
831 596 838 608 ,
853 576 881 604 in

86 626 187 661 ﬂagitia
210 630 238 653 et
250 625 365 653 facinora
376 625 560 659 propelluntur
571 644 579 657 ,
594 631 644 651 nec
655 624 766 651 omnino
777 624 881 658 requie-

86 675 186 703 scunt;
201 670 377 698 desiderando
392 675 420 696 ut
433 670 569 704 acquirunt
581 690 588 702 ,
602 669 744 696 metuendo
759 677 792 695 nc
805 668 882 694 amit-

88 721 158 744 tant.
175 716 226 748 Qui
236 721 320 743 autem
332 724 372 742 me
383 716 472 748 audit,
487 716 523 742 ait
536 715 681 748 Sapientia,
698 713 844 740 inhabitabit
856 714 882 739 in

86 771 144 798 ape,
157 767 182 789 et
193 762 326 796 requiescet
339 762 394 788 sine
408 761 496 787 timore
505 761 535 787 ab
546 761 614 786 omni
625 760 779 794 malignitate
789 759 879 793 (Prov.

87 810 116 839 I,
134 807 193 843 35).
208 807 265 835 Hoc
279 811 339 839 est,
354 811 482 842 quantum
499 806 563 833 mihi
575 805 678 832 videtur
689 825 696 837 ,
712 804 829 831 dormire
843 805 884 830 in-

87 859 131 882 ter
153 853 256 881 medios
276 853 362 880 clerus
374 873 381 885 ,
403 852 428 879 id
442 857 483 879 est
498 853 567 878 inter
580 851 679 878 medias
694 850 862 877 hzcreditates
875 858 882 882 ;

88 899 209 927 nondum
226 899 252 926 in
267 906 296 926 re
308 919 316 931 ,
331 898 378 925 sed
393 903 480 925 tamen
494 898 519 924 in
534 905 581 932 spe
595 897 712 924 caelestis
723 896 884 923 hmreditatis

89 945 231 976 habitare,
250 948 278 972 et
295 951 310 970 a
326 948 438 970 terrena:
451 942 582 970 felicitatis
593 942 647 976 jam
662 942 805 976 cupiditate
819 949 883 968 con-

89 992 240 1028 quiescere.
259 990 325 1018 Cum
347 995 436 1017 autem
457 989 560 1016 venerit
575 988 644 1023 quod
659 995 798 1022 speramus
810 1008 817 1020 ,
832 995 885 1014 non

88 1036 145 1072 jam
158 1037 229 1064 inter
237 1036 304 1063 duas
315 1035 482 1063 hereditates
492 1034 690 1069 requiesccmus
702 1041 709 1065 ;
720 1032 767 1060 sed
778 1033 805 1060 in
817 1040 886 1059 nova

90 1090 157 1109 vera
168 1102 178 1116 ,
198 1082 274 1116 cuius
287 1086 362 1108 vetus
376 1085 433 1108 erat
448 1080 556 1111 umbra,
572 1079 749 1114 regnahimns.
766 1079 886 1112 Quapro-

91 1133 154 1164 pter
170 1128 274 1156 ctiamsi
293 1126 500 1155 intellexerimus
512 1126 582 1161 quod
595 1126 693 1152 dictum
709 1129 749 1152 est
759 1146 766 1156 ,
785 1125 814 1152 Si
829 1125 887 1151 dor-

91 1173 180 1201 nu'atia
198 1173 263 1200 inter
283 1173 378 1199 medior
399 1172 478 1199 cteros
491 1191 498 1204 ,
520 1176 644 1205 tanquam
656 1170 678 1197 si
692 1171 844 1205 diceretur,
860 1171 886 1197 Si

90 1218 245 1246 moriamini
259 1218 328 1245 inter
338 1216 441 1244 medios
453 1217 539 1243 clerus
552 1237 559 1249 ,
574 1220 602 1243 ut
613 1217 690 1242 istam
703 1220 816 1242 tnortem
827 1223 887 1242 car-

92 1265 136 1292 nis
155 1272 230 1292 more
252 1271 301 1291 suo
314 1263 448 1300 Scriptura
463 1264 650 1291 dormitionem
665 1264 814 1295 vacaverit;
833 1264 889 1290 ha‘c

91 1315 136 1339 est
150 1318 223 1338 morr
236 1311 351 1345 optima,
366 1314 394 1337 ut
407 1310 433 1337 iu
447 1311 618 1345 cupiditatum
632 1310 795 1337 cohibitione
809 1317 823 1336 a
837 1314 890 1336 ter-

92 1347 301 1390 renis'Timap’e
318 1355 432 1383 emlestis
447 1355 608 1382 bzureditatis
623 1356 703 1383 homo
718 1363 801 1389 usque
815 1355 840 1381 in
857 1356 888 1381 ii-

94 1408 158 1428 ncm
176 1407 366 1437 perseverans,
386 1401 455 1427 diem
471 1400 531 1427 vita:
548 1400 625 1435 hujus
639 1401 760 1427 ultimum
774 1400 887 1427 claudat.

93 1446 141 1474 Sic
150 1446 221 1474 enim
234 1446 396 1474 dormientes
407 1446 475 1473 inter
487 1446 588 1473 medios
598 1446 694 1478 cleros,
706 1450 785 1472 erunt
796 1453 890 1480 penna:

93 1491 229 1520 columba:
248 1492 447 1526 deargentaltc;
470 1495 499 1518 ut
521 1495 638 1525 tempore
661 1498 714 1525 quo
733 1497 888 1525 resurgent,

93 1537 235 1572 rapiantur
247 1537 272 1564 in
285 1537 398 1564 nubibus
412 1536 516 1563 obviam
531 1536 637 1563 Christo
648 1536 673 1562 in
687 1544 747 1563 acra
759 1556 766 1568 ,
779 1542 805 1563 et
818 1544 889 1563 sem-

94 1590 146 1617 per
163 1582 219 1618 jam
239 1589 299 1609 cum
319 1581 431 1608 Domino
450 1582 539 1608 vivant
559 1581 579 1616 (l
603 1581 689 1607 Thess.
709 1589 747 1613 iv,
764 1582 807 1616 i6)
823 1590 829 1607 :
846 1586 893 1609 aut

94 1632 190 1659 certe,
209 1627 272 1663 quia
293 1635 340 1661 per
352 1634 398 1654 eos
412 1627 455 1661 qui
470 1627 510 1653 sic
524 1626 686 1657 moriuntur,
702 1631 801 1661 quanto
817 1634 893 1653 seen-

95 1674 172 1705 rius,
194 1677 269 1700 tanto
287 1672 426 1700 sublimius
445 1672 565 1699 Ecclesia
587 1672 754 1703 uill'ainaiur,
776 1677 803 1698 ct
816 1673 891 1706 quasi

95 1717 256 1754 quibusdam
281 1718 374 1752 pennis
396 1718 509 1744 excelsa:
532 1717 617 1743 laudis
639 1717 777 1744 attollitur.
801 1718 892 1752 Neque

95 1764 170 1792 enim
182 1762 278 1790 frustra
291 1762 389 1790 dictum
403 1767 443 1790 est
459 1771 465 1789 :
481 1762 545 1788 Ante
555 1767 658 1789 mortem
669 1771 699 1789 ne
711 1762 798 1789 laudes
810 1763 892 1789 Immi-

96 1817 157 1836 nem
179 1816 329 1845 qumquam
353 1807 444 1843 (Ecrli.
467 1815 509 1839 ιι,
534 1808 590 1842 5U).
614 1808 712 1835 Omnes
732 1816 796 1843 ergo
809 1809 892 1836 sancti

96 1855 148 1882 Dei
167 1855 202 1882 ab
216 1854 290 1881 initio
303 1855 407 1889 generis
420 1854 544 1886 immani,
561 1862 643 1889 usque
657 1854 689 1881 ad
704 1859 806 1888 tempus
820 1856 892 1888 Apo-

96 1901 229 1928 stolorum
243 1899 320 1936 (quia
335 1905 362 1927 et
376 1900 423 1934 ipsi
438 1906 566 1927 noverant
580 1901 669 1927 dicere
679 1921 685 1933 ,
700 1901 773 1927 Dicm
786 1901 894 1927 homini:

97 1954 151 1974 non
164 1946 309 1980 concupiui,
325 1953 351 1972 tu
363 1945 411 1972 sci:
424 1944 529 1981 [Jerem.
544 1953 613 1977 xvii,
629 1945 691 1981 t6];
707 1950 744 1978 et,
762 1945 844 1972 Unam
855 1955 894 1980 pe-

97 1992 128 2019 tii
140 1999 158 2018 α
175 1990 304 2023 Domino,
326 1991 392 2018 hanc
415 1992 539 2026 requiram
560 1990 643 2026 [PsaL
663 2000 739 2024 xxvi,
758 1991 803 2027 ἢ)
818 2013 824 2024 ,
839 1998 865 2018 et
879 2000 894 2019 a

98 2043 222 2071 tempore
242 2033 446 2070 Apostolorum,
466 2043 499 2063 ex
520 2044 572 2070 quo
584 2037 695 2063 duorum
711 2037 894 2064 Testamento-

98 2089 161 2110 ntm
181 2080 329 2109 differentia
349 2081 447 2108 clarius
466 2082 582 2108 revelata
600 2086 656 2113 est,
672 2082 720 2116 ipsi
736 2083 854 2116 Apestoli
870 2087 896 2110 et

98 2127 173 2156 beati
194 2131 326 2162 martyres
344 2127 486 2161 ceterique
505 2127 584 2161 justi,
608 2132 731 2161 tanquam
754 2129 851 2155 arietes
870 2134 896 2155 et

98 2173 217 2201 arietum
237 2172 284 2199 lilii
303 2179 386 2207 usque
402 2172 436 2199 ad
457 2173 507 2200 hoc
527 2178 629 2207 tempus
645 2173 810 2200 dormierunt
828 2174 897 2201 inter

99 2217 208 2247 medios
228 2217 334 2249 cleros;
356 2218 431 2252 regni
454 2219 551 2245 terreni
572 2218 722 2246 felicitatem
739 2220 792 2253 jam
807 2226 897 2247 conte-

99 2266 228 2290 mnentes
240 2281 248 2295 ,
261 2265 289 2289 et
299 2262 373 2297 regni
383 2263 511 2290 caelorum
522 2264 695 2290 :eternitatem
710 2270 856 2298 sperantes,
871 2271 898 2292 et

100 2307 223 2336 nondum
242 2312 372 2335 tenentes.
391 2308 425 2336 Et
439 2309 499 2342 quia
514 2313 565 2335 tam
582 2309 649 2336 bene
663 2309 843 2342 dormierunt,
858 2312 896 2338 eis

100 2354 178 2381 velut
195 2353 291 2388 pennis
311 2361 382 2380 nunc
399 2354 493 2380 volitat
503 2375 510 2385 ,
524 2360 550 2381 et
565 2354 685 2382 laudibus
700 2355 831 2382 exallalut‘
845 2356 896 2383 Ec-

99 2400 202 2432 etesia.
223 2399 346 2427 columba
367 2400 468 2427 scilicet
484 2400 670 2434 deargentata;
692 2407 720 2427 ut
740 2401 788 2428 hac
805 2410 896 2429 eorum

99 2446 173 2474 fama
192 2445 225 2473 ad
245 2445 402 2473 imitandum
416 2446 529 2480 posteris
542 2447 657 2474 invitatis
670 2469 677 2480 ,
691 2448 753 2475 dum
768 2448 805 2475 sic
818 2450 896 2475 etiam

99 2491 194 2526 caeteri
215 2490 369 2524 dormiunt,
391 2492 521 2518 addantur
541 2499 634 2525 penna:
657 2493 751 2527 quibus
769 2501 852 2528 usque
871 2495 896 2521 in

101 2537 184 2565 ﬁnem
199 2537 290 2564 saacuii
303 2536 451 2564 sublimiter
466 2537 632 2571 praedicetur.

136 2583 187 2610 21.
201 2581 285 2619 [ειη.
301 2582 358 2618 15.]
374 2583 442 2610 Dum
452 2584 569 2610 discernit
583 2585 763 2619 superiniectis
773 2594 843 2620 reges
853 2595 897 2612 att-

101 2637 148 2663 per
162 2636 229 2660 eam,
243 2628 298 2654 nive
309 2627 489 2655 dealbabuntur
503 2630 529 2656 in
543 2629 646 2656 Selmon
660 2638 669 2656 :
683 2631 725 2656 ille
736 2632 897 2664 superemic-

101 2676 163 2707 stis.
184 2672 231 2702 ille
247 2674 291 2709 qui
303 2675 414 2701 accendit
425 2684 501 2708 super
515 2684 599 2701 omnes
611 2677 696 2707 melus,
710 2682 737 2702 ut
752 2677 897 2711 adimplerat

102 2720 208 2752 mia,
228 2719 291 2747 dum
309 2720 426 2746 discernit
448 2728 517 2754 reges
536 2729 613 2754 super
632 2729 686 2747 eam
699 2742 705 2754 ,
725 2722 749 2747 id
766 2727 806 2748 est
818 2730 898 2756 super

103 2763 227 2795 eamdem
237 2764 387 2792 columbam
398 2764 604 2798 deargrntatam.
614 2765 740 2799 Sequitur
747 2768 817 2793 enim
825 2769 898 2801 Apo-

103 2812 207 2845 stolas,
229 2818 261 2838 ac
281 2810 345 2838 dicit
366 2819 374 2838 ε
394 2809 429 2836 Et
443 2810 496 2844 ipse
510 2811 711 2850 dedtt'quasdam
723 2813 822 2846 quidem
836 2822 898 2847 apo-

104 2858 182 2885 stolo:
191 2877 199 2891 ,
220 2856 343 2893 quondam
359 2860 442 2882 autem
456 2856 605 2890 prophetas,
618 2858 739 2890 quosdam
754 2865 810 2884 vero
823 2867 898 2884 evan-

104 2904 221 2938 gelista,
234 2903 358 2939 quaedam
369 2906 453 2929 autem
466 2907 577 2938 pastore:
590 2908 612 2930 et
626 2904 749 2931 doctores.
760 2904 824 2931 Nam
835 2905 896 2940 quid

625 200 825 231 ENARllATIO
844 199 876 227 ΙΝ
896 198 1058 229 PSALMUM
1077 198 1180 230 LXVII.

931 262 973 285 est
993 257 1063 284 aliud
1083 265 1159 293 reges
1177 258 1328 286 discernere
1346 265 1428 295 super
1445 267 1522 293 eam,
1544 258 1640 287 nisi-in
1659 268 1730 295 opus

931 304 1062 331 miniuerii
1070 325 1077 337 ,
1092 305 1119 331 in
1127 305 1320 339 aedificationem
1330 306 1443 341 corporis
1455 306 1549 334 Christi
1562 306 1670 342 (Ephea.
1687 315 1730 339 tv,

932 349 1040 384 1042);
1064 350 1278 385 quandoquidem
1300 351 1356 386 ipsn
1374 356 1416 379 est
1435 359 1532 387 corpus
1545 352 1664 380 Christi!
1680 351 1725 379 bi-

930 400 1027 422 euntur
1050 400 1139 422 autem
1161 396 1199 423 illi
1219 404 1306 432 reges,
1330 397 1422 431 utique
1439 405 1455 424 a
1469 398 1585 433 regendo
1599 406 1606 426 :
1620 402 1646 426 et
1661 397 1725 433 quid

932 440 1015 476 magis
1025 448 1105 476 quam
1117 441 1205 468 carnis
1217 442 1446 477 concupiscentias
1456 463 1464 475 ,
1480 451 1514 470 ne
1527 448 1620 478 regnet
1631 450 1728 478 pecea-

932 489 989 512 tum
1010 485 1038 513 in
1056 493 1148 514 eorum
1169 487 1274 514 mortali
1292 495 1405 523 corpore
1418 487 1451 515 ad
1463 487 1642 519 obedientium
1654 487 1728 516 desi-

931 531 1013 559 deriis
1025 532 1083 567 ejus
1094 553 1103 565 ,
1117 541 1151 560 ne
1161 533 1301 561 exhibeant
1312 534 1430 561 membra
1441 542 1489 561 sua
1500 542 1573 561 arma
1584 534 1730 569 iniquitatis

933 581 1043 611 peccato
1054 598 1062 610 ,
1077 577 1124 605 sed
1139 578 1282 606 exhibeant
1295 586 1325 606 se
1340 579 1396 606 Deo
1407 598 1415 611 ,
1432 583 1557 614 tanquam
1571 587 1603 606 ex
1618 579 1731 607 mortuis

932 621 1072 655 viventes,
1095 627 1123 650 et
1143 623 1261 650 membra
1282 630 1329 651 sua
1349 631 1423 651 arma
1439 624 1551 659 iustitia:
1571 625 1626 652 Deo
1640 623 1728 660 (Rom.

934 674 959 693 vi
972 687 979 699 ,
995 667 1030 694 t2
1043 672 1067 694 et
1077 667 1141 702 15)?
1154 668 1199 696 Sic
1217 669 1288 696 enim
1302 673 1381 697 erunt
1393 676 1472 704 reges
1484 669 1609 705 primitus
1622 669 1731 697 disoreti

933 712 968 740 ab
986 713 1141 747 alienigenis
1152 734 1160 747 ,
1181 715 1243 749 quia
1265 722 1318 742 non
1335 719 1397 743 sunt
1413 715 1505 750 jugnm
1524 714 1655 742 ducentes
1668 722 1731 742 cum

935 758 1105 792 inﬁdelibus:
1126 759 1223 788 deinde
1243 760 1351 788 discreti
1366 760 1533 788 concorditer
1547 760 1617 788 inter
1629 768 1659 788 se
1671 768 1731 788 mu-

935 805 1045 832 neribus
1058 806 1183 840 propriis.
1200 806 1260 834 Non
1273 806 1340 833 enim
1354 815 1439 834 omnes
1452 807 1576 842 apostoli,
1588 812 1633 834 aut
1645 815 1737 834 manu

936 850 1066 885 propheta
1076 871 1083 883 ,
1098 855 1142 878 aut
1156 859 1242 879 omnes
1256 851 1369 879 doctores
1379 872 1386 882 .
1400 856 1445 879 aut
1457 860 1543 879 omnes
1557 852 1625 879 dona
1640 852 1733 879 habent

936 896 1112 929 curationum,
1130 902 1175 924 aut
1193 906 1279 925 omnes
1298 898 1391 933 tinguit
1411 898 1563 933 loquuntur.
1585 903 1630 925 aut
1643 905 1732 926 omnes

937 942 1144 977 interpretantur.
1165 942 1258 970 Omnia
1277 947 1360 970 autem
1379 943 1433 970 luet:
1452 948 1570 978 operatur
1584 952 1650 971 unus
1661 948 1737 977 atque

937 987 1005 1015 idem
1025 987 1155 1023 Spiritus,
1178 989 1292 1016 dividens
1311 990 1416 1024 propria
1433 990 1569 1025 unicuique
1587 995 1663 1025 prout
1681 988 1736 1017 calt

939 1033 962 1070 (l
975 1033 1035 1062 Cor.
1050 1042 1089 1062 xu
1100 1055 1108 1067 ,
1122 1035 1158 1063 29
1168 1055 1177 1068 ,
1190 1035 1226 1063 30
1240 1056 1247 1068 ,
1262 1034 1307 1071 il)
1323 1044 1331 1063 :
1344 1043 1423 1070 quem
1438 1035 1526 1063 dando
1540 1035 1585 1063 ille
1597 1042 1736 1070 superem-

939 1079 1013 1107 leslis
1022 1100 1030 1112 .
1043 1080 1171 1107 discernit
1182 1088 1260 1116 reges
1270 1088 1352 1116 super
1361 1080 1512 1108 columbam
1522 1080 1735 1116 deargcntatam.

940 1124 979 1152 De
987 1132 1041 1160 quo
1052 1125 1151 1160 Spiritu
1164 1130 1261 1153 saneto.
1269 1133 1330 1154 cum
1343 1125 1377 1153 ad
1386 1126 1445 1161 ejus
1458 1131 1570 1153 matrem
1582 1126 1665 1161 gratia
1682 1125 1739 1161 ple-

940 1177 1001 1197 nam
1022 1170 1121 1198 missus
1140 1171 1257 1206 Angelus
1271 1171 1442 1206 loqueretur,
1457 1170 1588 1206 quaerenti
1602 1170 1738 1205 quomodo

940 1215 1017 1243 fleret
1030 1216 1102 1250 quod
1114 1217 1230 1251 paritura
1242 1216 1423 1248 nuntiabatur,
1435 1216 1562 1251 quoniam
1573 1223 1627 1243 non
1637 1222 1737 1250 cogito-

940 1263 1031 1291 scebat
1039 1263 1126 1290 virum
1141 1271 1148 1291 :
1165 1263 1278 1298 Spiritu
1290 1267 1408 1295 sanctus,
1424 1262 1526 1298 inquit.
1542 1262 1698 1297 superveniet
1711 1270 1739 1289 in

940 1314 982 1341 te.
998 1314 1024 1337 et
1034 1310 1113 1336 virtus
1127 1309 1251 1337 Altim'mi
1260 1309 1416 1337 obumbrabit
1427 1309 1481 1336 tibi.
1495 1308 1563 1343 Quid
1577 1313 1619 1336 est
1628 1328 1637 1341 ,
1651 1307 1737 1336 obum-

940 1356 1022 1383 brabit
1040 1356 1101 1388 tibi,
1119 1355 1169 1383 nisi
1179 1376 1187 1388 ,
1202 1356 1323 1384 umbram
1336 1355 1436 1384 faciet?
1453 1355 1528 1383 Unde
1541 1360 1569 1382 et
1584 1355 1626 1382 isti
1641 1362 1717 1390 reges
1729 1375 1738 1387 ,

940 1401 1004 1429 dum
1014 1402 1097 1437 gratia
1109 1401 1224 1436 Spiritus
1234 1401 1338 1429 Domini
1350 1400 1448 1429 Christi
1458 1401 1647 1428 discernuntur
1656 1407 1740 1435 super

941 1447 1092 1475 columbam
1114 1447 1329 1482 deargentatam,
1352 1446 1409 1474 niue
1429 1446 1613 1483 dealbabuntur
1632 1446 1660 1473 in
1681 1444 1741 1473 Sel-

941 1501 1011 1520 uton.
1029 1493 1139 1520 Selmon
1153 1493 1251 1529 quippe
1264 1494 1455 1528 interpretatur
1469 1491 1577 1520 Umbra.
1592 1492 1650 1519 Non
1665 1491 1738 1519 enim

942 1539 1044 1567 meritis
1057 1544 1103 1566 aut
1117 1539 1214 1567 virtute
1227 1538 1332 1574 propria
1346 1538 1543 1566 discernuntur.
1557 1538 1621 1571 Qui:
1630 1538 1695 1564 enim
1704 1542 1738 1568 te,

943 1584 1046 1619 inquit,
1067 1584 1209 1612 discernit?
1230 1584 1299 1617 Quid
1312 1588 1398 1611 autem
1411 1583 1488 1611 habes
1498 1583 1567 1618 quod
1579 1591 1631 1610 non
1642 1583 1741 1618 accepi-

943 1630 975 1657 sti
996 1630 1006 1666 (
1022 1629 1065 1657 Id.
1091 1637 1118 1657 Iv
1127 1650 1135 1663 ,
1157 1629 1205 1664 7)?
1217 1629 1252 1657 Ut
1264 1637 1330 1664 ergo
1343 1629 1530 1657 discernantur
1543 1629 1576 1655 ab
1585 1628 1741 1663 impiis,ac-

943 1675 1045 1710 cipiunt
1065 1675 1249 1703 remissionem
1273 1679 1443 1710 peccatorum
1463 1674 1497 1701 ab
1515 1674 1560 1701 illo
1572 1673 1618 1708 qui
1632 1673 1669 1700 ait
1684 1682 1691 1699 :
1707 1672 1740 1700 Si

944 1721 1037 1755 fuerint
1057 1726 1158 1756 peccata
1170 1725 1251 1748 ucstra
1264 1721 1327 1748 sicut
1341 1720 1494 1756 pluenicium
1505 1742 1513 1752 ,
1528 1725 1647 1755 tanquam
1659 1720 1741 1747 uit-em

944 1766 1065 1794 dealbabo
1075 1765 1153 1802 (laci.
1166 1774 1190 1800 ι,
1203 1767 1259 1801 18).
1270 1766 1340 1794 Ecce
1349 1766 1483 1800 quomodo
1492 1765 1548 1793 niue
1557 1764 1741 1792 dealbabuntur

944 1812 971 1841 in
991 1812 1116 1846 Selmon;
1137 1813 1164 1841 in
1182 1811 1266 1848 gratia
1279 1811 1394 1847 Spiritus
1407 1811 1506 1839 Christi
1516 1831 1524 1843 ,
1539 1818 1593 1846 quo
1604 1810 1645 1838 eis
1658 1810 1739 1839 etiam

945 1858 1051 1894 propria
1071 1857 1141 1885 dona
1163 1857 1278 1885 discreta
1293 1861 1354 1885 sunt
1368 1866 1375 1883 :
1390 1857 1425 1884 de
1437 1864 1490 1891 quo
1504 1856 1604 1884 dictum
1617 1860 1659 1883 est
1669 1854 1741 1890 quod

945 1914 1025 1942 supra
1038 1907 1256 1938 commemoravi,
1271 1906 1384 1941 Spiritu:
1393 1911 1494 1933 sanctus
1506 1906 1659 1940 superueniet
1670 1906 1696 1933 in
1705 1910 1740 1937 te.

946 1957 970 1980 et
990 1953 1068 1979 uirtus
1081 1952 1203 1979 Altiuimi
1221 1952 1378 1979 obumbrabit
1394 1951 1457 1984 tibi,
1479 1950 1530 1979 hoc
1546 1956 1605 1985 est,
1619 1951 1741 1978 umbram

946 1997 1026 2025 faciet
1040 1997 1086 2025 tibi
1101 2006 1108 2024 :
1122 2002 1254 2033 propterea
1265 1997 1334 2032 quod
1346 2002 1462 2024 nascetur
1474 2004 1506 2023 ea:
1517 2002 1541 2023 te
1554 2000 1684 2029 mactant,
1697 2004 1744 2023 uo-

946 2043 1044 2070 cabitur
1058 2042 1143 2069 Filius
1157 2042 1205 2069 Dei
1219 2042 1293 2077 (Luc.
1309 2050 1334 2075 ι,
1350 2042 1407 2074 55).
1425 2041 1525 2069 Umbra
1540 2049 1619 2076 porro
1632 2041 1682 2068 ista
1694 2040 1743 2068 dc-

947 2087 1109 2116 fensaculum
1121 2087 1274 2123 intelligitur
1280 2088 1314 2114 ab
1323 2092 1390 2114 aestu
1400 2087 1674 2121 concupiscentiamm
1683 2093 1744 2113 ear-

947 2133 1049 2160 nalium
1065 2142 1072 2160 :
1086 2133 1156 2159 unde
1168 2132 1211 2159 illa
1224 2133 1299 2167 virgo
1312 2132 1447 2159 Christum
1460 2140 1513 2158 non
1526 2131 1668 2159 carnaliter
1675 2138 1743 2158 con-

948 2178 1109 2213 cupiscendo
1118 2198 1125 2209 ,
1140 2178 1187 2205 sed
1197 2177 1369 2212 spiritualiter
1380 2177 1516 2204 credendo
1528 2178 1660 2211 concepit.
1673 2175 1744 2203 Con-

947 2228 1002 2251 stat
1023 2228 1111 2250 autem
1133 2223 1225 2249 umbra
1245 2223 1345 2250 lumine
1362 2226 1391 2250 et
1405 2230 1518 2253 corpore
1532 2230 1540 2249 :
1556 2221 1667 2256 proinde
1677 2221 1743 2249 illud

949 2269 1019 2304 quod
1042 2270 1067 2296 in
1081 2269 1211 2305 principio
1229 2274 1286 2296 erat
1301 2268 1416 2296 Verbum
1426 2289 1434 2302 ,
1449 2268 1538 2296 lumen
1552 2267 1615 2295 illud
1630 2275 1742 2299 verum,

949 2318 979 2341 ut.
998 2314 1182 2341 umbraculum
1204 2313 1378 2341 meridianum
1401 2313 1477 2341 ﬁeret
1499 2313 1577 2340 nobis
1592 2333 1602 2346 ,
1628 2313 1743 2341 Verbum

949 2367 1013 2387 caro
1034 2359 1132 2387 factum
1153 2363 1212 2391 est,
1234 2363 1262 2386 et
1282 2357 1409 2386 habitavit
1426 2358 1453 2385 in
1467 2358 1647 2392 nobis.(loan.
1663 2366 1690 2390 ι,
1707 2358 1720 2385 1
1734 2378 1743 2391 ,

950 2405 1006 2441 ﬂ).
1022 2405 1077 2432 Deo
1091 2404 1193 2432 scilicet
1207 2404 1288 2431 homo
1299 2425 1307 2437 ,
1322 2409 1446 2439 tanquam
1461 2404 1554 2431 lumini
1567 2411 1683 2438 corpus,
1698 2411 1745 2431 ac-

948 2451 1049 2482 cessit,
1070 2454 1099 2478 et
1116 2450 1141 2476 in
1158 2457 1219 2477 eum
1233 2449 1373 2477 credentes
1385 2450 1478 2477 umbra
1493 2451 1664 2484 protectionis
1678 2457 1745 2485 ope-

950 2496 1012 2523 ruit.
1034 2495 1092 2523 Non
1111 2495 1183 2523 enim
1201 2495 1236 2523 de
1252 2495 1322 2531 quali
1339 2495 1432 2522 umbra
1447 2495 1562 2528 dicitur,
1577 2495 1743 2523 Transierunt

949 2543 1035 2569 omnia
1052 2542 1097 2570 illa
1118 2547 1237 2577 tanquam
1252 2541 1343 2568 umbra
1362 2542 1440 2577 (Sap.
1455 2549 1470 2567 ν
1481 2562 1490 2574 ,
1505 2541 1532 2570 9)
1544 2550 1552 2573 ;
1565 2549 1616 2569 nec
1627 2541 1660 2569 de
1673 2542 1744 2577 quali

949 2588 1044 2615 umbra
1063 2588 1128 2615 dicit
1144 2587 1288 2622 Apostolus
1297 2607 1305 2619 ,
1319 2587 1404 2614 Nemo
1416 2595 1460 2614 oo:
1467 2588 1565 2623 judicet
1575 2587 1602 2614 in
1617 2587 1687 2619 cibo,
1701 2591 1746 2614 aut

949 2634 976 2660 in
989 2637 1050 2668 potu
1059 2653 1067 2665 ,
1082 2632 1164 2659 autin
1177 2636 1248 2666 parte
1260 2632 1310 2658 diei
1325 2632 1382 2666 {cui
1390 2652 1399 2665 ,
1413 2636 1458 2658 aut
1472 2633 1616 2665 neomeuic,
1632 2636 1677 2659 aut
1686 2629 1746 2659 tab-

950 2679 1083 2711 butorum,
1103 2677 1171 2712 quod
1191 2682 1227 2705 est
1245 2678 1334 2704 umbra
1354 2679 1497 2712 futurorum
1516 2676 1624 2711 (Colon.
1641 2685 1676 2709 tl,
1692 2677 1745 2710 l6,

951 2724 1016 2758 i'i);
1037 2723 1085 2750 sed
1105 2723 1139 2750 de
1158 2723 1228 2757 quali
1249 2722 1376 2757 scriptum
1396 2726 1455 2754 est,
1477 2722 1532 2749 Sub
1546 2722 1635 2749 mnbra
1646 2722 1747 2750 alarum

936 2775 1051 2799 ,tuarum
1071 2773 1172 2803 pratege
1188 2776 1228 2795 me
1245 2767 1332 2803 (Pal.
1348 2775 1390 2795 xvi
1402 2788 1410 2800 ,
1426 2767 1467 2802 8).
1483 2768 1549 2794 Dum
1563 2775 1628 2802 ergo
1642 2768 1746 2796 discer-

950 2814 989 2841 nit
1002 2814 1046 2841 ille
1055 2814 1254 2848 supercmlestis
1261 2821 1339 2848 reges
1346 2821 1425 2848 super
1432 2813 1581 2840 columbam
1590 2813 1745 2848 deargcnta-

949 2864 1021 2891 uim,
1041 2866 1095 2887 non
1113 2866 1161 2885 sua
1180 2859 1275 2886 merita
1293 2859 1441 2891 extollant,
1461 2867 1514 2886 non
1526 2859 1563 2887 de
1570 2860 1680 2894 propria
1693 2860 1745 2888 vir--

952 2909 1007 2933 tute
1025 2904 1160 2933 conﬁdant
1177 2913 1185 2933 :
1204 2905 1261 2932 nive
1273 2906 1370 2941 quippe
1385 2905 1568 2934 άωιὺρίιαιιων
1577 2906 1607 2933 in
1622 2905 1747 2941 Seinwn;
