3934 6334
534 371 637 428 8‘27

527 490 694 560 gratia
720 483 1176 542 candiﬁcahuntur
1196 480 1253 537 in
1277 478 1610 553 protectione
1632 476 1878 548 corporis
1895 473 2111 532 Christi.

599 579 690 633 22.
721 575 1014 650 [vers.16.]
1047 576 1202 630 llunc
1240 583 1421 628 autem
1464 579 1704 626 montem
1730 574 2124 637 consequenter

528 671 659 725 dicit
686 680 905 724 montem
929 667 1042 732 Dei,
1065 676 1287 720 montent
1308 665 1532 729 uberem,
1548 669 1768 716 montem
1786 661 2120 723 incaseatum,

530 761 614 816 vel
639 769 859 814 montem
886 758 1145 829 pinguem.
1172 755 1312 825 Quid
1339 754 1427 809 hic
1464 762 1644 822 autem
1673 750 1817 806 aliud
1848 751 2120 820 pinguem,

527 867 689 924 quam
741 851 961 906 uberem
1005 849 1242 904 diceret?
1283 847 1381 901 Est
1434 850 1577 901 enim
1607 852 1661 899 et
1698 857 1854 897 mons
1877 843 1980 897 isto
2018 857 2121 896 no-

528 946 676 999 mine
703 951 1060 1014 nuncupatus,
1090 942 1146 996 id
1173 949 1257 996 cst
1296 940 1530 995 Sclmon.
1560 936 1666 993 Sed
1695 951 1851 1007 quem
1883 941 2122 990 montem

527 1035 829 1105 intelligere
895 1032 1153 1088 debemus
1205 1039 1426 1085 montem
1464 1028 1575 1092 Dei,
1625 1037 1846 1081 montem
1897 1025 2118 1090 uberem,

529 1135 749 1179 montem
763 1125 1094 1186 incaseatum,
1116 1122 1216 1176 nisi
1237 1119 1488 1177 eumdem
1512 1119 1794 1173 Dominum
1821 1115 2134 1181 Christum,

534 1217 604 1272 de
631 1232 742 1288 quo
761 1226 814 1272 et
836 1217 968 1270 alius
990 1214 1252 1287 propheta
1277 1212 1406 1268 dicit
1429 1230 1444 1268 :
1471 1211 1582 1265 Erit
1613 1210 1665 1264 in
1685 1208 1970 1264 novissimis
1995 1217 2121 1261 tem-

528 1309 736 1380 poribus
763 1308 1065 1378 manifestus
1091 1321 1236 1359 mons
1261 1303 1491 1369 Domini,
1523 1311 1735 1374 paratus
1775 1301 1833 1355 in
1857 1298 2122 1354 cacumine

527 1402 774 1456 montium
803 1399 960 1474 (lsai.
990 1415 1049 1464 ιι,
1076 1399 1160 1470 2)?
1191 1398 1308 1469 Ipse
1333 1405 1416 1452 est
1453 1412 1608 1450 mons
1635 1395 1959 1459 incaseatus,
1991 1408 2121 1464 pro-

525 1504 648 1564 pter
671 1493 922 1565 parvulos
937 1493 1108 1564 gratia
1137 1500 1390 1562 tanquam
1417 1491 1557 1545 lacte
1587 1487 1932 1550 nutriendos;
1964 1501 2122 1542 mons

525 1586 679 1651 uber,
711 1585 780 1641 ad
805 1581 1139 1640 roborandos
1167 1593 1326 1654 atque
1349 1581 1593 1636 ditandos
1635 1579 1902 1635 donorum
1931 1578 2122 1633 excel-

527 1678 687 1732 lentia
716 1695 730 1733 :
762 1693 884 1732 nam
910 1685 965 1732 et
990 1677 1162 1746 ipsum
1184 1675 1285 1738 lac,
1317 1673 1459 1728 unde
1483 1673 1542 1726 fit
1567 1686 1777 1736 caseus,
1801 1673 1937 1726 miro
1957 1669 2120 1725 modo

525 1768 789 1836 signiﬁcat
810 1766 1072 1838 gratiam;
1115 1773 1299 1820 manat
1335 1765 1530 1834 quippe
1557 1778 1628 1819 ex
1673 1762 1997 1816 abundantia
2035 1761 2120 1815 vi-

525 1852 737 1914 scerum
763 1870 1146 1922 maternorum,
1175 1866 1231 1913 et
1271 1855 1635 1912 misericordia
1665 1853 1966 1910 delectabili
1995 1868 2121 1923 par-

525 1950 663 2004 vulis
682 1950 846 2021 gratis
875 1948 1188 2004 infunditur.
1221 1947 1515 2018 Ambiguus
1544 1954 1628 2001 est
1651 1953 1830 2000 autem
1860 1944 1912 2000 in
1938 1958 2120 2015 graeco

526 2055 704 2105 casus,
750 2053 929 2094 utrum
976 2041 1047 2095 sit
1087 2039 1472 2104 nominativus,
1503 2052 1572 2092 an
1597 2037 1956 2100 accusativus;
1984 2051 2123 2106 quo-

526 2133 670 2188 niam
698 2132 749 2186 in
775 2148 836 2186 ea
861 2131 1035 2202 lingua
1079 2145 1236 2186 mons
1279 2129 1456 2185 neutri
1487 2127 1700 2199 generis
1729 2138 1834 2194 est,
1861 2141 1969 2182 non
2002 2142 2119 2182 ma-o

525 2221 716 2278 sculini
749 2241 762 2278 :
793 2221 912 2278 ideo
952 2221 1192 2277 nonnulli
1233 2220 1406 2276 Latini
1443 2235 1549 2275 non
1590 2219 1924 2289 interpretati
1971 2226 2118 2284 sunt,

524 2320 745 2367 montem
772 2311 896 2377 Dei,
926 2311 1022 2366 sed
1051 2328 1193 2366 ntons
1216 2310 1328 2364 Dei.
1362 2311 1496 2365 Puto
1523 2319 1701 2364 autem
1741 2308 1932 2364 melius
1973 2323 2118 2373 esse,

519 2401 579 2456 in
606 2400 814 2457 Selmon
838 2412 1058 2456 montem
1085 2400 1203 2466 Dei,
1236 2402 1340 2456 hoc
1375 2409 1478 2466 est,
1511 2399 1566 2454 in
1613 2407 1850 2454 montem
1896 2397 1989 2453 Dei
2029 2398 2119 2468 qui

525 2501 747 2547 vocatur
771 2492 990 2547 Selmon
1019 2492 1350 2547 :secnndum
1373 2489 1700 2546 intellectum
1743 2503 1902 2560 quem
1933 2502 2119 2558 supra,

526 2591 590 2638 ut
615 2583 905 2653 potuimus,
938 2582 1308 2652 exposuimus.
1920 2600 1924 2604 '

597 2673 689 2728 23.
719 2672 869 2746 [vers.
899 2672 1014 2746 17.]
1069 2673 1270 2730 Deinde
1328 2670 1471 2744 quod
1513 2671 1670 2740 dixit,
1723 2679 1943 2727 montem
2001 2670 2119 2738 Dei,

525 2775 747 2819 montem
789 2765 1124 2830 incaseatum,
1156 2773 1376 2820 montem
1398 2763 1623 2828 uberem,
1643 2777 1724 2830 ne
1751 2763 1872 2834 quis
1897 2761 2124 2819 auderet

527 2872 595 2912 ex
621 2855 1028 2911 hoc‘Dominum
1049 2854 1229 2912 Jesum
1255 2855 1527 2912 Christum
1552 2868 1868 2925 comparare
1909 2851 2123 2910 ceteris

526 2949 749 3016 sanctis,
801 2949 894 3020 qui
936 2957 992 3004 et
1036 2948 1135 3018 ipsi
1190 2947 1321 3004 dicti
1348 2956 1475 3004 sunt
1501 2956 1714 3003 montes
1756 2945 1898 3002 Dei:
1928 2945 2124 3016 legitur

525 3040 746 3110 quippe,
768 3037 980 3094 Iustitia
1014 3049 1103 3094 tua
1143 3040 1275 3095 sicut
1296 3047 1490 3094 montes
1513 3035 1613 3093 Dei
1638 3035 1812 3110 (Psal.
1845 3053 2013 3105 xxxv,
2041 3037 2119 3108 7);

529 3131 676 3188 unde
702 3132 991 3201 Apostolus
1015 3133 1112 3200 ait,
1145 3131 1214 3188 Ut
1249 3148 1342 3188 nos
1370 3132 1528 3187 simus
1545 3131 1753 3203 justitia
1782 3129 1881 3186 Dei
1925 3130 1979 3186 in
2009 3131 2123 3202 ipso

527 3220 599 3287 (ll
622 3220 740 3278 Cor.
771 3238 828 3290 v,
859 3221 975 3296 2|).
1005 3223 1081 3280 De
1105 3224 1305 3296 quibus
1322 3221 1593 3278 montibus
1615 3229 1672 3277 et
1709 3222 1818 3277 alio
1841 3222 1962 3277 loco
1983 3221 2123 3277 dici-

529 3324 636 3380 tnr,
685 3313 996 3375 Illumittans
1052 3326 1108 3371 tu
1146 3314 1518 3371 admirabiliter
1553 3332 1587 3368 a
1633 3313 1889 3370 montibus
1923 3316 2122 3371 internis

524 3406 706 3475 '(Psal.
731 3423 889 3473 Lxxv,
917 3407 998 3478 5);
1021 3406 1146 3480 quia
1166 3407 1277 3462 vita
1320 3407 1400 3462 eis
1438 3414 1641 3461 :eterna
1678 3401 1874 3460 donata
1918 3414 2024 3470 est,
2067 3415 2124 3461 et

530 3513 631 3570 per
649 3513 744 3555 eos
775 3507 1082 3555 sanctarum
1109 3498 1506 3569 Scripturarum
1554 3495 1979 3552 eminentissima
2023 3511 2123 3551 au-

530 3592 752 3645 ctoritas
798 3592 1089 3647 constituta
1128 3600 1234 3656 est,
1280 3589 1377 3646 sed
1422 3590 1757 3646 illuminante
1782 3590 1852 3646 ab
1888 3590 2002 3645 eis‘
2031 3590 2124 3645 illo

530 3682 616 3735 cui
646 3680 861 3748 dicitur,
890 3680 1202 3736 Illuminans
1228 3690 1302 3735 tu.
1335 3680 1520 3736 Levavi
1545 3680 1689 3735 enim
1716 3679 1889 3735 oculos
1910 3696 2048 3735 meos
2071 3681 2125 3735 in

531 3783 744 3838 montes,
773 3772 908 3826 unde
929 3773 1089 3827 veniet
1120 3771 1372 3826 auxilium
1395 3772 1520 3824 mihi
1551 3786 1571 3825 :
1614 3786 1716 3827 nec
1743 3779 1920 3828 tamen
1967 3770 2120 3825 auxi-

532 3863 661 3918 lium
692 3880 870 3919 meum
895 3865 965 3919 ah
998 3865 1128 3935 ipsis
1153 3865 1369 3935 proprie
1393 3862 1700 3926 montibus;
1731 3863 1827 3919 sed
1872 3862 2124 3919 auxilium

529 3971 698 4009 meum
721 3973 754 4008 a
777 3953 1002 4010 Domino
1030 3955 1116 4028 qui
1136 3956 1255 4027 fecit
1275 3954 1457 4010 calum
1489 3962 1537 4008 et
1565 3965 1751 4008 terram
1777 3952 1948 4023 (Psal.
1994 3968 2121 4020 cxx,

535 4047 586 4111 l,
615 4045 692 4117 2).
716 4045 866 4103 Unus
889 4046 1086 4117 quippe
1116 4047 1352 4118 ipsorum
1384 4044 1644 4100 montium
1686 4044 1910 4099 multum
1941 4045 2124 4102 excel-

529 4138 646 4192 lens
681 4153 803 4193 cum
845 4137 1092 4203 dixisset,
1117 4137 1261 4210 quod
1306 4138 1424 4206 plus
1454 4137 1558 4193 illis
1613 4137 1864 4192 omnibus
1913 4136 2126 4192 labora-

527 4229 665 4283 vcrit
695 4247 710 4283 :
741 4229 861 4284 Non
909 4239 1077 4284 autem
1124 4247 1236 4302 ego,
1277 4230 1466 4299 inquit,
1495 4228 1585 4283 sed
1611 4229 1780 4300 gratia
1808 4227 1908 4283 Dei
1932 4246 2124 4283 mecum

527 4320 570 4390 (Ι
595 4319 717 4376 Cor.
742 4336 831 4387 xv,
861 4321 975 4394 1ο).
997 4320 1075 4377 Ne
1094 4321 1216 4392 quis
1231 4336 1361 4392 ergo
1392 4319 1618 4376 auderet
1668 4321 1832 4375 etiam
1883 4331 2124 4376 montem

526 4410 830 4481 speciosum
862 4411 1030 4466 forma
1055 4427 1168 4482 pne
1207 4411 1335 4466 ﬁliis
1368 4411 1645 4466 hominum
1689 4408 1860 4483 (Psal.
1893 4426 2035 4476 xuv,
2065 4412 2124 4482 3)

527 4503 800 4558 montibus
851 4503 972 4560 ﬁliis
1001 4503 1280 4558 hominum
1329 4515 1673 4571 comparare;
1727 4502 1977 4572 quoniam
2017 4517 2122 4557 non

525 4593 809 4648 defuerunt
837 4595 924 4664 qui
953 4609 1074 4648 eum
1102 4593 1366 4658 dicerent,
1399 4592 1491 4647 alii
1518 4592 1780 4648 Joannem
1803 4591 2119 4662 Baptistam,

525 4685 617 4739 alii
656 4686 848 4750 Eliam,
903 4686 992 4740 alii
1033 4684 1347 4752 Jeremiam,
1396 4693 1489 4738 aut
1513 4699 1676 4738 unum
1728 4698 1796 4738 cx
1844 4682 2124 4751 Prophetis

529 4774 742 4846 (Matth.
768 4791 878 4834 xvi.
909 4776 1023 4846 l4);
1053 4777 1313 4831 convertit
1341 4789 1400 4829 se
1419 4774 1486 4828 ad
1515 4774 1657 4839 illos,
1688 4783 1744 4828 et
1778 4773 1852 4828 ait
1884 4790 1897 4827 :
1934 4772 2126 4847 thuid

526 4868 856 4938 suspicantini
883 4876 1076 4922 montes
1100 4867 1400 4929 incaseatos,
1427 4878 1666 4929 montem,
1695 4865 1887 4934 inquit,
1919 4865 1970 4917 in
2022 4881 2122 4935 quo

528 4960 721 5030 placuit
753 4958 858 5012 Deo
878 4958 1162 5012 inhabitare
1187 4957 1356 5012 ineo?
1386 4956 1579 5028 thuid
1610 4956 1979 5026 suspicamini?
2005 4957 2122 5010 Sic-

529 5061 585 5104 ut
607 5052 748 5104 enim
778 5050 956 5104 lumen
984 5050 1081 5114 illi,
1114 5050 1239 5119 quia
1269 5060 1320 5102 et
1355 5050 1486 5118 ipsis
1516 5049 1717 5104 dictum
1742 5059 1845 5113 est,
1881 5047 1982 5102 Vos
2010 5049 2125 5102 estis

531 5141 704 5196 lumen
752 5142 928 5194 mundi
971 5139 1080 5212 (Id.
1136 5157 1188 5204 v,
1253 5140 1380 5206 ll);
1413 5141 1506 5195 sed
1554 5141 1700 5195 aliud
1757 5141 1886 5196 illud
1923 5141 2123 5196 dictum

531 5243 647 5299 cst,
675 5232 867 5288 Lumen
915 5249 1108 5296 verum,
1151 5234 1286 5302 quod
1337 5233 1593 5286 illuminat
1621 5249 1820 5287 onmem
1872 5235 2127 5287 hominem

533 5326 713 5396 (Joan.
748 5326 859 5396 I,9)
895 5342 908 5378 :
941 5326 1040 5387 sic,
1063 5334 1274 5380 monti-3
1314 5325 1420 5389 illi;
1444 5323 1540 5379 sed
1591 5325 1750 5394 longe
1789 5324 1926 5379 alius
1973 5340 2129 5379 mons

534 5427 754 5487 par-auis
782 5419 834 5470 in
858 5420 1137 5471 cacumine
1188 5418 1468 5469 montium.
1502 5415 1710 5470 Montes
1737 5416 1915 5484 itaque
1942 5416 2024 5470 isti
2062 5416 2128 5470 il-

535 5509 646 5565 lum
701 5518 937 5563 montem
988 5508 1249 5577 portando
1293 5507 1513 5578 gloriosi
1561 5515 1686 5561 sunt
1718 5525 1731 5560 :
1760 5523 1987 5576 quorum
2041 5508 2129 5562 ille

601 5686 618 5714 ι
657 5681 792 5739 ΕΜ..
815 5675 1114 5731 illuminante
1133 5679 1232 5741 illo.
1265 5688 1319 5730 At
1340 5687 1449 5729 Mss.
1475 5679 1673 5734 addunt,
1698 5680 1760 5728 ab
1789 5678 1861 5730 eis
1889 5692 1906 5730 :
1943 5693 2029 5741 pro
2069 5694 2132 5729 eo

536 5743 741 5810 scilicet,
764 5737 894 5806 quod
917 5742 966 5792 in
989 5751 1105 5792 ante
1127 5737 1272 5792 allato
1307 5741 1427 5792 I'sal.
1452 5741 1594 5803 75,).
1635 5743 1684 5803 5,
1713 5751 1808 5805 cst,
1842 5756 1874 5793 a
1897 5737 2132 5794 montibus

435 5829 437 5831 ί
537 5809 643 5855 auc.
657 5809 748 5853 ms.

1773 358 1832 416 S.
1873 354 2242 416 AUGUSTINI
2281 353 2586 412 EPISCOPI
3703 360 3794 412 8'38

2235 486 2370 525 unus
2389 469 2538 536 dicit,
2572 469 2703 524 Mihi
2728 481 2899 525 autem
2924 471 3053 526 absit
3075 471 3306 543 gloriari,
3329 437 3428 529 nisi
3445 475 3500 528 in
3526 490 3671 528 cruce
3692 472 3791 528 Do-

2213 560 2352 636 mini
2374 561 2531 614 nostri
2553 559 2589 614 J
2593 577 2678 615 esu
2707 561 2912 625 Christi,
2963 579 3050 631 per
3076 579 3224 632 quem
3250 564 3374 618 mihi
3397 565 3616 619 mundus
3643 568 3787 619 cruci-

2227 655 2363 724 fixus
2391 662 2485 720 est,
2513 664 2560 708 et
2578 670 2670 725 ego
2690 654 2879 708 mundo
2912 652 3052 724 (Gal.
3074 669 3144 720 γι,
3175 655 3261 727 ll)
3290 672 3303 707 :
3333 664 3390 709 ut
3427 658 3516 724 qui
3539 657 3792 724 gloriatur,

2228 763 2330 801 non
2350 747 2402 802 in
2429 747 2614 816 seipso,
2643 748 2730 801 sed
2759 747 2813 801 in
2849 746 3075 802 Domino
3117 747 3359 818 glorietur
3407 748 3450 818 (1
3479 747 3601 802 Cor.
3627 764 3661 811 l,
3693 749 3792 818 5i).

2233 838 2426 909 thuid
2452 855 2580 910 ergo
2603 840 2929 909 suspicamini
2957 849 3148 894 montes
3175 840 3470 903 incaseatos,
3511 856 3638 896 eum
3667 859 3800 894 mon-

2230 943 2326 988 tem
2352 935 2404 988 in
2449 950 2548 1004 quo
2587 933 2780 1003 placuit
2807 931 2918 986 Deo
2947 933 3175 987 habitare
3196 932 3248 986 in
3287 933 3385 987 eo.’
3423 931 3540 987 Non
3593 932 3714 1004 quia
3753 934 3799 987 in

2229 1025 2348 1080 aliis
2373 1039 2478 1080 non
2501 1024 2782 1088 inhabitat,
2824 1024 2919 1079 scd
2959 1025 3082 1094 quia
3128 1023 3181 1080 in
3213 1026 3342 1094 ipsis
3390 1041 3484 1094 per
3519 1025 3714 1094 ipsum.
3747 1021 3806 1080 in

2229 1118 2340 1189 ipso
2359 1117 2545 1189 quippe
2568 1118 2814 1172 inhabitat
2830 1118 2994 1172 omnis
3021 1116 3283 1188 plenitudo
3304 1116 3584 1172 divinitatis
3599 1116 3804 1186 (Coloss.

2228 1224 2287 1274 ιι,
2312 1209 2393 1280 9);
2424 1226 2528 1265 non
2546 1209 2880 1277 umbralitcr,
2906 1219 3158 1281 tanquam
3184 1211 3238 1265 in
3267 1211 3466 1282 templo
3491 1226 3522 1266 a
3567 1226 3693 1281 rege
3718 1210 3808 1265 Sa-

2230 1300 2444 1357 lomone
2472 1300 2634 1367 facto,
2663 1302 2758 1357 sed
2798 1304 3168 1372 corporaliter,
3217 1303 3269 1358 id
3320 1314 3405 1358 est
3445 1303 3618 1359 solide
3659 1312 3814 1373 atque

2230 1392 2510 1448 veraciter.
2546 1392 2798 1461 Quoniam
2824 1391 2964 1447 Deus
2991 1403 3098 1446 erat
3131 1394 3185 1448 in
3211 1392 3432 1459 Christo,
3465 1395 3712 1448 mundum
3735 1410 3813 1447 re-

2229 1483 2506 1537 concilians
2526 1484 2625 1549 ,sibi
2651 1482 2718 1556 (ll
2746 1481 2866 1540 Cor.
2899 1499 2952 1548 v,
2988 1482 3096 1556 19).
3129 1483 3282 1551 Quod
3321 1483 3433 1540 sive
3455 1484 3523 1540 de
3559 1484 3719 1541 Patre
3741 1487 3816 1543 di~

2228 1581 2373 1628 ctum
2429 1574 2771 1644 accipiamus,
2829 1576 3078 1646 quoniam
3107 1576 3224 1644 ipse
3249 1576 3343 1639 ait,
3375 1574 3528 1630 Pater
3557 1588 3725 1633 autem
3763 1582 3818 1634 in

2228 1682 2309 1720 me
2336 1683 2564 1735 manens,
2592 1669 2701 1738 ipse
2721 1668 2844 1738 facit
2868 1684 3024 1737 opera
3048 1684 3165 1732 sua;
3195 1669 3358 1738 cgoin
3384 1668 3560 1737 Patre,
3589 1682 3636 1725 et
3660 1671 3813 1727 Pater

2230 1756 2283 1809 in
2331 1772 2412 1811 me
2452 1756 2633 1829 (Joan.
2665 1774 2772 1823 xiv,
2803 1757 2917 1830 10);
2945 1759 3061 1813 sive
3084 1758 3156 1813 ita
3178 1747 3522 1830 intelligatur,
3555 1761 3692 1818 Deus
3717 1779 3818 1820 erat

2228 1849 2282 1901 in
2309 1847 2529 1916 Christo,
2553 1848 2787 1905 Verbum
2824 1849 3018 1906 eratin
3069 1848 3324 1904 homine:
3352 1850 3431 1906 sic
3471 1863 3589 1908 erat
3639 1856 3818 1926 utique

2230 1940 2469 1997 Verbum
2497 1942 2553 1997 in
2579 1958 2762 2010 carne,
2794 1953 2852 1999 ut
2876 1944 3108 2002 Verbum
3137 1948 3299 2003 etiam
3325 1959 3453 2000 caro
3490 1943 3694 2004 factum
3725 1965 3816 2005 so-

2228 2033 2313 2087 lus
2338 2033 2554 2104 proprie
2595 2033 2887 2102 diceretur,
2929 2035 2982 2092 id
3026 2047 3126 2102 est,
3170 2038 3330 2094 homo
3361 2035 3535 2094 Verbo
3571 2037 3625 2092 in
3662 2055 3815 2096 unam

2229 2124 2428 2179 Christi
2473 2139 2761 2196 personam
2809 2127 3172 2198 capularetur.
3218 2128 3407 2201 thuid
3433 2147 3563 2203 ergo
3585 2135 3816 2205 suspica-

2229 2215 2356 2268 mini
2383 2226 2578 2272 montes
2602 2217 2905 2285 incaseatos,
2946 2234 3069 2274 eum
3121 2230 3342 2276 montem
3383 2223 3437 2277 in
3478 2239 3579 2291 quo
3631 2226 3818 2296 placuit

2229 2304 2342 2362 Deo
2364 2307 2647 2363 inhabitare
2672 2309 2726 2363 in
2754 2325 2813 2365 eo
2828 2309 2855 2364 .’
2875 2310 3058 2383 Longe
3080 2311 3265 2382 utique
3283 2313 3442 2370 aliter
3458 2331 3617 2386 quam
3634 2318 3689 2372 in
3716 2317 3817 2372 illis

2231 2397 2521 2463 montibus,
2549 2413 2776 2469 quorum
2805 2400 3038 2472 aliquem
3064 2403 3226 2458 etiam
3257 2401 3401 2460 hunc
3451 2409 3814 2479 suspicamini.

2229 2487 2345 2543 Non
2379 2489 2522 2544 enim
2547 2491 2668 2562 quia
2709 2499 2767 2548 et
2791 2491 2866 2547 illi
2892 2507 2989 2563 per
3015 2492 3318 2563 adoptionis
3335 2497 3564 2568 gratiam
3597 2497 3696 2554 lilii
3728 2500 3816 2558 Dei

2230 2589 2374 2645 sunt,
2401 2578 2522 2635 ideo
2541 2580 2821 2652 quisquam
2851 2583 3060 2639 illorum
3097 2593 3182 2640 est
3206 2584 3521 2658 Unigenitus
3551 2589 3641 2644 cui
3671 2589 3817 2646 dice-

2231 2681 2316 2727 ret
2344 2691 2360 2728 :
2389 2670 2526 2728 Sede
2543 2674 2611 2728 ad
2637 2675 2895 2732 deﬂuam
2928 2693 3116 2742 meam,
3162 2677 3323 2734 donec
3371 2697 3556 2749 ponam
3591 2682 3818 2739 inimicos

2233 2773 2346 2819 tuos
2385 2765 2478 2821 sub
2506 2765 2714 2836 pedibus
2747 2771 2846 2822 tuis
2873 2766 3045 2839 (Psal.
3081 2785 3190 2837 uix,
3219 2771 3296 2842 1).
3342 2771 3544 2827 Etenim
3569 2772 3820 2830 Dominus

2230 2856 2528 2912 inhabitabit
2551 2875 2707 2930 usque
2726 2859 2788 2931 in
2828 2859 3023 2930 ﬁnem:
3057 2858 3108 2915 id
3161 2871 3264 2929 est,
3294 2862 3414 2918 illos
3453 2875 3665 2925 montes
3713 2883 3818 2922 non

2233 2949 2625 3019 comparandos
2659 2950 2787 3006 huic
2811 2952 2980 3007 monti
3022 2952 3152 3023 ipse
3181 2953 3436 3010 Dominus
3484 2955 3818 3021 inhabitabit.

2230 3038 2322 3110 qui
2341 3049 2426 3095 est
2447 3054 2603 3095 mons
2633 3049 2849 3110 paratus
2876 3042 2933 3098 in
2951 3043 3231 3099 cacumine
3260 3042 3558 3112 montium;
3604 3056 3668 3102 ut
3703 3064 3821 3119 per-

2231 3129 2392 3186 ducat
2417 3146 2515 3187 eos
2538 3131 2594 3188 in
2625 3131 2811 3199 tinem,
2845 3132 2900 3189 id
2919 3142 3004 3189 est
3038 3135 3091 3189 in
3121 3134 3358 3205 seipsum
3394 3136 3532 3193 sicut
3571 3139 3717 3194 Deus
3742 3151 3824 3198 est

2231 3221 2726 3293 contemplandum.
2756 3221 2904 3278 Finis
2925 3227 3059 3279 enim
3096 3223 3248 3297 Legis
3276 3225 3525 3294 Christus,
3555 3230 3624 3282 ad
3660 3231 3822 3300 justi-

2233 3313 2356 3368 tiam
2388 3315 2529 3369 omni
2577 3315 2799 3370 credenti
2835 3315 3015 3387 (Rom.
3046 3332 3103 3384 x,
3131 3318 3210 3390 ι).
3240 3318 3350 3374 Deo
3399 3319 3580 3391 itaque
3627 3322 3824 3392 placuit

2235 3404 2474 3463 habitare
2499 3407 2556 3461 in
2577 3407 2680 3463 isto
2705 3417 2908 3472 monte,
2934 3408 3024 3478 qui
3053 3420 3268 3480 paratus
3316 3419 3402 3466 est
3447 3412 3503 3466 in
3544 3414 3825 3470 cacumine

2235 3497 2526 3563 montium;
2583 3498 2667 3554 cui
2705 3499 2836 3555 dicit
2867 3519 2880 3553 :
2909 3498 2984 3553 Tu
3008 3517 3061 3555 es
3110 3499 3279 3555 Filius
3321 3519 3462 3558 meus
3511 3505 3751 3568 dilectus,
3775 3509 3826 3560 iu

2233 3603 2332 3657 quo
2365 3587 2383 3619 ¹
2416 3589 2542 3643 bene
2608 3589 2894 3660 complacui
2935 3589 3148 3664 (Matth.
3189 3609 3268 3660 tn,
3303 3594 3415 3666 17).
3460 3595 3582 3666 Ipse
3644 3607 3826 3654 autem

2236 3691 2393 3732 mons
2432 3677 2690 3734 Dominus
2713 3689 2815 3745 est,
2850 3680 2942 3752 qui
2979 3681 3116 3737 alios
3153 3693 3365 3742 montes
3393 3683 3718 3743 inhabitahit
3770 3690 3822 3743 in

2237 3769 2420 3834 linem,
2454 3768 2506 3823 in
2531 3784 2760 3840 quorum
2804 3771 3082 3828 cacumine
3117 3783 3334 3843 paratus
3359 3785 3464 3831 est.
3515 3776 3663 3832 Unus
3695 3781 3829 3834 enim

2233 3856 2395 3927 Deus,
2421 3868 2468 3913 et
2497 3875 2627 3915 unus
2655 3860 2901 3916 mediator
2924 3861 3024 3917 Dei
3047 3872 3093 3918 et
3129 3865 3390 3919 hominum
3418 3867 3567 3922 homo
3598 3867 3831 3925 Christus

2233 3947 2388 4005 Jesus
2412 3949 2457 4021 (Ι
2481 3948 2617 4006 Tim.
2646 3967 2704 4017 ιι,
2727 3951 2809 4024 5),
2836 3968 2992 4009 mons
3010 3956 3291 4020 montium,
3318 3956 3452 4012 sicut
3471 3969 3694 4012 sanctus
3708 3976 3833 4015 sano

2235 4050 2470 4108 ctorum.
2530 4042 2681 4099 Unde
2707 4042 2874 4099 dicit:
2904 4044 3018 4116 Ego
3053 4046 3106 4099 in
3139 4047 3230 4112 eis,
3281 4056 3405 4102 ettu
3448 4049 3503 4102 in
3524 4067 3604 4104 me
3629 4050 3649 4121 (
3667 4050 3832 4106 Joau.

2237 4149 2372 4200 xvtl,
2402 4132 2520 4204 23).
2549 4132 2739 4204 thuid
2761 4151 2891 4206 ergo
2929 4138 3260 4207 suspicamini
3299 4148 3493 4195 montes
3519 4142 3832 4208 incaseatos,

2237 4235 2455 4279 montem
2482 4225 2535 4279 in
2562 4242 2663 4297 quo
2698 4226 2885 4296 placuit
2925 4227 3040 4284 Deo
3075 4229 3360 4286 inhabitare
3395 4231 3452 4286 in
3474 4233 3576 4287 eo?
3617 4234 3833 4290 Etenim

2236 4327 2450 4372 montes
2469 4317 2590 4372 illos
2617 4317 2918 4375 incaseatos
2948 4319 3207 4375 Dominus
3233 4319 3356 4386 iste,
3401 4337 3556 4379 mons
3585 4325 3836 4381 incasea-

2238 4418 2342 4475 tns,
2375 4408 2690 4464 inhabitabit
2735 4426 2904 4481 usque
2931 4412 2986 4466 in
3037 4414 3221 4482 linem,
3254 4422 3310 4469 ut
3333 4413 3530 4484 aliquid
3562 4418 3673 4472 sint
3718 4419 3838 4488 qui-

2236 4499 2338 4556 hus
2363 4500 2441 4556 ait
2471 4519 2485 4555 :
2515 4501 2648 4564 Quia
2675 4501 2786 4555 sine
2807 4519 2886 4556 me
2907 4502 3037 4557 nihil
3074 4505 3281 4575 potestis
3301 4509 3466 4576 facere
3487 4504 3600 4578 (Id.
3631 4523 3725 4574 xv,
3755 4507 3837 4574 5).

2307 4591 2399 4647 24.
2431 4590 2579 4666 [vers.
2609 4592 2726 4667 18.]
2751 4593 2826 4648 Ita
2853 4595 2914 4649 lit
2947 4596 3105 4650 etiam
3147 4596 3288 4668 quod
3332 4598 3573 4669 sequitur
3600 4618 3615 4655 :
3643 4599 3838 4656 Curras

2237 4685 2336 4741 Dei
2364 4688 2535 4742 decem
2574 4689 2792 4743 millium
2844 4689 3150 4759 multiplex;
3193 4691 3297 4754 vel,
3361 4693 3549 4747 denum
3614 4695 3839 4748 millium

2236 4778 2528 4848 multiplex;
2552 4779 2655 4846 vel,
2688 4779 2850 4834 decies
2872 4779 3056 4834 millies
3085 4782 3372 4852 multiplex.
3405 4782 3583 4839 Unum
3607 4788 3837 4841 verbum

2238 4870 2380 4923 enim
2409 4885 2640 4939 graecum
2670 4870 2808 4945 sicut
2841 4874 3065 4942 quisque
3105 4875 3278 4943 potuit
3314 4875 3604 4932 latinorum
3664 4880 3839 4934 inter-

2239 4968 2449 5029 pretum
2477 4962 2767 5027 transtulit,
2790 4961 2931 5032 quod
2970 4963 3042 5016 ibi
3081 4963 3282 5019 dictum
3308 4975 3410 5031 est,
3465 4976 3841 5037 μυριοπλάσιον.

2239 5051 2432 5106 Latine
2481 5061 2660 5106 autem
2707 5054 2836 5107 satis
2882 5053 3110 5124 exprimi
3176 5069 3282 5110 non
3332 5057 3502 5126 potuit
3531 5073 3547 5112 :
3580 5061 3844 5129 quoniam

2242 5148 2388 5202 mille
2436 5148 2578 5216 apud
2606 5149 2824 5203 Grmcos
2864 5157 3004 5218 χίλια
3051 5151 3319 5217 dicuntur,
3369 5159 3597 5224 μυριάδες
3658 5168 3844 5212 autem

2242 5240 2392 5309 plura
2423 5239 2559 5293 dena
2601 5241 2794 5304 millia;
2821 5249 2992 5312 μυριὰς
3031 5243 3228 5315 quippe
3260 5261 3366 5300 una
3385 5237 3409 5310 ,’
3444 5246 3638 5304 dcccm
3677 5253 3845 5304 millia

2241 5339 2387 5384 sunt.
2419 5330 2692 5400 Ingentem
2720 5333 2897 5402 itaque
2927 5335 3322 5390 multitudinem
3341 5347 3653 5394 sanctorum
3681 5353 3848 5411 atque

2244 5420 2502 5486 ﬁdelium,
2530 5422 2618 5491 qui
2644 5425 2903 5491 portando
2934 5426 3100 5481 Deum
3124 5427 3256 5482 [lunt
3276 5427 3680 5497 quodammodo
3714 5450 3838 5486 ευτ-

2242 5528 2333 5565 rus
2352 5512 2468 5579 Dei,
2499 5515 2817 5584 signiﬁcavit
2841 5516 2945 5570 hoc
2986 5519 3219 5573 nomine.
3243 5520 3391 5575 Hanc
3411 5521 3766 5578 immancndo
3795 5537 3844 5579 cl

2241 5603 2479 5674 regendo
2518 5605 2764 5674 perducit
2807 5608 2862 5661 in
2909 5608 3070 5664 linem
3110 5618 3360 5682 tanquam
3400 5628 3619 5668 currum
3668 5632 3831 5670 suum

2307 5744 2322 5774 ¹
2362 5750 2435 5790 Fr.
2463 5753 2514 5794 ct
2537 5751 2668 5797 ιον..
2692 5743 2742 5792 in
2778 5757 2868 5804 quo
2893 5743 3027 5800 mihi.
3071 5749 3211 5800 Abest
3253 5748 3368 5801 mihi
3407 5751 3466 5801 ab
3501 5759 3604 5802 Am.
3632 5761 3686 5804 et
3713 5761 3820 5801 uss.

2244 5817 2338 5854 nco
2362 5813 2521 5857 exstat
2545 5809 2593 5856 in
2613 5821 2776 5870 gruum
2799 5815 2926 5859 LXX.
