3934 6330
163 373 259 425 329

160 486 303 539 velut
346 486 397 541 in
449 487 627 545 locum
672 492 901 565 aliquem
948 494 1289 553 destinatum.
1336 498 1548 555 Initium
1591 502 1734 558 enim

162 577 419 643 Christus;
458 583 747 652 deindequi
779 598 893 642 sunt
945 588 1131 646 Christi
1172 592 1226 645 in
1273 594 1541 661 prasentia
1591 596 1735 663 eius;

162 669 334 722 deinde
360 671 476 738 ﬁnis
508 673 551 744 (l
577 673 695 730 Cor.
719 693 805 742 xv,
833 680 923 743 25,
944 681 1059 751 ει).
1094 682 1219 737 "me
1243 692 1327 737 est
1350 693 1529 738 sancta
1556 686 1739 742 Eccle-

164 759 255 823 sia,
286 778 403 829 qua:
432 773 554 819 sunt
581 767 723 835 quod
765 771 1023 839 sequitur,
1069 770 1238 826 Hillia
1282 774 1582 828 ltetantium.
1626 777 1733 846 Spe

160 850 295 903 cnim
348 864 469 905 sunt
501 857 797 925 gaudentes,
836 859 1007 915 donec
1058 864 1410 932 perducantur
1456 866 1508 920 in
1571 867 1729 922 linem

161 956 311 1004 quem
342 959 481 997 nunc
506 959 923 1019 esspectantper
949 954 1256 1021 patientiam
1283 956 1458 1025 (Rom.
1478 975 1588 1025 VIII,
1610 960 1729 1032 9.5).

160 1030 374 1087 Miriﬁce
398 1046 602 1100 autem,
631 1054 750 1093 cum
780 1041 1037 1110 dixisset,
1072 1044 1239 1100 Mittin
1268 1052 1573 1117 laetantium,
1607 1068 1734 1105 con-

162 1122 300 1173 tiutto
347 1125 589 1193 subjecit,
636 1128 882 1186 Dominus
926 1134 979 1187 in
1006 1135 1127 1191 illis.
1172 1136 1250 1192 Ne
1289 1141 1545 1195 miremur
1589 1145 1729 1211 quod

160 1210 425 1277 lmtcntur;
460 1216 706 1274 Dominus
731 1222 783 1275 in
813 1225 932 1279 illis.
963 1226 1093 1281 Nam
1123 1246 1212 1298 per
1237 1232 1421 1286 multas
1444 1235 1729 1290 tribulatio-

160 1320 241 1357 nes
269 1317 460 1373 oportet
484 1326 574 1363 nos
607 1312 813 1368 introire
840 1315 890 1368 in
914 1334 1121 1388 regnum
1148 1319 1242 1375 Dei
1272 1323 1407 1391 (Act.
1450 1341 1537 1380 xw
1554 1367 1568 1390 ,
1594 1326 1684 1398 21)
1713 1347 1729 1385 :

158 1395 278 1459 sed,
322 1396 571 1455 Dominus
614 1405 667 1457 in
710 1405 834 1460 illis.
885 1406 1008 1463 Ideo
1054 1413 1151 1467 etsi
1197 1427 1317 1468 sunt
1358 1419 1504 1486 quasi
1542 1422 1727 1489 tristes,

158 1501 347 1555 smper
380 1497 543 1544 tamen
568 1495 840 1563 gaudentes
882 1499 949 1567 (ll
979 1498 1096 1556 Cor.
1126 1519 1205 1571 v1,
1241 1505 1363 1578 l0);
1405 1523 1503 1564 nec
1534 1509 1644 1578 jam
1674 1513 1727 1567 in

158 1591 265 1644 Ipso
293 1578 401 1634 line
425 1596 529 1652 quo
554 1584 786 1641 nondum
810 1603 1087 1654 venerunt.
1118 1595 1212 1648 sed
1238 1613 1329 1665 spe
1353 1609 1476 1653 sunt
1504 1606 1728 1671 gauden-

157 1674 242 1727 tes,
289 1676 343 1720 et
387 1669 439 1721 in
476 1670 795 1729 tribulatione
837 1681 1076 1746 patientes
1105 1682 1284 1751 (Rom.
1314 1703 1420 1751 xu,
1452 1669 1561 1760 19.),
1590 1707 1725 1761 quo-

156 1756 287 1811 niam
313 1757 561 1815 Dominus
588 1764 641 1817 in
666 1765 788 1832 illis,
816 1769 866 1822 in
898 1770 1045 1837 Sina,
1073 1774 1125 1827 in
1148 1787 1341 1830 sancto.
1367 1778 1422 1832 In
1449 1783 1723 1838 nominum

155 1845 482 1904 bebrmorum
517 1852 1031 1923 interpretationibus
1073 1864 1370 1921 invenimus
1407 1869 1529 1923 Sina
1562 1872 1728 1926 inter-

155 1938 337 2002 pretari
358 1938 660 1998 Mandatum
685 1963 699 1998 :
730 1956 784 2000 et
807 1949 908 2003 alia
931 1954 1170 2021 quaidam
1194 1956 1600 2027 interpretatur;
1628 1961 1725 2017 sed

154 2024 247 2079 hoc
276 2038 401 2095 puto
450 2038 693 2101 praesenti
742 2038 861 2094 loco
907 2044 1080 2111 aptius
1120 2024 1427 2104 convenire.
1473 2050 1724 2108 Reddens

153 2116 284 2170 enim
321 2134 535 2177 causam
593 2141 756 2194 quare
807 2129 1114 2189 lmtareotur
1162 2137 1251 2191 illa
1295 2140 1481 2207 millia,
1530 2144 1723 2213 quibus

151 2215 349 2262 constat
376 2224 563 2267 currus
594 2216 705 2281 Dei,
734 2216 1001 2287 Dominus,
1036 2225 1222 2295 inquit,
1254 2230 1305 2283 in
1335 2231 1457 2295 illis,
1488 2233 1541 2286 in
1567 2234 1715 2299 Sina,

149 2294 196 2346 in
222 2308 392 2353 sancto
412 2316 434 2352 :
460 2302 509 2355 id
534 2313 635 2371 est,
665 2307 917 2365 Dominus
946 2313 999 2367 in
1030 2294 1155 2379 illis,
1183 2317 1233 2371 in
1259 2294 1508 2376 mandato
1533 2340 1548 2387 ;
1580 2326 1720 2394 quod

150 2387 445 2445 mandatum
475 2405 713 2453 sanctum
738 2409 850 2467 est,
881 2404 1017 2459 sicut
1041 2406 1508 2479 dicitApostolus:
1539 2414 1720 2488 Itaque

148 2476 248 2531 Lex
268 2481 466 2549 quidem
493 2498 669 2541 sancta
687 2531 703 2555 ,
728 2501 773 2544 et
799 2495 1091 2550 mandatum
1117 2510 1347 2555 sanctum
1366 2545 1381 2568 ,
1413 2514 1461 2558 et
1475 2507 1675 2574 justum
1699 2550 1714 2574 ,

146 2581 191 2621 et
226 2571 407 2626 bonum
439 2574 547 2645 (Id.
578 2594 680 2645 vn,
710 2582 819 2653 12).
850 2584 954 2640 Sed
1005 2590 1130 2658 quid
1182 2571 1717 2661 prodesset'manda;

147 2669 268 2728 tum,
299 2664 401 2719 nisi
448 2666 700 2727 Dominus
744 2675 817 2730 ibi
855 2690 1015 2745 esset,
1048 2681 1116 2737 de
1158 2700 1264 2751 quo
1296 2680 1527 2743 dicitur:
1577 2690 1716 2748 Deus

144 2756 267 2805 enim
293 2764 366 2808 est
405 2760 494 2825 qui
520 2772 754 2829 operatur
779 2768 835 2820 in
873 2768 1009 2824 vobis
1037 2780 1083 2825 et
1110 2774 1265 2843 uelle,
1301 2791 1348 2831 et
1367 2782 1587 2849 operari,
1621 2801 1714 2853 pro

146 2839 265 2894 bona
296 2845 547 2902 voluntate
573 2850 828 2924 (Philipp.
857 2873 893 2912 It
915 2900 931 2921 .
962 2860 1089 2933 15)?
1114 2839 1714 2931 Nam—mandzitum’s'ine

144 2930 339 2988 Domini
377 2936 644 3007 adjutorio
682 2944 852 3001 littera
893 2959 976 3004 est
1004 2930 1249 3011 occidens
1280 2956 1346 3027 (ll
1370 2959 1484 3014 Cor.
1516 2979 1605 3029 ιιι,
1634 2965 1710 3035 6).

142 3020 241 3076 La:
263 3027 393 3080 enim
427 3031 720 3087 subintrarit
737 3078 753 3102 ,
784 3048 839 3091 ut
863 3041 1139 3098 abundaret
1182 3047 1417 3103 delictum
1442 3052 1615 3121 (Rom.
1642 3072 1674 3108 v
1693 3096 1708 3121 ,

140 3112 247 3184 20).
284 3114 390 3172 Sed
433 3123 681 3190 quoniam
728 3127 989 3197 plenitudo
1031 3133 1181 3204 Legis
1218 3112 1548 3198 charitas‘est
1597 3112 1707 3215 (Id:

140 3216 256 3272 xm,
289 3207 409 3278 10),
438 3210 558 3267 ideo
585 3230 679 3282 per
701 3217 1011 3276 cbaritatem
1043 3225 1150 3281 Lex
1178 3228 1445 3300 impletur,
1478 3250 1583 3290 non
1604 3207 1712 3307 per

141 3293 394 3353 timorem.
424 3298 655 3358 Charitas
682 3308 814 3361 enim
844 3309 936 3365 Dei
962 3313 1152 3381 diﬂ'ma
1174 3293 1322 3374 cst-in
1351 3293 1589 3381 cordibus

138 3390 264 3454 stris,
313 3410 406 3464 per
443 3396 689 3467 Spiritunt
720 3414 950 3460 sanctum
992 3410 1079 3479 qui
1112 3410 1263 3468 datus
1309 3426 1383 3470 est
1426 3418 1567 3474 nobis
1595 3422 1703 3493 (Id.

137 3492 186 3544 v,
210 3477 285 3549 5).
313 3484 439 3542 Ideo
462 3488 708 3546 laetantur
732 3493 848 3550 hanc
874 3477 1060 3554 millia.
1089 3503 1316 3560 Tantum
1342 3509 1484 3563 enim
1512 3477 1706 3568 faciunt

133 3568 376 3637 justitiam
409 3575 563 3647 Legis
581 3621 598 3647 ,
626 3594 877 3651 quantum
902 3588 1216 3656 adjuvantur
1257 3595 1454 3665 Spiritu
1481 3603 1662 3670 gratia:
1686 3622 1701 3669 ;

136 3663 367 3726 quoniam
399 3665 643 3725 Dominus
666 3674 718 3727 in
742 3674 864 3742 illis,
892 3679 943 3731 in
971 3679 1120 3748 Sina,
1146 3685 1200 3737 in
1225 3698 1419 3742 sancto.

197 3752 281 3807 25.
320 3753 481 3829 [uers.
511 3761 623 3835 19.]
664 3765 861 3823 Deinde
900 3771 965 3825 ad
995 3772 1168 3842 ipsum
1209 3778 1490 3836 Dominum
1539 3784 1691 3839 locu-

137 3840 266 3898 tione
287 3859 579 3906 conversa:
608 3854 908 3923 Ascendisti,
939 3840 1129 3934 inquit,
1154 3868 1209 3921 in
1233 3867 1418 3934 altum,
1436 3876 1700 3945 captivasti

134 3936 485 4005 captivitatem,
528 3947 761 4016 accepisti
797 3950 931 4004 dona
968 3954 1021 4007 in
1060 3956 1363 4017 hominibus.
1407 3936 1517 4019 Hoc
1554 3967 1699 4036 Apo—

133 4024 288 4081 stolus
313 4029 392 4083 sic
423 4045 828 4105 commemorat,
860 4043 939 4099 sic
964 4049 1183 4117 exponit
1207 4051 1274 4108 de
1303 4054 1697 4131 DominoChri-

131 4123 206 4167 sto
228 4115 447 4188 loquens
475 4140 491 4179 :
523 4122 804 4199 Unicuique
841 4143 1007 4189 autem
1034 4115 1293 4208 nostrum,
1329 4146 1515 4216 inquit,
1540 4128 1695 4204 datur

129 4205 281 4271 gratia
309 4214 583 4277 secundum
608 4234 893 4277 mensuram
920 4226 1209 4286 donationis
1226 4232 1411 4291 Christi
1436 4254 1454 4293 :
1488 4253 1693 4313 pmpter

128 4298 248 4358 quod
279 4300 421 4367 dicit,
455 4304 697 4362 Ascendit
737 4313 789 4365 in
818 4316 997 4386 altum,
1030 4324 1299 4388 captivavit
1325 4332 1684 4403 captivitatem,

134 4381 251 4403 μμ.
308 4388 320 4403 .
456 4395 467 4403 -
572 4398 583 4403 -
627 4398 657 4403 --

985 4381 994 4386 _
1094 4381 1104 4388 .
1387 4381 1400 4398 .
1427 4381 1683 4403 -ηηη-π--ι

128 4381 251 4437 dedit
285 4388 420 4445 dona
445 4395 749 4455 hominibus.
781 4404 930 4470 Quod
955 4418 1121 4465 autem
1165 4420 1407 4484 ascendit,
1438 4424 1562 4492 quid
1592 4436 1683 4490 est,

128 4475 211 4527 nisi
232 4480 347 4545 quia
375 4492 423 4537 et
460 4485 714 4543 descendit
756 4495 808 4546 in
850 4496 1114 4567 inferiores
1155 4516 1323 4571 partes
1364 4475 1549 4568 ιρι·ίωῖ
1589 4516 1688 4580 Qui

125 4568 382 4638 descendit,
411 4576 521 4641 ipse
541 4588 612 4632 est
635 4591 682 4634 et
708 4585 795 4651 qui
818 4590 1045 4643 ascendit
1065 4610 1217 4662 super
1242 4615 1412 4656 ornues
1437 4605 1604 4671 caelos,
1629 4618 1684 4662 ut

124 4656 407 4724 adimpleret
436 4670 608 4721 omnia
637 4671 850 4741 (Ephes.
878 4692 952 4744 Iv,
976 4656 1147 4751 7-l0).
1172 4684 1383 4743 Christo
1411 4656 1549 4763 ergo
1566 4656 1683 4752 sine

122 4744 433 4809 dubitatione
460 4752 660 4814 dictum
688 4773 802 4818 est:
835 4766 1119 4826 Ascendiin
1138 4774 1191 4828 in
1215 4779 1396 4843 altum,
1418 4786 1682 4854 captivasti

121 4841 460 4913 captivitatem,
494 4851 730 4921 accepisti
766 4856 898 4911 dona
924 4860 978 4913 in
1005 4862 1308 4925 hominibus.
1337 4870 1445 4927 Nec
1471 4888 1681 4932 moveat

119 4932 242 4992 quod
268 4938 552 5004 Apostolus
584 4942 722 4999 idem
740 4950 1099 5010 testimonium
1117 4968 1545 5023 commemorans
1570 4988 1675 5027 non

119 5019 198 5083 ait,
224 5024 473 5097 Accepisti
500 5032 634 5088 dona
662 5038 713 5091 in
738 5040 1060 5111 hominibus;
1103 5050 1219 5116 sed,
1252 5052 1401 5108 Dedit
1427 5058 1561 5113 dona
1586 5064 1678 5117 ho-

119 5110 333 5169 minibus.
370 5117 465 5173 Ille
488 5122 681 5194 quippe
706 5133 1019 5191 auctoritate
1060 5143 1347 5208 apostolica
1380 5153 1671 5207 secundum

116 5196 204 5257 hoc
242 5206 446 5266 locutus
488 5226 588 5277 est,
619 5218 759 5287 quod
791 5221 932 5279 Deus
971 5242 1090 5283 cum
1122 5232 1307 5289 Patre‘
1340 5239 1525 5295 Filius.
1572 5244 1672 5300 Se-

115 5296 321 5354 cundum
362 5298 468 5357 hoc
507 5308 700 5376 quippe
747 5312 884 5368 dedit
924 5319 1057 5373 dona
1102 5325 1407 5401 hominibus,
1456 5337 1669 5394 mittens

113 5378 179 5436 eis
199 5384 443 5456 Spiritum
476 5397 751 5464 sanctum,"
774 5407 860 5473 qui
890 5406 1116 5477 Spiritus
1144 5424 1227 5470 est
1259 5396 1426 5475 Patris
1452 5435 1503 5479 et
1526 5428 1665 5483 Filii.

113 5471 386 5537 Secundum
416 5485 544 5541 illud
572 5506 701 5546 vero
722 5471 864 5565 quod
894 5471 1031 5556 idem
1058 5505 1175 5574 ipse
1200 5508 1443 5571 Christus
1473 5517 1522 5571 in
1550 5535 1669 5575 Cor-

112 5576 223 5630 pore
268 5586 366 5627 suo
410 5574 745 5650 intelligitur,
793 5589 931 5656 quod
979 5604 1062 5647 est
1116 5596 1388 5667 Ecclesia,
1448 5621 1667 5678 promer

1375 5657 1387 5667 ,
1448 5657 1655 5678 την--.

111 5657 229 5720 quod
267 5671 319 5717 ct
363 5669 603 5725 membra
641 5676 757 5742 ejus
806 5692 929 5734 sunt
971 5688 1138 5741 Sancti
1184 5701 1238 5744 et
1282 5691 1467 5753 ﬁdeles
1511 5704 1660 5773 ejus;

162 5769 176 5801 '
206 5774 282 5825 llic
302 5778 351 5827 in
373 5781 487 5832 Edd.
512 5784 717 5851 additur,
740 5792 849 5854 fecit
869 5806 886 5843 :
904 5798 1030 5859 quod
1053 5812 1081 5849 a
1104 5807 1207 5853 ttss.
1234 5805 1389 5859 abest.

1214 384 1610 441 ENARBATIO
1646 389 1717 442 IN
1756 391 2079 453 PSALMUM
2118 403 2321 464 LXVII.

3316 448 3426 505 830

1841 512 1982 567 unde
2019 517 2097 572 eis
2135 520 2345 591 dicitur,
2398 529 2497 585 Vos
2542 546 2706 593 autem
2751 544 2869 600 estis
2909 564 3093 619 corpus
3141 555 3332 616 Christi
3374 576 3428 621 et

1838 609 2059 661 membra
2090 612 2144 681 (l
2168 612 2286 669 Cor.
2316 636 2412 685 xu,
2438 623 2530 696 27)
2556 644 2569 679 :
2608 636 2789 698 procul
2814 637 2975 695 dubio
2998 609 3055 699 et
3080 609 3424 727 ipsenaccep‘i;

1842 696 1975 727 4b...-
2003 702 2053 727 ἔ..
2087 705 2292 727 Luna,"
2411 714 2465 727 no
2518 719 2530 727 .

1840 696 1975 751 dona
2002 702 2053 754 in
2080 705 2384 765 hominibus.
2408 696 2648 775 Christus
2673 727 2868 797 quippe
2889 696 3129 792 ascendirt
3156 742 3206 795 in
3233 696 3416 803 altum.

1838 797 1893 840 et
1921 790 2071 844 sedet
2113 795 2178 849 ad
2220 798 2493 859 dexteram
2540 790 2709 867 Patris
2756 790 2947 887 (tl-lare.
3000 790 3123 893 va,

2762 876 2772 887 ι
3001 876 3110 893 *τ--ν
3156 876 3244 903 ‘Vl
3265 877 3280 899 ν
3324 876 3417 895 ⁸⁵⁸⁸⁸³

1838 876 1940 931 nisi
1963 889 2016 933 et
2047 882 2131 936 hic
2160 901 2301 943 esset
2330 892 2378 944 in
2403 898 2581 964 terris,
2608 918 2712 957 non
2741 907 2863 963 inde
2892 913 3210 976 clamasset:
3239 925 3417 993 Saule,

1847 966 2002 993 0....l-
2071 991 2103 993 η
2133 976 2143 985 ⁸
2168 976 2181 993 ι
2588 992 2591 993 ⁷

2982 966 3179 975 νην-νυν*
3198 967 3209 976 ο
3239 966 3417 993 νκιιοι,

1839 966 2020 1037 Saule,
2059 976 2181 1043 quid
2210 996 2287 1032 me
2307 992 2618 1057 persequeris
2666 994 2806 1063 (Act.
2838 1016 2917 1064 Ix,
2944 1005 3039 1071 4)?
3086 1009 3216 1066 Cum
3266 1018 3422 1085 igitur

1840 1057 1977 1085 ἶιιιιινι
2007 1063 2114 1085 2...)-
2157 1066 2223 1085 J',
2271 1080 2283 1085 _
2345 1072 2383 1085 Λ
2516 1080 2525 1085 .

2674 1057 2682 1063 .
2906 1057 2916 1064 -
2983 1057 2995 1071 ι
3024 1057 3029 1059 τ
3094 1057 3216 1066 --—----
3267 1057 3411 1085 ’διιιιι

1836 1057 1979 1112 idem
2006 1063 2119 1131 ips'e
2148 1066 2304 1133 dicat,
2339 1072 2554 1138 Quando
2595 1086 2684 1137 uni
2709 1104 2772 1141 ex
2803 1093 3023 1151 minimis
3051 1102 3171 1155 meis
3210 1108 3418 1176 fecistis,

1836 1152 1961 1176 ...2ιέ
2009 1159 2097 1176 1--.'
2129 1161 2161 1176 ,ο
2231 1163 2243 1176 ι
2263 1163 2304 1176 In
2393 1169 2403 1176 -

1836 1152 1961 1206 mihi
1999 1159 2185 1224 fecistis
2224 1163 2433 1229 (Matth.
2469 1187 2597 1237 xxv,
2627 1179 2755 1249 40);
2803 1184 2927 1253 quid
2970 1152 3273 1251 dubitamus
3298 1152 3419 1255 eun;

1834 1245 2075 1314 accipere
2128 1252 2178 1307 in
2210 1260 2466 1316 membris
2508 1267 2638 1333 suis,
2673 1288 2789 1339 qua:
2832 1276 2970 1332 dona
3016 1286 3254 1342 membra
3304 1292 3420 1361 ejus

1837 1337 2095 1361 ηΛΑΞ-ζ---ι
2122 1342 2145 1361 0

1834 1337 2145 1403 accipiunt?

1902 1425 1989 1480 9.6.
2030 1429 2133 1485 Sed
2177 1436 2300 1504 quid
2342 1450 2443 1509 est,
2476 1444 2757 1516 Captiuasti
2801 1461 3185 1529 captivitatem!
3230 1474 3413 1527 Utrum

1829 1518 1948 1585 quia
1996 1522 2121 1578 vicit
2168 1540 2413 1596 mortem,
2450 1553 2568 1606 quas
2612 1518 3100 1613 captivos'tenebat
3141 1559 3192 1613 in
3221 1565 3414 1631 quibus

1829 1613 2126 1677 regnabat?
2164 1633 2229 1671 an
2262 1621 2402 1691 ipsos
2430 1625 2675 1689 homines
2705 1641 2986 1708 appellavit
3026 1613 3408 1724 captivilawtn,

1826 1700 1914 1766 qui
1944 1703 2135 1767 captivi
2166 1710 2266 1763 sub
2294 1712 2507 1772 diabolo
2533 1700 2890 1784 tenebantur?
2919 1700 3186 1802 Cujus'rci
3214 1700 3411 1815 myste:

2933 1785 3077 1802 ηπ-
3111 1785 3186 1795 --.
3214 1785 3410 1815 ...ιο-υ-

1826 1785 1964 1843 rium
2005 1795 2242 1854 continet
2287 1805 2448 1861 etiam
2499 1812 2681 1869 titulus
2734 1819 2872 1876 illius
2925 1827 3135 1896 psalmi,
3194 1832 3410 1899 Quando

1826 1882 2006 1939 domus
2047 1891 2397 1959 azdiﬁcabatur
2426 1892 2541 1971 post
2579 1911 2918 1977 captivitatem
2958 1917 3128 1990 (Psal.
3167 1940 3289 1993 xcv,
3317 1929 3405 1997 I):

1826 1970 1877 1997 3.]
1910 1986 1981 1997 .--Α
2034 1979 2098 1997 π-
2144 1983 2154 1997 ¹
2224 1986 2235 1996 “
2574 1996 2579 1997 ⁷

2430 1970 2435 1971 ί
2640 1970 2651 1977 _
2959 1970 2999 1990 ν
3032 1970 3128 1976 -_--
3168 1970 3289 1993 -..η
3320 1970 3338 1983 .
3392 1971 3404 1984 .

1826 1970 1877 2025 id
1904 1986 2002 2039 est,
2034 1979 2269 2037 Ecclesia
2297 1999 2417 2057 post
2438 1996 2815 2062 gentilitatem.
2845 2003 2995 2074 ipsos
3036 2011 3213 2082 itaque
3239 1970 3407 2074 bomli-

1824 2078 1922 2119 nes
1967 2070 2057 2138 qui
2102 2077 2294 2144 captivi
2349 2087 2663 2145 tenebantur
2708 2070 2982 2163 appellans
3025 2108 3404 2179 captivitatem,

2745 2158 2756 2163 -
2782 2158 2793 2163 -
3091 2158 3110 2174 τ
3131 2158 3403 2179 --ην--ν---ι

1822 2158 1959 2213 sicut
1989 2164 2173 2220 militia
2202 2184 2321 2225 cum
2355 2175 2551 2233 dicitur
2570 2192 2622 2236 et
2652 2185 3023 2258 intelliguntur
3039 2198 3128 2265 qui
3156 2201 3403 2271 militant,

1826 2250 2004 2271 “AL
2045 2269 2055 2271 _
2196 2260 2227 2271 μ.
2269 2262 2279 2271 .
2552 2269 2561 2271 μ

1821 2250 2063 2307 eamdem
2089 2260 2451 2326 captivitatem
2483 2284 2511 2321 a
2534 2269 2748 2327 Christo
2778 2250 3092 2349 cavptivatam
3122 2287 3269 2343 dicit.
3297 2250 3405 2347 Cur

1820 2340 1962 2395 enim
1992 2359 2097 2400 non
2130 2349 2200 2402 sit
2226 2355 2503 2419 captivitas
2527 2361 2671 2427 felix,
2691 2366 2734 2419 si
2758 2377 2812 2422 et
2839 2370 2904 2424 ad
2934 2372 3131 2430 bonum
3159 2378 3402 2439 bomlnes

1820 2442 2041 2497 possunt
2077 2440 2234 2508 capi?
2272 2443 2426 2501 Unde
2470 2449 2628 2506 Petro
2655 2456 2855 2514 dictum
2891 2472 3006 2516 est:
3047 2464 3133 2522 Es;
3174 2471 3267 2525 hoc
3284 2474 3401 2543 jam

1818 2519 2043 2581 homines
2064 2530 2162 2582 eris
2187 2536 2390 2604 capiens
2418 2539 2567 2609 (Luc.
2597 2560 2649 2608 v,
2679 2548 2790 2618 10).
2815 2550 3075 2621 Captivati
3278 2519 3399 2634 quia

1816 2612 1977 2680 capti,
2008 2627 2061 2670 et
2086 2622 2225 2689 capti
2254 2625 2375 2694 quia
2407 2631 2709 2703 subjugati;
2751 2612 2859 2694 sub
2896 2612 3019 2700 lene
3058 2612 3398 2723 illud

1817 2702 1962 2767 mis~i
2003 2707 2213 2778 (Matth.
2238 2729 2313 2780 xl,
2353 2717 2472 2789 50),
2517 2702 2722 2779 liberati
2768 2743 2797 2782 a
2838 2746 3057 2800 peccato
3081 2702 3399 2808 cujusvsoei-vi

1816 2805 1986 2859 erant,
2018 2806 2071 2851 et
2092 2797 2311 2868 justitize
2335 2809 2474 2862 servi
2513 2811 2637 2867 facti
2674 2797 3008 2886 cujusliberi
3038 2797 3189 2882 erant
3220 2830 3397 2902 (Rom.

1815 2896 1887 2948 vI,
1920 2885 2027 2957 l8).
2060 2889 2210 2948 Unde
2236 2904 2290 2951 et
2321 2897 2433 2967 ipse
2455 2902 2506 2955 in
2537 2904 2639 2959 illis
2661 2885 2762 2975 est,
2794 2912 2883 2979 qui
2908 2915 3044 2969 dedit
3069 2917 3204 2974 dona
3224 2885 3396 2977 \homi—v

1816 2974 1977 3040 nibus,
2016 2988 2072 3033 ct
2104 2988 2300 3053 accepit
2328 2989 2463 3044 dona
2504 2994 2557 3046 in
2588 2974 2892 3056 hominibus.
2945 3004 3174 3079 Ideoque
3217 3012 3268 3066 in
3298 3014 3394 3069 ista

1813 3067 2139 3135 captivitate,
2173 3072 2228 3127 in
2273 3076 2372 3132 ista
2413 3084 2693 3151 servitute,
2725 3088 2777 3142 in
2819 3092 2920 3147 isto
2958 3067 3136 3161 curru,
3166 3101 3263 3155 sub
3294 3104 3397 3159 isto

1806 3152 1935 3223 jngo
1962 3172 2065 3215 non
2092 3174 2215 3219 sunt
2232 3168 2397 3223 millia
2428 3173 2769 3244 plorantium,
2791 3184 2883 3237 sed
2909 3187 3071 3241 millia
3092 3152 3388 3249 (terentium.

1808 3243 2058 3303 Dominus
2084 3254 2278 3326 quippe
2308 3260 2360 3313 in
2389 3262 2511 3327 illis,
2536 3267 2589 3319 in
2612 3243 2762 3337 Sina,
2796 3273 2849 3327 in
2876 3286 3071 3331 sancto.
3093 3243 3390 3342 Cuise‘n‘sui

1809 3340 2055 3409 congruit
2073 3354 2128 3399 et
2156 3347 2255 3401 alia
2304 3350 2693 3425 interpretatio,
2718 3378 2820 3432 qua
2857 3367 3388 3439 interpretatus-Sina

1808 3427 2079 3490 Mensura.
2120 3437 2250 3494 Nam
2294 3445 2363 3499 de
2406 3446 2489 3501 bis
2513 3449 2666 3506 donis
2694 3427 2892 3512 laititia:
2928 3427 3222 3530 spiritualis
3244 3472 3388 3539 Apo-

1806 3521 1977 3577 stolus
2018 3524 2241 3595 loquens
2284 3533 2336 3587 id
2373 3538 2514 3605 quod
2554 3555 2712 3611 supra
2752 3521 3215 3613 commemoravi
3247 3521 3388 3615 Drui-

1805 3612 1984 3681 cuique
2005 3628 2170 3671 autem
2200 3633 2446 3693 nostrum,
2475 3629 2664 3700 inquit,
2688 3635 2808 3689 data
2829 3650 2901 3692 cst
2924 3644 3089 3712 gratia
3112 3652 3386 3706 secundum

1802 3717 2089 3759 mensuram
2113 3711 2400 3770 donationis
2420 3716 2627 3776 Christi.
2659 3727 2739 3781 Ac
2764 3711 2959 3787 deinde
2984 3738 3224 3805 sequitur
3242 3744 3384 3809 quod

1799 3792 1959 3846 etiam
2000 3794 2085 3851 hic
2126 3803 2407 3870 sequitur:
2442 3807 2661 3881 PrOpter
2696 3818 2835 3885 quod
2875 3821 3016 3886 dicit,
3058 3792 3383 3887 in

1799 3883 1977 3950 altum,
2004 3890 2270 3957 captiuavit
2311 3900 2675 3970 captivitatem,
2705 3883 2843 3963 dedit
2882 3912 3019 3968 dona
3060 3918 3381 3979 hominibus:

1796 3974 1936 4040 quod
1967 3975 2054 4032 hic
2080 3990 2183 4047 est,
2216 3989 2454 4056 accepisti
2479 3991 2617 4047 dona
2642 3996 2695 4049 in
2720 3998 3024 4059 hominibus.
3050 4007 3187 4074 Quid
3210 3974 3383 4071 bac

1794 4066 1883 4121 illa
1910 4072 2133 4129 veritate
2156 4081 2507 4138 concordius?
2529 4090 2652 4157 quid
2686 4094 3061 4156 manifestius?

1866 4159 1956 4214 27.
1996 4162 2099 4219 Sed
2125 4169 2251 4236 quid
2281 4170 2473 4231 deinde
2496 4174 2772 4251 adju'ngit?
2802 4184 3005 4242 Etenim
3031 4194 3119 4260 qui
3144 4211 3243 4249 non
3271 4213 3379 4252 cre-

1791 4250 1919 4306 dunt
1952 4256 2270 4328 inhabitare;
2305 4266 2390 4320 vel
2433 4271 2575 4337 quod
2620 4278 2860 4333 nonnulli
2898 4282 3112 4339 codices
3158 4288 3372 4355 habent,

1790 4338 1992 4397 Etenim
2020 4362 2119 4401 non
2150 4353 2403 4410 credentes
2427 4358 2724 4417 inhabitare.
2753 4366 2885 4421 Nam
2918 4372 3044 4440 quid
3076 4387 3197 4430 sunt
3227 4378 3372 4436 aliud

1789 4446 1892 4487 non
1918 4437 2220 4508 credentes,
2252 4445 2351 4499 nisi
2381 4450 2471 4517 qui
2514 4468 2618 4505 non
2659 4457 2880 4515 credunt
2899 4437 2948 4515 ?‘
2972 4464 3043 4519 De
3074 4469 3266 4537 quibus
3289 4472 3373 4527 di-

1786 4530 1928 4576 ctum
1960 4526 2028 4580 sit
2072 4546 2178 4585 non
2224 4544 2306 4589 est
2349 4536 2517 4595 facilis
2557 4544 2873 4604 intellectus.
2906 4552 3177 4625 Tanquam
3227 4563 3370 4619 enim

1787 4616 1922 4669 ratio
1966 4619 2278 4678 redderetur
2317 4631 2653 4696 superiorum
2688 4640 2991 4709 verborum,
3020 4663 3139 4702 cum
3168 4650 3367 4709 dictum

1784 4716 1945 4772 esset,
1973 4708 2253 4779 Captivasti
2278 4720 2637 4791 captivitatem,
2671 4732 2909 4799 accepisti
2944 4735 3081 4789 dona
3105 4738 3157 4793 in
3198 4741 3365 4797 Itami-

1783 4798 1964 4864 nibus;
1996 4803 2063 4857 ita
2103 4808 2441 4877 subjunctum
2488 4826 2589 4882 est,
2638 4798 2840 4876 Etenim
2882 4827 2970 4896 qui
3009 4847 3110 4885 non
3156 4835 3368 4891 credunt

1781 4890 2079 4962 inhabitare,
2105 4898 2155 4953 id
2178 4910 2276 4964 est,
2303 4919 2408 4959 non
2431 4908 2710 4966 credentes
2739 4924 2795 4967 ut
2822 4890 3201 4979 inbabitarent.
3223 4926 3362 4995 Quid

1780 4995 1861 5034 est
1889 4985 2027 5039 hoc?
2055 4988 2121 5043 de
2148 4994 2339 5059 quibus
2365 4997 2464 5052 hoc
2493 5000 2660 5055 dicit?
2683 5005 2764 5057 An
2794 5005 2880 5060 illa
2906 5012 3184 5080 captivitas
3209 4985 3362 5076 ante-

1778 5086 1937 5140 quam
1985 5081 2233 5136 transiret
2276 5084 2328 5138 in
2376 5087 2568 5144 bonam
2614 5097 2993 5166 captivitatem,
3023 5107 3163 5161 unde
3204 5108 3359 5168 fuerit

1778 5164 1913 5218 mala
1941 5170 2218 5237 captivitas
2238 5177 2514 5233 ostendit?
2560 5181 2675 5237 Non
2705 5188 2974 5244 credendo
3009 5196 3151 5249 enim
3183 5204 3357 5267 possi-

1775 5251 2037 5312 debantur
2058 5261 2128 5315 ab
2155 5264 2388 5334 inimico,
2417 5272 2503 5339 qui
2530 5287 2768 5342 aperatur
2808 5281 2860 5333 in
2886 5284 3007 5351 ﬁliis
3035 5251 3351 5358 dimdentite,

2564 5340 2571 5342 .
2886 5340 2896 5351 .
3086 5340 3315 5358 πίννη-η’*
3340 5340 3351 5356 ν

1773 5348 1826 5400 in
1850 5340 2027 5414 quibus
2050 5364 2095 5406 et
2122 5372 2224 5420 vos,
2249 5359 2437 5429 inquit,
2468 5360 2636 5431 fuistis
2663 5372 2954 5440 aliquando,
2987 5396 3100 5432 cum
3127 5384 3353 5440 uireretis

1770 5440 1824 5491 in
1850 5442 1951 5494 illis
1981 5441 2197 5515 (Ephes.
2230 5464 2286 5512 ιι,
2329 5452 2380 5513 2,
2410 5453 2487 5522 5).
2536 5456 2699 5514 Donis
2728 5478 2855 5532 ergo
2881 5470 3066 5535 gratia:
3106 5487 3236 5539 sua},
3261 5481 3351 5545 qui

1769 5533 1974 5601 accepit
2017 5535 2152 5590 dona
2201 5540 2251 5593 in
2284 5541 2585 5601 hominibus
2614 5533 2903 5621 captivavit
2941 5558 3092 5616 istam
3122 5568 3347 5635 captivi-

1770 5626 2191 5682 tatan'Etenim
2230 5647 2334 5687 non
2374 5638 2656 5695 credentes
2696 5658 2849 5701 erant
2882 5658 2940 5703 ut
2966 5652 3344 5714 inhabitarent.

1764 5713 1896 5768 Nam
1927 5716 2059 5772 ﬁdes
2084 5734 2177 5775 eos
2198 5722 2320 5780 inde
2346 5726 2643 5795 liberavit',
2668 5744 2724 5788 ut
2744 5738 2853 5807 jam
2881 5741 3159 5803 credentes
3189 5750 3340 5807 inbao

1831 5829 1849 5863 ι
1882 5830 1955 5881 sic
1976 5836 2050 5881 Er.
2076 5839 2127 5884 ct
2150 5841 2254 5885 Mss.
2280 5844 2334 5888 Αι
2356 5844 2487 5903 tam,
2512 5841 2747 5899 liberabit.
