3934 6338
546 376 645 432 831

547 488 716 542 hitent
739 485 793 541 in
820 482 982 538 domo
1010 480 1127 545 Dei,
1159 477 1283 534 facti
1308 485 1365 535 ct
1386 475 1490 547 ipsi
1519 473 1712 530 domus
1732 472 1851 541 Dei,
1871 481 1926 529 et
1945 487 2137 531 currus

550 578 680 635 Dei'
713 577 937 632 millium
966 572 1279 629 lmtantinm.

614 669 706 724 9.8.
748 667 910 741 [rem
936 665 1030 730 20,
1061 661 1178 735 ει]
1218 660 1371 719 Unde
1394 662 1483 730 qui
1509 659 1628 715 haec
1653 658 1899 722 canebat,
1935 656 1989 711 in
2015 655 2139 727 Spi-

543 762 652 815 ritu
688 774 751 815 ea
782 756 1104 828 praevidens,
1135 754 1388 824 impletus
1416 752 1576 807 etiam
1607 749 1745 820 ipse.
1772 748 1976 814 ltetitia,
2007 763 2135 802 eru—

542 848 709 904 ctavit
752 846 1035 919 hymnum,
1078 843 1265 899 dicens
1301 858 1315 895 :
1363 840 1614 895 Dominus
1650 837 1791 894 Deus
1824 837 2134 902 benedictus,

542 940 835 997 benedictus
879 938 1130 992 Dominus
1170 935 1306 989 Deus
1335 933 1400 987 de
1422 932 1504 986 die
1531 932 1586 986 in
1614 931 1765 985 diem.
1795 929 1949 999 Quod
1994 944 2133 985 non-

545 1033 679 1090 nulli
724 1031 939 1087 codices
981 1029 1197 1091 habent,
1230 1027 1310 1081 die
1338 1022 1580 1095 quotidie.
1630 1022 1763 1090 Quia
1811 1023 1890 1076 sic
1939 1020 2140 1077 habent

547 1124 742 1190 Graeci,
787 1131 964 1195 ἦμιραν
1006 1128 1306 1189 ιαθημὲραν;
1332 1116 1474 1186 quod
1511 1114 1692 1169 verius
1717 1111 2132 1183 exprimeretur,

550 1220 634 1273 die
670 1216 909 1289 quotidie.
945 1214 1115 1283 Quam
1160 1223 1285 1282 puto
1330 1209 1657 1265 locutionem
1703 1206 1805 1261 hoc
1837 1205 2138 1276 signiﬁcare

547 1309 692 1380 quod
720 1309 919 1363 dictum
948 1317 1051 1371 est,
1075 1304 1139 1357 de
1156 1304 1240 1356 die
1263 1303 1318 1356 in
1347 1300 1500 1354 diem.
1530 1296 1778 1367 Quotidie
1796 1296 1995 1369 quippe
2033 1296 2137 1352 hoc

546 1401 658 1471 agit
680 1413 850 1469 usque
877 1397 929 1452 in
957 1396 1151 1460 linem;
1179 1392 1416 1464 captivat
1443 1389 1831 1461 captivitatem,
1871 1388 2140 1458 accipiens

546 1492 685 1548 dona
716 1491 768 1545 in
809 1490 1139 1545 hominibus.

616 1582 709 1638 29.
751 1582 819 1637 Et
852 1572 1103 1650 quoniam
1133 1593 1350 1634 currum
1380 1576 1527 1631 illum
1564 1573 1713 1629 ducit
1742 1572 1795 1627 in
1836 1572 2018 1636 linem,
2049 1584 2137 1627 se—

546 1675 725 1745 quitur
750 1683 803 1728 et
826 1673 955 1727 dicit
984 1690 1000 1728 :
1045 1670 1359 1738 Prosperum
1383 1668 1480 1722 iter
1503 1656 1657 1738 faciet
1687 1663 1834 1720 nobis
1864 1662 2005 1717 Deus
2046 1678 2136 1716 sa—

545 1768 793 1820 uitatuvt‘
823 1773 1133 1827 nostrarum,
1159 1760 1300 1815 Deus
1323 1767 1515 1824 noster,
1534 1756 1672 1812 Deus
1698 1756 1864 1811 salvos
1888 1753 2133 1824 faciendi.

546 1857 769 1913 Multum
790 1857 965 1925 gratia
989 1852 1418 1909 commendatur.
1446 1850 1580 1918 Quis
1601 1848 1745 1905 enim
1768 1847 1948 1902 salvus
1971 1853 2133 1911 esset,

548 1948 654 2003 nisi
683 1948 798 2017 ipse
826 1945 1079 2001 sanaret?
1107 1942 1214 2000 Sed
1241 1958 1309 1998 ne
1336 1951 1643 1997 occurreret
1668 1936 1999 2010 cogitationi,
2025 1936 2138 1991 Cur

546 2055 677 2109 ergo
700 2038 981 2102 morimur,
1007 2035 1051 2090 si
1078 2049 1174 2105 per
1206 2033 1323 2102 eius
1345 2031 1571 2103 gratiam
1594 2028 1730 2085 salvi
1764 2027 1889 2083 facti
1915 2025 2138 2081 sumus?

547 2131 802 2186 continuo
830 2128 1077 2198 subjecit,
1106 2136 1155 2180 et
1196 2123 1407 2180 Domini
1443 2122 1610 2178 exitus
1633 2120 1810 2175 mortis
1834 2134 1854 2173 :
1884 2130 2137 2189 tanquam

546 2221 775 2287 diceret,
802 2218 941 2288 Quid
990 2214 1285 2287 indignaris
1324 2215 1557 2269 humana
1585 2210 1823 2268 conditio
1854 2209 2055 2265 habere
2085 2216 2139 2264 te

546 2313 747 2368 exitum
775 2312 1002 2366 mortis?
1029 2310 1096 2365 Et
1126 2306 1337 2367 Domini
1365 2305 1440 2361 tui
1470 2306 1647 2361 exitus
1676 2319 1782 2360 non
1810 2302 1948 2359 alius
1972 2315 2137 2371 quam

547 2406 737 2462 mortis
763 2404 880 2458 fuit.
918 2403 1103 2458 Potius
1125 2415 1257 2470 ergo
1295 2399 1580 2454 consolare
1611 2411 1772 2466 quam
1819 2393 2135 2464 indignam;

547 2512 675 2552 nam
700 2504 749 2550 et
769 2494 977 2548 Domini
1005 2495 1169 2549 exitus
1196 2490 1392 2545 mortis.
1423 2489 1533 2559 Spe
1558 2488 1702 2543 enim
1731 2485 1864 2541 salvi
1893 2485 2015 2540 iacti
2042 2499 2139 2540 su-

548 2602 706 2643 mus:
735 2586 782 2642 si
808 2593 986 2639 autem
1011 2581 1157 2654 quod
1192 2596 1299 2636 non
1323 2579 1565 2635 videmus
1595 2590 1895 2646 speramus,
1924 2590 2021 2645 per
2042 2589 2139 2646 pa-

549 2679 791 2734 tientiam
812 2684 1190 2744 exspectamus
1210 2670 1387 2741 (Rom.
1418 2685 1534 2729 vni.
1569 2669 1683 2738 24).
1711 2668 1983 2723 Patienter
2011 2680 2140 2737 ergo

547 2771 711 2825 etiam
760 2768 930 2836 ipsam
976 2772 1204 2819 mortem
1255 2763 1512 2826 feramus,
1550 2759 1694 2813 illius
1734 2757 1985 2827 exemplo
2023 2756 2139 2825 qui,

548 2862 676 2917 licet
710 2859 861 2915 nullo
886 2843 1110 2927 peccato
1137 2861 1285 2910 esset
1319 2852 1532 2908 debitor
1558 2850 1763 2914 mortis,
1791 2857 1848 2903 et
1882 2846 2142 2902 Dominus

547 2962 695 3007 esset
736 2965 766 3003 a
792 2963 903 3021 quo
943 2960 1105 3002 nemo
1141 2945 1376 3001 animam
1418 2942 1655 3006 tolleret,
1685 2939 1780 2996 sed
1824 2939 1939 3010 ipse
1965 2952 2083 2993 eam
2107 2951 2141 2991 a

549 3042 843 3111 semetipso
870 3045 1117 3109 poneret,
1149 3036 1311 3091 etiam
1340 3033 1506 3105 ipsius
1534 3031 1635 3087 fuit
1659 3031 1833 3086 exitus
1856 3028 2069 3085 mortis.

621 3130 711 3187 ‘50.
753 3129 914 3203 [τινα.
944 3126 1059 3201 22.]
1110 3125 1467 3181 Verumtamen
1496 3122 1638 3177 Deus
1674 3119 2027 3192 conquassabit
2053 3136 2143 3175 ca-
2178 3134 2181 3137 ·

550 3224 658 3295 pila
682 3221 1006 3276 inimicorum
1034 3234 1280 3281 suorum;
1307 3217 1539 3271 uerticem
1579 3213 1755 3284 capilli
1772 3206 2144 3282 'perambuian—

549 3316 677 3369 tium
715 3314 769 3368 in
806 3312 1004 3365 delictis
1030 3312 1135 3365 suis
1162 3325 1182 3363 :
1222 3308 1276 3362 id
1315 3318 1398 3363 est
1442 3306 1603 3360 nimis
1647 3319 1706 3359 se
1748 3302 2140 3370 cxtollentiuni,

550 3405 712 3462 nimis
735 3401 1156 3473 superhientium
1198 3399 1251 3453 in
1277 3398 1489 3453 delictis
1530 3396 1676 3458 suis;
1707 3395 1761 3449 in
1806 3392 2003 3463 quibus
2030 3393 2140 3448 sal-

552 3507 660 3551 tem
706 3495 935 3550 humiles
975 3507 1097 3547 esse
1135 3490 1414 3555 deberent,
1446 3488 1707 3553 dicentes,
1737 3484 1975 3552 Domine,
2022 3502 2143 3556 pro-

551 3589 706 3660 pitius
746 3596 850 3642 esto
889 3586 1015 3640 mihi
1058 3582 1330 3654 peccatori.
1378 3581 1487 3637 Sed
1527 3579 1907 3648 conquassabit
1948 3586 2141 3634 corum

551 3679 755 3750 capita;
782 3678 1018 3749 quoniam
1037 3674 1125 3746 qui
1144 3689 1199 3728 se
1212 3673 1422 3741 exultat,
1436 3670 1784 3726 humiliabitur
1817 3668 1967 3741 (Luc.
1986 3684 2140 3736 xvm,

553 3772 643 3833 t3,
673 3769 784 3839 14).
814 3770 894 3823 Ac
931 3781 1027 3836 per
1067 3766 1171 3821 hac
1211 3763 1458 3835 quamvis
1498 3772 1556 3818 et
1598 3762 1812 3818 Domini
1850 3762 1920 3816 sit
1961 3761 2143 3816 exitus

555 3860 780 3925 mortis;
831 3869 1012 3913 tamen
1042 3858 1181 3913 idem
1229 3845 1511 3919 Dominus,
1550 3853 1801 3924 quoniam
1848 3854 1992 3909 Deus
2035 3862 2140 3919 est,

552 3963 609 4008 et
630 3953 922 4012 voluntate,
940 3965 1046 4005 non
1076 3948 1413 4013 necessitate,
1432 3946 1726 4002 secundum
1750 3960 1969 4000 carnem
1997 3960 2142 4000 mor-

554 4056 680 4099 tuus
703 4054 809 4106 est,
832 4040 1186 4112 conquassabit
1220 4039 1391 4108 capita
1414 4037 1735 4092 inimicorum
1759 4054 2005 4101 suorum;
2034 4050 2142 4091 non

555 4137 731 4191 solum
785 4147 971 4187 eorum
1011 4130 1103 4201 qni
1140 4129 1397 4185 ernclt'ixo
1437 4128 1722 4184 illudentes
1762 4137 1818 4183 et
1862 4136 2144 4184 moventes

551 4228 730 4295 capita
750 4226 1017 4289 dicebant,
1043 4221 1105 4278 Si
1135 4221 1303 4277 Filius
1336 4220 1435 4276 Dei
1458 4230 1553 4285 est,
1581 4219 1851 4274 descendat
1876 4219 1940 4273 de
1961 4235 2144 4284 cruce;
2200 4234 2203 4235 '

554 4316 653 4372 sed
680 4316 842 4370 etiam
870 4314 1110 4368 omnium
1140 4310 1507 4367 extollendum
1546 4324 1607 4364 se
1647 4309 1905 4364 adversus
1945 4308 2146 4364 doctri-

557 4423 682 4463 nam
709 4406 847 4477 ejus,
868 4415 925 4461 et
954 4415 1202 4475 tanquam
1234 4411 1462 4457 mortem
1503 4400 1737 4455 hominis
1778 4399 2140 4455 irridentium.

556 4501 701 4556 idem
740 4482 938 4569 quippe
984 4498 1098 4566 ipse
1137 4496 1207 4551 de
1234 4507 1342 4564 quo
1390 4492 1590 4548 dictum
1636 4501 1738 4558 est,
1784 4491 1928 4547 Alios
1977 4492 2144 4547 salvos

551 4594 696 4665 fecit,
736 4591 1059 4661 semetipsum
1109 4604 1213 4642 non
1265 4595 1425 4658 potest
1464 4586 1662 4640 salvum
1712 4589 1881 4655 facere
1924 4584 2142 4656 (Matth.

555 4700 727 4747 xxvn,
750 4682 840 4747 ιο,
868 4681 987 4755 42),
1010 4680 1149 4736 Deus
1172 4688 1255 4736 est
1280 4680 1558 4734 sanitatum
1590 4686 1896 4742 nostrarum,
1926 4685 1982 4731 et
2005 4675 2145 4730 Deus

553 4784 642 4832 est
677 4776 846 4831 salvos
890 4774 1152 4847 faciendi:
1195 4770 1291 4827 sed
1334 4778 1554 4841 propter
1592 4768 1907 4824 humilitatis
1949 4777 2005 4822 et
2046 4782 2144 4837 pa-

557 4868 758 4925 tientia:
782 4866 1184 4930 documentum,
1210 4872 1268 4918 et
1292 4862 1552 4933 sanguine
1590 4875 1688 4914 suo
1725 4859 2012 4915 delendum
2041 4873 2144 4914 no-

556 4970 794 5016 strorum
815 4956 1233 5028 chirographum
1264 4964 1625 5026 peccatorum,
1648 4951 1808 5008 etiam
1839 4967 1994 5008 suum
2025 4966 2147 5007 esse

559 5052 729 5107 voluit
764 5051 967 5106 exinni)
1005 5049 1214 5111 mortis,
1252 5062 1321 5101 ne
1359 5057 1588 5099 mortem
1615 5045 1926 5099 timeremus
1964 5044 2144 5108 istam,

556 5145 653 5201 sed
697 5144 841 5201 illam
883 5143 1059 5211 potius
1092 5140 1233 5195 unde
1277 5152 1378 5193 nos
1416 5137 1660 5191 liberavit
1703 5151 1798 5206 per
1827 5137 2002 5189 istam.
2035 5133 2144 5189 Vc-

560 5247 860 5293 rumtamen
884 5235 1071 5290 illusus
1109 5244 1164 5288 et
1191 5240 1433 5286 mortuus
1460 5227 1812 5301 conquassabit
1840 5229 2009 5299 capita
2042 5227 2146 5279 iui-

562 5331 806 5384 micorttm
848 5343 1076 5389 suorum,
1126 5325 1195 5379 de
1233 5323 1426 5394 quibus
1470 5324 1575 5387 ait,
1637 5320 1905 5374 Resuscitu
1954 5336 2053 5378 mc.
2101 5328 2149 5372 et

562 5424 771 5479 reddam
808 5422 911 5475 illis
959 5418 1128 5490 (Psal.
1169 5434 1256 5482 η,
1296 5418 1383 5487 ll)
1418 5436 1430 5469 :
1474 5416 1589 5469 sive
1632 5413 1770 5467 bona
1822 5428 1922 5483 pro
1971 5411 2144 5477 malis,

562 5521 688 5575 dum
731 5520 831 5575 sibi
881 5516 1060 5572 subdit
1104 5516 1275 5584 capita
1316 5511 1683 5575 credentium;
1723 5508 1837 5563 sive
1876 5508 2017 5579 justa
2048 5522 2146 5576 pro

629 5700 645 5730 ι
680 5695 817 5750 Εόά..
839 5696 1004 5746 decent
1020 5690 1240 5744 millium.
1260 5693 1412 5757 βδεδί
1434 5689 1599 5757 (19⁸⁸⁸⁷³
1620 5691 1774 5757 ἒ
1827 5756 1835 5757 ,
1926 5744 1989 5757 Α.-
2022 5746 2031 5756 .

629 5763 650 5827 ξ
684 5744 1033 5827 Elimiotis,
1066 5753 1351 5809 subitarium
1374 5764 1391 5800 :
1416 5750 1515 5814 alii,
1532 5744 1839 5801 δαηὶιωιιίωη
1869 5758 1885 5796 :
1912 5744 2151 5807 plerique.

544 5828 841 5873 sanitatum.

1824 360 1886 417 S.
1910 359 2281 418 AUGUSTINI
2316 361 2617 421 EPISCOPI
2696 367 2700 372 ’
3721 369 3812 426 832

2242 474 2474 545 iniustis,
2515 477 2643 531 dum
2688 477 2839 547 punit
2878 478 3055 548 capita
3093 479 3536 550 superbientium.
3590 480 3807 553 Utroque

2242 565 2384 621 enim
2434 567 2594 622 modo
2635 580 3059 639 conquassantur
3101 580 3158 627 et
3203 571 3613 643 conti-iugantur
3653 573 3806 642 capita

2242 658 2603 725 inimicorum,
2628 674 2750 716 cum
2775 677 2806 716 a
2835 662 3083 731 superbia
3122 661 3463 732 dejiciuntur,
3491 663 3610 718 sive
3648 663 3805 718 humi-

2239 749 2390 804 litate
2411 750 2660 814 correcti,
2704 752 2818 807 sive
2846 752 2899 806 in
2929 752 3033 809 ima
3062 746 3247 808 tartari
3270 753 3501 823 abrepti.

2314 841 2404 897 3!.
2444 839 2608 915 [νινε.
2630 842 2722 906 25,
2744 841 2862 916 24.]
2905 842 3044 898 Dixit
3070 842 3324 899 Dominus
3347 860 3367 899 :
3396 844 3481 899 Ex
3502 844 3675 899 Busan
3700 860 3810 898 con-

2242 942 2444 996 vertar;
2486 932 2572 988 vel
2620 942 2677 987 ut
2720 934 2959 990 nonnulli
3005 933 3218 989 codices
3255 934 3477 1000 habent,
3526 933 3616 989 Ea:
3656 933 3813 989 Basan

2243 1034 2550 1079 convertam.
2592 1025 2687 1081 ille
2712 1027 2910 1098 quippe
2949 1028 3212 1082 convertit
3254 1037 3313 1082 ut
3352 1028 3487 1083 salvi
3530 1028 3719 1092 simas,
3756 1026 3818 1082 de

2244 1133 2352 1187 quo
2388 1131 2549 1186 supra
2573 1118 2775 1173 dictum
2803 1127 2887 1173 est
2915 1136 2930 1171 :
2961 1117 3105 1173 Deus
3143 1119 3417 1173 sanitatum
3442 1127 3750 1180 nostrarum,
3770 1129 3820 1172 et

2249 1205 2383 1262 Deus
2405 1209 2571 1265 salvos
2594 1209 2837 1279 faciendi.
2868 1210 2930 1263 Ei
2954 1210 3153 1281 quippe
3177 1219 3232 1264 et
3254 1210 3378 1265 alibi
3413 1208 3650 1265 dicitur:
3690 1208 3818 1263 Deus

2242 1298 2501 1367 uirtutum,
2545 1311 2776 1356 converte
2820 1318 2950 1367 nos;
2996 1313 3046 1356 et
3094 1303 3303 1357 ostende
3350 1305 3529 1377 faciem
3570 1314 3731 1368 tum,
3773 1315 3821 1357 et

2243 1390 2369 1444 salvi
2409 1392 2595 1445 erimus
2638 1390 2810 1461 (Psai.
2841 1408 3022 1459 Lxxtx,
3060 1392 3176 1461 20).
3217 1394 3346 1449 Item
3387 1395 3557 1449 alibi:
3591 1394 3821 1449 Converte

2242 1494 2357 1546 nos,
2386 1479 2524 1536 Deus
2551 1482 2828 1536 sanitatum
2854 1493 3145 1538 nostrarum
3180 1482 3351 1551 (Psat.
3381 1500 3596 1550 uxxtv,
3624 1483 3702 1555 5).
3736 1483 3820 1539 ille

2242 1580 2421 1627 autem
2451 1572 2584 1627 dixit
2612 1592 2626 1628 :
2660 1573 2743 1628 Ex:
2780 1572 2955 1629 Doson
2986 1587 3298 1631 convertam.
3345 1576 3517 1631 Busan
3566 1576 3820 1647 interprev

2244 1673 2388 1718 tatur
2409 1664 2687 1721 Confusio.
2714 1666 2851 1733 Quid
2886 1677 2969 1722 est
2993 1682 3144 1738 ergo,
3168 1677 3477 1723 conivertam
3519 1683 3589 1724 ex
3633 1668 3813 1724 confu-

2242 1752 2415 1817 sione,
2438 1754 2540 1809 nisi
2567 1755 2691 1824 quia
2715 1754 3061 1812 conl‘unditur
3090 1757 3160 1813 de
3191 1761 3426 1829 peccatis
3452 1759 3568 1813 suis
3593 1759 3685 1828 qui
3726 1773 3819 1829 pro

2242 1842 2322 1897 eis
2343 1843 2678 1899 dimittendis
2711 1856 2962 1915 precatur
2989 1846 3411 1903 misericordiam
3434 1847 3570 1903 Dei?
3600 1848 3725 1904 inde
3743 1857 3824 1904 est

2243 1932 2386 2004 quod
2424 1933 2518 1989 ille
2545 1934 2866 1991 Publicanus
2903 1952 3005 1993 nec
3041 1938 3230 1993 oculos
3253 1938 3320 1993 ad
3364 1940 3561 1995 cmlum
3599 1939 3824 1996 audebat

2243 2027 2460 2083 levare:
2489 2029 2560 2082 ita
2604 2043 2665 2084 se
2699 2030 3048 2086 considerans
3092 2030 3551 2095 confundebatur;
3597 2032 3694 2089 sed
3734 2032 3825 2088 de-

2241 2118 2452 2173 scendit
2473 2119 2815 2188 justiﬁcatus,
2836 2120 2960 2192 quia
2985 2121 3115 2176 dixit
3146 2121 3409 2190 Dominus,
3426 2138 3490 2177 ex
3509 2121 3684 2177 Basan
3702 2138 3819 2177 con-

2241 2218 2452 2265 sertam.
2489 2210 2664 2266 Basan
2689 2211 3071 2283 interpretatur
3094 2223 3150 2269 et
3185 2212 3443 2279 Siccitas;
3470 2221 3529 2269 et
3564 2223 3713 2270 recte
3748 2215 3824 2269 in-

2243 2302 2500 2373 telligitur
2527 2302 2781 2359 Dominus
2809 2319 2876 2359 ex
2904 2305 3147 2361 siccitate
3179 2314 3513 2372 convertere,
3543 2306 3600 2360 id
3638 2315 3724 2362 est
3756 2322 3825 2362 ex

2244 2392 2443 2462 inapia.
2469 2392 2603 2449 Nam
2630 2393 2723 2464 qui
2746 2392 2850 2449 sibi
2874 2393 3121 2450 videntur
3137 2394 3362 2465 copiosi,
3383 2410 3504 2451 cum
3530 2395 3644 2451 sint
3669 2395 3828 2452 [alne-

2243 2482 2355 2549 lici,
2379 2491 2435 2539 et
2459 2483 2624 2554 pleni,
2650 2498 2773 2550 cum
2797 2485 2905 2540 sint
2933 2485 3255 2553 inanissimi,
3289 2500 3396 2542 non
3423 2496 3825 2543 convertuntur.

2244 2573 2395 2629 Beati
2419 2574 2564 2629 enim
2582 2574 2673 2645 qui
2703 2576 2946 2631 esuriant
2972 2586 3029 2631 et
3058 2576 3246 2631 sitiunt
3268 2576 3547 2646 justitiam,
3577 2578 3827 2647 quoniam

2244 2664 2347 2735 ipsi
2390 2666 2771 2722 saturabuntur
2819 2666 3029 2740 (.ilattlt.
3068 2684 3122 2736 ν,
3169 2669 3250 2741 6).
3301 2669 3379 2724 Ex
3428 2670 3529 2727 ista
3576 2671 3830 2726 Dominus

2245 2756 2487 2812 siccitate
2510 2757 2805 2813 convertit:
2829 2758 2898 2813 de
2923 2759 3102 2815 anima
3128 2759 3323 2831 quippe
3347 2761 3486 2816 sicca
3512 2762 3589 2816 illi
3614 2762 3829 2827 dicitur,

2246 2848 2468 2905 Extendi
2490 2867 2669 2906 manus
2696 2867 2835 2906 nicas
2861 2854 2930 2917 ad
2953 2861 3037 2917 te;
3063 2854 3234 2908 anima
3253 2869 3365 2909 mea
3387 2854 3519 2910 velut
3562 2864 3701 2910 terra
3727 2856 3834 2911 sine

2244 2960 2381 3015 aqua
2418 2943 2507 2998 tibi
2530 2942 2702 3016 (Psai.
2731 2959 2902 3009 cxut,
2929 2944 3007 3017 6).
3041 2944 3173 3001 illud
3202 2961 3417 3018 quoque
3456 2963 3563 3003 non
3603 2948 3833 3005 absurde

2245 3033 2579 3105 intelligitur,
2608 3036 2753 3106 quod
2780 3035 2980 3094 habent
3020 3035 3111 3091 alii
3140 3037 3374 3100 codices,
3404 3037 3487 3093 Ex:
3514 3036 3832 3094 Basoncon—

2244 3135 2431 3180 vertor.
2460 3124 2803 3183 Convertitur
2834 3128 2979 3182 enim
3005 3128 3072 3182 ad
3100 3143 3199 3184 nos
3222 3130 3383 3184 etiam
3421 3131 3534 3200 ipse
3562 3133 3654 3201 qui
3684 3131 3830 3196 dicit,

2245 3212 2603 3271 Consertimini
2628 3221 2698 3271 ad
2734 3232 2836 3284 me,
2862 3227 2910 3272 et
2943 3233 3033 3289 ego
3066 3227 3329 3297 convertar
3362 3220 3432 3273 ad
3457 3235 3542 3275 vos
3586 3222 3774 3292 (Zach.
3799 3241 3833 3289 i,

2245 3307 2342 3378 3):
2370 3317 2577 3374 etnon,
2606 3308 2653 3365 si
2668 3310 2686 3341 ι
2712 3320 2862 3365 extra
2886 3310 3275 3377 confusionem,
3294 3327 3413 3367 cum
3436 3325 3718 3384 peccatum
3746 3334 3836 3381 no-

2246 3410 2415 3455 strum
2452 3409 2577 3455 ante
2619 3416 2719 3467 nos
2756 3414 2842 3457 est
2886 3392 3101 3473 semper
3140 3402 3310 3476 (Psat.
3356 3420 3404 3467 ι..
3450 3405 3542 3476 5);
3584 3416 3642 3462 et
3686 3418 3835 3464 extra

2245 3494 2561 3561 siccitatem,
2589 3509 2691 3570 qua
2737 3495 2855 3564 ejus
2880 3494 3250 3551 desideramus
3291 3497 3538 3561 imbrem,
3581 3500 3675 3570 qui
3719 3502 3837 3571 plu-

2248 3585 2386 3637 viam
2428 3585 2788 3640 v’oluntariam
2828 3586 3131 3656 segregavit
3169 3586 3465 3643 haireditati
3517 3604 3652 3645 suae.
3705 3591 3840 3646 Nam

2248 3674 2487 3731 siccitate
2522 3676 2790 3730 infirmata
2826 3686 2941 3743 est;
2985 3676 3103 3746 ipse
3135 3692 3267 3734 vero
3302 3693 3593 3736 conversus
3617 3682 3843 3751 perfecit

2247 3782 2384 3834 eam,
2404 3769 2491 3823 cui
2513 3768 2727 3833 dicitur,
2745 3767 2815 3822 Et
2834 3785 3102 3824 conversus
3123 3771 3387 3840 viviﬁcasti
3406 3790 3485 3849 me
3509 3773 3683 3847 (Psai.
3708 3792 3841 3846 ιιι,

2246 3857 2363 3929 20).
2395 3857 2543 3912 Dixit
2564 3873 2696 3929 ergo
2721 3857 2975 3914 Dominus
2996 3875 3017 3914 .°
3046 3859 3132 3915 Ea:
3166 3860 3338 3916 Busan
3375 3875 3687 3933 convertant,
3714 3883 3845 3921 con-

2247 3959 2437 4003 sertam
2473 3948 2529 4003 in
2569 3951 2884 4020 profundum
2926 3952 3103 4005 maris.
3146 3952 3203 4008 Si
3244 3964 3548 4019 convertam,
3577 3973 3749 4027 quare
3792 3960 3846 4014 in

2248 4041 2563 4112 profundum
2590 4042 2788 4096 maris?
2832 4042 2887 4098 ln
2933 4043 3165 4113 seipsum
3196 4046 3391 4115 quippe
3431 4052 3707 4104 convertit
3737 4051 3846 4105 Du-

2248 4134 2445 4199 minus,
2460 4148 2580 4188 cum
2598 4134 2881 4189 salubriter
2902 4137 3187 4200 convertit,
3203 4145 3383 4192 etnon
3410 4148 3492 4193 est
3515 4142 3705 4212 utique
3726 4144 3849 4215 ipse

2250 4224 2569 4294 profundum
2615 4226 2799 4279 maris.
2839 4227 2922 4281 An
2972 4226 3103 4281 fallit
3144 4226 3282 4283 forte
3332 4229 3495 4284 latina
3539 4231 3768 4299 locutio,
3793 4246 3851 4291 et

2250 4331 2350 4387 pro
2393 4332 2460 4373 eo
2508 4318 2740 4388 positum
2787 4327 2892 4385 est,
2933 4320 2989 4373 in
3033 4322 3364 4390 profundum,
3392 4323 3534 4392 quod
3578 4336 3685 4391 est,
3720 4342 3850 4397 pro—

2250 4408 2453 4465 funde?
2499 4409 2616 4465 Non
2645 4411 2788 4465 enim
2814 4410 2903 4466 ille
2930 4426 2991 4467 se
3013 4414 3306 4479 convertit;
3352 4414 3449 4470 sed
3478 4415 3550 4471 ibi
3574 4421 3856 4475 convertit

2248 4516 2343 4558 eos
2385 4503 2475 4573 qui
2522 4504 2576 4556 in
2623 4502 2887 4573 profundo
2930 4503 3089 4574 huius
3143 4506 3323 4561 saeculi
3366 4507 3550 4576 iacent
3600 4508 3843 4567 demersi

2250 4593 2486 4664 pondere
2531 4604 2898 4665 peccatorum,
2945 4595 3034 4650 ubi
3079 4611 3370 4656 conversus
3403 4598 3493 4654 ille
3529 4599 3663 4655 dicit
3693 4618 3714 4657 :
3762 4600 3847 4656 De

2251 4684 2522 4755 profundis
2550 4684 2764 4739 clamavi
2786 4685 2855 4738 ad
2890 4695 2957 4752 te,
2983 4684 3200 4741 Domine
3240 4686 3412 4759 (Psat.
3456 4705 3651 4759 cxxtx,
3686 4694 3771 4762 1).
3794 4692 3855 4749 Si

2250 4787 2430 4832 autem
2462 4793 2568 4831 non
2596 4786 2699 4843 est,
2729 4788 3038 4843 convertam,
3076 4777 3193 4843 sed,
3220 4791 3486 4836 convertar
3523 4783 3581 4836 in
3620 4790 3855 4857 profatu-

2250 4867 2374 4921 dum
2418 4868 2595 4934 maris,
2624 4866 2726 4923 hoc
2777 4867 3090 4939 intelligitur
3143 4869 3344 4926 dixisse
3403 4872 3698 4929 Dominum
3756 4880 3866 4929 no-'

2251 4974 2442 5026 strum,
2465 4961 2607 5032 quod
2633 4976 2728 5016 sua
2755 4962 3117 5017 misericordia
3148 4973 3551 5019 converteretur
3589 4966 3765 5022 etiam
3804 4968 3860 5022 in

2252 5055 2572 5126 profundum
2620 5055 2821 5119 maris,
2865 5054 2929 5107 ad
2985 5069 3079 5109 eos
3132 5070 3344 5125 quoque
3401 5056 3721 5113 liberandos
3768 5059 3862 5130 qui

2255 5158 2436 5204 essent
2475 5148 2633 5201 etiam
2684 5146 3099 5217 desperatissimi
3149 5158 3479 5217 peccatores.
3522 5150 3863 5225 Quanquam

2256 5241 2307 5294 in
2335 5241 2510 5309 aliquo
2548 5254 2725 5308 graeco
2768 5239 3083 5303 invenerim,
3114 5255 3242 5306 non,
3273 5241 3327 5294 in
3357 5243 3705 5313 profundum,
3739 5247 3866 5313 sed,

2254 5332 2306 5383 in
2338 5330 2626 5401 profundis,
2644 5328 2748 5383 hoc
2770 5338 2871 5395 est,
2902 5335 2948 5383 ἐν
2971 5338 3166 5396 pauore;
3201 5331 3341 5400 quod
3369 5337 3607 5400 priorem
3632 5352 3868 5393 sensum

2256 5422 2556 5486 conﬁrmat,
2587 5420 2728 5492 quod
2769 5422 2930 5474 etiam
2982 5421 3053 5474 ibi
3107 5421 3246 5476 Deus
3289 5434 3568 5478 convertat
3599 5427 3671 5480 ad
3706 5444 3774 5482 se
3805 5429 3873 5482 de

2255 5512 2535 5583 profundis
2558 5512 2870 5566 clamantes.
2913 5510 3013 5577 Qui
3059 5520 3114 5564 et
3161 5512 3206 5566 si
3250 5513 3578 5582 intelligatur
3621 5516 3700 5571 ibi
3754 5519 3875 5587 ipse

2258 5606 2496 5660 com'erti
2544 5605 2611 5658 ad
2662 5604 2968 5659 liberandos
3012 5603 3172 5660 etiam
3206 5604 3355 5669 tales,
3389 5623 3496 5661 non
3527 5618 3619 5663 est
3671 5612 3877 5667 incon-

2324 5743 2337 5771 ι
2374 5740 2447 5809 sie
2472 5742 2686 5802 potiores
2706 5748 2811 5790 MSS.
2840 5738 2925 5790 Alii
2946 5746 3117 5791 carent
3157 5738 3239 5791 si:
3265 5737 3343 5790 vel
3364 5752 3476 5790 cum
3509 5741 3631 5793 ωδ.
3662 5740 3867 5796 balsent

2257 5814 2463 5852 nonnisi.
