3934 6324
171 416 283 473 855

175 541 367 595 gruum
393 543 406 578 :
437 537 490 580 ct
519 525 588 579 ita
627 539 724 580 eos
763 525 1049 588 convertit,
1076 524 1157 579 vel
1203 525 1269 578 ad
1318 539 1413 581 eos
1459 524 1762 581 liberandos

178 620 252 672 ita
277 619 626 682 convertitur,
665 627 722 672 ut
770 620 1038 687 tinguntur
1085 632 1178 685 pes
1223 618 1337 687 ejus
1388 618 1438 671 in
1483 619 1763 687 sanguine.

175 708 332 774 Quod
359 709 425 763 ad
463 709 634 777 ipsum
670 709 948 762 Dominum
980 708 1245 776 Propheta
1273 707 1439 763 dicit:
1478 707 1545 762 Ut
1568 709 1768 778 tingua-

177 809 264 849 tur
290 814 376 863 pes
399 809 513 851 tuus
541 798 593 850 in
619 797 865 868 sanguine
889 812 908 850 :
938 797 990 851 id
1016 805 1118 862 est,
1149 806 1205 850 ut
1232 797 1328 866 ipsi
1358 798 1446 866 qui
1475 797 1540 850 ad
1571 808 1620 852 te
1641 812 1768 851 con-

177 899 480 954 vertuntur,
512 889 594 942 vel
621 888 688 942 ad
730 902 865 958 quos
909 887 1213 942 liberandos
1249 889 1600 952 converteris,
1643 887 1767 942 licet

262 979 530 1048 profundo
560 980 722 1034 maris
749 993 913 1033 onere
956 979 1248 1049 iniquitatis
1281 977 1519 1048 depressi
1548 978 1764 1042 iuerint,

174 1069 228 1123 in
262 1079 466 1124 tantum
491 1073 656 1141 gratia
677 1080 762 1124 tua
781 1070 1080 1141 proﬁciant,
1101 1072 1352 1141 quoniam
1382 1071 1467 1124 ubi
1492 1070 1766 1124 abundavit

173 1172 474 1229 peccatum,
518 1160 944 1231 superabundavit
989 1163 1157 1231 gratia
1207 1161 1382 1232 (Rom.
1432 1177 1484 1226 v,
1534 1160 1650 1232 20).
1695 1160 1767 1216 Ut

175 1254 309 1306 tiant
349 1268 445 1322 pes
475 1264 596 1306 tuus
637 1253 778 1308 inter
821 1252 1061 1306 membra
1106 1261 1216 1318 tua,
1250 1252 1314 1304 ad
1346 1250 1761 1306 annuntiandmn

175 1343 527 1414 Evangelium
555 1354 724 1410 tuum,
752 1353 806 1398 et
833 1359 933 1413 pro
963 1345 1178 1398 nomine
1227 1351 1319 1397 tuo
1344 1342 1435 1396 diu
1475 1343 1763 1396 dueentes‘

173 1438 512 1508 martyrium,
536 1452 702 1506 usque
725 1436 791 1490 ad
822 1435 1132 1506 sanguinem
1151 1443 1376 1488 certent.
1395 1433 1485 1488 Sic
1509 1434 1676 1496 enim,
1707 1442 1765 1488 ut

173 1528 431 1594 arbitror,
464 1528 868 1582 convenientius
912 1526 1226 1596 intelligitur
1267 1540 1362 1591 pes
1404 1525 1522 1594 ejus
1567 1527 1764 1578 tinctus

173 1617 230 1670 in
264 1619 544 1684 sanguine.

247 1705 339 1761 52.
374 1706 607 1775 Denique
629 1705 899 1774 adjungit,
927 1703 1128 1775 Lingua
1146 1720 1328 1757 canum
1355 1713 1554 1756 tuorum
1579 1719 1640 1755 ea:
1659 1701 1763 1755 ini-

171 1799 320 1852 micis
343 1799 406 1852 ab
433 1800 542 1869 ipso
571 1816 590 1853 :
621 1798 838 1853 eosdem
868 1800 1011 1866 ipsos
1037 1797 1124 1866 qui
1168 1810 1335 1865 usque
1364 1793 1427 1848 ad
1453 1794 1764 1865 sanguinem

167 1887 388 1942 fuerant
413 1903 506 1958 pro
537 1888 639 1943 (ide
663 1888 967 1959 evangelica
995 1887 1268 1950 certaturi,
1297 1886 1455 1940 etiam
1485 1899 1644 1939 canes
1671 1899 1764 1938 vo-

171 1994 340 2040 cans,
387 1988 636 2048 tanquam
664 1993 760 2047 pro
790 1994 887 2034 suo
915 1978 1142 2042 Domino
1183 1977 1457 2030 latrantes.
1498 1974 1612 2029 Non
1646 1975 1763 2029 illos

171 2084 340 2124 canes
358 2112 374 2135 ,
400 2069 467 2124 de
495 2070 687 2139 quibus
712 2070 840 2124 dicit
868 2069 1153 2138 Apostolus
1170 2107 1187 2134 ,
1221 2067 1400 2120 Cavete
1426 2084 1574 2121 canes
1606 2065 1762 2138 (Phi-

174 2161 307 2230 lipp.
328 2176 403 2223 ut,
430 2161 490 2230 2)
511 2179 525 2214 :
545 2161 636 2216 sed
667 2160 787 2215 illos
811 2160 898 2230 qui
925 2159 1077 2212 edunt
1103 2159 1164 2212 de
1189 2158 1332 2211 micis
1355 2173 1468 2228 qua
1486 2158 1674 2210 eadunt
1700 2157 1764 2210 de

173 2268 351 2306 mensa
381 2251 698 2305 dominorum
723 2266 947 2305 suorum.
981 2250 1088 2304 lloc
1114 2250 1256 2304 enim
1280 2248 1522 2304 confessa
1549 2247 1761 2301 Chana-

173 2356 295 2395 mea
322 2343 516 2397 meruit
556 2341 743 2397 audire
777 2359 790 2396 :
824 2340 868 2395 0
897 2341 1110 2405 mulier,
1158 2356 1344 2411 magna
1370 2349 1444 2394 est
1479 2339 1606 2408 ﬁdes
1634 2337 1763 2393 tua!

173 2433 270 2502 ﬁat
311 2433 400 2487 tibi
423 2433 551 2492 356W
575 2433 648 2487 vis
691 2431 905 2502 (Matth.
935 2447 1002 2485 xv
1021 2473 1037 2498 ,
1065 2431 1182 2502 28).
1213 2430 1385 2484 Canes
1424 2430 1718 2485 laudabiles
1740 2470 1756 2496 ,

174 2539 284 2576 non
314 2523 692 2588 detestabiles;
724 2521 878 2576 tidem
905 2532 1180 2576 servantes
1208 2522 1424 2575 domino
1447 2537 1566 2585 suo,
1590 2529 1644 2575 et
1663 2537 1761 2590 pro

170 2614 291 2683 ejus
315 2613 474 2668 domo
506 2624 691 2668 contra
734 2614 978 2669 inimicos
1009 2615 1281 2669 latrantes.
1321 2614 1436 2668 Non
1465 2615 1606 2668 enim
1641 2624 1755 2668 tana

170 2704 448 2758 tummodo
471 2721 651 2758 canum
670 2705 840 2770 dixit,
866 2705 961 2759 sed
983 2722 1164 2758 canum
1188 2714 1424 2772 tuorum;
1451 2721 1549 2760 nec
1571 2721 1756 2762 eorum

166 2797 396 2862 dentes,
427 2795 519 2849 sed
551 2796 726 2866 lingua
752 2797 960 2850 laudata
991 2804 1074 2852 est
1105 2813 1119 2852 :
1152 2798 1402 2866 quoniam
1441 2812 1547 2851 non
1578 2797 1759 2867 utique

166 2888 390 2954 frustra,
414 2904 511 2942 nec
540 2890 657 2943 sine
683 2903 874 2958 magno
897 2898 1230 2943 sacramento
1255 2888 1470 2943 cheon
1498 2889 1644 2943 solos
1663 2904 1757 2944 eos

160 2979 350 3048 jussus
373 2989 452 3034 est
467 2979 682 3047 ducere,
700 2980 789 3050 qui
813 2979 1047 3036 ﬂuminis
1075 2996 1265 3050 aquam
1283 2982 1418 3036 sicut
1442 2995 1602 3036 canes
1624 2981 1757 3035 lam-

164 3073 394 3140 herent;
425 3074 660 3143 talesque
690 3089 794 3127 non
821 3074 1051 3142 amplius
1076 3089 1236 3143 quam
1279 3075 1500 3128 trecenti
1530 3074 1582 3127 in
1609 3083 1754 3129 tanta

163 3165 502 3219 multitudine
529 3165 728 3220 inventi
754 3175 877 3219 sunt
902 3164 1099 3236 (ludic.
1127 3181 1216 3230 vn,
1247 3165 1300 3227 5.
1333 3165 1412 3236 6).
1443 3166 1496 3218 In
1528 3181 1632 3235 quo
1654 3181 1753 3220 nu-

151 3272 315 3311 mero
328 3258 502 3312 crucis
524 3258 732 3327 signum
751 3266 832 3312 est
849 3268 1066 3328 propter
1083 3282 1112 3310 τ
1131 3257 1385 3323 litteram,
1403 3273 1523 3328 quze
1549 3258 1601 3311 in
1619 3275 1755 3327 grte-

157 3348 240 3402 cis
268 3364 613 3403 numerorum
657 3348 797 3403 notis
836 3357 1105 3404 trecentos
1143 3349 1425 3418 signiﬁcat.
1456 3351 1530 3403 De
1557 3351 1752 3405 talibus

155 3440 385 3494 canibus
411 3450 464 3494 et
489 3440 540 3494 in
570 3441 679 3494 alio
704 3439 910 3510 psalmo
939 3439 1134 3494 dicitur
1155 3457 1170 3494 :
1194 3441 1554 3495 Convertentur
1576 3441 1647 3495 ad
1670 3459 1752 3496 ve-

156 3546 361 3604 speram
381 3574 396 3596 ,
423 3543 482 3588 et.
497 3534 680 3601 famem
703 3535 960 3604 patientur
989 3542 1042 3586 ut
1064 3543 1214 3588 canes
1238 3533 1407 3606 (Psal.
1439 3549 1566 3589 ινιιι
1584 3576 1599 3599 ,
1635 3534 1747 3605 15).

157 3625 292 3680 Nam
318 3634 372 3678 et
385 3625 597 3694 quidam
616 3639 779 3679 canes
799 3624 1108 3694 reprehensi
1133 3632 1258 3679 sunt
1271 3640 1301 3678 a
1319 3625 1575 3695 propheta
1592 3625 1743 3692 Isaia,

157 3732 264 3771 non
307 3716 427 3770 ideo
454 3715 594 3786 quod
624 3730 784 3770 canes
812 3724 1026 3779 essent,
1057 3714 1152 3770 sed
1179 3716 1319 3785 quod
1350 3717 1542 3771 latrare
1569 3717 1747 3772 nesci-

156 3818 296 3881 rent,
315 3817 369 3862 et
393 3807 683 3863 dormitare
709 3816 952 3863 amarent
981 3807 1132 3881 (lsai.
1163 3824 1270 3874 va,
1291 3808 1404 3880 10).
1435 3807 1536 3864 Ubi
1567 3809 1748 3880 utique

153 3901 578 3965 demonstravit,
611 3900 734 3970 quia
777 3901 823 3955 si
853 3901 1132 3971 vigilarent
1158 3910 1213 3954 et
1257 3915 1354 3969 pro
1400 3900 1618 3956 domino
1646 3904 1747 3956 suo

154 3994 451 4059 latrarent,
485 3991 779 4048 laudabiles
821 4007 1000 4046 canes.
1027 4000 1209 4047 essent
1239 4005 1252 4042 :
1281 3980 1426 4045 'sicut
1467 3991 1747 4046 laudantur

152 4085 242 4139 isti
273 4084 342 4139 de
365 4084 556 4154 quibus
577 4083 793 4148 dicitur,
825 4082 1026 4153 Lingua
1053 4090 1236 4135 canum
1259 4091 1481 4134 tuorum.
1504 4083 1647 4148 Quos
1669 4091 1747 4135 ta-

155 4195 280 4233 men
305 4177 572 4246 Propheta
599 4192 664 4231 ex
693 4161 922 4230 inimicis
950 4176 1154 4229 futuros
1196 4189 1314 4228 esse
1342 4174 1617 4243 prmdixit,
1651 4189 1746 4245 per

153 4273 300 4326 illam
351 4271 558 4326 scilicet
582 4269 990 4325 conversionem
1039 4268 1106 4323 de
1134 4283 1235 4338 qua
1266 4266 1511 4337 superius
1557 4268 1743 4337 loque-

153 4362 332 4418 batur.
363 4360 515 4416 Unde
555 4370 612 4416 et
654 4360 746 4415 ille
785 4360 1020 4430 psalmus
1052 4375 1068 4411 ;
1101 4359 1500 4424 Converteutur,
1531 4357 1741 4428 inquit,

152 4455 222 4506 ad
265 4452 559 4522 vesperam,
606 4460 654 4506 et
700 4456 886 4523 {autem
933 4449 1188 4520 patientur
1228 4459 1282 4503 ut
1325 4465 1492 4502 canes.
1545 4450 1742 4504 Deinde

154 4543 323 4598 veluti
366 4541 724 4611 quaerentibus
766 4539 910 4595 unde
954 4539 1057 4594 hoc
1103 4538 1210 4593 illis
1251 4546 1455 4593 tantum
1499 4538 1695 4592 bonum
1721 4578 1737 4606 ,

154 4641 214 4688 ut
250 4647 419 4686 canes
464 4631 578 4701 ejus
627 4632 854 4695 tierent,
903 4629 1056 4700 cujus
1099 4631 1308 4683 fuerant
1352 4629 1599 4695 inimici;
1648 4644 1740 4683 re-

150 4745 408 4799 sponsum
453 4738 537 4783 est
564 4769 580 4793 ,
630 4727 692 4780 ab
739 4728 868 4799 ipso.
916 4725 1006 4780 Sic
1052 4726 1195 4780 enim
1243 4724 1436 4793 legitur
1483 4740 1496 4776 :
1545 4720 1741 4792 Lingua

149 4837 337 4874 canum
369 4831 569 4873 tuorum
595 4836 658 4874 ea:
701 4819 918 4873 inimicis
958 4815 1019 4871 ab
1067 4817 1198 4889 ipso.
1230 4817 1399 4886 Ipsius
1446 4813 1626 4884 utique
1654 4806 1738 4867 di-

151 4912 423 4976 lectione,
476 4911 642 4980 ipsius
690 4909 1097 4974 misericordia,
1151 4908 1318 4977 ipsius
1364 4905 1552 4976 gratia.
1604 4904 1738 4959 Nam

148 5005 366 5076 quando
411 5003 460 5058 id
508 5012 726 5072 possent
770 5018 800 5056 a
836 5001 1078 5070 ’seipsis?
1121 5001 1332 5055 Etenim
1374 5014 1496 5054 cum
1539 4996 1739 5051 inimici

146 5109 434 5159 essemus,
479 5094 804 5148 reconciliati
850 5106 1036 5148 sumus
1083 5092 1193 5146 Deo
1239 5105 1336 5160 per
1381 5097 1606 5143 mortem
1646 5086 1738 5140 Fi-

148 5187 202 5240 lii
234 5185 355 5253 ejus
407 5185 425 5255 (
449 5184 593 5238 Rom.
633 5199 666 5237 v
690 5225 704 5250 ,
751 5181 858 5254 10)
896 5202 910 5237 ;
942 5182 1009 5238 ad
1039 5181 1140 5238 hoc
1169 5190 1224 5237 et
1249 5179 1460 5236 Domini
1489 5178 1588 5234 fuit
1615 5177 1738 5232 exi-

147 5287 237 5332 tus
269 5275 478 5329 mortis.
1433 5341 1435 5344 g

135 5393 144 5403 ι
221 5351 314 5421 55.
350 5364 500 5438 [vers.
531 5364 648 5439 25.]
688 5364 792 5419 Visi
817 5373 933 5418 sunt
960 5366 1160 5433 gressus
1185 5362 1294 5429 tui,
1329 5361 1485 5415 Deus.
1514 5361 1743 5416 Gressus

147 5457 344 5523 quibus
362 5457 552 5511 venisti
579 5473 672 5524 per
697 5457 972 5521 mundum,
995 5463 1242 5525 tanquam
1259 5457 1311 5509 in
1333 5455 1426 5510 illo
1442 5469 1601 5508 curru
1619 5468 1743 5522 per-

149 5561 434 5616 agraturus
488 5548 671 5602 orbem
717 5556 1011 5611 terrarum;
1043 5561 1177 5615 quos
1204 5556 1258 5600 et
1284 5545 1454 5600 nubes
1480 5546 1533 5599 in
1561 5544 1742 5598 Evan-

139 5640 293 5708 gelia
318 5648 535 5694 sanctos
559 5648 613 5693 et
631 5637 823 5693 ﬁdeles
842 5651 970 5692 suos
993 5636 1286 5707 signiﬁcat,
1317 5636 1407 5691 ubl
1435 5637 1512 5691 ait
1541 5651 1556 5690 :
1586 5635 1743 5689 Amo-

146 5795 372 5907 ”;gss.
414 5791 643 5856 plerique
665 5792 908 5855 emittunt,
933 5790 1019 5843 diu
1051 5803 1077 5844 :
1109 5799 1161 5844 et
1196 5791 1391 5857 qttidam
1420 5790 1621 5855 habent,
1662 5787 1741 5841 di—

1246 408 1639 470 ENAIIRA'I‘IO
1679 413 1745 469 IN
1776 415 2100 473 PSALMUM
2137 421 2344 477 LXVII.

3351 447 3456 502 831

1873 526 1940 578 do
1965 530 2188 624 videbitis
2205 530 2394 624 Filiam
2417 535 2633 592 hominis
2649 542 2920 597 venientem
2942 546 2992 599 in
3010 549 3222 607 nubibus
3239 553 3452 624 (.llatth.

1873 634 2028 686 nm,
2059 621 2237 687 64,.et
2264 623 2428 679 Marc.
2459 643 2550 681 xm
2570 669 2585 695 ,
2614 629 2726 700 26).
2758 632 2990 706 Excepto
3016 639 3106 696 illo
3139 621 3367 700 adventu
3400 649 3452 703 in

1872 723 1978 804 quo
2002 712 2102 804 erit
2120 713 2286 804 judex
2311 716 2550 773 vivorum
2577 729 2736 790 atque
2763 718 3088 785 mortuorum
3114 732 3177 801 (II
3206 733 3341 792 Tim.
3376 755 3449 804 tv,

1873 799 1962 868 1);
1993 801 2206 869 Αηιοάο,
2239 805 2427 875 inquit,
2458 808 2683 866 videbitis
2712 811 2905 868 Filium
2935 799 3149 876 hominis
3179 799 3452 881 venientem

1870 889 1922 942 in
1948 890 2179 947 nubibus.
2214 894 2282 948 Hi
2302 914 2506 966 gressus
2533 901 2607 953 tui
2632 903 2725 956 visi
2751 916 2884 969 sunt,
2919 908 2970 961 id
3000 920 3100 976 cst,
3135 917 3451 975 manilestati

1870 991 2026 1049 sunt,
2059 986 2288 1041 revelata
2317 991 2484 1058 gratia
2515 991 2839 1050 Testamenti
2869 997 3002 1054 Novi
3038 1020 3049 1054 ε
3085 1005 3225 1060 unde
3252 1009 3449 1065 dictum

1868 1082 1968 1138 est,
2007 1075 2171 1141 Quam
2195 1080 2408 1148 speciosi
2431 1082 2581 1151 pedes
2607 1101 2782 1139 eorum
2809 1089 2898 1157 qui
2922 1095 3223 1148 annuntiant
3254 1115 3427 1165 pacem

1867 1164 2296 1258 qui-annuntiant
2323 1170 2454 1225 bona
2487 1172 2660 1244 (Rom.
2691 1191 2762 1242 Χ,
2795 1180 2918 1249 15)!
2955 1183 3077 1237 llaec
3120 1187 3260 1241 enim
3288 1193 3453 1258 gratia

1868 1261 1922 1306 et
1963 1253 2047 1308 isti
2091 1271 2306 1326 gressus
2347 1259 2580 1317 latebant
2610 1265 2660 1318 in
2693 1265 2884 1323 Vetere
2910 1270 3255 1332 Testamento
3331 1294 3452 1336 cum

1867 1352 2044 1398 autem
2072 1349 2214 1402 venit
2235 1350 2510 1416 plenitudo
2533 1358 2789 1425 temporis
2811 1399 2826 1424 ,
2859 1369 2910 1414 et
2938 1362 3134 1430 placuit
3155 1366 3264 1423 Deo
3292 1385 3453 1426 reve-

1868 1434 1978 1490 lare
2006 1436 2196 1493 Filium
2223 1456 2378 1496 suum
2401 1485 2416 1508 ,
2448 1455 2502 1498 ut
2526 1449 2928 1504 annuntiaretur
2953 1453 3004 1506 in
3034 1459 3282 1525 gentibus
3303 1461 3446 1531 (Gal.

1868 1540 1955 1590 tv,
1987 1526 2042 1597 4)
2065 1571 2078 1592 ,
2109 1530 2201 1584 visi
2239 1543 2354 1586 sunt
2383 1551 2583 1604 gressus
2613 1538 2719 1603 tui,
2753 1539 2928 1607 Deus;
2955 1541 3160 1614 gressus
3184 1550 3274 1604 Dei
3311 1526 3409 1606 mei
3428 1592 3447 1616 ,

1866 1616 1998 1685 regis
2020 1617 2037 1648 ί
2067 1620 2152 1685 qui
2175 1631 2245 1674 est
2272 1623 2326 1674 in
2360 1635 2556 1678 sancto.
2588 1625 2642 1679 In
2669 1643 2773 1697 quo
2804 1643 2976 1684 sancto
2995 1675 3010 1697 ,
3045 1636 3143 1689 nisi
3171 1637 3222 1691 in
3253 1645 3449 1712 templo

1865 1709 2004 1762 suo?
2037 1709 2294 1783 Templum
2321 1716 2452 1768 enim
2478 1709 2573 1771 Dei
2600 1731 2825 1774 sanctum
2855 1733 2946 1790 est,
2971 1725 3159 1796 inquit,
3183 1733 3315 1800 quod
3335 1709 3450 1788 estis

1865 1813 1952 1854 vos
1982 1801 2024 1869 (Ι
2049 1802 2167 1858 Cor.
2199 1821 2251 1858 ιιι
2272 1847 2287 1868 .
2321 1806 2434 1879 17).

1937 1893 2024 1947 54.
2058 1892 2210 1966 [vers.
2240 1895 2359 1971 26.]
2391 1899 2457 1953 Ut
2503 1909 2680 1956 autem
2727 1918 2941 1972 gressus
2986 1906 3071 1962 isti
3103 1910 3411 1969 viderentur
3432 1957 3447 1983 ,

1865 1981 2225 2041 Prtevcuerunt
2251 1990 2503 2059 principes
2530 1995 2787 2063 conjuncti
2816 1997 3173 2066 psallentilms,
3208 2004 3262 2056 in
3288 1981 3450 2061 medio

1865 2076 2351 2147 adolescentularum
2368 2085 2853 2152 tympanistriarum.
2875 2088 3148 2160 Principes
3169 2104 3293 2148 sunt
3310 2099 3451 2166 Apo-

1866 2168 1989 2222 stoli
2023 2187 2035 2222 :
2069 2168 2166 2238 ipsi
2191 2171 2332 2225 enim
2356 2187 2724 2241 praevenerunt
2743 2214 2758 2237 .
2787 2185 2847 2232 ut
2869 2181 3047 2248 populi
3077 2196 3447 2252 sequerentur.

1867 2261 2249 2332 Praevenerunt,
2264 2268 2637 2323 annuntiantes
2658 2269 2863 2325 Novum
2886 2273 3310 2342 Testamentum;
3329 2296 3453 2334 con-

1853 2353 2025 2425 juncti
2065 2356 2426 2424 psallentibus,
2461 2359 2528 2414 de
2555 2375 2782 2430 quorum
2825 2362 2981 2419 bonis
3017 2368 3265 2434 operibus
3289 2371 3448 2425 etiam

1863 2444 2180 2511 visibilibus,
2197 2457 2445 2519 tanquam
2459 2450 2671 2520 organis
2685 2452 2874 2521 laudis,
2889 2455 3122 2526 gloriﬁca
3131 2469 3273 2514 retur
3287 2462 3448 2518 Deus.

1863 2535 2028 2591 Iidem
2053 2545 2229 2593 autem
2256 2541 2522 2609 principes
2549 2543 2602 2595 in
2627 2544 2792 2598 medio
2808 2546 3297 2605 adolescentularum
3320 2564 3451 2623 tym-

1863 2630 2224 2700 panistriarum
2243 2675 2260 2699 ,
2307 2633 2359 2687 in
2389 2635 2686 2691 ministerio
2714 2638 2918 2692 scilicet
2945 2640 3243 2698 honorabili
3277 2660 3292 2696 :
3317 2629 3447 2699 nam

1862 2721 1931 2774 ita
1961 2732 2083 2776 sunt
2109 2724 2160 2778 in
2189 2725 2364 2780 medio
2388 2728 2613 2782 ministri
2645 2732 2911 2799 praepositi
2942 2731 3304 2790 Ecclesiarum
3348 2753 3454 2792 no-

1862 2830 2081 2881 varum;
2115 2817 2216 2872 hoc
2242 2819 2384 2874 enim
2415 2828 2532 2888 est,
2562 2820 3048 2878 adolescentularum
3079 2842 3098 2878 :
3128 2841 3289 2883 carne
3316 2828 3448 2884 edo-

1861 2909 1990 2961 mita
2040 2907 2205 2962 Deum
2256 2908 2619 2976 laudantium;
2675 2912 2776 2967 hoc
2822 2917 2963 2968 enim
3010 2924 3131 2982 est,
3188 2901 3452 2989 tympani-

1859 2999 2132 3065 striarum,
2163 3013 2229 3054 eo
2257 2999 2396 3070 quod
2429 3009 2679 3073 tympana
2710 3003 2837 3058 ﬁant
2867 3005 3015 3060 corio
3043 3006 3243 3062 siccato
3272 3018 3325 3064 et
3352 3025 3452 3066 ex-

1859 3097 2026 3145 tento.
2386 3152 2397 3166 .

1929 3183 2019 3236 55.
2052 3180 2200 3255 [vers.
2231 3181 2347 3255 27.]
2379 3182 2502 3239 Ideo
2529 3201 2594 3240 ne
2618 3187 2898 3257 quisquam
2924 3191 3212 3246 carnaliter
3241 3193 3342 3248 ista
3357 3209 3454 3251 ac-

1856 3275 2058 3344 ciperet
2077 3314 2092 3340 ,
2119 3284 2176 3330 et
2203 3290 2266 3330 ex
2300 3275 2381 3329 his
2423 3277 2602 3332 verbis
2627 3280 2882 3348 quosdam
2911 3281 3135 3335 luxuriae
3160 3283 3352 3340 choros
3390 3287 3451 3342 in

1854 3365 2090 3421 animum
2124 3366 2431 3434 induceret,
2458 3369 2696 3438 sequitur
2720 3379 2774 3423 et
2803 3370 2967 3438 dicit,
2995 3370 3061 3426 In
3087 3371 3328 3430 Ecclesiis
3355 3377 3450 3432 be-

1854 3456 2067 3510 nedicite
2097 3455 2370 3512 Dominum
2392 3476 2411 3512 :
2433 3467 2679 3529 tanquam
2706 3461 2929 3529 diceret,
2963 3463 3178 3534 thnid,
3208 3481 3328 3522 cum
3349 3484 3447 3524 au-

1851 3548 1978 3603 ditis
1991 3549 2414 3606 adolescentulas
2435 3555 2850 3623 tympanistrias,
2877 3556 3070 3610 lasciva
3087 3557 3451 3617 delectamen-

1853 3646 1905 3692 ta
1947 3639 2232 3708 cogitatis?
2261 3639 2329 3694 In
2360 3640 2600 3696 Ecclesiis
2624 3642 2900 3698 benedicite
2927 3645 3220 3701 Dominum.
3254 3651 3447 3707 Eccle-

1853 3729 1945 3782 sia:
1961 3722 2156 3799 quippe
2175 3731 2325 3785 vobis
2353 3732 2452 3787 hac
2478 3736 2700 3804 mystica
2730 3736 3117 3805 signiﬁcatione
3143 3751 3446 3797 monstran-

1853 3831 1938 3874 tur
1970 3837 1982 3873 :
2015 3821 2272 3876 Ecclesia:
2299 3813 2422 3877 sunt
2467 3823 2914 3894 adolescentulis,
2947 3844 3082 3883 nova
3128 3832 3295 3900 gratia
3343 3833 3443 3888 de-

1850 3920 2080 3978 coratte;
2111 3912 2365 3968 Ecclesia:
2389 3923 2517 3968 sunt
2541 3918 2922 3984 tympanistria:
2941 3960 2956 3983 ,
2999 3921 3250 3990 castigata
3279 3939 3442 3980 carne

1850 4002 2194 4070 spiritualiter
2238 4018 2467 4059 sonorae.
2496 4004 2567 4059 1η
2609 4004 2851 4061 Ecclesiis
2877 4024 3005 4078 ergo
3031 4010 3300 4065 benedicite
3329 4012 3441 4067 Do-

1849 4096 2041 4148 minum
2082 4095 2246 4150 Deum
2286 4098 2349 4151 de
2391 4097 2613 4168 fontibus
2643 4098 2826 4154 Israel.
2872 4102 2998 4155 Inde
3050 4105 3242 4172 quippe
3288 4106 3434 4173 prius

1849 4187 2009 4256 elegit
2038 4201 2170 4256 quos
2196 4186 2369 4242 fontes
2396 4187 2614 4245 faceret.
2645 4191 2777 4246 Nam
2806 4192 2929 4247 inde
2955 4204 3079 4247 sunt
3105 4195 3258 4250 electi
3288 4197 3436 4265 Apo-

1849 4278 2009 4343 stdli;
2041 4287 2095 4332 et
2119 4277 2172 4332 hi
2216 4280 2463 4348 primitus
2505 4281 2787 4337 audierunt
2818 4301 2831 4335 :
2868 4285 2967 4350 Qui
2996 4285 3170 4339 biberit
3205 4303 3268 4341 ea:
3303 4306 3444 4359 aqua

1847 4386 2000 4438 quant
2046 4387 2136 4442 ego
2179 4370 2346 4436 dabo,
2391 4388 2494 4425 non
2533 4373 2663 4426 sitiet
2709 4390 2973 4442 unquam;
3013 4375 3102 4428 sed
3147 4379 3234 4445 ﬁet
3277 4379 3330 4432 in
3377 4398 3443 4436 eo

1847 4465 1962 4527 fons
1990 4478 2135 4532 aqum
2162 4462 2386 4517 salientis
2426 4462 2480 4516 in
2510 4464 2662 4516 vitam
2693 4474 2931 4518 a’temam
2962 4465 3162 4537 (Joan.
3193 4447 3250 4522 iv
3275 4511 3289 4536 ,
3324 4471 3393 4525 15
3415 4513 3436 4539 ,

1847 4553 1914 4606 ts
1935 4551 1977 4624 ).

1917 4645 2004 4700 56.
2038 4644 2192 4718 [vers.
2222 4645 2341 4720 28.]
2374 4645 2454 4700 Ibi
2472 4645 2738 4718 Beniamin
2767 4648 3131 4705 adolescentior
3155 4653 3207 4706 in
3234 4657 3438 4716 ecstasi.

1845 4735 1920 4790 Ibi
1950 4736 2146 4789 Paulus
2176 4738 2493 4791 novissimus
2527 4739 2938 4807 Apostolorum,
2969 4742 3059 4811 qui
3099 4742 3260 4811 dicit,
3292 4745 3437 4803 Nam

1843 4833 1891 4880 ct
1909 4842 2011 4896 ego
2035 4824 2272 4879 Israelita
2300 4844 2412 4880 sum
2436 4844 2500 4882 ea:
2516 4828 2704 4883 semine
2730 4827 2984 4884 Abraham
3007 4873 3020 4894 ,
3053 4833 3117 4887 de
3139 4836 3268 4888 tribu
3295 4834 3432 4892 Ben-

1835 4917 2004 4987 jamin
2034 4915 2293 4988 (Philipp.
2324 4933 2418 4986 ιιι,
2453 4919 2532 4989 5).
2559 4918 2664 4974 Sed
2692 4921 2848 4989 plane
2884 4922 2936 4974 in
2960 4925 3138 4977 θεειαεὶ
3155 4942 3174 4990 ;
3202 4942 3435 4998 ωριτε-ι

1844 5011 2116 5066 scentihus
2139 5011 2388 5065 omnibus
2412 5020 2518 5066 tam
2541 5011 2788 5082 magnum
2816 5013 2868 5067 in
2891 5014 3008 5084 ejus
3035 5019 3312 5076 vocatione
3335 5023 3436 5075 mi.

1845 5103 2106 5156 raculum.
2138 5102 2375 5156 Ecstasis
2402 5117 2631 5171 namque
2652 5113 2736 5158 est
2757 5105 2955 5158 mentis
2976 5121 3229 5164 excessus
3252 5126 3265 5162 :
3288 5112 3433 5182 quod

1845 5192 2130 5265 aliquando
2139 5208 2342 5277 pavore
2363 5193 2651 5275 contingit;
2673 5210 3048 5266 nonnunquam
3067 5212 3313 5268 vero-per
3333 5202 3432 5258 aii-

1845 5300 2003 5355 quam
2020 5284 2399 5339 revelationem
2415 5283 2767 5339 alienatione'
2792 5287 2985 5339 mentis
3004 5301 3033 5340 a
3055 5289 3299 5344 sensibus
3313 5306 3432 5346 cor»

1848 5377 2014 5445 poris,
2033 5385 2091 5430 ut
2116 5375 2325 5446 spiritui
2341 5375 2482 5446 quod
2501 5375 2973 5431 demonstrandum
3001 5388 3084 5433 est
3100 5380 3436 5440 demonstre-

1848 5475 1953 5520 tur.
1981 5465 2131 5521 Undc
2155 5466 2374 5536 intelligi
2404 5467 2563 5522 etiam
2603 5466 2880 5535 sic_potest
2910 5469 3052 5537 quod
3083 5470 3168 5525 hic
3201 5474 3430 5543 positum

1849 5565 1963 5623 est,
1993 5557 2047 5609 in
2075 5556 2295 5621 ecslasi;
2322 5557 2443 5627 quia
2472 5572 2590 5612 cum
2621 5557 2670 5611 ei
2703 5561 3028 5628 persecutori
3065 5561 3262 5618 dictum
3289 5573 3433 5622 esset

1851 5730 2099 5842 ωικωάη
2122 5730 2250 5797 regis
2267 5731 2379 5782 mei.
2405 5740 2521 5793 Vox,
2544 5733 2658 5794 mei,
2681 5746 2778 5785 non
2801 5742 2878 5786 est
2899 5736 2949 5786 in
2971 5743 3076 5787 ιιι-ιε.
3097 5753 3190 5791 nec
3211 5742 3260 5794 In
3275 5701 3438 5809 greco

1922 5854 1943 5888 ι
1971 5854 2043 5904 δίε
2063 5855 2226 5918 ιιι-οδε
2248 5861 2374 5906 noue
2398 5863 2504 5906 Mss.
2527 5857 2737 5920 arma,
2758 5863 2804 5910 et
2823 5857 3167 5918 castrationem
