3934 6348
540 369 646 425 835

537 484 606 539 de
645 480 783 538 calo
805 519 820 546 ,
852 476 1010 535 Saule
1030 516 1048 542 ,
1079 476 1236 533 Saule
1259 517 1273 540 ,
1305 474 1424 546 quid
1449 490 1529 529 me
1553 474 1862 546 persequeris
1885 514 1897 536 ,
1931 472 2117 528 adem-

536 583 627 644 pto
651 572 851 627 lumine
875 569 1149 624 oculorum
1175 567 1489 631 carnalium,
1517 564 1874 635 respondebat
1895 562 2119 617 Domino

531 677 689 734 quem
718 659 906 731 spiritu
933 656 1181 716 videbat;
1212 656 1300 725 qui
1326 664 1505 709 autem
1533 668 1654 708 cum
1684 652 1773 707 illo
1800 661 1953 706 erant
1972 692 1989 719 ,
2020 666 2115 705 vo-

533 766 650 808 cem
678 746 1050 820 respondentis
1079 743 1363 799 audiebaut
1383 783 1398 805 ,
1430 742 1697 797 neminem
1729 750 1901 796 tamen
1929 740 2116 796 viden-

532 850 614 896 tes
650 841 736 894 cui
765 839 1071 909 loqueretur
1099 832 1233 907 (Act.
1265 850 1316 888 Ix
1337 874 1353 898 ,
1382 833 1522 903 4-7).
1553 832 1737 888 Potest
1774 832 1858 887 hic
1894 830 2116 887 ecstasis

531 932 694 988 etiam
723 930 816 985 illa
840 929 957 997 ejus
981 925 1226 997 intelligi,
1254 925 1321 981 de
1342 940 1445 994 qua
1472 924 1587 993 ipse
1614 924 1837 993 loquens
1861 923 1955 988 ait,
1977 923 2117 977 scire

534 1038 592 1079 se
617 1021 887 1077 hominem
913 1028 1119 1089 raptum
1140 1033 1306 1089 usque
1328 1017 1379 1071 in
1407 1016 1620 1071 tertium
1647 1015 1839 1070 cmlum
1856 1031 1870 1080 ;
1890 1014 2001 1070 sive
2019 1029 2117 1068 an-

534 1123 642 1169 tem
670 1113 726 1167 in
751 1127 1011 1182 corpore,
1043 1111 1154 1165 sive
1183 1119 1331 1164 extra
1362 1123 1556 1177 corpus
1575 1148 1590 1172 ,
1624 1108 1862 1169 nescire;
1891 1106 1985 1162 sed
2023 1122 2115 1161 ra-

536 1213 679 1274 ptum
711 1203 761 1257 in
793 1201 1095 1273 paradisum
1122 1199 1332 1254 audisse
1360 1196 1642 1252 ineﬂ‘abilia
1662 1196 1843 1262 verba,
1866 1212 1983 1266 qua:
2005 1211 2112 1251 non

531 1296 717 1352 liceret
747 1294 946 1350 homini
975 1292 1117 1362 loqui
1143 1291 1208 1362 (ll
1239 1290 1356 1347 Cor.
1386 1304 1479 1352 stt,
1500 1288 1637 1359 2-4).
1669 1286 2108 1356 Principesluda,

531 1392 680 1444 duces
700 1405 870 1443 eorum
890 1405 908 1452 ;
934 1386 1186 1458 principes
1206 1382 1458 1448 Zabulon,
1479 1381 1731 1451 principes
1752 1378 2107 1451 Nepluhalim.

529 1479 661 1535 Cum
687 1477 971 1549 Apostolus
998 1476 1262 1547 signiticet
1287 1473 1549 1543 principes
1566 1514 1581 1538 ,
1611 1471 1697 1526 ubi
1736 1481 1818 1527 cst
1840 1479 1897 1526 et
1923 1469 2111 1541 Benja-

528 1572 632 1625 min
662 1568 1022 1624 adolescentior
1050 1567 1101 1621 in
1126 1566 1340 1631 ecstasi;
1367 1564 1559 1635 quibus
1588 1562 1763 1617 verbis
1786 1562 2006 1617 Paulum
2031 1563 2110 1617 si-

526 1663 765 1735 gnificari
797 1675 955 1715 nemo
978 1658 1227 1728 ambigit;
1251 1656 1331 1712 vel
1356 1654 1569 1711 nomine
1596 1652 1892 1724 principum
1921 1668 2109 1708 omnes

527 1752 890 1823 signiﬁcentur
914 1750 967 1804 iu
996 1747 1248 1804 Ecciesiis
1272 1746 1594 1802 excellentes
1619 1753 1778 1815 atque
1814 1742 2108 1798 imitatione

526 1843 823 1915 dignissimi
844 1858 857 1894 :
879 1839 1004 1912 quid
1020 1839 1118 1894 sibi
1137 1838 1321 1893 volunt
1339 1835 1453 1891 inec
1470 1835 1682 1891 nomina
1701 1834 1931 1889 tribuum
1949 1833 2109 1890 Israe-

526 1933 830 1991 liticarum?
855 1932 911 1988 Si
938 1932 1081 1989 enim
1112 1939 1317 1985 tantum
1340 1926 1490 1983 Judze
1516 1924 1717 1981 mentio
1750 1923 1930 1986 fieret,
1968 1939 2105 1994 quo-

525 2030 668 2086 niam
698 2043 765 2083 ex
791 2025 891 2081 hac
919 2023 1060 2079 tribu
1084 2036 1238 2092 reges
1277 2019 1502 2083 fuerant,
1536 2032 1600 2073 ex
1626 2030 1728 2088 qua
1755 2024 1811 2071 et
1851 2014 2107 2070 Dominus

524 2120 768 2176 Christus
791 2106 1081 2173 secundum
1109 2127 1325 2167 carnem
1358 2108 1530 2183 (Rom.
1560 2122 1633 2175 ιχ,
1653 2106 1711 2175 5)
1732 2124 1747 2175 ;
1779 2105 1898 2161 ideo
1922 2121 1986 2160 ex
2006 2104 2107 2160 hac

523 2213 663 2269 tribu
693 2218 997 2283 putaremus
1022 2204 1272 2275 figuratus
1297 2202 1454 2257 etiam
1488 2198 1754 2271 principes
1780 2194 2105 2283 Testamenti

521 2304 657 2361 Novi
688 2319 701 2356 :
734 2316 855 2359 cum
883 2313 1010 2355 vero
1040 2294 1278 2367 adjnugit
1297 2334 1314 2361 ,
1347 2291 1597 2363 principes
1621 2287 1849 2343 Zabulon
1868 2327 1883 2352 ,
1916 2286 2107 2359 princi-

521 2415 610 2471 pes
637 2392 1292 2468 Nephthalim;quisquatn
1318 2386 1538 2443 forsitan
1565 2383 1708 2440 dicat
1730 2397 1796 2438 ex
1824 2382 1906 2437 his
1935 2380 2106 2437 tribu-

522 2491 623 2547 bus
650 2489 935 2560 Apostolus
959 2486 1141 2548 fuisse,
1164 2499 1230 2539 ex
1257 2480 1375 2537 aliis
1402 2488 1577 2534 autem
1604 2491 1711 2532 non
1738 2474 1922 2558 fuisse.
1946 2472 2100 2543 Quod

522 2582 648 2639 licet
675 2579 815 2636 unde
833 2577 1043 2650 probari
1070 2575 1171 2630 hoc
1185 2581 1365 2644 posset
1381 2586 1486 2627 non
1503 2569 1738 2632 videam;
1760 2575 1961 2632 tamen,
1979 2565 2103 2636 quia

521 2688 621 2728 nec
651 2669 793 2725 unde
818 2666 1090 2724 refellatur
1115 2662 1349 2730 invenio,
1372 2658 1548 2715 ethoc
1574 2657 1693 2713 loco
1716 2655 1984 2729 principes
2005 2655 2106 2710 Ec-

519 2762 805 2823 clcsiarum
824 2800 841 2826 ,
869 2758 1140 2827 ducesque
1166 2769 1350 2811 eorum
1375 2752 1466 2825 qui
1504 2752 1556 2806 iu
1584 2749 1841 2806 Ecclesiis
1881 2746 2104 2803 benedi-

521 2864 648 2911 cunt
675 2851 955 2909 Dominum
978 2848 1133 2905 video
1155 2842 1539 2908 cummendari,
1558 2858 1663 2897 non
1688 2839 1923 2896 absurde
1941 2840 2104 2896 etiam

523 2944 681 2999 istum
708 2956 924 2997 sensum
960 2937 1129 3009 probo
1150 2938 1203 3000 ‘;
1231 2934 1326 2990 sed
1352 2933 1473 3005 plus
1501 2947 1588 2988 tne
1608 2931 1837 2987 delectat
1860 2928 2002 2999 quod
2036 2944 2103 2985 ex

521 3021 745 3090 istorum
776 3030 1050 3086 nominum
1095 3026 1533 3095 interpretatione
1560 3020 1826 3077 clarescit.
1877 3020 2103 3076 Hebraea

521 3126 718 3197 quippe
739 3130 862 3177 sunt
891 3121 1104 3176 nomina
1138 3135 1152 3171 :
1184 3131 1409 3194 quorum
1429 3113 1564 3170 Juda
1584 3154 1600 3178 ,
1630 3110 1907 3169 Confessio
1933 3110 2104 3167 inter-

520 3214 720 3287 pretari
750 3212 976 3276 dicitur;
1026 3206 1693 3276 Zabulon,‘ilabitaculum
1736 3202 2102 3273 fortitudinis;

520 3305 880 3376 Nephthalitn,
900 3301 1146 3357 Dilatatio
1173 3313 1311 3355 mea.
1331 3296 1461 3366 Quae
1483 3294 1665 3350 omnia
1682 3292 1987 3349 verissimos
2006 3308 2104 3350 uo-

519 3397 603 3454 bis
630 3398 896 3452 insinuant
922 3393 1188 3466 principes
1228 3389 1621 3451 Ecclesiarum,
1654 3386 1843 3457 dignos
1866 3384 2098 3456 ducatu,

518 3490 708 3561 dignos
736 3487 1060 3551 imitatione,
1101 3483 1291 3554 dignos
1317 3478 1630 3535 honoribus.
1660 3476 1919 3547 Martyres
1944 3491 2100 3531 nam-

518 3596 622 3652 que
647 3580 697 3633 iu
723 3578 980 3634 Ecclesiis
1018 3576 1194 3630 locum
1217 3585 1483 3628 summum
1525 3578 1705 3625 tenent
1724 3609 1740 3633 ,
1766 3576 1927 3639 atque
1951 3567 2102 3639 apice

519 3681 714 3727 sancta:
736 3668 1006 3741 dignitatis
1030 3664 1317 3741 excellunt.
1344 3661 1461 3718 Jam
1482 3675 1610 3717 vero
1640 3660 1692 3715 in
1720 3660 1975 3732 martyrio
1994 3659 2104 3731 pri-

521 3778 605 3816 ma
632 3759 897 3816 confessio
920 3765 1034 3820 est.
1062 3766 1116 3812 et
1154 3768 1249 3825 pro
1276 3753 1366 3809 illa
1388 3751 1641 3822 quidquid
1680 3752 1934 3806 acciderit
1967 3750 2102 3806 tule-
2136 3810 2141 3815 ,

495 3850 672 3907 randi
701 3863 931 3919 sequens
956 3845 1245 3902 assumitur
1286 3842 1539 3898 fortitudo
1563 3858 1580 3907 ;
1608 3840 1802 3897 deinde
1843 3849 1961 3911 post
1984 3854 2102 3896 om-

429 3928 432 3932 )
520 3942 607 3996 nia
637 3939 857 3994 tolerata
879 3979 895 4002 ,
928 3936 1091 3992 liuitis
1117 3933 1411 4005 angustiis,
1435 3930 1659 3987 latitudo
1684 3934 2027 4003 consequitur
2046 3933 2099 3987 in

522 4031 758 4103 prmmio.
791 4029 974 4085 Potest
1002 4036 1057 4083 et
1094 4026 1172 4082 sic
1212 4023 1463 4095 intelligi,
1489 4032 1549 4078 ut
1574 4023 1820 4094 quoniam
1850 4022 1949 4077 tria
1981 4021 2095 4078 haec

519 4124 785 4196 praecipue
812 4118 1150 4177 commendat
1175 4116 1459 4187 Apostolus
1476 4156 1494 4183 ,
1522 4115 1677 4170 fidem
1694 4156 1709 4185 _,
1738 4128 1885 4185 spem
1907 4154 1922 4178 ,
1964 4114 2094 4169 cha-

518 4217 729 4271 ritatcm
757 4213 821 4285 (ll
854 4212 973 4266 Cor.
1004 4225 1095 4265 xm
1115 4249 1131 4276 ,
1163 4207 1253 4280 15)
1273 4251 1288 4275 ,
1317 4207 1582 4263 confessio
1606 4207 1673 4261 sit
1702 4206 1753 4260 in
1784 4204 1919 4271 (ide,
1951 4204 2101 4260 furti.

520 4304 647 4359 tudo
674 4304 724 4358 iu
751 4317 865 4372 spe,
885 4299 1107 4356 latitudo
1133 4300 1188 4354 in
1211 4298 1490 4353 charitate.
1517 4296 1665 4353 Fidei
1690 4296 1884 4367 quippe
1910 4312 1997 4353 res
2018 4304 2099 4352 est

519 4406 577 4452 ut
617 4394 779 4452 corde
803 4393 1051 4449 credatur
1077 4391 1143 4445 ad
1183 4388 1441 4460 justitiam
1462 4428 1478 4454 ,
1505 4401 1601 4443 ore
1627 4396 1806 4442 autem
1835 4386 2098 4443 confessio

520 4487 610 4541 fiat
630 4484 696 4540 ad
723 4484 945 4540 salutem
964 4482 1140 4549 (Rom.
1156 4496 1214 4544 ι.
1235 4481 1342 4551 tu).
1366 4477 1421 4533 in
1445 4476 1781 4547 passiouihns
1803 4487 1979 4532 autem
2002 4477 2101 4532 tri.

516 4574 845 4631 bulationum
870 4586 957 4626 res
979 4571 1150 4626 tristis
1176 4578 1279 4634 est,
1298 4567 1394 4623 sed
1414 4581 1538 4638 spes
1553 4565 1710 4622 fortis
1734 4575 1816 4621 est
1839 4582 1852 4619 :
1878 4564 2096 4622 Sienim
2140 4583 2150 4591 ·

511 4667 651 4736 quod
677 4683 778 4721 non
805 4665 1030 4719 videmus
1066 4676 1328 4730 speramus
1348 4701 1364 4727 ,
1394 4674 1483 4728 per
1512 4656 1806 4729 patientiam
1830 4665 2096 4726 exspecta-

516 4774 628 4812 mus
654 4754 763 4831 (Id.
792 4770 881 4809 vut
901 4794 916 4819 ,
946 4751 1061 4821 25).
1092 4750 1449 4806 Latitudinem
1473 4764 1603 4804 vero
1628 4756 1845 4818 praestat
1868 4747 2101 4828 cbarita-

519 4851 586 4906 tis
615 4849 668 4905 in
696 4847 858 4904 corde
895 4844 1111 4902 ditl'usio
1142 4862 1156 4899 :
1190 4858 1311 4900 nam
1342 4851 1687 4897 consummata
1711 4841 1933 4896 charitas
1957 4841 2096 4912 [oras

516 4943 667 4998 mittit
695 4942 921 4997 timorem
949 4937 991 5011 (1
1012 4938 1169 4992 Joan.
1197 4951 1249 4989 tv
1269 4977 1285 5003 ,
1312 4935 1404 5004 18)
1428 4950 1443 5002 ;
1472 4934 1560 5004 qui
1587 4934 1750 4989 timor
1775 4942 2094 4989 tormentum

517 5032 679 5088 habet
705 5047 798 5102 per
816 5031 1007 5085 anima:
1029 5026 1319 5099 angustias.
1349 5023 1614 5097 Principes
1638 5040 1766 5097 ergo
1784 5024 1818 5079 J
1824 5024 1926 5083 uda
1944 5025 2096 5090 duces

516 5142 689 5180 eorum
715 5123 804 5193 qui
825 5124 846 5155 ’
878 5122 932 5177 in
963 5120 1218 5177 Ecclesiis
1250 5116 1574 5173 benedicunt
1608 5117 1908 5173 Dominum.
1939 5114 2097 5172 Prin-

514 5216 649 5288 cipes
686 5212 918 5270 Zabulon
937 5253 953 5275 ,
982 5209 1233 5280 principes
1259 5205 1594 5279 Nephthalim
1624 5222 1643 5261 :
1671 5206 1939 5278 principes
1964 5221 2097 5263 con-

517 5306 785 5373 fessionis,
804 5301 1147 5365 fortitudinis,
1170 5298 1488 5367 latitudinis;
1512 5296 1778 5369 principes
1795 5297 1936 5369 fidei,
1955 5298 2092 5370 spei,

514 5395 807 5454 charitatis.

578 5592 596 5656 ξ
631 5588 852 5653 Plerique
880 5593 1007 5656 διεδ..
1029 5586 1197 5650 prodo,
1221 5584 1301 5636 vel
1324 5597 1503 5651 promo.
1539 5646 1561 5656 _
1857 5645 1868 5656 _
1925 5643 1956 5656 η

577 5655 600 5686 ι
629 5657 704 5701 Er.
729 5645 787 5700 et'
804 5657 935 5708 ων..
950 5645 1300 5710 ιιυὲεεῳῖιᾳη.
1318 5645 1562 5710 Quorum?
1579 5646 1662 5710 qui
1684 5646 1735 5696 in
1759 5645 2091 5710 Ecclesiis,etc

517 5722 637 5773 Arn,
661 5705 1002 5773 ducenorum.
1027 5705 1189 5773 Quid?
1217 5707 1269 5762 in
1289 5705 1529 5771 Ecclesia,
1556 5705 1634 5759 etc
1686 5715 1814 5771 Mss,
1849 5705 1995 5761 duces
2015 5723 2094 5761 eo-

515 5768 668 5827 rtuu':
692 5769 775 5841 qui
794 5769 845 5823 in
864 5768 1102 5831 Ecclesiis,
1127 5777 1221 5823 etc.

1772 359 1831 416 S.
1871 357 2233 417 AUGUSTlNl
2271 357 2577 416 EPISCOPI
3701 368 3789 425 836

2297 473 2386 530 37.
2427 472 2578 545 [verm
2610 472 2727 547 29.]
2766 472 2981 539 ﬂando,
3012 437 3179 545 Deus,
3212 481 3438 535 virtutem
3465 490 3625 537 tuam.
3660 482 3791 539 Unus

2224 565 2366 620 enim
2394 565 2650 621 Dominus
2675 576 2859 622 noster
2884 566 3041 624 lesus
3070 568 3316 633 Christus
3335 612 3352 638 ,
3382 587 3477 642 per
3499 588 3658 644 quem
3683 589 3791 627 om-

2190 716 2192 719 .
2224 654 2333 722 nia,
2357 664 2414 710 et
2440 670 2537 711 nos
2565 656 2619 710 in
2646 655 2761 726 ipso
2784 655 2844 728 (1
2870 656 2987 712 Cor.
3014 674 3127 721 vtu,
3156 658 3235 733 6),
3262 676 3419 732 quem
3448 664 3675 732 legimus
3705 663 3791 720 Dci

2226 743 2486 801 Virtutem
2512 755 2567 802 et
2587 747 2684 802 Dei
2708 746 3035 818 Sapientiam
3061 748 3170 822 (Id.
3202 767 3240 817 ι,
3266 750 3381 824 24),
3406 753 3687 822 Quomodo
3706 771 3791 809 auo

2222 842 2330 890 tem
2376 835 2515 891 Deus
2557 836 2772 892 mandat
2806 837 3078 895 Christum
3120 857 3274 897 suum
3300 884 3316 911 ,
3364 844 3463 898 nisi
3509 845 3636 899 dum
3677 861 3792 902 eum

2220 928 2596 983 commendat?
2638 929 2965 986 Commendat
3000 932 3134 987 enim
3160 932 3299 991 Deus
3334 937 3630 991 charitatem
3658 954 3792 993 suam

2220 1018 2273 1073 in
2288 1021 2449 1081 nobis,
2470 1022 2708 1092 quoniam
2733 1022 2855 1077 dum
2883 1024 3051 1079 adhuc
3075 1037 3363 1096 peccatores
3387 1044 3624 1093 essemus,
3648 1027 3791 1084 Citri-

2216 1120 2325 1165 stus
2363 1129 2455 1183 pro
2477 1113 2619 1168 nobis
2655 1124 2882 1169 mortuus
2916 1125 2990 1170 est
3025 1116 3203 1187 (Rom.
3231 1132 3283 1191 ν.
3305 1118 3381 1190 8).
3409 1119 3673 1187 Quomodo
3697 1134 3791 1175 non

2217 1212 2264 1255 et
2283 1220 2396 1257 cum
2420 1204 2512 1257 illo
2540 1204 2711 1259 omnia
2748 1205 2891 1261 nobis
2923 1208 3126 1262 donavit
3164 1203 3277 1277 (Id.
3300 1224 3412 1274 vttt,
3438 1209 3556 1283 Si)?
3580 1211 3789 1278 ﬂorida,

2216 1291 2378 1360 Deus,
2406 1296 2636 1349 virtutem
2655 1303 2791 1349 luam
2815 1313 2833 1350 :
2849 1297 3117 1365 confirma,
3148 1296 3305 1363 Deus.
3332 1301 3427 1354 hoc
3452 1301 3590 1371 quod
3614 1317 3785 1371 opera-

2215 1394 2295 1439 tus
2319 1400 2371 1437 es
2396 1385 2449 1437 iu
2476 1385 2638 1440 nobis.
2671 1385 2859 1441 Munda
2885 1387 3144 1454 docendo,
3170 1388 3426 1445 confirma
3448 1390 3701 1460 iuvando.

2286 1475 2374 1530 58.
2416 1474 2567 1547 [νει-ε.
2595 1477 2665 1532 50
2686 1519 2700 1544 ,
2735 1475 2849 1552 δι]
2888 1478 2930 1532 Α
2960 1479 3146 1548 templo
3174 1490 3259 1535 tuo
3284 1479 3644 1538 inlerusaletn
3666 1526 3681 1549 ,
3707 1485 3792 1539 tibi

2213 1563 2423 1631 offerent
2448 1582 2588 1638 reges
2613 1583 2842 1621 munera.
2873 1568 2917 1622 Α
2946 1569 3132 1639 lemma
3159 1578 3244 1625 tuo
3270 1570 3325 1625 in
3346 1570 3649 1641 Jerusalem,
3676 1590 3791 1644 quae

2211 1662 2291 1710 est
2322 1655 2485 1711 libera
2517 1667 2686 1712 mater
2711 1667 2894 1713 nostra
2924 1658 3068 1732 (Gal.
3099 1676 3171 1727 tv,
3203 1661 3320 1732 26),
3348 1662 3470 1733 quia
3498 1672 3552 1719 et
3577 1665 3688 1735 ipsa
3712 1676 3792 1722 est

2213 1748 2464 1817 templum
2495 1758 2733 1803 sanctum
2762 1758 2906 1804 tuum
2937 1769 2951 1806 :
2978 1751 3046 1806 ab
3073 1751 3163 1807 illo
3185 1767 3314 1823 ergo
3344 1753 3539 1825 templo
3562 1755 3652 1809 tibi
3674 1755 3790 1823 οπεο

2209 1848 2319 1891 rent
2340 1854 2480 1910 reges
2500 1855 2728 1894 munera.
2752 1839 3082 1912 Quicumque
3102 1857 3254 1914 reges
3274 1842 3657 1914 intelligantur;
3680 1847 3791 1903 sive

2210 1943 2363 2000 reges
2393 1939 2551 1985 terrae
2570 1972 2586 1998 ,
2616 1930 2730 1986 sive
2760 1946 2912 2003 reges
2953 1947 3090 2004 quos
3117 1933 3369 1989 discernit
3397 1936 3790 2006 superctelestis

2208 2033 2371 2091 super
2392 2022 2691 2077 columbam
2719 2022 3152 2094 deargentatam;
3179 2023 3268 2080 tibi
3291 2025 3501 2092 olerent
3518 2043 3657 2099 reges
3681 2045 3792 2082 mu-

2209 2130 2349 2168 nera.
2399 2113 2468 2168 Et
2503 2129 2621 2185 qua:
2650 2131 2869 2170 munera
2900 2117 3149 2188 gratiosa,
3193 2132 3349 2188 quam
3388 2118 3643 2174 sacriﬁcia
3674 2119 3789 2174 lau-

2208 2204 2294 2259 dis
2322 2204 2375 2259 ‘l
2408 2203 2512 2261 Sed
2541 2204 2665 2260 huic
2694 2206 2834 2260 laudi
2864 2207 3212 2277 obstrepunt,
3243 2206 3589 2264 christianum
3630 2225 3789 2266 voca-

2208 2293 2392 2350 bulum
2421 2293 2695 2362 habentes,
2720 2305 2775 2352 et
2795 2297 3000 2352 diversa
3030 2297 3345 2355 sentientes.
3365 2296 3482 2355 Fiat
3501 2315 3629 2379 ergo
3649 2300 3791 2379 quod

2208 2387 2450 2458 sequitur
2485 2404 2506 2442 :
2546 2385 2765 2458 Increpa
2804 2393 2940 2460 {eras
2979 2391 3182 2445 calami.
3226 2390 3358 2448 Nam
3396 2402 3451 2449 et
3483 2393 3607 2449 ferte
3643 2378 3788 2456 sunt.

2207 2477 2461 2548 quoniam
2508 2493 2615 2533 non
2666 2479 3011 2550 intelligendo
3054 2492 3283 2548 nocent;
3330 2490 3387 2539 et
3428 2482 3556 2539 fere
3599 2484 3791 2544 caianu

2207 2574 2349 2635 sunt,
2381 2569 2632 2638 quoniam
2659 2568 3051 2641 Scripturarum
3091 2586 3308 2628 sensum
3351 2589 3449 2644 pro
3476 2589 3574 2629 suo
3602 2590 3790 2632 errore

2207 2666 2539 2727 pervertunt.
2587 2659 2691 2715 Per
2735 2660 2999 2716 calamum
3045 2663 3239 2733 quippe
3280 2673 3385 2719 tam
3413 2666 3793 2723 convenienter

2206 2746 2502 2830 Scriptum,
2541 2750 2924 2824 significantur,
2971 2768 3129 2823 quam
3177 2770 3357 2812 sermo
3397 2774 3490 2827 per
3518 2758 3787 2830 linguam;

2207 2828 2503 2896 secundum.
2526 2842 2667 2913 quod
2695 2842 2890 2899 dicitur
2916 2843 3093 2916 lingua
3118 2843 3352 2915 bebrzna,
3380 2848 3465 2903 vel
3487 2828 3680 2921 grreea,
3705 2854 3793 2908 vel

2207 2929 2391 2998 latina,
2424 2932 2505 2987 vel
2554 2933 2658 2988 alia
2703 2936 2988 3004 quaelibet,
3039 2952 3135 3007 per
3162 2938 3476 2997 efficientem
3504 2942 3707 3000 scilicet
3739 2944 3792 3001 id

2206 3022 2349 3093 quod
2387 3023 2634 3081 eflicitur.
2683 3024 2947 3082 Usitaium
2977 3036 3060 3083 est
3097 3037 3272 3085 autem
3302 3030 3355 3085 in
3387 3032 3551 3087 latino
3577 3031 3792 3105 eloquio

2206 3123 2265 3170 ut
2292 3115 2554 3186 scriptura
2582 3116 2734 3171 stilus
2759 3128 2998 3183 vocetur,
3045 3121 3188 3189 quod
3234 3122 3356 3177 stilo
3386 3123 3517 3190 fiat;
3548 3125 3619 3180 ita
3662 3143 3792 3197 ergo

2206 3213 2262 3261 et
2288 3204 2545 3273 calamus,
2585 3208 2725 3278 quod
2746 3208 2951 3277 calamo
2982 3210 3091 3265 fiat.
3126 3211 3263 3279 Dicit
3294 3217 3566 3285 apostolus
3599 3217 3792 3276 Petrus

2208 3296 2448 3353 indoctos
2484 3306 2539 3353 et
2586 3298 2858 3355 inStabiles
2903 3311 3209 3370 pervertere
3232 3302 3534 3375 Scripturas
3560 3307 3626 3362 ad
3658 3325 3788 3378 pro—

2205 3388 2377 3458 prium
2404 3404 2558 3443 suum
2584 3387 2857 3445 interitum
2884 3391 2947 3463 (il
2981 3389 3121 3447 Petr.
3149 3408 3227 3458 tu,
3253 3394 3341 3463 l6)
3365 3412 3378 3447 :
3406 3395 3489 3452 ha:
3512 3407 3639 3454 sunt
3662 3398 3791 3455 ferre

2204 3476 2416 3540 calami,
2445 3478 2512 3532 de
2538 3477 2731 3549 quibus
2755 3478 2841 3534 hic
2864 3479 3077 3544 dicitur,
3105 3479 3325 3555 Increpa
3350 3487 3485 3555 fet-as
3511 3487 3715 3543 calami.

2275 3568 2383 3624 39..
2409 3568 2486 3626 De
2523 3569 2606 3624 his
2635 3578 2718 3625 est
2758 3570 2917 3627 etiam
2962 3572 3104 3642 quod
3146 3572 3384 3645 adiungit
3412 3592 3426 3629 :
3456 3574 3790 3650 Congregatic

2204 3668 2465 3714 taurorum
2490 3659 2620 3713 inter
2644 3675 2820 3714 vaccas
2845 3660 3167 3731 populorum,
3199 3673 3253 3715 ut
3274 3665 3610 3721 excludantur
3633 3669 3673 3722 ii
3699 3670 3791 3739 qui

2212 3749 2407 3820 probati
2434 3758 2550 3802 sunt
2578 3759 2785 3821 argento
2828 3748 2928 3824 (a).
2972 3750 3176 3807 Tauros
3203 3767 3420 3820 vocans,
3452 3767 3667 3825 propter
3692 3773 3789 3812 su-

2206 3840 2442 3911 perbiam
2468 3840 2617 3896 dura:
2643 3840 3022 3913 indomitaeque
3050 3842 3308 3909 cervicis;
3353 3845 3615 3914 significat
3640 3850 3787 3903 enim

2206 3929 2509 3986 haereticos.
2548 3930 2737 3986 Vaccus
2757 3944 2932 3987 autem
2959 3932 3284 4003 populorum,
3305 3934 3647 3994 seductibiles
3669 3941 3791 3993 suis

2205 4037 2320 4077 mas
2366 4022 2737 4093 intelligendas
2781 4032 2941 4092 puto,
2990 4024 3112 4092 quia
3154 4023 3309 4080 facile
3350 4035 3645 4096 sequuntur
3687 4027 3790 4085 hos

2204 4114 2403 4168 tauros.
2427 4113 2543 4168 Non
2568 4113 2708 4168 enim
2738 4114 2960 4184 populos
2983 4113 3260 4170 universos
3286 4116 3562 4181 seducunt,
3586 4120 3643 4175 in
3667 4123 3791 4190 qui-

2204 4204 2302 4260 bus
2331 4215 2455 4261 suut
2484 4220 2673 4275 graves
2711 4216 2764 4260 et
2809 4205 3058 4268 stabiles;
3102 4208 3238 4262 unde
3274 4211 3526 4277 scriptum
3560 4223 3681 4277 est,
3717 4211 3789 4267 In

2205 4297 2394 4368 popqu
2420 4298 2559 4367 gravi
2587 4297 2804 4351 laudabo
2833 4306 2880 4351 te
2909 4295 3085 4369 (Psal.
3112 4313 3304 4363 xxxrv,
3334 4301 3461 4370 £8);
3492 4301 3585 4357 sed
3618 4302 3673 4358 in
3704 4306 3787 4360 eis

2203 4386 2413 4457 populis
2441 4401 2573 4457 quas
2603 4387 2903 4442 invenerint
2931 4402 3138 4442 vaccas.
3169 4387 3255 4442 Ea:
3290 4391 3368 4443 his
3392 4391 3525 4444 enim
3554 4403 3674 4447 sunt
3696 4396 3789 4465 qui

2204 4486 2465 4549 penetrant
2492 4476 2689 4545 domos,
2716 4487 2762 4531 et
2789 4464 3013 4549 captiuas
3038 4479 3230 4534 ducunt
3257 4482 3578 4537 mulierculas
3605 4464 3791 4540 oneru-

2202 4579 2279 4625 tos
2324 4570 2571 4637 peccatis,
2619 4584 2733 4638 quat
2776 4568 3025 4625 ducuntur
3064 4570 3217 4626 variis
3254 4572 3556 4641 desideriis;
3582 4592 3791 4648 semper

2202 4658 2466 4727 discentes,
2497 4669 2543 4715 et
2571 4660 2640 4714 ad
2665 4662 2889 4716 ueritatis
2915 4661 3173 4719 scientiam
3199 4681 3455 4731 nunquam
3484 4674 3791 4737 percutien-

2202 4763 2275 4807 tes
2300 4752 2364 4826 (ll
2385 4752 2521 4806 Tim.
2550 4768 2629 4816 tu,
2654 4752 2708 4819 6,
2735 4753 2814 4825 7).
2835 4754 2987 4822 Quod
3008 4763 3184 4811 autem
3205 4757 3280 4811 ait
3321 4758 3460 4813 idem
3486 4762 3769 4830 apostolus

2205 4842 2413 4914 Oportet
2438 4852 2486 4897 et
2511 4843 2723 4897 litarem
2744 4860 2867 4911 esse,
2898 4854 2954 4899 ut
2980 4846 3175 4911 probati
3198 4848 3450 4918 mani/esti
3473 4852 3599 4920 [iant
3626 4854 3682 4907 in
3706 4872 3796 4908 ro-

2201 4932 2275 4988 bis
2301 4933 2320 5000 (
2334 4932 2350 4986 l
2379 4931 2498 4989 Cor.
2524 4948 2602 4997 ιι,
2634 4933 2759 5003 l9);
2789 4934 2892 4989 hoc
2916 4935 3074 4991 etiam
3103 4937 3188 4992 hic
3215 4939 3472 5009 sequitur.
3507 4940 3577 4996 Ut
3606 4948 3797 4999 exclu-

2201 5021 2390 5101 dantur
2412 5021 2449 5076 ii
2473 5023 2561 5093 qui
2588 5021 2784 5092 probati
2810 5033 2929 5078 sunt
2954 5033 3179 5096 argento,
3231 5026 3282 5081 id
3321 5038 3422 5094 est,
3454 5031 3543 5100 qui
3573 5034 3795 5101 probati

2200 5121 2323 5170 sunt
2344 5097 2569 5183 eloquiis
2597 5111 2832 5167 Domini.
2861 5112 3077 5187 Eloquia
3104 5116 3299 5187 quippe
3326 5097 3556 5185 Domini,
3574 5097 3799 5192 eloquia

2200 5214 2358 5269 casta,
2383 5214 2645 5275 argentum
2664 5206 2779 5276 igne
2806 5210 3069 5277 probatum
3098 5216 3244 5262 teme
3266 5206 3434 5281 (Psal.
3456 5227 3528 5275 ιι,
3553 5212 3632 5280 7).
3650 5213 3793 5268 Nam

2203 5294 2540 5351 excludantur
2566 5295 2765 5350 dictum
2791 5305 2907 5362 est,
2949 5310 3270 5367 appareant,
3297 5301 3595 5367 emineant;
3641 5307 3793 5376 quod

2200 5385 2275 5439 ait
2302 5384 2413 5450 ille,
2445 5385 2698 5454 manifesti
2722 5386 2869 5454 ﬁant.
2895 5386 3049 5442 Unde
3071 5398 3125 5442 et
3151 5389 3203 5441 in
3227 5398 3342 5444 arte
3365 5395 3665 5460 argentaria
3695 5412 3797 5451 exs

2200 5476 2440 5533 ciusores
2465 5486 2741 5547 vocantur,
2764 5480 2853 5551 qui
2874 5480 2941 5535 de
2960 5480 3275 5539 confusione
3298 5499 3487 5539 massze
3511 5498 3789 5544 noverunt

2198 5650 2646 5774 ﬂgﬁemi‘sdd.
2661 5662 2780 5704 vero
2796 5659 2877 5702 εει
2897 5667 3212 5719 ᾳηιεηιωιετα
3227 5656 3254 5708 γ
3271 5658 3501 5711 Gratim.
3518 5670 3639 5724 Qttc
3656 5666 3797 5717 sacri

2264 5775 2337 5836 (α)
2360 5781 2428 5825 De
2453 5774 2625 5827 eadem
2647 5783 2786 5840 parte
2807 5777 2856 5840 ρ.
2881 5777 2935 5828 3i
2974 5777 3083 5829 vide
3114 5785 3252 5830 Fnar.
3279 5783 3331 5831 in
3364 5782 3489 5835 Psal.
3510 5800 3605 5850 uv,
3633 5801 3685 5840 ιι.
3708 5788 3793 5842 2?.
