3934 6316
235 386 298 437 57
1320 392 1714 449 ENARRATIO
1752 394 1819 451 IN
1857 396 2177 455 PSALMUM
2220 402 2428 463 LXVII.

198 501 410 548 tormam
444 498 585 551 vasis
613 498 929 568 exprimere.
960 500 1105 555 Multi
1131 500 1274 557 enim
1300 516 1491 556 sensus
1518 501 1760 572 Scriptu-

195 601 364 640 rarum
395 595 697 645 sanctarum
739 591 925 655 latent,
954 602 1008 646 et
1049 593 1230 661 paucis
1265 592 1761 664 intelligentioribus

193 677 294 729 noti
334 686 489 742 sunt;
539 694 637 734 nec
664 692 972 736 asseruntur
999 670 1330 737 commodius
1358 693 1413 739 et
1454 687 1759 755 acceptabi-

192 766 283 821 lius
304 808 321 833 ,
350 767 449 821 nisi
477 784 598 824 cum
629 773 984 840 respondendi
1018 774 1282 829 haereticis
1310 789 1435 828 cura
1463 775 1755 846 compellit.

190 854 328 912 'l‘unc
370 859 513 914 enim
544 862 702 915 etiam
730 864 820 933 qui
852 864 1121 933 negligunt
1150 865 1323 919 studia
1353 865 1631 931 doctrinae,
1664 882 1756 921 so-

185 961 305 1015 pore
332 948 572 1003 discusso
593 990 607 1016 ,
636 952 704 1005 ad
728 952 973 1007 audiendi
1000 954 1295 1009 excitantur
1318 954 1665 1024 diligentiam,
1701 966 1756 1010 ut

182 1038 461 1094 adversarii
491 1030 819 1098 refellantur.
840 1044 1075 1115 Denique
1090 1060 1249 1115 quam
1277 1046 1424 1100 multi
1451 1046 1754 1114 Scriptura-

185 1144 291 1185 rum
333 1140 637 1191 sanctarum
675 1148 863 1187 sensus
905 1135 972 1190 de
1015 1133 1227 1189 Christo
1272 1136 1383 1190 Deo
1410 1136 1598 1190 asserti
1630 1144 1755 1190 sunt

181 1233 352 1277 contra
397 1224 719 1280 Photinum!
774 1242 930 1297 quam
981 1227 1133 1281 mulli
1174 1227 1243 1283 de
1284 1227 1497 1283 homine
1536 1227 1751 1282 Christo

178 1323 353 1366 contra
383 1313 727 1370 Manichreum
756 1317 767 1370 l
801 1332 958 1386 quam
988 1318 1138 1372 multi
1177 1316 1245 1371 de
1274 1317 1534 1372 Trinitatc
1564 1325 1748 1372 contra

177 1401 491 1457 Sabellium!
544 1420 700 1474 quam
740 1407 886 1459 ιιιιιίιί
918 1406 984 1462 de
1014 1407 1216 1461 unitate
1260 1407 1532 1461 Trinitatis
1562 1414 1745 1460 contra

176 1494 413 1558 Arianos,
440 1494 823 1561 Eunomianos,
854 1496 1257 1551 Macedonianos
1276 1500 1478 1567 tquam
1501 1496 1652 1551 inulti
1679 1496 1746 1551 de

176 1583 422 1639 catholica
457 1583 695 1641 Ecclesia
725 1595 837 1639 toto
880 1587 1009 1642 orbe
1052 1587 1263 1655 diﬁ'usa,
1297 1597 1350 1642 et
1379 1587 1445 1641 de
1483 1588 1743 1641 malorum

176 1680 546 1736 commixtione
582 1691 749 1745 usque
792 1679 845 1732 in
884 1677 1042 1732 ﬁnem
1080 1679 1283 1743 surculi,
1325 1679 1465 1749 quod
1505 1679 1659 1733 bonis
1690 1678 1743 1733 in

174 1780 617 1825 sacramentorum
646 1769 760 1837 ejus
790 1768 1043 1825 societate
1088 1785 1194 1825 non
1240 1771 1437 1835 obsint,
1485 1770 1741 1825 adversus

177 1860 475 1917 Donatistas
499 1873 553 1918 et
582 1861 946 1919 Luciferianos
971 1864 1209 1932 aliosque
1228 1904 1242 1928 ,
1273 1864 1316 1917 si
1347 1864 1432 1934 qui
1462 1866 1621 1929 sunt,
1651 1864 1741 1932 qui

172 1953 321 2008 simili
348 1969 535 2010 errore
559 1970 589 2008 a
614 1955 835 2010 veritate
856 1954 1212 2009 dissentiunt!
1245 1970 1402 2024 quam
1432 1954 1581 2009 multi
1609 1969 1739 2009 conc

171 2053 244 2098 tra
272 2053 493 2100 ca‘terus
524 2043 801 2100 hmreticos
820 2087 835 2113 ,
866 2060 1001 2116 quos
1045 2060 1358 2100 enumerare
1388 2045 1471 2099 vel
1499 2059 1737 2099 comme-

169 2149 374 2190 morare
389 2135 551 2191 nimis
567 2136 779 2206 longum
804 2146 905 2203 est,
924 2145 977 2191 et
992 2137 1242 2206 praesenti
1260 2137 1407 2208 operi
1426 2152 1531 2191 non
1550 2152 1739 2193 neces-

169 2227 389 2282 sarium'
420 2230 658 2294 Quorum
691 2240 865 2285 tamen
892 2245 1147 2285 sensuum
1179 2230 1387 2299 probati
1414 2240 1733 2296 assertores,

166 2326 250 2371 aut
275 2332 492 2387 prorsus
524 2320 767 2383 laterent,
817 2328 909 2374 aut
935 2335 1042 2375 non
1073 2321 1141 2375 ita
1188 2310 1510 2383 eminerent,
1562 2328 1618 2374 ut
1642 2334 1737 2375 eos

165 2410 390 2464 eminere
421 2410 661 2464 fecerunt
702 2410 1052 2481 superborum
1097 2409 1569 2475 contradictiones,
1600 2424 1735 2481 quos

166 2500 297 2554 velut
339 2512 541 2567 tauros,
589 2500 640 2555 id
668 2510 749 2557 est
772 2500 901 2571 jugo
940 2500 1237 2572 disciplina:
1276 2501 1500 2572 paciﬁca
1525 2502 1736 2573 lenique

163 2605 262 2645 non
308 2590 578 2659 subditos,
629 2601 1016 2647 commemorat
1064 2592 1389 2662 Apostolus,
1436 2591 1527 2647 ubi
1576 2590 1734 2646 talem

162 2678 286 2735 dixit
308 2680 610 2751 eligendum
641 2680 706 2735 ad
738 2682 1138 2751 episcopatum,
1167 2693 1222 2735 ut
1253 2692 1429 2753 potens
1459 2684 1523 2738 sit
1548 2683 1733 2738 exhor-

162 2772 251 2825 ιι.ιὶ
274 2772 325 2825 in
353 2772 582 2826 doctrina
605 2789 752 2833 sana,
782 2783 828 2827 et
852 2775 1252 2829 contradicentes
1280 2774 1579 2846 redarguere
1604 2775 1624 2848 ί
1632 2775 1731 2834 Tit.

162 2878 196 2929 ι,
218 2863 291 2933 9).
315 2864 451 2920 Sunt
475 2864 619 2920 enim
648 2864 796 2921 multi
828 2880 933 2919 non
960 2865 1155 2919 subditi
1179 2881 1194 2931 ;
1226 2864 1278 2919 hi
1304 2877 1429 2920 sunt
1457 2866 1594 2921 tauri
1623 2866 1733 2921 ela-

163 2957 296 3010 tione
318 2955 543 3011 cervicis
572 2955 907 3026 impatientes
929 2956 1091 3011 aratri
1117 2967 1276 3027 atque
1299 2958 1564 3026 junctum:
1594 2975 1608 3010 :
1634 2972 1729 3010 va-

160 3047 368 3119 niloqui,
409 3060 463 3104 et
506 3051 763 3104 mentium
788 3051 1134 3115 seductores;
1165 3049 1262 3104 has
1287 3059 1496 3106 mentes
1524 3050 1728 3121 signiﬁ-

158 3139 287 3194 cavit
323 3141 422 3195 istc
467 3141 703 3210 psalmus
743 3141 1098 3209 appellatione
1131 3155 1429 3196 vaccarum.
1475 3141 1554 3195 Ad
1592 3141 1729 3196 hanc

157 3242 275 3298 ergo
303 3229 583 3286 utilitatem
609 3269 623 3295 ,
670 3228 1009 3285 Providentia
1053 3229 1230 3284 divina
1260 3229 1518 3300 permittit
1548 3240 1729 3286 tauros

156 3320 451 3389 congregari
488 3319 630 3375 inter
667 3335 856 3375 vaccas
892 3321 1241 3391 populorum,
1283 3330 1341 3376 ut
1369 3322 1723 3389 excludantur,

157 3407 203 3460 id
231 3416 328 3472 est,
372 3418 431 3463 ut
472 3410 743 3466 emineant
781 3412 868 3482 qui
898 3412 1093 3480 probati
1116 3422 1235 3467 sunt
1260 3420 1486 3485 argento.
1516 3414 1596 3468 Ad
1624 3413 1727 3468 hoc

154 3500 285 3552 enim
310 3499 543 3555 haereses
567 3502 816 3555 sinuntur
836 3517 975 3566 esse,
1003 3513 1061 3556 ut
1087 3504 1284 3572 probati
1304 3504 1555 3574 manifesti
1574 3504 1722 3573 fiant.

155 3589 451 3662 Quanquam
480 3601 535 3646 et
575 3592 653 3648 sic
680 3596 850 3664 possit
877 3594 1097 3665 intelligi
1127 3611 1141 3648 :
1175 3594 1506 3666 Congregatio
1548 3605 1722 3650 tauro-

155 3700 256 3735 rum
294 3686 421 3739 inter
450 3701 625 3740 vaccas
654 3688 958 3758 populorum
981 3730 996 3755 ,
1046 3697 1100 3743 ut
1140 3690 1207 3743 ab
1236 3690 1314 3744 eis
1340 3692 1515 3747 vaccis
1544 3693 1715 3745 exclu-

154 3775 329 3830 dantur
351 3778 436 3848 qui
462 3779 659 3848 probati
682 3788 796 3833 sunt
820 3790 1045 3851 argento.
1074 3781 1219 3836 Hauc
1246 3782 1387 3835 enim
1416 3782 1613 3837 habent
1640 3784 1723 3838 in:

154 3869 430 3925 teutioncm
451 3871 683 3926 hmretici
705 3870 973 3939 doctores,
998 3882 1055 3928 ut
1074 3873 1142 3928 ab
1161 3874 1377 3930 auribus
1396 3876 1716 3945 animarum,

151 3972 271 4026 quas
296 3960 553 4017 seducere
581 3962 892 4028 moliuntur,
923 3964 1208 4019 excludant
1236 3981 1350 4034 eos,
1398 3967 1450 4020 id
1494 3978 1596 4033 est,
1628 3983 1717 4025 se-

152 4062 323 4118 parent
344 4068 440 4107 eos
459 4055 546 4123 qui
571 4054 776 4123 probati
802 4064 925 4110 sunt
955 4067 1194 4127 argento,
1229 4058 1278 4113 id
1304 4068 1405 4127 est,
1429 4060 1515 4129 qui
1540 4061 1715 4117 idonei

149 4152 260 4196 sunt
278 4143 472 4200 docere
493 4145 702 4217 eloquia
730 4146 961 4201 Domini.
987 4146 1093 4203 Sed
1118 4148 1231 4203 sive
1258 4149 1345 4203 ille
1367 4149 1524 4220 hujus
1546 4153 1713 4219 verbi,

148 4234 249 4289 sive
274 4236 372 4291 iste
412 4238 484 4291 sit
520 4253 742 4305 sensus;
774 4240 1014 4309 sequitur
1061 4259 1075 4295 :
1120 4241 1368 4313 Disperge
1406 4254 1577 4315 gentes
1602 4262 1717 4316 qua:

148 4326 267 4380 bella
294 4328 483 4382 volunt.
523 4328 639 4384 Non
685 4331 825 4385 enim
869 4333 1211 4399 correctioni,
1259 4335 1353 4388 sed
1384 4337 1713 4393 contentioni

147 4416 361 4472 student.
410 4421 522 4475 lloc
546 4436 673 4493 ergo
701 4424 1005 4493 prOphetat,
1036 4433 1092 4479 ut
1135 4425 1234 4495 ipsi
1280 4428 1456 4497 potius
1502 4428 1713 4499 disper-

146 4518 321 4575 gantur
347 4512 436 4590 qui
467 4513 661 4583 corrigi
691 4514 901 4582 nolunt,
928 4516 1019 4587 qui
1047 4532 1262 4588 gregem
1285 4519 1479 4574 Christi
1504 4520 1714 4592 disper-

143 4611 257 4665 gere
286 4584 551 4657 affectant.
576 4602 775 4660 Gentes
803 4584 980 4660 autem
1006 4584 1326 4677 appellavit,
1355 4624 1460 4664 non
1494 4584 1713 4682 propter

143 4693 500 4758 generationes
537 4692 879 4761 familiarum,
920 4697 1015 4752 sed
1054 4709 1270 4769 propter
1308 4715 1501 4771 genera
1541 4714 1711 4759 secta-

142 4795 266 4847 rum,
296 4784 379 4839 ubi
406 4788 575 4840 series
601 4788 957 4844 successionis
978 4791 1258 4845 confirmat
1284 4807 1542 4850 errorem.

201 4874 284 4930 40.
342 4875 511 4950 [vers.
559 4878 789 4953 δεξιὴ]
858 4880 1063 4936 Venient
1117 4885 1269 4955 legati
1324 4902 1386 4940 ea:
1430 4886 1707 4959 Egypto;

140 4963 391 5037 Ethiopia
423 4974 688 5047 praeveniet
726 4990 906 5028 manus
942 4977 1070 5044 ejus.
1099 4976 1312 5050 Egypti
1334 5020 1348 5046 ,
1378 4980 1459 5038 vel
1489 4980 1705 5037 Ethio-

140 5056 228 5121 piae
272 5061 506 5124 nomine,
552 5063 793 5118 omnium
837 5067 1075 5135 gentium
1125 5068 1283 5123 ﬁdem
1311 5070 1646 5141 signiﬁcavit,
1674 5090 1703 5127 a

141 5157 273 5211 parte
299 5160 502 5217 totum;
534 5153 738 5223 legatos
774 5155 1050 5225 appellans
1090 5161 1535 5218 reconciliationis
1564 5179 1703 5234 prte—

138 5235 404 5295 dicatores.
459 5241 565 5296 Pro
612 5243 841 5311 Christo,
887 5246 1085 5316 inquit,
1133 5250 1380 5321 legatione
1420 5252 1701 5325 fungimur,

138 5337 356 5399 tanquam
401 5332 513 5388 Deo
564 5337 860 5390 exhortante
910 5355 998 5407 per
1042 5356 1133 5395 nos
1179 5356 1198 5395 :
1247 5344 1563 5398 obsecramus
1610 5364 1701 5418 pro

138 5418 317 5475 Christo
345 5426 660 5480 reconciliari
688 5426 798 5481 Deo
828 5427 905 5499 (11
936 5428 1053 5483 Cor.
1089 5447 1140 5495 v,
1171 5430 1242 5487 20
1260 5433 1302 5504 ).
1336 5434 1446 5488 Non
1476 5451 1603 5506 ergo
1632 5438 1701 5493 de

137 5515 248 5565 solis
290 5514 560 5582 lsraclitis,
609 5511 749 5575 unde
791 5523 1028 5590 Apostoli
1061 5523 1216 5579 electi
1244 5536 1386 5592 sunt,
1417 5528 1509 5583 sed
1538 5530 1697 5585 etiam

141 5602 200 5654 de
237 5607 438 5661 cmteris
467 5610 716 5677 gentibus
747 5610 956 5668 futuros
989 5615 1368 5681 praedicatores
1395 5610 1697 5677 christiana:

138 5692 283 5759 pacis,
307 5695 404 5750 hoc
431 5699 589 5751 modo
617 5701 843 5772 mystice
872 5705 1241 5776 prophetatum
1264 5718 1367 5763 est.
1388 5710 1541 5778 Quod
1567 5728 1695 5769 vero

136 5780 217 5849 ait,
232 5784 502 5845 Frtrceuict
525 5809 700 5848 manus
716 5794 840 5864 ejus,
864 5795 961 5853 hoc
980 5798 1071 5866 ait,
1096 5801 1385 5869 pricvcnict
1406 5803 1691 5863 vindictam

3355 430 3456 485 853

1874 508 2023 576 ejus;
2055 514 2403 570 conversione
2431 516 2633 573 scilicet
2661 519 2725 575 ad
2752 537 2894 592 eum,
2928 535 2985 581 ut
3028 540 3239 598 peccata
3270 534 3445 590 dimit-

1873 607 2069 664 tantur,
2100 616 2167 657 ne
2196 616 2504 673 peccatores
2531 616 2892 679 permanendo
2936 620 3239 688 puniantur.
3288 627 3442 691 Quod

1868 690 2028 745 etiam
2055 692 2106 747 in
2131 694 2235 747 alio
2256 697 2458 765 psalmo
2484 700 2677 756 dicitur
2701 721 2713 756 :
2744 704 3118 765 Prmeniamus
3138 690 3323 780 facient
3338 721 3450 787 ejus

1865 779 1919 832 in
1948 784 2257 850 confessione
2295 785 2481 856 (Psal.
2513 806 2658 858 χειν,
2690 792 2779 867 2).
2810 795 2957 852 Sicut
2988 815 3082 871 per
3105 779 3287 859 manus
3316 779 3439 861 vin-

1864 868 2093 937 dictam,
2139 874 2208 927 ita
2242 891 2336 943 per
2360 876 2541 945 faciem
2585 885 2963 942 revelationem
2988 868 3440 966 praesentiamque

1862 959 2141 1029 signiﬁcat,
2189 980 2305 1033 qua:
2337 966 2512 1023 futura
2554 980 2637 1027 est
2681 973 2732 1027 iu
2759 959 3002 1045 judicios
3025 982 3155 1048 Quia
3185 1000 3312 1053 ergo
3341 959 3438 1053 per

1861 1049 2149 1121 {Egyptum
2176 1064 2335 1126 atque
2355 1057 2683 1131 Ethiopiam
2713 1068 2873 1122 totius
2897 1072 3041 1124 orbis
3066 1049 3443 1147 gentes'sigini-

1857 1138 2054 1209 ﬁcavit,
2083 1146 2335 1200 continuo
2356 1149 2625 1218 suhjnnxit
2652 1169 2667 1207 :
2693 1153 2803 1209 Deo
2824 1174 2981 1228 regna
3007 1138 3170 1218 ωτι-ω.
3198 1138 3441 1219 NonvSa-

1855 1230 2037 1297 bellio,
2080 1249 2185 1289 non
2232 1238 2379 1303 Ario,
2427 1258 2532 1296 non
2583 1244 2810 1314 Donato,
2865 1266 2971 1305 non
3021 1259 3230 1309 creteris
3275 1261 3439 1314 tauris

1855 1323 2166 1390 cervicatis;
2200 1327 2316 1392 sed,
2351 1328 2454 1387 Deo
2483 1348 2638 1403 regna
2664 1345 2828 1391 terrae.
2900 1332 2903 1335 ’

1922 1413 2011 1467 41.
2054 1412 2239 1471 Plures
2275 1431 2451 1474 autem
2478 1423 2690 1480 codices
2718 1429 2900 1497 latini,
2934 1441 2987 1487 et
3016 1435 3246 1489 maxime
3271 1439 3432 1506 grzrei

1853 1502 1923 1558 ita
1964 1503 2245 1562 distinctos
2273 1525 2459 1566 versus
2490 1514 2704 1583 habent,
2734 1528 2789 1573 ut
2834 1536 2939 1576 non
2984 1524 3054 1578 sit
3079 1525 3130 1580 in
3172 1528 3249 1581 eis
3296 1545 3435 1585 unus

1852 1594 2165 1664 versiculus,
2198 1598 2304 1655 Deo
2328 1618 2483 1673 regna
2510 1616 2691 1673 terrm;
2714 1611 2826 1677 sed,
2853 1612 2979 1677 Deo,
3010 1615 3063 1670 in
3090 1618 3191 1673 ﬁne
3218 1620 3288 1674 sit
3314 1636 3433 1675 ver-

1849 1698 1941 1738 sus
1968 1688 2279 1756 superioris,
2312 1701 2471 1763 atque
2502 1695 2570 1749 ita
2603 1698 2825 1775 dicatur,
2858 1702 3128 1775 IEt/iioria
3167 1711 3434 1778 praeveniet

1848 1791 2026 1830 manus
2061 1778 2171 1849 ejus
2208 1779 2313 1836 Deo
2337 1823 2352 1847 ,
2399 1799 2462 1840 ac
2502 1785 2696 1842 deinde
2732 1804 2985 1862 sequatur
3016 1796 3066 1849 in
3098 1798 3203 1851 alio
3233 1814 3388 1854 versu
3411 1838 3430 1865 ,

1847 1864 2027 1935 Regna
2055 1878 2220 1937 terror,
2251 1884 2449 1930 cantate
2481 1874 2607 1944 Deo,
2638 1881 2837 1948 psallite
2869 1882 3110 1941 Domino.
3159 1889 3271 1956 Qua
3315 1864 3429 1945 dis?

1848 1954 2119 2018 tinctione.
2138 1960 2425 2016 multorum
2455 1965 2699 2021 codicum
2720 1979 2775 2024 et
2799 1976 3110 2033 auctoritate
3128 1954 3428 2047 diﬁniorum

1846 2049 2194 2103 consonantia
2212 2091 2227 2115 ,
2255 2052 2371 2107 sine
2400 2053 2561 2111 dubio
2593 2059 2923 2125 praeferenda
2946 2105 2959 2127 ,
2992 2064 3124 2122 ﬁdes
3150 2081 3428 2125 commen-

1844 2134 1957 2190 dari
1990 2136 2119 2199 mihi
2147 2138 2378 2208 videtur,
2412 2160 2529 2213 quae
2574 2162 2736 2218 opera
2786 2154 3037 2222 prtecedit
3083 2173 3096 2208 :
3142 2143 3263 2225 quia
3310 2160 3427 2215 sine

1844 2225 2102 2283 bonorum
2142 2244 2361 2300 operum
2395 2235 2599 2293 meritis
2645 2256 2741 2309 per
2767 2242 2924 2298 ﬁdem
2958 2246 3278 2315 justiﬁcatur
3320 2251 3425 2305 im-

1840 2318 1980 2388 pius,
2009 2321 2145 2375 sicut
2172 2322 2300 2378 dicit
2328 2327 2647 2397 Apostolus,
2678 2332 2914 2389 Credenti
2939 2337 2993 2391 in
3019 2352 3134 2392 eum
3158 2342 3245 2412 qui
3260 2343 3423 2411 justi-

1842 2409 1963 2477 ﬁcat
1996 2410 2229 2481 impium,
2253 2414 2521 2487 deputatur
2554 2420 2681 2489 fides
2715 2424 2825 2494 ejus
2850 2426 2920 2479 ad
2943 2409 3196 2498 justitiam
3238 2409 3421 2501 (Rom.

1841 2514 1917 2564 tv,
1946 2501 1978 2557 5
2000 2498 2019 2573 )
2038 2520 2058 2592 7;
2103 2512 2160 2558 ut
2196 2504 2389 2563 deinde
2415 2509 2525 2579 ipsa
2554 2511 2683 2568 ﬁdes
2711 2531 2806 2585 per
2845 2516 3180 2575 dilectionem
3209 2498 3422 2592 incipiat

1840 2591 2070 2660 operari.
2120 2592 2195 2648 Ea
2225 2596 2419 2667 quippe
2463 2603 2573 2655 sola
2603 2604 2741 2659 bona
2787 2621 2949 2675 opera
2992 2610 3213 2666 dicenda
3258 2591 3420 2683 sunt,

1839 2694 1957 2752 quae
1985 2681 2119 2739 ﬁunt
2159 2699 2257 2754 per
2283 2686 2621 2747 dilectionem
2652 2694 2766 2750 Dei.
2819 2697 2944 2753 llzec
2982 2708 3157 2756 autem
3202 2681 3421 2760 necesse

1838 2781 1920 2829 est
1946 2776 2225 2833 antecedat
2254 2778 2387 2835 ﬁdes
2408 2821 2424 2845 ,
2453 2792 2511 2837 ut
2536 2783 2660 2841 inde
2687 2786 2807 2854 ista,
2838 2804 2942 2843 non
2966 2792 3035 2845 ab
3060 2793 3175 2847 istis
3202 2794 3418 2865 incipiat

1837 2863 1961 2932 illa;
1992 2860 2241 2935 q’uoniam
2284 2869 2458 2925 nullus
2501 2886 2758 2944 operatur
2786 2890 2879 2948 per
2908 2879 3249 2938 dilectionem
3282 2860 3372 2940 Dei
3398 2927 3415 2953 ,

1837 2955 1938 3010 nisi
1967 2956 2115 3024 prius
2155 2958 2337 3014 credat
2367 2961 2419 3015 in
2448 2962 2637 3019 Deum.
2672 2966 2795 3023 llmc
2824 2978 2906 3024 est
2933 2971 3082 3039 ﬁdes.
3113 2972 3182 3028 de
3210 2989 3309 3044 qua
3336 2975 3419 3029 di-

1834 3044 1972 3101 citur
2008 3065 2023 3101 :
2066 3046 2131 3101 In
2158 3049 2359 3124 Christo
2386 3055 2521 3109 enim
2547 3055 2670 3112 Jcsu
2696 3074 2856 3132 neque
2880 3063 3192 3119 circumcisio
3220 3067 3418 3139 aliquid

1834 3137 1983 3201 valet,
2022 3154 2182 3210 neque
2206 3146 2555 3213 pra'putium;
2579 3149 2669 3203 sed
2695 3149 2823 3219 ﬁdes
2846 3168 2960 3225 quas
2984 3172 3076 3224 per
3100 3137 3416 3212 dilectionem

1832 3224 2072 3301 operiatur
2092 3231 2236 3303 (Gal.
2262 3251 2313 3298 ν,
2342 3236 2421 3307 6).
2453 3236 2580 3295 Haec
2596 3251 2681 3295 est
2708 3224 2863 3311 ﬁdes,
2887 3244 2955 3301 de
2979 3262 3079 3316 qua
3105 3248 3204 3319 ipsi
3232 3249 3416 3305 Eccle-

1832 3323 1925 3377 siae
1952 3322 2145 3380 dicitur
2172 3326 2224 3380 in
2255 3327 2489 3386 Canticis
2516 3335 2847 3407 canticorum
2893 3355 2907 3393 :
2970 3336 3163 3406 Veniet,
3208 3353 3254 3396 et
3300 3360 3415 3413 per-

1832 3413 2043 3469 transies
2070 3414 2132 3468 ab
2160 3416 2305 3472 initio
2329 3419 2448 3487 fidei
2479 3420 2653 3493 (Cant.
2683 3439 2761 3491 tv,
2791 3429 2844 3493 8,
2878 3443 2978 3482 sec.
3019 3428 3159 3485 LXX
3180 3432 3225 3503 ).
3260 3433 3414 3488 Venit

1828 3508 1970 3561 enim
2019 3518 2269 3581 tanquam
2312 3527 2503 3570 currus
2552 3515 2644 3571 Dei
2692 3517 2746 3574 in
2774 3519 3031 3595 millibus
3079 3523 3410 3596 lattantium,

1829 3612 2141 3667 prosperum
2181 3601 2283 3656 iter
2308 3602 2526 3670 habens,
2555 3614 2610 3662 et
2636 3611 2945 3679 pertransiit
2968 3612 3036 3668 de
3077 3613 3178 3671 hoc
3207 3619 3411 3673 mundo

1827 3688 1891 3742 ad
1925 3690 2134 3745 Patrem
2161 3690 2343 3760 (Joan.
2372 3711 2488 3764 xui,
2518 3696 2571 3771 1)
2601 3715 2615 3752 :
2646 3708 2703 3753 ut
2728 3699 2818 3755 ﬁat
2844 3702 2895 3757 in
2922 3718 2983 3758 ea
3011 3706 3150 3776 quod
3181 3721 3406 3778 sponsus

1826 3778 1940 3849 ipse
1968 3780 2116 3847 dicit,
2165 3783 2255 3853 qui
2300 3786 2510 3840 transiit
2554 3788 2623 3843 de
2666 3786 2769 3846 hoc
2816 3792 3016 3847 mundo
3058 3795 3125 3849 ad
3172 3796 3403 3868 Patrem,

1832 3867 1960 3924 Volo
1985 3879 2040 3925 ut
2068 3872 2153 3926 ubi
2181 3889 2270 3945 ego
2298 3891 2429 3941 sum,
2457 3886 2503 3930 et
2528 3877 2611 3931 isti
2639 3879 2739 3934 sint
2767 3898 2959 3937 mecum
2986 3883 3094 3955 (Id.
3121 3902 3249 3954 xvn,
3275 3889 3402 3962 24);

1826 3961 1918 4017 sed
1958 3962 2025 4015 ah
2053 3962 2205 4019 initio
2246 3965 2387 4022 ﬁdei.
2419 3968 2553 4038 Quia
2580 3986 2708 4044 ergo
2737 3983 2794 4028 ut
2817 3974 2952 4031 bona
2983 3993 3143 4049 opera
3172 3996 3404 4052 sequan-

1825 4063 1929 4121 tur,
1976 4056 2229 4125 praccedit
2269 4058 2399 4115 ﬁdes
2419 4101 2433 4125 ,
2465 4077 2564 4118 nec
2608 4065 2710 4118 ulla
2754 4076 2879 4123 sunt
2905 4068 3041 4124 bona
3071 4086 3230 4141 opera
3255 4115 3271 4141 ,
3304 4076 3403 4131 nisi

1822 4160 1939 4215 qua:
1967 4157 2259 4216 sequuntur
2286 4152 2675 4218 pnnccdcnlem
2708 4156 2862 4229 ﬁdem
2895 4177 2908 4213 :
2938 4160 3065 4216 nihil
3091 4163 3231 4219 aliud
3261 4166 3403 4221 vidc-

1822 4245 1907 4289 tur
1929 4237 2148 4306 dictum,
2178 4238 2451 4311 Ethiopia
2480 4247 2749 4315 pra’veniet
2778 4265 2957 4305 manus
2985 4253 3094 4322 ejus
3120 4252 3245 4319 Deo,
3277 4258 3399 4324 nisi,

1820 4325 2091 4398 IEthiopia
2112 4330 2294 4385 credet
2318 4332 2448 4389 Deo.
2476 4334 2566 4392 Sic
2589 4338 2727 4392 enim
2760 4342 3025 4410 prteveniet
3053 4361 3233 4401 manus
3270 4350 3397 4418 ejus,

1821 4417 1871 4471 id
1900 4428 1983 4473 est
2005 4433 2164 4489 opera
2189 4420 2323 4493 ejus.
2351 4423 2533 4495 Cujus,
2566 4427 2664 4483 nisi
2705 4430 2867 4499 ipsius
2898 4431 3225 4505 Ethiopian?
3263 4417 3400 4505 Quia

1820 4507 1921 4562 hoc
1949 4508 1999 4563 in
2029 4524 2203 4580 graeco
2233 4528 2336 4568 nou
2366 4524 2449 4570 est
2472 4517 2775 4588 ambiguum
2806 4536 2821 4577 :
2854 4524 2965 4589 eius
2993 4525 3188 4595 quippe
3218 4527 3286 4582 ibi
3320 4528 3401 4584 l'e-

1816 4598 2020 4654 xninino
2061 4616 2258 4670 genere
2286 4603 2623 4674 apertissime
2657 4609 2886 4679 positum
2918 4623 3017 4669 est.
3060 4616 3139 4671 Ac
3178 4632 3273 4687 per
3302 4618 3400 4676 hoc

1817 4688 1946 4741 nihil
1973 4690 2113 4745 aliud
2144 4691 2339 4748 dictum
2367 4705 2467 4763 est,
2501 4713 2658 4768 quam
2692 4698 2963 4773 Ethiopia
2994 4709 3257 4775 prteveniet
3286 4727 3399 4763 ma-

1816 4797 1909 4835 nus
1947 4799 2065 4837 suas
2098 4782 2225 4850 Deo,
2274 4785 2327 4840 id
2370 4796 2474 4853 est,
2519 4790 2787 4848 credendo
2834 4794 2889 4849 in
2919 4796 3082 4852 Deum
3114 4803 3401 4869 prmvcnivt

1815 4883 1975 4943 opera
2005 4890 2123 4932 sua.
2152 4875 2402 4932 Existimo
2428 4882 2580 4949 enim,
2607 4882 2775 4952 inquit
2796 4886 3102 4957 Apostolus,
3122 4893 3398 4964 justiﬁcari

1813 4965 2064 5020 hominem
2094 4984 2183 5038 per
2212 4968 2364 5035 ﬁdem
2388 4972 2496 5025 sine
2524 4974 2757 5042 operibus
2785 4972 2953 5046 Legis.
2994 4980 3075 5033 An
3100 4980 3397 5042 Judworum

1811 5053 1951 5111 Deus
1981 5062 2215 5112 tantum?
2241 5076 2406 5115 nonne
2432 5071 2476 5116 et
2508 5063 2741 5119 Gentium
2788 5065 2961 5136 (Rom.
2992 5085 3048 5125 ιιι
3069 5111 3082 5134 ,
3114 5072 3185 5127 28
3202 5083 3246 5125 et
3266 5075 3399 5145 29)?

1810 5146 1897 5202 Sic
1921 5164 2047 5218 ergo
2071 5148 2362 5221 jEthiopia,
2391 5167 2509 5223 qua:
2531 5153 2739 5210 videtur
2759 5165 2998 5213 extrema
3023 5159 3293 5229 Gentium,
3312 5164 3398 5236 ju-

1809 5236 2068 5292 stiﬁcatur
2098 5254 2193 5309 per
2220 5239 2377 5296 ﬁdem
2402 5243 2517 5298 sine
2542 5245 2792 5314 operibus
2813 5245 2989 5318 Legis.
3013 5249 3128 5305 Non
3149 5253 3316 5323 enim,
3339 5264 3394 5313 ut

1806 5327 2145 5398 iustiﬁcetur,
2174 5329 2241 5387 de
2271 5330 2424 5402 Legis
2452 5335 2705 5404 operibus
2730 5337 3023 5407 gloriatur;
3055 5356 3153 5397 nec
3184 5358 3396 5414 praepo—

1808 5419 1888 5472 nit
1916 5418 2037 5475 ﬁdei
2068 5420 2255 5475 merita
2299 5437 2415 5491 sua,
2466 5424 2559 5480 sed
2607 5425 2711 5481 ﬁde
2762 5428 3017 5498 praevenit
3063 5445 3226 5502 opera
3274 5449 3394 5492 sua.

1806 5512 1992 5568 Plures
2034 5528 2163 5570 sane
2200 5517 2411 5573 codices
2452 5519 2467 5549 ¹
2513 5535 2618 5574 ηοιι
2648 5519 2861 5590 habent,
2896 5541 3097 5592 manus,
3128 5528 3241 5593 sed,
3278 5546 3393 5583 τηατ

1806 5619 1965 5670 num;
2002 5605 2143 5677 quod
2188 5609 2516 5665 tantumdem
2543 5612 2712 5679 valet,
2742 5618 2990 5685 quoniam
3018 5633 3113 5688 pro
3140 5622 3393 5691 operibus

1800 5756 2059 5872 ﬁ
2077 5760 2265 5814 codices
2284 5774 2435 5828 grata
2458 5776 2552 5817 non
2572 5764 2765 5820 habent.
2788 5768 2955 5833 Abest,
2980 5773 3148 5839 greci,
3169 5787 3198 5827 a
3219 5777 3389 5829 metio—
