3934 6322
467 390 573 449 839

470 505 699 579 positum
721 508 825 557 est.
839 495 1044 552 llallem
1068 498 1247 546 autem
1271 480 1420 538 latini
1436 480 1753 545 interpretes
1774 471 1851 525 sic
1867 480 2044 523 trans-

469 558 712 654 trulisseut
750 609 765 646 :
798 584 1070 657 ιΕιΙιίορὶα
1119 575 1387 651 praecidet
1415 582 1596 623 ntanus
1618 579 1772 626 suas,
1810 558 1895 613 vel
1932 572 2048 610 ma-

471 708 590 747 num
617 702 765 743 suam
793 683 898 738 Deo
928 682 982 741 ίς
1024 671 1275 746 quoniam
1316 663 1528 735 planius
1557 658 1659 711 hoc
1700 660 1859 716 esset,
1891 662 2049 719 quam

473 780 611 852 quod
652 790 794 832 nunc
836 739 1184 828 dictum-cst,
1229 758 1341 827 ejus
1367 770 1386 808 :
1431 761 1488 807 et
1513 748 1659 805 salva
1685 744 1907 801 veritate
1935 739 2052 794 lleri

476 836 677 943 posset,
706 865 827 935 quia
853 863 904 916 in
931 870 1102 927 ιιι-τερα
1129 852 1308 920 lingua
1336 845 1387 899 id
1419 851 1710 912 pronomen
1738 836 1883 893 αὗτῆς
1903 872 1918 892 ,
1944 843 2052 882 non

1379 933 1392 943 ·
1620 933 1745 943 Α--.
1775 916 1993 943 :-_...n:..:
2036 933 2050 943 .

496 916 677 934 ’ν’¹⁷*“ν
710 916 809 935 Ὶ“”⁷⁷
933 916 961 927 ιν
1211 916 1229 920 ν

473 916 649 1020 zelum
674 960 805 1027 ejus,
832 951 925 1005 sed
953 948 1110 1002 etiam
1136 956 1283 995 suam
1312 933 1395 990 vel
1424 947 1544 985 suas
1574 933 1749 997 potest
1775 916 1997 987 intelligi
2036 933 2051 969 :

1649 1017 1661 1027 '
1924 1007 2049 1027 l1-..

477 1007 649 1020 ..ω----
678 1007 739 1027 -Γ
793 1007 805 1017 ,

477 1069 623 1107 suam
650 1062 811 1117 ergo,
857 1043 903 1097 si
945 1049 1189 1095 manum;
1228 1044 1346 1083 suas
1373 1035 1551 1079 autem
1572 1061 1587 1083 ,
1619 1017 1664 1070 si
1693 1028 1890 1068 manus.
1921 1007 2053 1063 Nam

481 1141 622 1214 quod
648 1099 807 1193 esiiu
836 1143 1012 1203 grwco
1032 1169 1047 1193 ,
1084 1140 1219 1193 χιῖρυ.
1248 1121 1397 1178 «bis;
1418 1156 1432 1181 ,
1471 1108 1611 1182 quod
1641 1106 1817 1176 plures
1843 1099 2057 1156 codices

1716 1213 1725 1214 κ
1756 1204 1871 1214 ναι-ι
1905 1190 2027 1214 2.....l

482 1190 700 1297 habent,
731 1237 786 1283 et
811 1238 1013 1278 ηιιιηιιιη
1040 1218 1170 1286 ejus,
1201 1221 1254 1265 et
1277 1221 1482 1263 manum
1505 1217 1668 1261 suam,
1700 1204 1877 1267 potest
1905 1190 2059 1246 intel-

482 1326 570 1395 ligi
603 1340 617 1378 :
646 1318 785 1390 quod
814 1330 939 1369 vero
964 1322 1138 1365 rarum
1165 1310 1249 1359 est
1274 1302 1326 1354 in
1352 1293 1624 1353 codicibus
1650 1288 1865 1359 gnecis,
1899 1288 2059 1353 χαρὰς

1552 1383 1563 1395 .
1606 1381 1637 1395 _.
1690 1393 1702 1395 _
1740 1384 1906 1395 Hm.
1937 1371 2033 1395 ΜΔ,

484 1371 735 1475 αέτῆςῗθῑ
752 1419 939 1473 manus
968 1399 1096 1469 ejus,
1129 1402 1182 1447 et
1210 1405 1386 1444 manus
1406 1400 1523 1440 suas
1552 1381 1712 1435 latine
1739 1384 1912 1446 potest
1934 1371 2058 1425 dici.

554 1504 644 1557 4‘2.
687 1471 818 1553 lliuc
839 1494 970 1565 jam,
988 1462 1141 1543 velut
1169 1480 1407 1539 decursis
1427 1491 1523 1547 per
1544 1468 1877 1542 prophetiam
1899 1462 2062 1518 rebus

487 1594 756 1655 omnibus,
784 1600 916 1656 quas
943 1580 1186 1649 impletas
1222 1587 1341 1628 esse
1366 1571 1473 1640 jam
1499 1563 1790 1623 cernimus,
1823 1559 2065 1610 hortatur

490 1646 818 1740 ad
862 1646 1078 1733 Christi,
1124 1681 1188 1721 ae
1229 1659 1421 1717 deinde
1464 1650 1786 1727 praenuntiat
1831 1646 2066 1699 futurum

490 1779 607 1844 ejus
634 1773 937 1827 adventum.
960 1763 1138 1831 Regna
1164 1768 1329 1815 terrw,
1356 1756 1555 1804 cantate
1581 1744 1709 1805 Deo,
1738 1739 1938 1811 psallite
1961 1733 2070 1788 Do-

489 1826 664 1928 uiino;
704 1858 904 1931 psallite
931 1826 1151 1919 Deo-qui
1188 1841 1412 1899 ascendit
1436 1851 1587 1906 super
1614 1831 1792 1887 mlum
1829 1826 2070 1881 calorum

492 1959 562 2012 ad
591 1914 830 2009 orientem
858 1964 876 2003 :
903 1945 986 2000 vel
1028 1942 1168 1997 sicut
1206 1931 1442 1989 nonnulli
1478 1926 1692 1982 codices
1720 1920 1939 1983 habent,
1972 1914 2072 1982 Qui

497 2046 721 2104 ascendit
752 2055 902 2111 super
930 2034 1110 2091 ctelum
1150 2026 1261 2083 εωιὶ
1290 2025 1356 2078 ad
1396 2022 1651 2075 oriattem.
1696 2012 1753 2066 In
1782 2010 1865 2063 his
1894 2005 2070 2061 verbis

499 2141 588 2196 ille
627 2151 733 2191 non
764 2099 1012 2197 inlelligit
1038 2122 1329 2179 Christum,
1359 2112 1452 2184 qui
1480 2109 1595 2178 ejus
1621 2099 2072 2160 resurrectionem

499 2225 969 2289 ascensionemque
1012 2229 1116 2270 non
1157 2207 1344 2265 credit.
1388 2202 1468 2257 Ad
1510 2198 1751 2253 orientem
1778 2206 1903 2247 vero
1934 2186 2079 2260 quod

499 2319 723 2380 addidit,
746 2325 925 2372 nonae
951 2308 1109 2364 etiam
1138 2303 1310 2373 ipsum
1341 2298 1536 2355 locum,
1562 2287 1810 2359 quoniam
1839 2284 1890 2337 in
1911 2278 2079 2350 parti-

502 2414 601 2469 bus
625 2405 848 2463 orientis
873 2411 958 2457 est
985 2399 1074 2453 ubi
1113 2389 1404 2450 resurrexit
1430 2394 1483 2441 et
1523 2381 1662 2438 unde
1692 2374 1955 2437 ascendit,
1987 2386 2081 2426 ex-

505 2499 735 2575 pressit?
764 2496 909 2564 Ergo
940 2504 1106 2558 super
1140 2484 1334 2540 malum
1363 2476 1486 2533 cmli
1521 2471 1671 2528 sedet
1702 2468 1767 2522 ad
1801 2466 2080 2521 dexteram

742 2553 870 2644 llocv
894 2591 978 2638 est
1014 2553 1155 2651 quod
1194 2574 1321 2630 dicit
1360 2568 1647 2641 Apostolus
1673 2580 1687 2616 :
1711 2559 1834 2631 Ipse
1879 2564 1951 2611 est
1993 2553 2085 2625 qui

504 2643 922 2745 usceuditsuper
972 2643 1142 2728 omnes
1189 2667 1340 2722 cwlos
1387 2660 1603 2733 (Ephes.
1662 2670 1734 2718 tv,
1788 2651 1899 2722 10).
1947 2643 2085 2717 Quid

501 2780 652 2834 enim
677 2743 936 2828 caelorum
964 2770 1131 2819 restat
1156 2767 1279 2829 post
1300 2754 1495 2810 coelum
1524 2746 1683 2804 cteli?
1721 2743 1865 2810 Quos
1894 2748 1948 2795 et
1975 2751 2087 2793 etes

506 2870 592 2924 los
641 2863 900 2921 ccelorum
948 2866 1231 2927 possumus
1283 2848 1481 2909 dicere,
1508 2841 1647 2897 sicut
1686 2833 1896 2892 vocavit
1919 2831 2091 2885 ﬁrma-

508 2956 756 3015 .mentum
786 2949 1016 3011 ctelum',
1041 2940 1182 3014 quod
1204 2949 1378 2993 tamen
1405 2933 1620 2993 calum,
1648 2925 1803 2981 etiam
1824 2921 1990 2979 cmlos
2012 2919 2091 2974 le-

512 3009 707 3118 gimus,
738 3040 826 3096 ubi
871 3009 1126 3104 scriptum
1169 3036 1288 3084 est:
1316 3022 1384 3079 Et
1424 3035 1567 3090 aqua!
1602 3030 1714 3089 qua:
1750 3028 1902 3083 super
1941 3009 2091 3065 caios

512 3100 653 3201 :uut,
681 3100 886 3187 laudent
905 3100 1085 3181 nonten
1108 3117 1311 3174 Domini
1340 3111 1511 3185 (Psal.
1527 3121 1742 3170 chvut,
1766 3102 1846 3176 4).
1868 3100 1937 3157 Ει
1960 3113 2094 3170 quo-

516 3196 660 3283 niam
692 3223 816 3278 iade
839 3227 1094 3274 venturus
1121 3216 1208 3266 est
1235 3207 1300 3262 ad
1336 3200 1652 3273 judicanch
1678 3196 1827 3250 vivos
1865 3201 1919 3247 et
1947 3203 2094 3245 mor-

516 3328 663 3381 tuos,
694 3310 905 3366 attende
932 3304 1073 3377 quod
1102 3300 1340 3369 sequitur
1372 3313 1385 3349 :
1417 3291 1546 3346 Ecce
1572 3287 1708 3342 dabit
1735 3298 1903 3338 vocem
1925 3294 2092 3344 suam,

518 3423 689 3465 vocem
726 3374 1063 3463 virtutisrllle
1090 3392 1179 3464 qui
1221 3390 1349 3444 sicut
1392 3400 1553 3455 agnus
1577 3393 1746 3434 coram
1785 3374 2018 3429 tondente
2041 3385 2097 3425 se

519 3501 617 3574 fuit
638 3497 753 3552 sine
789 3508 906 3548 voce
952 3487 1102 3561 (Isai.
1134 3499 1244 3549 ιιιι,
1274 3480 1349 3543 7).
1402 3492 1511 3529 ccce
1537 3471 1674 3527 dabit
1709 3483 1876 3523 vocem
1910 3475 2097 3520 suam:

521 3556 625 3645 ilco
651 3600 834 3642 vocem
866 3577 1210 3637 inﬁrmitatis,
1241 3581 1489 3640 tanquam
1513 3559 1858 3634 iudicandus;
1890 3556 1983 3611 sed
2008 3570 2098 3608 ro-

524 3696 632 3737 cem
668 3674 887 3737 virtutis,
935 3680 1181 3737 tanquam
1216 3661 1569 3732 indicaturus.
1608 3652 1721 3708 Non
1766 3649 1908 3705 enim
1958 3647 2100 3701 Deus

523 3769 783 3831 occultus,
813 3764 948 3817 sicut
977 3760 1142 3828 prius,
1169 3766 1222 3809 et
1248 3753 1299 3806 in
1328 3749 1599 3807 hominum
1622 3743 1819 3813 judicio
1847 3755 1950 3794 non
1977 3753 2102 3807 ape-

521 3862 669 3915 rieus
702 3870 764 3910 os
788 3867 941 3908 suum
965 3867 979 3916 ;
1006 3847 1098 3901 sed
1144 3844 1279 3898 Deus
1307 3839 1599 3909 nianifestus
1627 3833 1782 3887 veniet
1805 3848 1822 3896 ;
1849 3829 1986 3883 Deus
2011 3844 2104 3880 no—

522 3963 646 4016 ster,
696 3958 741 4002 et
769 3962 871 4000 non
898 3941 1058 3995 silebit
1094 3935 1265 4006 (Psal.
1304 3946 1453 3993 XLIX,
1480 3928 1562 3990 ‘5).
1607 3923 1742 3992 Quid
1780 3920 2099 3990 desperatis,

525 4041 803 4101 inlidelcs‘!
838 4033 966 4105 quid
1009 4025 1278 4086 irridetis?
1319 4020 1456 4091 Quid
1485 4018 1612 4073 dicit
1656 4028 1842 4069 servus
1883 4010 2098 4065 malus:

500 4196 501 4199 η
528 4097 721 4189 I'ardat
752 4097 997 4182 Dominus
1020 4135 1161 4176 meus
1194 4116 1359 4170 venire
1389 4109 1541 4182 (Luc.
1565 4123 1661 4169 xu,
1692 4103 1821 4175 45)?
1846 4100 1979 4155 Ecce
2007 4097 2105 4152 da—

529 4226 600 4278 bit
627 4237 795 4276 vocem
823 4231 990 4280 suout,
1013 4227 1181 4266 vocem
1205 4204 1418 4262 uirtutis.

604 4314 696 4368 45.
736 4308 886 4383 [υειςε.
915 4301 1033 4375 55.]
1072 4301 1201 4354 Date
1229 4295 1442 4369 gloriam
1467 4289 1571 4344 Deo
1593 4303 1614 4343 :
1631 4301 1783 4358 super
1806 4280 1969 4337 Israel
1995 4295 2107 4333 ma-

537 4370 840 4477 gniﬁceritia.
854 4399 984 4468 ejus.
1013 4370 1088 4449 De
1106 4406 1213 4461 quo
1237 4386 1366 4442 dicit
1392 4378 1676 4454 Apostolus
1705 4397 1719 4433 :
1749 4376 1918 4445 Super
1945 4370 2111 4427 Israel

538 4460 637 4549 Dei
662 4492 803 4560 (Gal.
834 4460 907 4554 νὶ,
940 4484 1051 4558 16).
1086 4460 1207 4536 Non
1243 4478 1376 4531 enim
1415 4488 1585 4529 omnes
1620 4469 1706 4541 qui
1748 4484 1810 4521 ex
1838 4464 2021 4527 Israel,
2054 4460 2107 4516 hi

536 4595 652 4641 sunt
667 4554 924 4636 Israelita:
944 4554 1118 4645 (Rom.
1154 4586 1228 4634 ix,
1252 4568 1344 4637 6);
1376 4563 1623 4635 quoniam
1653 4566 1812 4613 estet
1838 4554 1995 4611 Israel
2023 4568 2112 4608 se-

541 4675 770 4733 cundum
807 4682 1043 4725 carnem.
1089 4663 1242 4719 Unde
1284 4660 1400 4712 ait:
1442 4654 1614 4708 l’idele
1651 4648 1817 4705 Israel
1843 4645 2115 4702 secundum

540 4782 740 4823 carnem
767 4761 809 4834 (l
839 4760 957 4815 Cor.
981 4774 1039 4822 ι,
1069 4756 1179 4824 18).
1226 4749 1347 4805 Non
1386 4756 1553 4800 autem
1580 4742 1667 4813 qui
1696 4739 1791 4809 ﬁlii
1834 4738 2021 4802 carnis,
2062 4735 2117 4789 hi

488 4916 491 4919 _
544 4859 638 4929 ﬁlii
668 4855 804 4915 Dei;
845 4849 932 4905 sed
975 4847 1074 4916 [illi
1100 4837 1445 4915 promissionis
1491 4835 1795 4903 deputantur
1837 4829 1891 4882 in
1933 4824 2117 4880 semine

546 4917 723 5019 (llam.
754 4958 835 5009 ιιι,
863 4937 941 5012 8).
972 4937 1124 4992 Tunc
1162 4946 1288 4999 ergo
1314 4925 1525 4999 quando
1551 4924 1651 4976 erit
1675 4923 1786 4975 sine
1818 4919 1921 4973 ulla
1947 4917 2115 4971 malo-

544 5055 661 5094 rum
692 5031 1068 5091 commixtione
1094 5024 1317 5095 populus
1348 5020 1484 5088 ejus,
1518 5024 1763 5083 umquam
1791 5024 1966 5064 massa
1993 5022 2120 5061 ven-

544 5129 739 5185 tilabro
769 5120 1049 5179 emundata
1078 5114 1291 5185 (Matth.
1335 5125 1413 5175 ιιι,
1442 5106 1551 5177 l2),
1600 5115 1845 5172 tanquam
1876 5097 2036 5152 Israel
2067 5098 2121 5150 in

536 5236 652 5290 aquo
688 5218 841 5271 dolus
885 5227 990 5265 non
1030 5217 1111 5263 est
1138 5203 1314 5276 (Ιοαη.
1337 5216 1375 5264 ι,
1406 5199 1519 5267 47),
1549 5205 1672 5249 tunc
1704 5188 2121 5247 eminentissima

546 5311 649 5368 erit
677 5322 827 5375 super
853 5300 1019 5356 Israel
1039 5290 1409 5367 magniﬁcentia
1433 5290 1539 5361 ejus
1566 5295 1612 5339 et
1637 5285 1790 5337 virtus
1808 5282 1915 5352 ejus
1942 5280 1994 5332 in
2023 5292 2121 5331 nu-

542 5402 711 5456 bibus.
741 5370 858 5458 Non
895 5393 1037 5447 enim
1086 5390 1234 5444 solus
1261 5383 1439 5439 veniet
1478 5379 1545 5433 ad
1572 5376 1847 5448 judicium,
1888 5370 1982 5427 sed
2009 5384 2123 5423 cum

548 5492 827 5549 sem'oribus
867 5485 1040 5560 pepuli
1084 5482 1159 5536 sui
1202 5478 1353 5549 (Isai.
1380 5491 1459 5539 ιιι,
1492 5474 1620 5542 14);
1667 5469 1856 5539 quibus
1886 5464 2127 5535 promisit

553 5557 999 5656 quod-sedebunt
1043 5587 1204 5645 super
1245 5567 1401 5625 sedes
1445 5560 1725 5637 iudicaturi
1768 5557 1978 5632 (Matth.
2006 5571 2123 5627 xix,

619 5782 639 5817 ⁸
671 5774 1579 5839 εισιιςιλιειωμιιιωηηιωιιιεελω
1604 5773 1716 5816 Deo.

1698 356 1756 413 S.
1795 348 2156 410 Αιιςυδτιιιι
2196 346 2495 405 EPISCOPI

3614 355 3715 409 860

2152 463 2270 537 28),
2301 465 2389 537 qui
2418 466 2575 521 etiam
2605 461 2823 537 angelos
2851 460 3161 534 Judicabunt
3201 455 3247 530 tl
3266 459 3388 518 Cor.
3418 475 3491 521 Vl.
3516 461 3599 531 5).
3631 458 3723 518 ﬂ:

2153 569 2277 613 sunt
2301 559 2486 613 nubes.

2223 651 2313 706 M.
2353 648 2504 724 (vers.
2551 646 2665 721 56.]
2706 646 2941 718 Denique
2978 661 3047 700 ne
3084 645 3228 729 aliud
3258 645 3426 701 nubes
3462 643 3725 712 intellige-

2155 751 2361 805 rentur,
2412 749 2628 794 secutus
2663 738 2945 802 adiunxit:
2977 736 3224 792 .‘llirabilis
3262 734 3401 790 Deus
3440 737 3496 790 in
3541 746 3729 790 sanctis

2154 833 2279 894 suis,
2311 828 2449 883 Deus
2475 827 2659 883 Israel.
2686 828 2835 883 Tunc
2873 828 3013 883 enim
3039 837 3095 881 et
3131 840 3323 881 nomen
3360 826 3531 895 ipsum
3559 825 3729 879 veris-

2158 921 2292 975 sime
2314 936 2376 975 ac
2396 921 2708 991 plenissime
2733 917 3033 989 implebitur
3055 916 3237 983 Israel,
3263 916 3404 986 quod
3429 926 3512 972 est
3535 916 3730 972 Videas

2160 1009 2361 1074 Deum;
2391 1009 2626 1079 quoniam
2668 1008 2941 1061 uidebimus
2977 1022 3088 1059 eum
3126 1006 3273 1060 sicuti
3297 1016 3367 1060 est
3392 1005 3433 1076 (l
3461 1003 3621 1059 Joan.
3652 1020 3732 1068 ιιι,

2158 1099 2239 1170 2).
2268 1097 2390 1170 Ipse
2408 1098 2544 1152 dabit
2563 1099 2791 1153 virtutem
2816 1106 2862 1151 et
2881 1097 3223 1169 fortitudinem
3245 1096 3376 1166 plebi
3400 1111 3508 1151 sua:
3527 1095 3736 1150 benedi—

2160 1199 2268 1244 ctus
2297 1187 2433 1243 Deus
2456 1204 2475 1243 :
2505 1203 2644 1242 nunc
2672 1187 2839 1257 fragili
2882 1195 2937 1242 et
2982 1187 3262 1241 iulinnre‘.
3300 1185 3554 1240 Habemus
3591 1186 3737 1243 etaim

2163 1281 2454 1335 thesaurum
2471 1280 2620 1333 istum
2645 1280 2699 1333 in
2726 1280 2856 1335 vasis
2877 1277 3112 1348 ﬁctilibus
3136 1277 3200 1349 (ll
3227 1276 3345 1332 Cor.
3372 1292 3445 1343 ιν..
3474 1276 3554 1348 8).
3586 1277 3740 1332 Tunc

2165 1388 2313 1453 vero,
2359 1372 2519 1427 etiam
2558 1385 2838 1441 corporum
2886 1369 3265 1440 gloriosissima
3301 1368 3740 1433 commutatione,

2165 1464 2273 1535 ipse
2296 1464 2434 1518 dabit
2458 1463 2689 1537 virtutem
2709 1472 2755 1516 et
2776 1461 3121 1532 fortitudinem
3138 1460 3270 1531 plebi
3291 1476 3417 1515 suae.
3444 1458 3744 1515 Seminatur

2168 1555 2309 1609 enim
2365 1554 2458 1607 hoc
2506 1569 2689 1624 corpus
2732 1553 2786 1606 in
2846 1552 3173 1621 inﬁrmitate;
3230 1559 3398 1621 surget
3457 1550 3511 1603 in
3566 1550 3748 1604 uirtute

2168 1643 2225 1720 (l
2253 1644 2371 1703 Cor.
2396 1661 2487 1712 xv,
2510 1646 2621 1715 43).
2650 1642 2774 1715 Ipse
2802 1657 2928 1713 ergo
2957 1641 3095 1695 dabit
3130 1642 3359 1695 uirtutem
3383 1656 3539 1711 quam
3572 1642 3625 1695 in
3650 1656 3749 1695 sua

2171 1753 2332 1795 carne
2352 1737 2626 1808 praemisit,
2652 1735 2719 1790 de
2744 1750 2844 1805 qua
2874 1733 3003 1790 dicit
3026 1734 3313 1804 Apostolus
3341 1751 3355 1787 :
3396 1731 3641 1786 Virtutem
3664 1747 3752 1787 re-

2172 1828 2493 1882 surrectionis
2514 1827 2623 1899 ejus
2652 1824 2911 1895 (Philipp.
2926 1840 3004 1891 ιιι,
3031 1824 3139 1894 l0).
3160 1822 3528 1878 Fortitudinem
3547 1834 3749 1889 autem,

2174 1918 2508 1990 quainimica
2535 1916 2817 1971 destruetur
2835 1931 2971 1970 mors
3000 1914 3042 1985 (ι
3072 1914 3191 1968 Cor.
3220 1929 3313 1977 xv,
3343 1914 3459 1985 εις).
3490 1913 3754 1981 Quoniam

2176 2011 2356 2081 itaque
2381 2008 2666 2078 prolixum,
2698 2016 2754 2062 et
2772 2005 2839 2061 ad
2875 2005 3274 2076 intelligendum
3301 2004 3573 2059 difﬁcilem
3603 2003 3757 2058 Psal-

2178 2116 2326 2156 mum
2364 2099 2574 2155 tandem
2615 2098 2920 2169 aliquando,
2962 2098 3078 2169 ipso
3120 2097 3422 2168 adiuvante,
3466 2095 3756 2150 lluivimus.

2182 2189 2481 2245 Benedictus
2508 2188 2663 2243 Deus.
2694 2192 2885 2243 Amen.

2492 2412 2505 2424 '
2566 2393 2649 2458 IN
2690 2391 3069 2454 PSALMUM
3110 2390 3371 2452 LXVIII

2762 2531 3179 2590 ENARRATIO.

2860 2682 3032 2725 8121110
3058 2683 3095 2723 Ι.

2645 2804 2719 2860 De
2748 2805 2911 2875 prima
2939 2811 3084 2873 parte
3108 2799 3323 2855 Psalmi.

2265 2947 2321 3004 l.
2359 2946 2438 3003 Eo
2467 2952 2708 3013 tempore
2744 2941 2796 2996 in
2823 2938 2926 2995 hoc
2948 2938 3143 2995 saeculo
3169 2936 3343 2993 exorti
3384 2949 3570 2991 sumus
3593 2943 3650 2991 et
3675 2949 3770 3007 ag.

2194 3038 2392 3110 gregali
2418 3035 2615 3107 pepulo
2641 3032 2755 3098 Dei,
2784 3046 2891 3103 quo
2911 3030 3169 3101 jam.olus
3190 3027 3314 3084 illud
3339 3042 3406 3084 ex
3433 3042 3600 3098 grano
3622 3027 3772 3083 sins-

2197 3129 2281 3200 pis
2304 3126 2527 3182 tetendit
2570 3123 2781 3179 brachia
2822 3134 2949 3188 sua;
2988 3135 3094 3190 quo
3131 3119 3240 3190 jam
3270 3118 3591 3175 fermentum
3621 3117 3773 3184 illud,

2195 3218 2339 3291 quod
2370 3217 2540 3288 primo
2559 3212 2957 3283 contemptibile
2984 3211 3100 3276 fuit,
3126 3210 3463 3265 fermentavit
3489 3218 3598 3264 tres
3626 3223 3776 3264 men.

2195 3326 2351 3368 suras
2377 3306 2590 3379 (Matth.
2618 3322 2737 3373 xm,
2764 3303 2981 3376 31-35).
3022 3303 3073 3357 id
3104 3310 3205 3366 est,
3245 3311 3411 3356 totum
3455 3301 3639 3357 orbem
3670 3311 3778 3357 ter-

2198 3417 2379 3459 rarum
2419 3408 2719 3470 reparatum
2759 3411 2827 3452 ex
2853 3395 3024 3450 tribus
3051 3393 3171 3449 llliis
3214 3392 3503 3466 Noe((s'en.
3531 3409 3606 3457 Ix,
3637 3392 3775 3463 19):

2200 3494 2452 3567 quoniam
2475 3492 2544 3545 ab
2562 3490 2769 3545 oriente
2793 3496 2848 3542 et
2872 3486 3147 3542 occidente
3165 3492 3220 3540 et
3245 3474 3494 3554 aquilone
3520 3492 3576 3540 et
3595 3491 3780 3538 austro

2202 3587 2445 3651 veniunt,
2495 3583 2584 3653 qui
2635 3578 2950 3636 recumbent
2989 3591 3111 3632 cum
3154 3574 3500 3642 Patriarchis,
3546 3574 3782 3644 expulsis

2203 3679 2346 3734 foras
2373 3676 2451 3732 cis
2479 3674 2571 3745 qui
2604 3673 2670 3729 de
2707 3673 2917 3727 illorum
2958 3684 3118 3724 carne
3159 3675 3284 3722 sunt
3324 3666 3454 3733 uati,
3502 3674 3559 3722 et
3592 3681 3782 3721 eorum

2205 3771 2366 3826 fidem
2409 3783 2512 3823 non
2562 3775 2687 3821 sunt
2721 3762 2911 3818 imitati
2956 3760 3173 3832 (Matth.
3202 3775 3318 3825 vin,
3349 3756 3462 3830 ll).
3512 3758 3595 3813 Ad
3645 3757 3785 3815 hanc

2206 3877 2334 3931 ergo
2361 3858 2558 3915 Christi
2604 3854 2857 3912 Ecclesia:
2885 3854 3106 3925 gloriam
3146 3851 3332 3907 oculos
3359 3852 3702 3923 aperuimus;
3729 3863 3785 3907 et

2207 3953 2352 4008 illam
2397 3950 2654 4015 sterilem,
2702 3946 2788 4001 cui
2825 3944 3077 4015 gaudium
3111 3944 3367 3998 indictum
3408 3953 3567 4013 atque
3596 3942 3788 4013 prsidio

2208 4055 2355 4100 ctum
2383 4054 2483 4109 est,
2515 4040 2657 4111 quod
2686 4039 2863 4109 plures
2890 4037 3024 4093 filios
3054 4036 3294 4092 habitura
3320 4043 3484 4102 esset,
3512 4050 3671 4105 quam
3700 4035 3788 4091 illa

2210 4152 2327 4206 qua)
2357 4133 2582 4189 habebat
2604 4132 2773 4186 virum
2806 4130 2956 4200 (lsai.
2982 4143 3086 4194 LIV,
3120 4128 3171 4189 l.
3202 4136 3248 4181 ct
3279 4126 3395 4181 Gal.
3430 4126 3646 4196 IV,'27),
3675 4125 3788 4196 jam

2211 4227 2373 4281 talem
2415 4223 2713 4278 invenimus
2741 4235 2859 4292 quae
2903 4219 3068 4274 oblita
3110 4225 3251 4273 esset
3291 4218 3696 4287 opprobriorutn
3734 4226 3791 4273 et

2212 4314 2516 4386 ignominiae
2536 4310 2807 4366 viduitatis
2830 4325 2940 4364 sua:
2964 4327 2978 4364 :
3009 4318 3064 4363 et
3082 4309 3200 4364 ideo
3228 4322 3508 4379 possumus
3527 4309 3665 4364 forte
3692 4310 3793 4362 mi-

2216 4407 2326 4463 rari
2351 4421 2472 4461 cum
2502 4418 2661 4459 voces
2686 4400 2999 4457 humilitatis
3040 4396 3257 4462 Christi,
3287 4399 3369 4452 vel
3400 4410 3617 4462 nostrze,
3645 4398 3787 4468 leges

2214 4503 2385 4554 rimus
2410 4500 2464 4552 in
2490 4497 2661 4566 aliqua
2686 4492 2983 4564 prophetia.
3011 4490 3079 4546 Et
3101 4491 3211 4545 [ﬁeri
3239 4499 3411 4560 potest
3439 4501 3495 4544 ut
3523 4490 3700 4544 minus
3728 4508 3791 4545 ex

2216 4594 2301 4649 eis
2327 4591 2639 4655 alliciamur,
2660 4588 2783 4657 quia
2806 4600 2913 4640 noa
2934 4600 2998 4639 eo
3027 4593 3265 4651 tempore
3293 4582 3554 4646 venimus,
3580 4582 3795 4651 quando

2217 4686 2317 4741 ista
2344 4699 2464 4738 cum
2488 4694 2679 4750 sapore
2704 4678 3033 4748 legebantur,
3065 4674 3367 4728 abundante
3395 4688 3662 4741 pressura.
3691 4673 3795 4729 Sed

2218 4789 2407 4830 rursus
2453 4773 2498 4827 si
2528 4769 2926 4826 tribulationum
2971 4765 3344 4822 abundantiam
3386 4765 3703 4835 cogitemus,
3746 4775 3799 4820 et

2220 4870 2273 4924 in
2298 4881 2401 4937 qua
2429 4864 2760 4919 ambulemus
2791 4859 2876 4914 via
2897 4871 3279 4928 cognoscamus
3304 4857 3387 4924 (si
3418 4864 3593 4910 tamen
3621 4856 3674 4909 in
3706 4856 3793 4909 illa

2221 4958 2622 5026 ambulamus),
2650 4967 2807 5025 quam
2846 4950 2918 5006 sit
2935 4958 3153 5019 angusta
3201 4945 3411 5026 (nauli.
3454 4961 3548 5013 vu,
3590 4946 3704 5015 ll),
3747 4956 3801 5001 et

2222 5066 2319 5123 per
2362 5024 2638 5119 pressuras
2674 5024 2847 5113 atque
2890 5024 3260 5094 tribulationes
3294 5036 3546 5107 perducat
3596 5035 3663 5090 ad
3712 5052 3798 5090 rc-

2224 5143 2402 5213 quiem
2431 5137 2807 5208 sempiternam
2833 5148 2849 5197 ;
2877 5146 3144 5201 quamque
3166 5130 3275 5198 ipsa
3297 5144 3414 5198 qua:
3441 5129 3492 5181 in
3522 5127 3684 5182 rebus
3706 5127 3801 5181 bu-

2226 5234 2399 5290 mauis
2428 5239 2644 5284 vocatur
2684 5225 2933 5288 felicitas,
2976 5222 3096 5292 plus
3141 5222 3211 5276 sit
3250 5219 3481 5275 timenda
3510 5234 3670 5289 quam
3697 5220 3797 5274 mi.

2228 5324 2405 5389 seria;
2450 5314 2880 5390 quandoquidem
2925 5312 3138 5367 miseria
3180 5310 3489 5379 plerumque
3536 5308 3694 5364 all‘ert
3737 5322 3806 5363 es

2229 5413 2572 5472 tribulatione
2598 5409 2827 5465 fructum
2859 5406 3077 5469 bonum,
3107 5402 3329 5459 felicitas
3357 5410 3531 5455 autem
3555 5415 3803 5455 corrum-

2233 5507 2310 5578 pit
2327 5503 2559 5560 animam
2585 5512 2833 5570 perversa
2858 5495 3160 5558 securitate,
3190 5502 3247 5548 et
3270 5491 3362 5547 dat
3389 5492 3563 5545 locum
3590 5490 3802 5545 diabolo

2233 5597 2481 5661 tentatori
2511 5614 2527 5650 :
2552 5608 2672 5649 cum
2699 5605 2826 5661 ergo
2863 5588 3275 5659 cogitaverimus
3300 5584 3589 5656 prudenter
3624 5594 3681 5642 et
3723 5601 3799 5643 re.

2301 5756 2319 5788 ι
2352 5753 2424 5804 sic
2443 5759 2550 5802 uss.
2578 5757 2631 5799 Al
2647 5746 2780 5809 ald,
2804 5757 2928 5800 nunc
2951 5740 3147 5808 fragiles
3168 5746 3213 5795 ct
3230 5722 3427 5804 inﬁrmi.
