3934 6356
151 369 237 432 8’01

148 499 250 552 etc,
273 485 407 538 sicut
433 481 589 535 salita
623 479 833 534 victima
856 477 894 537 ί,
917 475 1266 530 tentationem
1300 488 1418 527 esse
1450 474 1608 523 vitam
1641 467 1738 521 htt-

151 594 355 632 ntanam
410 590 574 644 super
626 581 823 626 terram
877 567 1008 641 (Job
1067 582 1173 629 vn,
1226 567 1312 637 1),
1364 564 1741 630 neminemque

151 673 364 724 omnino
391 683 511 724 esse
546 681 819 730 securum,
851 677 951 716 nec
977 659 1174 716 debere
1196 674 1314 713 esse
1343 672 1612 719 securum,
1639 655 1740 709 do-

151 780 245 816 nec
275 762 341 815 ad
375 761 518 815 illam
565 759 787 828 patriam
820 753 1080 817 veniatur,
1113 751 1252 804 unde
1284 765 1438 804 nemo
1469 749 1581 803 exit
1609 747 1741 799 auti-

149 872 260 920 «της,
311 868 417 924 quo
450 865 608 906 nemo
651 847 948 903 admittitur
991 845 1258 908 inimicus,
1287 834 1460 897 etiam
1504 856 1645 894 nunc
1689 841 1739 892 in

152 949 259 1016 ipsa
301 942 555 1000 Ecclesia:
593 940 759 1012 gloria
803 942 1142 1008 agnoscimus
1186 949 1344 988 voces
1384 932 1742 986 tribulationis

155 1049 386 1100 nostra);
418 1046 470 1091 et
493 1046 738 1104 tanquam
768 1030 1006 1086 membra
1034 1028 1254 1090 Christi,
1278 1041 1533 1094 compago
1562 1025 1741 1080 chari-

155 1131 274 1182 tatis
303 1126 514 1182 subdita
547 1123 705 1194 capiti
737 1129 942 1184 nostro,
970 1127 1023 1174 et
1048 1134 1147 1172 nos
1174 1118 1398 1172 invicem
1433 1115 1737 1179 retinentia,

152 1220 392 1274 dicemus
421 1218 488 1271 de
527 1215 770 1278 Psalmis,
819 1211 962 1280 quod
1009 1211 1093 1263 hic
1135 1209 1335 1262 dixisse
1382 1205 1742 1262 invenerimus

156 1319 416 1382 martyres
440 1308 527 1377 qui
573 1309 784 1360 luerunt
825 1310 952 1357 ante
981 1315 1102 1365 nos,
1147 1301 1265 1370 quia
1299 1298 1566 1353 tribulatio
1592 1312 1743 1351 eont-

157 1402 327 1454 munis
358 1411 439 1453 est
466 1398 733 1458 omnibus,
766 1392 832 1448 ab
864 1393 1013 1446 initio
1054 1405 1221 1460 usque
1250 1391 1300 1444 in
1331 1389 1510 1442 ﬁnem.
1541 1386 1740 1442 Tamen

153 1493 314 1548 istum
347 1492 607 1562 psalmum
635 1503 790 1556 quem
821 1483 1155 1540 tractandum
1197 1483 1553 1552 suscepimus,
1595 1490 1649 1536 et
1679 1480 1745 1534 de

158 1601 264 1652 quo
285 1576 428 1652 loqui
455 1578 714 1635 Charitati
750 1578 950 1632 Vestra:
982 1576 1031 1627 in
1066 1574 1279 1628 nomine
1310 1572 1516 1626 Domini
1550 1586 1744 1642 propo—

157 1677 382 1736 suimus,
431 1675 482 1728 in
525 1687 694 1744 grano
734 1669 937 1738 sinapis
965 1682 1318 1738 agnoscamus
1343 1685 1355 1720 :
1383 1667 1655 1736 paululum
1681 1666 1748 1720 ab

157 1767 436 1821 altitudine
478 1763 641 1819 oleris
683 1772 738 1818 et
774 1761 1059 1817 diil‘usione
1110 1775 1404 1824 ramorum,
1445 1768 1501 1814 et
1548 1759 1615 1814 ab
1659 1760 1747 1813 illa

157 1859 343 1926 gloria,
373 1855 460 1910 ubi
503 1870 629 1910 aves
655 1852 777 1910 coeli
825 1851 1188 1923 requiescunt,
1229 1865 1516 1906 avocemus
1545 1851 1749 1920 cogita-

159 1951 358 2002 tiouem
382 1961 396 2009 ς
424 1956 478 2002 et
502 1946 616 2000 luce
646 1943 954 2014 magnitudo
978 1960 1097 2012 qua:
1126 1958 1222 1996 nos
1244 1943 1473 1997 delectat
1501 1941 1552 1996 iu
1577 1943 1747 2007 olere,

161 2053 317 2106 quam
349 2037 415 2092 de
446 2052 606 2106 parvo
644 2035 940 2090 surrexerit
982 2033 1278 2087 audiamus.
1325 2032 1572 2086 Christus
1607 2034 1750 2087 enim

171 2130 253 2183 hic
291 2127 526 2197 loquitur
569 2125 684 2196 (sed
709 2126 817 2194 jam
865 2123 1155 2180 scientibus
1190 2122 1440 2194 dicimus)
1468 2143 1480 2186 ;
1508 2122 1753 2178 Christus

166 2235 270 2271 non
292 2219 465 2271 solum
493 2224 673 2286 caput,
701 2215 791 2270 sed
821 2225 873 2269 et
901 2229 1117 2284 corpus.
1143 2213 1221 2267 Ex
1245 2211 1376 2282 ipsis
1399 2214 1578 2268 verbis
1598 2229 1755 2283 agno-

162 2311 379 2364 scimus.
425 2307 558 2362 Nam
609 2308 728 2377 quia
775 2304 1021 2360 Christus
1074 2305 1160 2358 hic
1204 2305 1464 2375 loquitur,
1507 2303 1755 2359 dubitare

167 2403 388 2455 omnino
439 2416 546 2454 non
582 2399 957 2468 permittimur.
1009 2397 1106 2452 llic
1148 2405 1274 2450 sunt
1311 2396 1453 2450 enim
1501 2412 1754 2466 expressa

167 2494 330 2548 verba
357 2508 476 2562 qua:
508 2492 559 2544 in
588 2491 702 2560 ejus
726 2489 980 2560 passione
1009 2489 1274 2556 completa
1300 2497 1424 2542 sunt
1453 2505 1467 2542 :
1498 2487 1757 2543 Dederuut

167 2590 222 2641 in
251 2602 419 2639 escam
447 2601 610 2638 meum
637 2584 726 2654 fel,
756 2592 803 2636 et
830 2584 883 2636 in
911 2583 994 2636 siti
1017 2597 1126 2636 mea
1150 2590 1448 2651 potaverunt
1476 2597 1555 2636 me
1578 2591 1754 2635 aceto:

166 2675 381 2747 quando
415 2675 515 2729 ista
557 2683 613 2728 et
639 2673 704 2727 ad
750 2672 981 2728 litteram
1025 2672 1245 2740 impleta
1284 2681 1428 2740 sunt,
1452 2681 1508 2728 et
1539 2686 1760 2742 prorsus

167 2767 437 2836 quomodo
465 2764 734 2835 prmdicta,
763 2764 840 2820 sic
864 2763 1088 2819 reddita.
1113 2762 1351 2833 Cumque
1378 2763 1492 2834 ipse
1514 2763 1760 2820 Christus

159 2860 414 2922 dixisset,
448 2857 601 2922 Sitio,
633 2856 872 2926 pendeas
912 2854 966 2911 in
995 2870 1173 2920 cruce,
1205 2863 1260 2910 et
1299 2854 1366 2910 ad
1407 2857 1509 2910 hoc
1538 2856 1758 2911 verbum

164 2955 213 3007 ei
241 2963 453 3005 acetum
483 2950 535 3003 in
563 2949 782 3018 Spongia
819 2946 998 3003 datum
1028 2955 1191 3014 esset,
1219 2961 1324 3015 quo
1357 2958 1578 3017 accepto
1603 2946 1760 3013 dixit,

167 3044 586 3098 Consummattmt
609 3048 701 3102 cst,
735 3050 789 3094 et
821 3039 898 3094 sic
931 3038 1187 3094 inclinato
1211 3038 1386 3109 capite
1411 3038 1627 3094 tradidit
1654 3039 1764 3107 spi-

173 3137 334 3187 ritum
368 3132 545 3201 (Joan.
576 3147 691 3196 tux,
720 3129 940 3198 98-30),
971 3128 1260 3185 ostendens
1298 3129 1398 3183 ista
1435 3129 1614 3183 omnia
1642 3146 1762 3198 qua:

170 3226 427 3296 prtedicta
472 3234 594 3277 sunt
624 3226 676 3276 in
713 3223 802 3276 illo
841 3222 1004 3277 fuisse
1046 3231 1172 3276 tunc
1216 3230 1620 3284 consummata;
1657 3237 1760 3275 non

166 3318 296 3375 licet
316 3317 404 3372 hic
428 3315 568 3370 aliud
597 3315 914 3384 intelligere.
949 3314 1189 3384 Apostoli
1212 3313 1370 3368 etiam
1400 3314 1675 3382 loquentes
1696 3312 1763 3366 de

165 3412 410 3474 Christo,
460 3407 761 3464 teStitnouia
802 3422 865 3460 ex
918 3407 1019 3460 isto
1067 3406 1273 3475 psalmo
1314 3403 1596 3459 dederunt.
1635 3405 1763 3472 Quis

168 3512 352 3556 autem
382 3501 556 3556 devict
584 3514 612 3550 a
637 3498 918 3554 sententiis
943 3497 1167 3552 eorum?
1196 3506 1288 3551 aut
1314 3497 1434 3566 quis
1459 3511 1628 3566 agnus
1659 3512 1764 3550 non

165 3603 428 3664 sequatur
461 3590 696 3646 arietes?
743 3591 883 3659 Ergo
929 3588 1172 3643 Christus
1219 3589 1306 3643 hic
1347 3589 1580 3658 loquitur
1607 3604 1623 3643 :
1649 3604 1764 3642 ma-

165 3688 358 3757 gisque
401 3684 554 3738 nobis
596 3682 1072 3737 demonstrandum
1113 3690 1198 3736 est
1236 3680 1326 3736 ubi
1368 3682 1486 3750 ejus
1528 3681 1763 3736 membra

169 3781 482 3847 loquantur,
530 3785 588 3828 ut
629 3775 975 3830 ostendamus
1021 3774 1142 3843 quia
1194 3781 1338 3829 totus
1379 3773 1468 3830 hic
1508 3774 1762 3843 loquitur,

167 3885 332 3939 quam
358 3866 709 3922 dubitandum
740 3865 882 3933 quod
912 3864 1155 3920 Christus
1178 3866 1445 3934 loquatur.

230 3959 291 4012 2.
334 3954 595 4030 [vers.'t.]
633 3956 842 4012 Titulus
884 3955 1081 4010 Psalmi
1110 3965 1192 4010 est
1220 3974 1232 4010 :
1258 3955 1325 4010 In
1350 3956 1525 4025 ﬁnem,
1552 3975 1652 4028 pro
1692 3958 1770 4012 his

159 4053 255 4120 qui
280 4048 745 4114 commutabuntur,
777 4049 876 4118 ipsi
898 4047 1089 4102 David.
1119 4047 1272 4103 Nunc
1296 4049 1769 4104 commutationem

172 4143 226 4194 in
258 4141 455 4195 melius
474 4140 594 4194 audi
622 4159 636 4194 :
660 4140 1007 4195 commutatio
1032 4140 1197 4205 enim,
1221 4141 1302 4194 vel
1335 4141 1387 4193 in
1412 4139 1646 4194 deterius
1666 4149 1768 4204 est,

170 4233 258 4286 vel
292 4231 346 4284 in
377 4231 587 4285 melius.
618 4231 784 4284 Adam
807 4239 862 4284 et
888 4230 998 4283 Eva
1027 4231 1077 4284 in
1105 4229 1370 4295 deterius;
1392 4231 1482 4300 qui
1509 4247 1573 4286 ex
1599 4231 1769 4285 Adam

172 4334 234 4379 ct
285 4324 394 4377 Eva
437 4321 658 4377 Christo
706 4320 1071 4387 adhaeserunt,
1124 4323 1176 4375 iu
1228 4323 1419 4378 melius
1461 4324 1769 4378 commutati

171 4423 324 4470 Sunt.
354 4413 504 4469 Sicut
540 4414 672 4466 enim
702 4430 792 4484 per
830 4429 992 4466 unum
1030 4414 1284 4468 hominem
1310 4430 1462 4477 mors,
1507 4416 1581 4467 ita
1619 4424 1663 4467 et
1685 4432 1774 4484 per

171 4523 343 4560 unum
393 4505 648 4558 hominem
699 4505 998 4559 resurrectio
1050 4515 1364 4558 mortuorum
1398 4525 1412 4558 ;
1445 4515 1494 4558 et
1547 4506 1677 4559 sicut
1720 4509 1773 4560 in

171 4600 348 4655 Adam
379 4612 552 4651 omnes
577 4595 889 4661 moriuntur,
917 4597 988 4651 sic
1028 4605 1075 4650 et
1103 4597 1156 4649 iu
1183 4595 1385 4650 Christo
1412 4613 1584 4651 omnes
1609 4599 1771 4665 vivifi-

169 4673 496 4762 cabuntur“
526 4688 767 4754 Cor..xv,
795 4689 862 4744 21
882 4699 928 4744 et
953 4686 1068 4759 29..)
1107 4688 1191 4743 Ab
1235 4704 1300 4744 eo
1342 4689 1482 4759 quod
1528 4689 1774 4744 formavit

173 4786 348 4850 Deus,
389 4791 625 4837 mutatus
667 4789 753 4836 est
787 4783 995 4847 Adam;
1044 4781 1139 4836 sed
1190 4781 1244 4834 in
1289 4781 1440 4850 pejus
1481 4781 1774 4851 iniquitatis

170 4892 295 4931 sure
325 4893 339 4929 :
369 4875 439 4929 ab
473 4889 542 4928 eo
568 4873 712 4944 quod
740 4880 959 4943 operata
987 4881 1074 4927 est
1099 4873 1373 4943 iniquitas,
1415 4882 1690 4928 mutantur
1717 4877 1778 4926 li-

173 4970 373 5032 delcs;
406 4966 500 5023 sed
530 4967 582 5020 in
612 4966 805 5022 melius
833 4981 926 5036 per
946 4966 1170 5035 gratiam
1203 4963 1320 5021 Dei.
1354 4964 1426 5021 Ut
1449 4976 1775 5020 mutarentur

173 5064 228 5114 in
265 5059 440 5129 pejus,
475 5057 658 5112 nostra
694 5057 945 5126 iniquitas
971 5057 1106 5111 fuit:
1137 5046 1192 5109 ut
1222 5058 1554 5111 mutarcmiir
1579 5057 1630 5110 in
1661 5072 1774 5110 mc—

171 5152 307 5217 lius,
335 5145 444 5204 non
467 5149 889 5217 nostrajustitia,
917 5148 1010 5202 sed
1036 5148 1203 5218 gratia
1239 5149 1328 5203 Dei
1355 5158 1594 5219 prmstat.
1625 5149 1774 5214 Quod

169 5259 312 5314 ergo
339 5243 395 5297 in
427 5241 582 5312 pejus
609 5241 795 5300 mutati
819 5255 1026 5305 sumus,
1056 5242 1211 5296 nobis
1241 5241 1561 5311 imputemus
1588 5260 1600 5296 :
1633 5245 1774 5311 quod

169 5337 227 5388 in
275 5333 471 5388 melius
520 5342 934 5396 commutamur,
980 5333 1144 5386 Deum
1199 5332 1497 5387 laudemus.
1552 5333 1654 5387 Pro
1699 5334 1777 5387 his

170 5423 313 5495 ergo
358 5426 462 5480 iste
492 5423 748 5494 psalmus.
788 5424 875 5491 qui
919 5423 1382 5477 comntutabuntur.
1414 5422 1569 5478 Unde
1597 5430 1774 5477 autem

173 5520 284 5573 ista
313 5515 665 5571 commutatio
705 5512 840 5567 facta
883 5523 986 5575 est.
1020 5514 1119 5569 nisi
1159 5530 1224 5569 ex
1252 5515 1498 5584 passione
1537 5513 1776 5569 Christi?

171 5610 386 5666 Pascha
415 5610 589 5676 ipsum
618 5608 779 5664 latine
810 5606 1088 5663 Trausitus
1121 5608 1502 5677 interpretatur
1550 5607 1665 5662 Non
1694 5617 1778 5661 est

237 5766 257 5797 ¹
293 5768 367 5815 sic
392 5767 572 5825 ucgius
590 5769 673 5812 ius.
703 5770 754 5812 At
783 5764 916 5821 tulit,
939 5763 1064 5828 sicut
1082 5763 1242 5827 mallit
1281 5765 1386 5814 hac
1409 5763 1599 5816 victima
1625 5778 1642 5814 :
1667 5765 1775 5828 qui-

164 5827 268 5884 ιω
288 5828 519 5892 plerique
678 5838 936 5888 perperam
963 5826 1306 5889 sutl‘ragaatur.

496 5916 772 5982 PATttoL.
806 5911 1071 5972 XXXVI

1283 356 1685 417 ENARRATlO
1727 351 1791 408 ΙΝ
1835 356 2159 416 PSALMUM
2202 359 2432 418 LXVIII.

3339 370 3444 424 842

1821 469 1992 535 fcniiu
2019 471 2220 526 Pascha
2247 489 2480 543 grzreum
2510 490 2726 543 nomen,
2756 478 2850 532 sed
2881 478 3177 534 ltebraeum.
3205 481 3445 537 Resonat

1850 563 2066 633 quidem
2099 564 2150 617 in
2182 581 2357 634 gneea
2384 567 2558 636 lingua
2591 571 2912 637 passionem,
2941 571 3060 640 quia
3095 587 3311 640 πασχετν,
3335 575 3445 642 pati

1849 657 2076 722 dicitur;
2112 659 2202 711 sed
2232 662 2536 712 consultum
2567 659 2835 714 hebracum
2867 663 3159 731 eloquium,
3190 664 3334 718 aliud
3362 665 3446 718 in-

1848 748 2010 801 dicat.
2050 748 2252 803 Pascha
2286 751 2564 804 transitum
2597 755 2954 807 commendat.
2985 755 3136 820 Quod
3165 757 3446 812 admonuit

1847 843 2005 893 etiam
2033 840 2264 895 Joannes
2292 843 2641 912 evangelista,
2684 846 2772 911 qui
2818 846 3130 901 imminente
3168 851 3438 917 passione,

1847 948 1968 985 cum
2002 932 2209 987 veniret
2243 933 2503 987 Dominus
2543 935 2608 988 ad
2653 951 2862 990 (mnam
2903 953 3004 1006 qua
3048 941 3447 994 conmendavit

1848 1032 2242 1078 sacramentum
2267 1026 2512 1093 corporis
2541 1035 2597 1078 ct
2624 1029 2903 1096 sanguinis
2927 1029 3033 1095 sui,
3068 1031 3136 1085 ita
3167 1029 3399 1100 loquitur
3427 1048 3443 1086 :

1847 1113 1972 1168 Cum
2013 1125 2183 1168 autem
2210 1117 2419 1169 venisset
2466 1118 2612 1180 hora,
2653 1135 2752 1186 qua
2796 1121 3032 1172 transiret
3072 1119 3226 1174 Jesus
3260 1123 3321 1174 de
3352 1123 3446 1174 hoc

1849 1207 2037 1260 mundo
2049 1209 2118 1260 ad
2131 1207 2339 1263 Patrem
2366 1210 2543 1276 (.Ioau.
2569 1228 2681 1274 xm,
2705 1213 2780 1282 l).
2817 1213 3093 1282 Expressit
3120 1230 3245 1285 ergo
3273 1224 3451 1271 trans-

1852 1299 1982 1352 itum
2023 1298 2259 1353 Paschae.
2284 1300 2386 1355 Sed
2411 1302 2513 1354 nisi
2543 1302 2658 1370 ipse
2685 1305 2937 1357 transiret
2964 1303 3089 1361 hinc
3109 1305 3174 1358 ad
3207 1306 3444 1372 Patrem,

1850 1391 1941 1461 qui
1989 1401 2207 1461 propter
2247 1408 2344 1446 nos
2389 1393 2554 1456 venit,
2607 1409 2706 1448 nos
2738 1396 2968 1450 transire
3013 1395 3136 1450 hinc
3179 1399 3451 1467 quomodo

1852 1497 2153 1550 possemus,
2186 1485 2276 1553 qui
2305 1499 2412 1538 non
2441 1492 2656 1552 propter
2681 1485 2881 1554 aliquid
2909 1487 3192 1541 levandum
3220 1488 3450 1543 descen-

1851 1575 2050 1640 dimus,
2081 1576 2175 1630 sed
2203 1576 2535 1631 cecidimus?
2572 1576 2688 1645 Ipse
2729 1588 2907 1632 autem
2939 1595 3043 1634 non
3080 1579 3312 1646 cecidit;
3352 1583 3451 1635 sed

1853 1667 2149 1734 descendit,
2182 1677 2240 1721 ut
2267 1683 2390 1722 eum
2415 1669 2505 1737 qui
2533 1667 2800 1723 ceciderat
2830 1670 3154 1725 sublevaret.
3173 1670 3456 1724 'l‘ransitns

1855 1774 2005 1830 ergo,
2048 1768 2105 1814 et
2145 1759 2304 1821 illius,
2351 1769 2405 1814 et
2433 1768 2639 1823 noster.
2689 1759 2815 1814 hinc
2853 1761 2919 1813 ad
2966 1762 3217 1826 Patrem;
3251 1761 3318 1816 dc
3355 1763 3457 1814 hac

1856 1850 2058 1906 mundo
2077 1849 2144 1906 ad
2173 1867 2393 1922 regnum
2420 1852 2700 1917 cmlorum,
2729 1852 2797 1907 de
2826 1853 2936 1907 vita
2961 1853 3172 1907 mortali
3202 1854 3267 1908 ad
3294 1854 3456 1907 vitam

1857 1951 2136 2006 :ntcrnam,
2169 1943 2237 1996 de
2259 1943 2367 1996 vita
2397 1953 2606 1998 terrena
2640 1944 2705 1996 ad
2737 1947 2898 1998 vitam
2929 1946 3224 2011 ccelestem,
3260 1945 3326 2000 de
3351 1946 3460 1999 vita

1859 2031 2192 2101 corruptibili
2254 2033 2324 2086 ad
2375 2033 2874 2102 incorruptibilem,
2926 2035 2993 2089 de
3049 2036 3454 2090 tribulationum

1857 2123 2270 2179 conversatione
2307 2122 2375 2178 ad
2416 2135 2730 2193 perpetuam
2767 2126 3132 2180 securitatem.
3166 2127 3311 2189 ideo,
3353 2126 3461 2182 Pro

1860 2215 1938 2268 his
1979 2214 2067 2284 qui
2112 2215 2579 2276 commutubumur,
2631 2215 2827 2270 Psalmi
2862 2217 3042 2270 titulus
3087 2227 3187 2272 est.
3233 2217 3461 2272 Causam

1860 2307 2023 2376 igitur
2062 2308 2500 2363 eommutationis
2546 2316 2765 2374 nostrtc,
2824 2308 2876 2361 id
2922 2317 3002 2362 est
3048 2309 3217 2377 ipsam
3250 2307 3460 2362 Domini

1862 2397 2190 2464 passionem,
2234 2407 2582 2467 nostramque
2626 2397 2677 2451 in
2711 2397 3145 2453 tribulationibus
3173 2412 3360 2453 vocem
3407 2400 3461 2453 iu

1861 2497 2009 2544 textu
2040 2488 2240 2544 Psalmi
2268 2489 2632 2554 advertamus,
2663 2503 3069 2559 cognoscamus,
3099 2489 3464 2559 eongcmisca-

1863 2595 2016 2638 mus:
2039 2591 2094 2636 et
2113 2581 2403 2646 audiendo,
2427 2581 2822 2652 cognoscendo,
2847 2583 3318 2652 congemiscendo,
3345 2599 3466 2638 mu-

1864 2681 2057 2738 temur,
2086 2682 2148 2728 ut
2173 2675 2458 2743 impleatur
2498 2674 2554 2728 in
2594 2674 2748 2728 nobis
2794 2674 2980 2730 titulus
3005 2676 3224 2735 Psalmi.
3257 2674 3359 2730 Pro
3387 2676 3467 2728 his

1863 2765 1951 2834 qui
1969 2764 2426 2818 commutabuutur.

1935 2854 1988 2909 5.
2013 2852 2163 2926 [υεγδ.
2190 2853 2271 2926 2.]
2299 2854 2510 2910 Salvum
2553 2871 2631 2908 me
2685 2859 2795 2926 fac,
2827 2853 2963 2910 Deus
2983 2897 2998 2920 ,
3025 2856 3268 2928 quoniam
3305 2858 3469 2910 intro-

1865 2948 2029 3002 ierunt
2056 2964 2202 3018 aqum
2235 2964 2390 3019 usque
2413 2949 2481 3001 ad
2504 2949 2726 3003 animam
2755 2966 2938 3002 meam.
2961 2935 3355 3004 Cranum'illud
3384 2962 3470 3005 est

1865 3049 2230 3109 contemptum
2264 3039 2444 3104 modo,
2477 3041 2620 3110 quod
2642 3040 2850 3095 videtur
2877 3040 3108 3096 humiles
3136 3041 3263 3096 dare
3284 3057 3466 3096 voces.

1868 3129 1925 3183 in
1959 3131 2114 3185 horto
2157 3131 2419 3196 obruitur,
2452 3130 2713 3185 miraturo
2759 3120 3150 3186 mundo‘oleris
3198 3133 3468 3202 magnitu-

1867 3220 2112 3286 dinem’,
2145 3220 2300 3290 cujus
2343 3220 2508 3274 oleris
2551 3235 2734 3275 semen
2777 3229 3142 3290 contemptum
3187 3231 3272 3276 est
3299 3237 3327 3274 a
3372 3222 3470 3276 Ju-

1868 3313 2020 3368 dteis.
2044 3313 2248 3368 Revera
2275 3313 2421 3368 enim
2453 3313 2794 3369 considerate
2820 3329 3006 3369 semen
3045 3315 3246 3383 sinapis
3289 3318 3468 3370 minu-

1869 3413 1982 3459 tum
2007 3447 2022 3470 ,
2057 3404 2263 3459 fuscum
2287 3446 2303 3468 ,
2326 3404 2664 3473 aspernabile
2715 3421 2934 3474 prorsus
2958 3421 2971 3466 ;
3004 3417 3058 3458 ut
3086 3406 3154 3458 ibi
3185 3406 3470 3474 impleatur

1870 3496 2012 3566 quod
2062 3495 2260 3550 dictum
2307 3503 2390 3548 est
2419 3514 2431 3548 :
2470 3494 2698 3548 Vidimus
2737 3512 2853 3548 eum
2875 3538 2889 3553 .
2922 3506 2968 3549 et
2997 3513 3097 3550 non
3122 3495 3330 3550 habebat
3354 3515 3472 3567 spe-

1871 3589 2000 3641 ciem
2046 3603 2207 3657 nerjue
2251 3587 2482 3640 decorem
2512 3587 2665 3658 (Isai.
2695 3603 2782 3641 un
2807 3627 2823 3650 ,
2856 3588 2935 3658 2).
2960 3591 3138 3658 Aquas
3176 3600 3352 3645 autem
3385 3591 3470 3643 in-

1876 3691 2044 3735 trasse
2070 3694 2236 3749 usque
2264 3680 2329 3734 ad
2377 3679 2610 3732 animam
2651 3694 2800 3732 suam
2833 3680 2991 3740 dicit;
3020 3680 3142 3748 quia
3181 3691 3472 3748 potuerunt

1874 3772 1978 3826 ilhc
2006 3771 2174 3824 turhm
2199 3813 2215 3834 ,
2242 3785 2375 3840 quas
2413 3785 2671 3840 aquarum
2723 3769 2939 3823 nomine
2984 3770 3330 3838 signiﬁcavit,
3364 3771 3468 3826 huc

1877 3877 2044 3932 usque
2070 3863 2357 3931 praevalere
2376 3903 2391 3926 ,
2422 3870 2479 3915 ut
2506 3861 2815 3916 occiderent
2836 3861 3126 3915 Christum.
3160 3863 3457 3917 Prtevaluc-

1876 3963 2002 4007 runt
2033 3954 2097 4006 ad
2127 3952 2600 4013 contemnendum,
2627 3953 2694 4007 ad
2724 3953 3032 4017 tenendum,
3061 3952 3129 4008 ad
3173 3955 3465 4023 ligandum,

1876 4046 1942 4100 ad
1965 4045 2347 4111 insultandum,
2371 4045 2437 4098 ad
2465 4044 2928 4114 colaphizandum,
2952 4046 3016 4099 ad
3044 4048 3466 4116 conspucnduut.

1879 4139 2068 4192 Adhuc
2113 4138 2431 4208 quousque?
2479 4137 2660 4206 Usque
2697 4138 2763 4192 ad
2812 4147 3057 4192 mortem.
3111 4140 3252 4208 Ergo
3312 4140 3474 4194 intro-

1877 4232 2040 4285 ierunt
2063 4246 2208 4298 aqua:
2249 4247 2407 4301 usque
2433 4231 2502 4283 ad
2546 4233 2768 4284 animum
2791 4248 2970 4284 meam.
3000 4231 3147 4287 lianc
3172 4233 3369 4302 quippe
3396 4235 3476 4285 vi-

1879 4331 1984 4377 tam
2007 4323 2140 4376 dixit
2178 4323 2408 4376 animam
2441 4338 2590 4375 suam
2612 4365 2626 4383 ,
2659 4337 2938 4392 quousque
2968 4324 3042 4376 illi
3087 4324 3346 4379 accedere
3367 4339 3470 4378 sa:-

1881 4416 2071 4469 viendo
2099 4423 2403 4481 potuerunt.
2436 4413 2540 4468 Sed
2572 4414 2826 4481 numquid
2858 4414 2958 4468 hoc
3001 4423 3240 4484 possent,
3271 4415 3371 4469 nisi
3404 4419 3473 4470 ab

1880 4507 1997 4574 ipso
2030 4506 2487 4573 permitterentur?
2515 4504 2670 4560 Unde
2716 4521 2846 4575 ergo
2875 4518 3122 4575 tanquam
3153 4507 3349 4576 aliquid
3381 4507 3469 4560 in-

1881 4599 2022 4652 vitus
2052 4599 2279 4665 patiatur
2325 4598 2404 4651 sic
2454 4597 2684 4652 clamat.
2719 4598 2818 4650 nisi
2865 4599 2986 4666 quia
3032 4607 3192 4667 caput
3234 4599 3476 4652 membra

1881 4704 1974 4742 Sua
2021 4688 2367 4757 pradigurat?
2410 4688 2605 4742 Passus
2640 4698 2726 4741 est
2752 4689 2948 4756 quippe
2974 4688 3084 4749 ille,
3118 4689 3238 4757 quia
3270 4689 3474 4751 voluit;

1883 4789 2150 4848 martyres
2173 4793 2299 4831 vero
2319 4818 2333 4841 ,
2364 4779 2572 4830 etiamsi
2621 4778 2922 4830 noluerunt.
2954 4777 3112 4830 Petro
3143 4793 3372 4845 namque
3404 4779 3480 4832 ita

1883 4869 2129 4937 pra-dixit
2186 4869 2486 4936 passionem
2539 4883 2688 4920 suam
2739 4885 2750 4918 :
2796 4865 2924 4920 Cum
2975 4868 3238 4928 tenueris,
3270 4868 3476 4937 inquit,

1883 4961 2014 5012 alius
2045 4969 2091 5011 te
2119 4959 2410 5028 prtecinget,
2442 4968 2486 5011 et
2532 4959 2655 5027 feret
2692 4973 2790 5024 quo
2813 4968 2866 5008 tu
2893 4974 2992 5009 non
3027 4960 3100 5010 vis
3128 4957 3308 5026 (Joan.
3341 4975 3431 5014 XXI
3460 5023 3462 5025 _

1885 5050 1999 5118 18).
2046 5050 2357 5118 Quanquam
2407 5048 2548 5102 enim
2577 5047 2792 5100 Christo
2845 5047 3108 5101 inhaerere
3153 5050 3432 5118 cupiamus
3460 5091 3480 5118 ,

1887 5142 2019 5194 mori
2053 5151 2226 5196 tamen
2257 5141 2540 5203 uolumus;
2568 5147 2624 5194 et
2651 5137 2771 5193 ideo
2796 5139 3044 5203 libenter,
3075 5138 3158 5192 vel
3187 5140 3360 5206 potius
3384 5157 3479 5209 pa-

1887 5235 2078 5286 tienter
2119 5233 2367 5300 patimur,
2400 5231 2520 5298 quia
2548 5231 2682 5283 alius
2729 5230 2983 5284 transitus
3025 5246 3128 5284 non
3167 5230 3345 5295 datur,
3382 5244 3481 5300 per

1885 5339 2042 5393 quem
2073 5323 2286 5378 Christo
2326 5322 2712 5377 cohatreamus.
2757 5320 2889 5375 Nam
2934 5321 2978 5374 si
3019 5335 3298 5388 possemus
3323 5324 3483 5376 aliter

1955 5523 1970 5552 ι
2008 5527 2083 5590 tar.
2113 5528 2162 5569 et
2185 5521 2282 5590 duo
2305 5526 2433 5578 Mss,
2471 5525 2791 5590 contmttpttmt
2828 5517 3026 5590 inuade.
3064 5515 3208 5590 Paulo
3237 5525 3350 5590 pest
3387 5531 3477 5590 pro

1885 5582 2120 5640 obruitur,
2155 5584 2283 5644 quod
2334 5590 2437 5631 MSS.
2477 5578 2695 5644 verbum
2719 5587 2815 5638 est,
2855 5578 2967 5644 Edd.
3005 5581 3286 5644 praeterunt,
3323 5578 3479 5631 Oritur

1887 5646 2106 5706 Denique
2130 5639 2306 5703 ltégius
2327 5645 2480 5692 codex
2519 5639 2647 5690 lutne
2682 5640 2846 5706 locum
2877 5640 2947 5688 sic
2972 5639 3177 5706 exhibet
3204 5653 3238 5706 .‘_
3266 5649 3482 5694 Granum

1884 5706 2004 5767 illud
2028 5700 2098 5754 est
2113 5700 2447 5767 cmiteniptum.
2466 5713 2602 5767 Modo
2619 5702 2746 5751 nuod
2765 5701 2954 5767 ridetur
2977 5700 3180 5767 humiles
3205 5701 3325 5751 dare
3347 5715 3483 5767 voces

1883 5763 1933 5817 in
1955 5765 2091 5814 horto
2128 5761 2365 5816 obruitur.
2410 5766 2615 5816 Miratur
2640 5777 2766 5814 nunc
2785 5763 2993 5813 mundus
3023 5761 3169 5812 oleris
3191 5766 3484 5829 magnitudi-

1884 5841 2011 5889 nem,
2038 5839 2134 5878 etc.

2807 5911 2843 5989 ί
2859 5909 3290 5988 Vingt—sept.)
