3934 6324
499 361 605 416 815

501 471 777 541 pervenire
821 470 886 521 ad
934 466 1206 521 Christum
1231 505 1246 528 ,
1291 462 1342 517 id
1376 471 1458 515 est
1502 459 1566 513 ad
1597 458 1755 512 vitam
1792 466 2083 516 :eternam,

499 563 618 630 quis
647 561 808 615 vellet
847 559 1022 612 mori?
1051 555 1306 610 Naturam
1354 553 1554 622 quippe
1603 558 1874 613 nostram,
1919 545 2089 600 idest

500 650 829 706 consortium
851 647 1116 718 quoddam
1145 646 1338 699 animai
1364 656 1418 696 et
1438 640 1702 709 corporis,
1728 646 1782 692 et
1804 633 2087 706 quamdam

502 748 553 798 in
603 745 685 797 his
711 743 918 796 duobus
961 738 1372 793 familiaritatem
1419 728 1891 802 conglutinationis
1928 735 2090 794 atque

500 834 831 904 catupagiuis
875 844 1151 900 exponens
1198 826 1428 898 quodam
1478 825 1598 878 loco
1627 818 1960 891 Apostolus,
2015 816 2091 870 ait

500 929 702 982 habere
728 941 828 980 nos
853 925 1072 978 domum
1100 937 1205 975 non
1229 919 1606 978 manulactam,
1626 923 1880 969 :eternam
1912 909 1966 964 in
1990 922 2093 963 cos-

504 1021 602 1080 lis;
629 1017 680 1070 id
706 1026 789 1070 est
817 1012 1270 1068 immortalitatem
1298 1014 1648 1078 prmparatam
1675 1002 1850 1067 nobis,
1880 1013 1982 1070 qua
2006 998 2092 1052 in-

505 1107 700 1161 duendi
723 1117 906 1159 sumus
934 1104 984 1156 in
1009 1102 1133 1165 line,
1163 1117 1284 1155 cutn
1309 1095 1761 1152 resurrexerimus
1780 1107 1810 1144 a
1835 1087 2089 1151 mortuis;

509 1210 565 1253 et
594 1200 667 1251 ait
699 1215 712 1251 :
744 1196 802 1249 In
844 1212 944 1266 quo
978 1196 1216 1248 nolumus
1252 1189 1500 1258 spoliari,
1530 1186 1620 1241 sed
1653 1180 1973 1252 supervestiri
1995 1220 2013 1247 ,
2038 1187 2094 1232 ut

500 1289 830 1342 absorbentur
855 1286 1066 1339 mortale
1089 1300 1120 1335 a
1140 1283 1240 1335 vita
1269 1281 1334 1351 (ll
1353 1279 1470 1332 Cor.
1488 1293 1541 1341 v,
1571 1278 1623 1338 1,
1644 1275 1726 1346 ι),
1747 1273 1803 1329 Si
1833 1270 1944 1325 ﬂeri
1965 1283 2092 1340 pos-

509 1389 611 1442 set,
653 1379 731 1431 sic
755 1377 1046 1435 vellemus,
1075 1373 1148 1425 ait
1166 1413 1182 1436 ,
1218 1370 1332 1423 fieri
1360 1367 1706 1430 immortales,
1729 1374 1786 1419 ut
1806 1362 1916 1432 jam
1946 1359 2095 1414 veni-

511 1482 591 1524 ret
618 1471 731 1538 ipsa
775 1465 1146 1523 immortalitas
1168 1504 1184 1527 ,
1215 1469 1269 1514 et
1296 1459 1456 1513 modo
1481 1458 1619 1512 sicut
1641 1469 1829 1510 sumus
1863 1457 2097 1506 mutaret

510 1577 629 1626 uos,
657 1571 714 1616 ιιι
735 1557 960 1613 mortale
981 1556 1086 1610 hoc
1110 1563 1349 1608 nostrum
1375 1566 1403 1603 a
1431 1551 1538 1604 vita
1565 1546 1964 1608 absorberetur,
1987 1557 2094 1596 non

511 1671 606 1724 per
635 1662 860 1708 mortem
887 1664 1086 1718 corpus
1111 1652 1400 1717 poneretur
1422 1644 1463 1707 ³,
1485 1650 1544 1695 ut
1572 1640 1625 1694 in
1664 1637 1772 1694 line
1790 1637 1982 1692 iterum
2011 1649 2098 1689 re-

511 1749 797 1814 ciperetur.
821 1741 1073 1810 Quamvis
1089 1752 1218 1808 ergo
1247 1751 1276 1788 a
1301 1735 1455 1789 malis
1478 1731 1545 1786 ad
1573 1732 1713 1785 bona
1742 1738 2094 1790 transeamus;

512 1851 690 1891 tamen
722 1838 836 1905 ipse
872 1833 1130 1887 transitus
1167 1827 1498 1896 aliquantum
1539 1835 1753 1876 amarus
1779 1827 1861 1875 est
1883 1858 1898 1882 ,
1920 1827 1976 1872 et
2002 1815 2099 1870 ba-

517 1930 606 1982 bet
633 1927 736 1991 fel,
767 1923 908 1995 quod
950 1921 1216 1976 dederunt
1260 1915 1484 1970 Domino
1507 1913 1560 1968 in
1592 1913 1838 1982 passione
1880 1906 2052 1964 Judmi
2081 1947 2098 1972 ,

512 2021 670 2074 habet
693 2033 815 2071 acre
841 2015 1091 2086 quiddam
1124 2007 1481 2070 tolerandum,
1507 2020 1613 2076 quo
1633 2001 1990 2057 ostenduntur
2009 1998 2099 2070 qui

506 2131 631 2166 mnu
664 2121 816 2165 aceto
864 2111 1178 2176 putaverunt
1203 2100 1416 2170 (Matth.
1469 2111 1647 2162 xxv“,
1691 2092 1805 2165 3b).
1849 2089 2101 2159 Ριιωῧευ-

514 2221 639 2258 rans
665 2217 792 2271 ergo
814 2243 827 2263 ,
848 2209 904 2254 et
950 2195 1341 2253 transformans
1365 2192 1416 2245 in
1441 2204 1499 2243 se
1521 2202 1620 2242 nos
1648 2186 1817 2255 ipsos,
1849 2182 1952 2237 hoc
1977 2181 2048 2236 ait
2080 2196 2096 2234 :

513 2298 728 2350 Salvum
759 2309 838 2346 me
864 2295 969 2362 (ac,
999 2288 1137 2342 Deus
1157 2329 1173 2352 ,
1197 2283 1435 2356 quoniam
1457 2279 1760 2334 introierunt
1778 2289 1924 2345 aqua
1948 2287 2102 2342 usque

517 2386 585 2439 ad
613 2385 837 2438 animam
861 2395 1042 2434 meam.
1080 2369 1374 2431 Petucrunt
1395 2370 1484 2442 qui
1513 2364 1773 2439 persecuti
1799 2371 1921 2419 sunt
1938 2362 2107 2418 etiam
2148 2367 2152 2370 ’

511 2476 784 2537 occidere;
831 2472 925 2527 sed
969 2467 1198 2538 amplius
1233 2462 1362 2535 quid
1410 2460 1605 2521 faciant
1653 2471 1760 2511 non
1809 2453 2098 2508 habebunt.

515 2566 776 2622 Prauuisit
803 2564 944 2618 enim
972 2558 1395 2616 exhortationem
1436 2552 1551 2622 ipse
1577 2548 1835 2604 Dominus
1860 2544 2046 2599 dicens
2078 2560 2092 2596 :

519 2657 693 2710 Nolite
719 2656 892 2708 timere
937 2668 1020 2705 eos
1049 2649 1134 2718 qui
1159 2662 1342 2719 rorpus
1369 2641 1606 2696 occidunt
1628 2679 1642 2703 ,
1674 2647 1721 2691 et
1755 2635 1973 2706 amplius
2002 2649 2103 2686 non

502 2748 695 2800 'lmbrnt
722 2744 842 2813 quid
873 2742 1099 2810 faciant;
1125 2737 1212 2794 sed.
1244 2751 1358 2789 eum
1385 2733 1553 2786 timete
1595 2732 1682 2799 qui
1706 2726 2102 2794 habetpotesta-

516 2851 636 2899 teut,
665 2847 709 2890 et
733 2850 917 2904 corpus
944 2842 990 2886 et
1010 2833 1235 2884 animam
1261 2827 1485 2881 occidere
1509 2823 1564 2879 in
1580 2822 1809 2894 gehenna
1835 2817 1968 2888 ignis
1988 2813 2100 2888 (Id.

518 2946 573 2991 x,
603 2924 717 2998 ‘23).
748 2925 946 2992 Maiore
988 2923 1181 2975 timore
1209 2917 1416 2972 minora
1462 2910 1888 2974 contemnimus,
1911 2915 1966 2960 et
1993 2919 2107 2959 ma-

515 3021 632 3090 jore
658 2996 974 3072 aeternitatis
1011 3010 1304 3080 cupiditate
1344 3004 1524 3061 omnia
1556 3000 1871 3072 temporalia
1896 2996 2098 3053 fastidi-

519 3127 660 3164 mus.
693 3107 824 3162 Nam
861 3105 949 3158 hie
977 3112 1032 3157 et
1055 3099 1260 3157 deiicize
1288 3094 1610 3167 temporales
1633 3091 1818 3147 dulces
1863 3097 1987 3144 sunt
2007 3129 2020 3152 ,
2051 3094 2106 3141 et

522 3197 894 3255 tribulationes
936 3190 1256 3262 temporales
1301 3201 1500 3241 amara:
1522 3192 1648 3241 sunt
1674 3198 1690 3238 :
1721 3180 1814 3237 sed
1855 3179 1974 3250 quis
1998 3193 2106 3232 non

520 3292 669 3346 bibat
721 3282 1076 3342 tribulationis
1143 3276 1454 3349 temporalis
1514 3273 1763 3346 poculum
1790 3313 1807 3336 ,
1862 3279 2108 3325 metuens

519 3382 696 3452 ignem
721 3376 1083 3447 gehennarum
1103 3388 1121 3437 ;
1145 3379 1198 3426 et
1226 3369 1348 3440 quis
1387 3380 1492 3422 non
1519 3368 1830 3420 contemnat
1861 3357 2107 3413 dulcedi-

519 3447 640 3525 nem
701 3467 922 3534 saiculi,
967 3463 1180 3518 inhians
1224 3455 1497 3514 dulcedini
1535 3454 1656 3508 vita:
1692 3447 1946 3507 aeternae?
1974 3447 2108 3502 Hinc

517 3578 646 3634 ergo
688 3572 747 3616 ut
792 3558 1085 3613 liberemur
1129 3553 1459 3614 clamcmus,
1501 3561 1569 3602 ne
1599 3543 1738 3601 forte
1759 3543 1811 3597 in
1842 3538 2110 3613 pressuris

515 3651 915 3708 consentiamus
963 3643 1263 3715 iniquitati,
1302 3649 1358 3698 et
1384 3654 1510 3696 vere
1547 3633 1965 3705 irreparabiliter
1988 3644 2108 3685 sor-

516 3745 740 3797 beamur
767 3759 782 3794 ;
814 3738 1027 3793 Salvum
1064 3751 1144 3788 me
1171 3737 1254 3804 [ac
1276 3772 1295 3799 ,
1323 3729 1497 3796 Deus,
1523 3726 1763 3798 quoniam
1807 3721 2108 3777 introierunt

517 3849 664 3900 aane
692 3843 845 3895 usque
869 3825 937 3879 ad
967 3823 1191 3877 animum
1212 3835 1396 3874 meam.

590 3923 645 3977 4.
668 3921 816 3992 [βενε.
839 3917 918 3988 5.]
941 3915 974 3969 ’1
981 3917 1150 3984 nﬁatus
1172 3928 1284 3966 sum
1306 3911 1358 3964 in
1381 3909 1501 3962 limo
1522 3904 1766 3978 profundi
1789 3945 1804 3966 ,
1833 3901 1880 3956 ét
1906 3909 2108 3955 nonest

520 3990 816 4066 si'bsuimia.
847 4007 984 4074 Quid
1011 4005 1141 4058 dicit
1181 4000 1408 4056 limum?
1431 4012 1500 4052 an
1545 3995 1690 4066 ipsos
1718 3993 1811 4065 qui
1840 3990 2109 4064 persecuti

510 4105 684 4162 sunt?
717 4104 791 4156 De
814 4101 942 4154 limo
963 4097 1104 4151 enim
1146 4093 1316 4148 facttts
1337 4100 1421 4147 est
1448 4089 1610 4144 homo
1629 4084 1782 4158 (Gen.
1804 4101 1874 4151 tt,
1896 4085 1973 4154 7).
2001 4081 2110 4137 Sed

518 4199 636 4260 isti,
665 4192 905 4249 cadendo
933 4207 962 4243 a
1004 4188 1208 4259 justitia
1232 4227 1247 4251 ,
1290 4185 1448 4240 limus
1487 4179 1738 4251 profundi
1782 4176 1903 4232 lacti
1941 4182 2106 4241 sunt;

518 4290 714 4360 quibus
741 4282 1180 4357 persequentibus
1218 4285 1273 4332 et
1298 4275 1366 4330 ad
1395 4273 1731 4343 iniquitatem
1772 4268 1988 4324 trahere
2017 4281 2110 4322 cu-

503 4380 789 4450 pientibus
818 4375 1058 4445 quisquis
1085 4387 1189 4425 non
1230 4365 1604 4430 consenserit,
1628 4361 1699 4418 de
1733 4361 1860 4416 limo
1882 4373 1983 4414 suo
2009 4373 2109 4418 au-

527 4449 810 4526 ruml‘acit.
841 4466 1133 4522 Merebilur
1161 4465 1301 4515 enim
1355 4459 1515 4513 limus
1563 4455 1729 4539 ipsius
1773 4450 2014 4507 converti
2057 4449 2109 4504 in

524 4563 885 4618 habitudinem
911 4559 1182 4614 caelestem
1209 4596 1221 4615 .
1250 4563 1302 4607 et
1335 4551 1515 4606 socius
1547 4547 1660 4601 ﬁeri
1686 4558 1874 4600 eorum
1897 4542 1967 4598 de
1993 4542 2113 4612 qui-

522 4657 621 4709 bus
645 4654 774 4708 dicit
792 4651 973 4705 tittdtts
1003 4646 1198 4702 Psalmi
1219 4646 1238 4674 '
1265 4661 1279 4697 :
1315 4641 1422 4695 Pro
1438 4641 1516 4692 Itis
1539 4638 1626 4708 qui
1654 4633 2110 4689 committebantur.

524 4745 612 4800 lsti
652 4752 828 4798 autem
874 4755 994 4794 cum
1021 4738 1176 4791 timus
1208 4731 1456 4803 profundi
1490 4735 1672 4784 essent
1695 4766 1709 4789 ,
1739 4722 1870 4778 haesi
1895 4723 1948 4776 in
1975 4719 2110 4786 illis;

525 4837 577 4891 i'd
631 4844 714 4890 est
766 4840 1051 4887 tenuerunt
1107 4841 1191 4880 me
1220 4865 1235 4888 ,
1289 4821 1686 4893 prtevalueruut
1742 4815 1915 4879 mihi,
1971 4814 2113 4868 occi-

523 4929 718 4982 derunt
743 4939 849 4978 me.
881 4921 1085 4989 [alimus
1115 4928 1244 4987 ergo
1268 4930 1379 4968 sum
1420 4913 1472 4966 in
1500 4912 1620 4965 limo
1649 4906 1915 4978 profundi,
1942 4915 1989 4959 et
2015 4921 2114 4958 non

522 5031 596 5075 est
623 5015 921 5071 substantia.
949 5011 1086 5078 Quid
1113 5018 1196 5063 est
1222 5009 1344 5071 hoc,
1371 5021 1474 5059 non
1501 5012 1572 5056 est
1597 4998 1920 5055 substantia?
1952 4997 2117 5051 Num-

528 5111 784 5181 quidnam
810 5109 920 5173 ipsc
944 5106 1136 5159 liumus
1164 5116 1268 5155 non
1295 5106 1378 5155 est
1405 5094 1737 5151 substantia?
1766 5094 1844 5147 An
1867 5133 1880 5156 ,
1909 5106 2009 5161 ego
2031 5090 2116 5144 in-

529 5201 783 5257 lucrendo
813 5199 982 5252 laetus
1030 5209 1146 5248 sum
1197 5206 1302 5246 non
1333 5203 1454 5244 esse
1495 5184 1827 5242 substantia?
1855 5181 1992 5249 Quid
2035 5189 2120 5236 est

527 5309 678 5363 ergo,
707 5292 913 5358 Infecit:
942 5286 1095 5341 sum?
1133 5280 1524 5351 Numquidnam
1551 5278 1628 5331 sic
1654 5276 1811 5330 haesit
1832 5273 2117 5329 Christus?

530 5388 639 5439 Aut
666 5396 794 5435 vero
847 5383 1038 5440 laesit,
1070 5391 1131 5429 ac
1157 5390 1261 5427 non
1287 5413 1303 5437 ,
1333 5371 1472 5426 sicut
1513 5369 1714 5423 dictum
1761 5374 1845 5420 est
1892 5365 1945 5419 in
1983 5364 2118 5418 libro

525 5473 630 5530 Job
650 5517 662 5536 ,
689 5472 849 5526 Terra
885 5470 1070 5523 tradita
1097 5476 1166 5519 est
1213 5464 1264 5516 in
1293 5477 1473 5536 manus
1511 5459 1658 5530 impii
1696 5455 1838 5528 (Job
1868 5471 1919 5510 ιχ
1941 5496 1957 5522 ,
1985 5451 2116 5524 26).

530 5570 614 5621 λιι
638 5562 926 5619 semiudum
958 5571 1152 5626 Corpus
1190 5557 1388 5608 inﬁxus
1412 5535 1496 5607 est
1520 5593 1535 5618 ,
1567 5551 1686 5621 quia
1716 5549 1880 5606 teneri
1909 5547 2116 5620 potuit,

599 5723 614 5751 ¹
652 5722 723 5770 sic
748 5718 1108 5780 praesentiores
1260 5720 1314 5760 At.
1335 5709 1471 5780 Iulli...
1490 5709 1756 5774 puniretur.

594 5783 615 5812 ³
799 5779 953 5829 socius
974 5774 1082 5839 ﬁm‘
1103 5776 1236 5825 titulo
1257 5771 1450 5824 l’salmi.

1736 346 1792 400 S.
1838 338 2201 398 Al7CUSTlN|
2245 339 2543 396 EPISCOH

3678 355 3778 410 866

2201 452 2450 520 utipsam
2483 455 2499 486 ¹
2527 457 2925 514 crncilixionem
2972 459 3243 519 habebat?
3287 464 3400 520 Nisi
3445 465 3590 522 enim
3612 466 3778 522 claris

2196 547 2338 604 fixus
2372 559 2553 616 esset,
2580 553 2862 607 cruciﬁxus
2895 569 2999 608 non
3023 566 3188 610 esset.
3221 555 3372 612 Unde
3397 572 3530 628 ergo
3569 576 3671 613 non
3711 570 3778 613 est

2193 638 2469 714 substantia
2486 640 2512 693 .’
2536 640 2616 695 An
2643 640 2799 695 limus
2849 643 2936 697 ille
2965 659 3071 699 non
3097 655 3179 700 est
3216 646 3552 704 substantia?
3581 649 3780 704 Intelli-

2194 747 2382 800 gemus
2410 748 2539 804 ergo
2559 773 2575 799 ,
2602 735 2646 789 si
2677 737 3004 804 potuerimus
3027 779 3043 802 ,
3072 727 3196 807 quid
3225 740 3321 805 sit,
3351 750 3402 795 et
3427 757 3529 794 non
3559 751 3633 794 est
3664 745 3780 795 sub-

2193 824 2398 885 stantia.
2416 824 2460 880 si
2475 827 2619 895 prius
2645 827 3062 883 intellexerimus
3080 830 3206 900 quid
3227 832 3295 885 sit
3312 832 3627 887 substantia.
3641 833 3782 888 Sub-

2194 915 2387 969 stantia
2416 917 2610 985 quippe
2634 917 2828 973 dicitur
2849 930 2903 974 et
2929 919 3229 974 divitiarum
3261 938 3274 974 :
3302 922 3600 977 secundum
3621 939 3782 992 quam

2195 1006 2441 1074 dicimus,
2471 1009 2639 1063 [labet
2689 1010 3038 1066 substantiam
3063 1052 3081 1079 ,
3110 1021 3164 1068 et
3187 1055 3203 1078 ,
3252 1012 3491 1068 Perdidit
3527 1016 3782 1070 substan-

2197 1099 2345 1152 tiam.
2377 1098 2482 1153 Sed
2524 1101 2775 1168 nutnquid
2807 1101 2907 1156 hoc
2928 1103 3231 1170 putabimus
3265 1105 3350 1158 hic
3375 1104 3575 1159 dictum
3625 1121 3781 1172 esse,

2196 1199 2244 1242 et
2294 1205 2393 1242 non
2444 1199 2518 1242 cst
2563 1190 2880 1253 substantia,
2939 1192 2991 1246 id
3045 1201 3165 1258 est,
3222 1210 3325 1250 non
3371 1205 3496 1249 sunt
3539 1195 3784 1260 divitiaa,

2196 1278 2345 1347 quasi
2400 1278 2558 1332 modo
2595 1280 2790 1348 aliquid
2836 1279 2904 1336 de
2930 1281 3126 1336 divitiis
3169 1293 3446 1354 ageretur,
3475 1295 3566 1339 aut
3604 1287 3783 1354 aliqua

2205 1370 2430 1438 quzestio
2474 1371 2543 1426 de
2568 1372 2772 1426 divitiis
2805 1371 3113 1428 haberetur?
3139 1375 3220 1428 An
3245 1374 3380 1429 forte
3398 1377 3518 1446 quia
3550 1377 3639 1429 ille
3670 1376 3784 1443 ipse

2198 1459 2356 1514 limus
2410 1473 2690 1530 paupertas
2733 1472 2881 1526 erat,
2924 1475 2977 1516 et
3031 1465 3229 1519 divitia:
3273 1481 3377 1519 non
3426 1477 3622 1529 erunt,
3680 1467 3780 1520 nisi

2199 1549 2412 1620 quando
2453 1552 2765 1607 aeternitatis
2792 1553 3077 1622 participes
3116 1556 3292 1610 etl’eeti
3316 1555 3609 1611 fuerimus?
3632 1557 3781 1611 'l‘unc

2198 1649 2321 1694 sunt
2350 1641 2491 1695 enim
2534 1657 2675 1696 vera:
2716 1643 2912 1697 divitia:
2933 1685 2948 1708 ,
2978 1645 3191 1713 quando
3227 1646 3380 1701 nobis
3405 1649 3536 1702 nihil
3585 1648 3777 1702 deerit.

2198 1732 2380 1788 Potest
2421 1734 2580 1789 etiam
2623 1735 2913 1791 secundum
2957 1736 3113 1807 hujus
3141 1738 3288 1794 verbi
3325 1739 3648 1794 intellectum
3687 1756 3780 1794 ae-

2200 1827 2305 1896 cipi
2348 1840 2541 1881 sensus
2570 1828 2702 1890 iste,
2753 1838 2810 1882 ut
2853 1828 3139 1896 diceretur,
3173 1829 3375 1899 Inﬁa'us
3423 1848 3532 1885 sum
3577 1833 3629 1886 in
3659 1834 3784 1886 limo

2201 1918 2480 1988 profundi,
2511 1928 2558 1972 et
2599 1934 2700 1972 non
2729 1927 2802 1973 est
2839 1921 3114 1975 substantia
3138 1962 3152 1983 ,
3183 1921 3232 1975 id
3263 1931 3365 1988 est,
3391 1922 3456 1978 ad
3486 1935 3774 1993 pauperta-

2202 2017 2308 2062 tem
2351 2009 2590 2080 perveni.
2623 2008 2753 2062 Nam
2798 2009 2886 2063 hic
2935 2009 3065 2064 dicit
3095 2027 3109 2066 :
3145 2010 3349 2082 Pauper
3393 2022 3438 2066 et
3463 2014 3640 2067 dolens
3685 2031 3779 2083 ego

2199 2116 2353 2164 sum;
2381 2099 2511 2154 dicit
2551 2109 2606 2155 ct
2633 2100 2917 2169 Apostolus
2947 2118 2961 2155 :
2994 2101 3244 2168 Quoniam
3283 2112 3489 2172 propter
3531 2118 3618 2158 vos
3645 2122 3780 2173 pau-

2202 2207 2292 2260 per
2315 2189 2482 2259 {actus
2507 2199 2580 2244 est
2604 2231 2620 2255 ,
2642 2207 2757 2244 cum
2787 2191 2923 2246 dives
2943 2200 3105 2253 esset,
3133 2202 3187 2244 ut
3212 2193 3350 2246 illius
3375 2205 3668 2267 paupertate
3695 2211 3782 2246 eos

2202 2280 2488 2333 ditaremini
2533 2280 2596 2346 (ll
2626 2280 2744 2334 Cor.
2794 2296 2912 2345 vm,
2943 2279 3025 2350 9).
3058 2280 3198 2350 Ergo
3228 2293 3585 2351 paupertatem
3630 2299 3780 2337 suam

2202 2370 2388 2425 volens
2414 2370 2670 2424 Dominus
2699 2370 2855 2426 nobis
2879 2371 3277 2436 commendare,
3311 2371 3532 2444 fortasse
3555 2374 3774 2434 dixerit,

2204 2478 2305 2515 non
2350 2470 2423 2516 est
2465 2461 2762 2515 substantia.
2798 2459 2878 2515 Ad
2922 2477 3186 2515 summam
3230 2463 3369 2516 enim
3421 2473 3781 2532 paupertatem

2207 2549 2485 2619 pervenit,
2514 2549 2725 2620 quando
2763 2550 2984 2603 formam
3031 2551 3168 2604 servi
3212 2551 3400 2604 itnlttit.
3434 2552 3640 2607 Divitite
3667 2556 3783 2623 ejus

2203 2657 2324 2712 qua:
2370 2640 2532 2695 sunt?
2561 2641 2662 2708 Qui
2693 2657 2807 2694 cum
2848 2640 2902 2694 in
2929 2644 3093 2712 [arma
3132 2639 3228 2694 Dei
3253 2651 3400 2705 esset,
3427 2657 3527 2695 non
3553 2643 3787 2714 rupium»

2204 2733 2475 2787 arbitratus
2498 2743 2572 2787 est
2613 2748 2720 2787 esse
2761 2732 2971 2803 (aqualis
3018 2730 3148 2785 Deo.
3180 2731 3270 2785 lla:
3295 2747 3498 2801 magna:
3517 2732 3788 2801 incompa-

2207 2824 2507 2893 rabilesque
2555 2822 2773 2877 divitiae.
2819 2823 2968 2879 Unde
2997 2837 3127 2893 ergo
3165 2822 3265 2877 ista
3305 2825 3627 2893 paupertas?
3654 2824 3785 2892 Quia

2206 2915 2531 2985 semetipsum
2571 2914 2848 2968 exinanivit
2885 2913 3101 2982 formam
3143 2913 3272 2967 servi
3316 2914 3567 2982 accipiens
3589 2953 3606 2980 ,
3641 2917 3694 2967 in
3719 2918 3788 2968 si-

2205 2996 2543 3084 militudinem
2593 3003 2851 3058 hominum
2901 3005 3100 3075 factus,
3152 3013 3199 3057 et
3245 3004 3421 3058 habitu
3456 3004 3686 3059 inventus
3733 3014 3785 3057 ut

2208 3098 2381 3163 homo;
2412 3096 2694 3150 Itttutiliavit
2714 3112 2768 3149 se
2787 3138 2801 3158 ,
2835 3098 3000 3166 [actus
3020 3095 3254 3149 obedienc
3273 3110 3429 3162 usque
3445 3095 3515 3148 ad
3535 3106 3748 3149 mortem
3768 3112 3788 3149 :

2207 3200 2267 3245 ut
2289 3189 2523 3254 diceret,
2552 3188 2862 3243 Introierunt
2891 3203 3039 3258 aqua:
3066 3204 3224 3257 usque
3261 3187 3331 3242 ad
3363 3188 3584 3242 animam
3607 3205 3787 3242 nteant.

2211 3280 2361 3336 Adde
2381 3294 2542 3349 super
2562 3287 2785 3333 mortem
2812 3295 2827 3333 :
2852 3278 2976 3348 quid
2997 3277 3224 3348 amplius
3246 3258 3522 3333 additurus
3540 3278 3625 3333 es?
3647 3276 3792 3348 lgna-

2209 3371 2427 3428 miniam
2455 3371 2663 3425 mortis.
2692 3369 2815 3432 ideo
2835 3372 3074 3439 sequitur
3099 3386 3114 3422 :
3144 3361 3362 3423 Mortem
3395 3377 3562 3422 autem
3581 3371 3744 3423 crucis
3767 3371 3792 3401 ⁸

2213 3459 2490 3536 (Philipp.
2512 3478 2570 3528 ll,
2599 3461 2745 3531 6-8).
2773 3461 2957 3531 Magna
3003 3460 3321 3532 paupertas!
3348 3459 3456 3516 Sed
3485 3459 3611 3515 hinc
3634 3472 3792 3516 erunt

2211 3570 2417 3626 magnae
2471 3554 2704 3618 divitize;
2755 3552 2878 3623 quia
2925 3552 3061 3608 sicut
3113 3551 3328 3621 impleta
3376 3558 3460 3608 est
3506 3559 3793 3622 paupertas

2211 3648 2350 3718 ejus,
2373 3647 2443 3701 ita
2472 3645 2835 3716 implebuntur
2861 3653 2916 3700 et
2938 3643 3136 3712 divitia:
3163 3651 3363 3698 nostra:
3391 3641 3459 3698 de
3483 3652 3793 3714 paupertate

2213 3738 2400 3810 ipsius.
2427 3737 2663 3805 Quantas
2696 3735 2910 3790 divitias
2955 3735 3148 3801 habet,
3173 3743 3232 3789 ut
3258 3733 3326 3788 de
3349 3749 3442 3788 sua
3483 3745 3795 3804 paupertate

2213 3846 2311 3886 nos
2354 3830 2547 3886 divites
2586 3828 2816 3884 faceret!
2841 3828 3036 3896 Quales
3064 3841 3161 3881 nos
3195 3825 3433 3882 tacturus
3453 3836 3538 3882 est
3564 3826 3633 3882 de
3655 3827 3792 3880 divi-

2214 3920 2302 3976 tiis
2329 3922 2462 3986 suis,
2505 3935 2639 3992 quos
2664 3919 2854 3974 divites
2884 3917 3010 3973 fecit
3037 3916 3106 3973 de
3131 3926 3440 3989 paupertate
3464 3918 3590 3972 sua!

2284 4013 2337 4067 5.
2367 4009 2572 4080 In/ia‘us
2601 4026 2712 4064 sum
2749 4010 2801 4062 in
2827 4010 2948 4063 limo
2973 4009 3237 4078 profundi.
3264 4016 3310 4060 et
3334 4024 3437 4061 non
3464 4017 3537 4062 est
3563 4007 3796 4062 substan-

2213 4103 2306 4158 tia.
2335 4102 2650 4180 lntelligitnr
2677 4101 2784 4154 alio
2830 4099 2987 4154 modo
3025 4099 3350 4163 substantia,
3383 4097 3509 4152 illud
3539 4097 3680 4168 quod
3704 4115 3797 4153 δυο

2213 4211 2336 4251 mus
2358 4193 2616 4266 quidquid
2652 4207 2856 4247 sumus.
2885 4191 2990 4246 Sed
3031 4191 3132 4245 hoc
3160 4190 3225 4244 ad
3269 4189 3668 4260 intelligendum
3700 4190 3800 4244 alio

2214 4294 2413 4357 quanto
2443 4282 2833 4349 estdiflicilius,
2867 4297 3168 4352 quanquam
3197 4296 3284 4336 res
3310 4281 3517 4335 usitata:
3543 4280 3652 4336 sint
3673 4281 3798 4337 :scd

2216 4378 2337 4449 quia
2364 4376 2672 4431 inusitatum
2704 4371 2924 4429 verbum
2949 4382 3030 4427 est
3047 4412 3063 4438 ,
3098 4370 3298 4440 indiget
3322 4371 3802 4426 commendationis

2216 4480 2271 4525 et
2298 4467 2647 4538 expositionis
2685 4465 3062 4535 aliquantulm;
3094 4464 3178 4517 cui
3211 4473 3388 4518 tamen
3419 4461 3465 4516 si
3495 4462 3690 4517 intenti
3719 4463 3800 4517 fu-

2216 4562 2385 4624 eritis,
2413 4559 2651 4614 fortassis
2681 4557 2732 4613 in
2761 4572 2822 4611 ea
2846 4572 2949 4610 non
2982 4554 3362 4610 laborabimus.
3387 4553 3802 4615 Dicitur-homo,

2218 4653 2413 4708 dicitur
2443 4666 2605 4721 pecus
2625 4691 2642 4716 ,
2685 4648 2880 4704 dicitur
2907 4657 3044 4702 terra
3073 4686 3090 4712 ,
3121 4645 3317 4722 dicitur
3343 4644 3541 4701 emlum
3566 4686 3582 4709 ,
3609 4643 3806 4711 dicitur

2220 4745 2302 4799 sol
2324 4787 2338 4810 ,
2367 4745 2487 4798 luna
2508 4785 2524 4808 ,
2571 4743 2704 4812 lapis
2725 4782 2740 4805 ,
2771 4755 2950 4805 mare,
2976 4753 3069 4793 aer
3097 4754 3112 4792 :
3140 4737 3317 4792 omnia
3354 4737 3451 4791 ista
3494 4736 3808 4792 substantia:

2220 4847 2372 4902 sunt,
2401 4849 2466 4889 eo
2489 4834 2602 4903 ipso
2644 4848 2751 4903 quo
2780 4841 2922 4886 sunt.
2956 4830 3167 4884 Natura!
3187 4829 3316 4899 ipsa:
3337 4868 3356 4896 ,
3387 4828 3703 4883 substantia:
3724 4830 3810 4883 di-

2221 4938 2433 4985 cuntur.
2459 4928 2599 4982 Deus
2624 4935 2709 4981 est
2735 4924 2977 4990 qutedam
3003 4922 3318 4984 substantia;
3353 4935 3474 4974 nam
3495 4921 3636 4988 quod
3665 4922 3809 4975 nulla

2223 5021 2517 5077 substantia
2533 5027 2634 5080 est,
2657 5017 2783 5070 nihil
2802 5015 3020 5070 omnino
3032 5023 3132 5068 est.
3152 5010 3452 5068 Substantia
3466 5026 3594 5080 ergo
3607 5011 3810 5082 aliquid

2225 5129 2343 5168 esse
2363 5120 2462 5165 est.
2496 5109 2650 5166 Unde
2674 5109 2833 5162 etiam
2861 5107 2912 5159 in
2942 5104 3070 5182 Fide
3095 5103 3375 5170 catholica,
3395 5111 3577 5158 contra
3605 5117 3816 5158 venena

2225 5201 2571 5276 quormndam
2593 5198 2963 5253 hmreticormn
2988 5197 3064 5250 sic
3093 5194 3417 5249 arditicamur
3433 5193 3476 5259 ⁸,
3493 5200 3550 5246 ut
3573 5193 3816 5248 dicamus

2227 5297 2458 5358 Patrem,
2476 5303 2528 5347 et
2543 5292 2755 5355 Filium,
2771 5299 2824 5344 et
2839 5288 3092 5360 Spiritum
3110 5294 3350 5340 sanctum
3366 5285 3519 5339 unius
3536 5299 3659 5339 esse
3683 5283 3812 5338 sub-

2187 5409 2194 5416 ·
2227 5386 2454 5442 stantize.
2470 5382 2605 5451 Quid
2625 5391 2729 5446 est,
2753 5381 2908 5434 unius
2933 5376 3254 5432 substantia?
3271 5374 3428 5432 Verbi
3447 5375 3614 5444 gratia
3633 5374 3708 5429 :si
3725 5388 3818 5428 au-

2228 5496 2346 5547 rum
2369 5486 2449 5531 est
2473 5460 2649 5534 Pater;
2673 5487 2858 5525 aurtnn
2885 5481 2939 5524 et
2960 5468 3345 5534 Filitts,aurum
3363 5476 3417 5523 et
3439 5465 3674 5539 Spiritus
3698 5479 3820 5521 san-

2294 5640 2309 5667 ι
2350 5635 2552 5695 Aliquot,
2579 5638 2706 5686 Uss,
2731 5641 2794 5679 ca:
2819 5627 2936 5695 ipso.

2294 5699 2314 5729 ⁸
2348 5685 2478 5752 Iovi,
2498 5705 2673 5742 cruces.
2698 5685 2756 5752 At
2777 5685 2943 5752 ueteri
2965 5688 3096 5745 libri,
3117 5685 3302 5737 mortis.

2295 5759 2318 5793 ³
2349 5759 2422 5807 sic
2441 5748 2548 5805 uss.
2574 5761 2630 5803 At
2651 5751 2788 5811 add,
2810 5748 3130 5811 wdiﬁcannts.
