3934 6326
219 308 328 366 815

229 433 373 474 ctus.
394 415 662 489 Quidquid
685 423 761 470 cst
780 413 936 471 Pater
950 412 1090 483 quod
1113 413 1249 468 Deus
1277 423 1378 475 cst,
1395 413 1495 466 hoc
1513 411 1696 475 Filius,
1719 411 1818 464 hoc

222 511 457 579 Spiritus
483 519 718 563 sanctus.
751 507 884 561 Cum
913 515 1088 558 autem
1123 505 1278 558 l’atcr
1305 514 1405 564 est.
1437 519 1542 557 non
1571 503 1703 572 illud,
1730 511 1812 557 est

223 601 370 672 quod
415 609 517 655 est.
547 599 705 654 Pater
728 597 869 652 enim
899 611 1001 649 non
1037 595 1101 648 ad
1131 610 1221 653 se.
1251 593 1345 648 sed
1367 593 1433 647 ad
1465 592 1654 647 Filium
1688 593 1824 648 dici-

225 703 318 747 tur
351 711 363 743 :
391 690 456 746 ad
495 705 556 745 se
582 699 761 744 autem
789 688 929 742 Deus
967 686 1179 739 dicitur.
1211 684 1393 754 Itaque
1417 701 1483 738 eo
1507 684 1648 754 quod
1678 685 1819 738 Deus

223 793 330 847 est,
364 783 466 835 hoc
490 782 606 850 ipso
632 779 924 833 substantia
949 788 1050 830 est.
1077 777 1142 830 Et
1161 776 1280 844 quia
1307 776 1547 844 ejusdem
1571 775 1817 828 substan-

226 877 319 929 tia:
349 873 536 932 Filius,
559 870 740 941 procul
770 870 932 923 dubio
971 867 1220 921 et-Filius
1248 868 1411 921 Deus.
1441 869 1509 920 At
1531 881 1657 921 vero
1679 868 1818 933 quod

226 968 394 1022 Pater
433 977 548 1027 est;
577 965 700 1032 quia
737 980 844 1017 non
882 963 1196 1017 substantia:
1224 977 1417 1016 nomen
1448 969 1530 1014 est
1552 1001 1566 1021 .
1590 960 1683 1014 sed
1732 975 1819 1012 re-

227 1060 404 1116 fertur
429 1058 494 1113 ad
517 1057 857 1129 Filiumnnon
875 1056 953 1110 sic
977 1054 1205 1108 dicimus
1222 1053 1418 1107 Filium
1445 1053 1654 1108 Patrem
1677 1067 1816 1114 esse,

225 1150 501 1220 quomodo
528 1149 756 1204 dicimus
779 1146 970 1202 Filium
1010 1147 1173 1200 Deum
1201 1162 1338 1200 esse.
1365 1145 1573 1213 Quaeris
1601 1145 1722 1214 quid
1751 1145 1821 1197 sit

227 1245 390 1300 Pater
418 1260 434 1296 :
465 1241 813 1312 respondetur
835 1282 850 1302 ,
882 1240 1040 1294 Deus.
1085 1239 1295 1307 Quzeris
1331 1237 1456 1309 quid
1499 1239 1568 1292 sit
1609 1237 1815 1292 Filius:

227 1333 603 1404 respondetur,
623 1332 782 1387 Deus.
805 1331 1012 1398 Qumris
1030 1326 1248 1401 quidsit
1274 1331 1431 1384 Pater
1449 1339 1502 1385 et
1518 1330 1709 1384 Filius:
1734 1345 1818 1385 re-

225 1425 556 1496 spondetur,
583 1425 743 1478 Dens.
794 1425 870 1478 De
895 1424 1012 1478 solo
1059 1423 1214 1479 Patre
1243 1423 1615 1493 interrogatus,
1653 1423 1818 1478 Deum

228 1515 498 1586 responde
526 1533 541 1569 :
572 1516 639 1570 de
676 1515 792 1569 solo
817 1514 954 1570 Filio
991 1515 1372 1586 interrogatus.
1402 1514 1569 1570 Deum
1597 1529 1819 1582 respon-

226 1607 300 1663 de
333 1608 440 1663 :de
489 1615 714 1674 utroque
766 1604 1120 1674 interrogatus
1142 1644 1158 1669 .
1192 1621 1296 1660 non
1336 1605 1494 1668 deos,
1527 1604 1620 1659 sed
1652 1604 1818 1658 Deum

228 1697 520 1770 responde.
566 1697 679 1751 Non
727 1696 866 1750 sicut
895 1696 947 1749 in
999 1695 1323 1750 hominibus.
1362 1694 1571 1762 Quaaris
1603 1693 1728 1765 quid
1751 1695 1819 1750 sit

230 1787 678 1858 paterAbraham
713 1787 1127 1855 :respondctur,
1161 1785 1354 1850 Homo;
1382 1785 1677 1841 substantia
1703 1785 1821 1854 ejus

227 1881 606 1951 respondetur.
660 1880 866 1948 Quaeris
895 1879 1024 1950 quid
1068 1880 1137 1934 sit
1175 1879 1317 1934 ﬁlius
1354 1878 1472 1949 ejus
1510 1877 1657 1933 lsaac
1687 1896 1702 1931 :
1737 1892 1821 1932 re-

229 1973 559 2044 spondetur,
589 1971 798 2034 Homo;
827 1971 1066 2038 ejusdem
1109 1971 1419 2025 substantia:
1448 1969 1713 2025 Abraham
1764 1978 1820 2023 et

232 2065 403 2120 Isaac.
430 2064 635 2132 Quaeris
662 2063 786 2133 quid
812 2063 882 2116 sit
910 2061 1176 2116 Abraham
1204 2069 1260 2117 et
1281 2061 1426 2116 Isaac
1444 2079 1458 2112 :
1479 2076 1584 2115 non
1608 2074 1823 2129 respon-

228 2157 414 2219 detur,
441 2155 631 2220 Homo;
655 2155 746 2209 sed
774 2155 1045 2209 Homines.
1076 2153 1190 2209 Non
1217 2153 1295 2208 sic
1320 2153 1372 2208 in
1413 2152 1627 2207 divinis.
1651 2151 1820 2206 Tanta

231 2247 379 2301 enim
412 2245 481 2300 ibi
511 2254 593 2300 est
614 2245 924 2299 substantite
950 2246 1213 2311 societas,
1246 2252 1305 2298 ut
1334 2244 1693 2314 :rqualitatcm
1723 2243 1819 2294 ad-

231 2336 451 2398 mittat,
484 2335 836 2405 pluralitatem
884 2351 990 2389 non
1021 2334 1284 2390 admittat.
1337 2334 1395 2390 Si
1442 2349 1570 2406 ergo
1616 2335 1708 2388 tibi
1740 2333 1820 2388 di-

226 2441 380 2483 ctum
429 2427 616 2494 fuerit,
646 2427 778 2482 Cum
802 2427 938 2482 dicis
980 2427 1110 2480 mihi
1153 2426 1348 2481 Filium
1381 2427 1480 2482 hoc
1518 2443 1638 2481 esse
1677 2426 1821 2496 quod

232 2521 396 2574 Pater
439 2529 566 2586 est,
593 2519 831 2590 profecto
873 2527 929 2574 et
952 2518 1118 2574 Filius
1151 2518 1308 2573 Pater
1351 2528 1468 2584 est;
1509 2520 1817 2588 responde:

227 2609 536 2665 Secundum
554 2610 904 2666 substantiam
930 2609 1025 2664 tibi
1045 2608 1153 2663 dixi
1188 2607 1288 2664 hoc
1315 2624 1437 2664 esse
1463 2607 1652 2663 Filium
1675 2609 1819 2679 quod

231 2702 394 2755 l‘atcr
419 2709 503 2756 est
521 2742 537 2766 ,
560 2717 666 2756 non
695 2701 987 2756 secundum
1019 2701 1070 2755 id
1100 2701 1241 2770 quod
1288 2702 1356 2756 ad
1384 2700 1528 2756 aliud
1556 2701 1573 2733 ¹
1600 2700 1817 2756 dicitur.

231 2793 317 2847 Ad
348 2808 406 2848 se
444 2794 587 2849 enim
619 2793 756 2851 Deus
784 2793 997 2858 dicitur,
1024 2792 1092 2847 ad
1123 2793 1333 2847 Patrem
1382 2791 1552 2847 Filius
1602 2792 1818 2848 dicitur.

233 2884 545 2954 Rursusque
571 2883 730 2939 Pater
753 2882 820 2938 ad
846 2898 914 2946 se,
936 2883 1076 2938 Deus
1099 2882 1313 2950 dicitur,
1339 2883 1406 2937 ad
1445 2882 1637 2938 Filium
1665 2882 1822 2940 Pater

225 2977 450 3033 dicitur.
481 2976 634 3046 Quod
659 2976 854 3032 dicitur
876 2975 943 3032 ad
962 2975 1155 3032 Filium
1179 2976 1358 3040 Pater,
1381 2991 1488 3031 non
1513 2984 1598 3032 est
1621 2975 1818 3032 Filius:

229 3068 380 3139 quod
407 3068 601 3123 dicitur
622 3067 789 3122 Filius
820 3067 889 3123 ad
918 3068 1131 3124 Patrem
1153 3108 1169 3133 ,
1202 3081 1309 3122 non
1335 3066 1603 3124 estPater
1633 3085 1649 3124 :
1676 3068 1820 3138 quod

228 3161 429 3216 dicitur
450 3161 516 3216 ad
547 3177 604 3216 se
627 3162 814 3228 Pater,
845 3169 903 3216 et
926 3161 1093 3216 Filius
1121 3159 1190 3215 ad
1216 3176 1307 3224 se,
1342 3160 1444 3216 hoc
1471 3169 1555 3217 est
1579 3161 1740 3218 Pater
1766 3171 1821 3217 et

228 3251 403 3306 Filius
424 3250 527 3342 ,jd
549 3261 634 3307 est
662 3251 822 3306 Deus.
842 3251 987 3318 .Quid
1017 3259 1099 3306 est
1137 3266 1266 3322 etgo
1284 3291 1300 3316 ,
1330 3267 1432 3306 non
1473 3259 1549 3342 est
1587 3253 1822 3306 substan-

229 3342 348 3396 tia?
393 3341 698 3397 Seeundum
726 3342 868 3397 hunc
915 3342 1238 3397 intellectum
1290 3341 1641 3407 substantia),
1691 3357 1821 3414 quo-

228 3432 394 3487 modo
416 3433 707 3502 poterimus
733 3433 1027 3500 intelligere
1057 3432 1212 3488 istam
1231 3431 1430 3488 Psalmi
1457 3434 1775 3489 sententiam
1801 3452 1816 3489 :

227 3521 437 3592 lit/itus
483 3539 595 3576 sum
645 3523 700 3576 in
748 3522 870 3576 limo
894 3522 1176 3594 profundi,
1204 3532 1254 3577 et
1273 3535 1374 3577 non
1397 3533 1471 3578 est
1493 3524 1776 3578 substantia
1796 3525 1822 3578 ?

233 3613 376 3666 Deus
405 3611 530 3667 fecit
558 3611 870 3678 hominem;
897 3613 1248 3668 substantiam
1302 3613 1427 3669 fecit
1459 3633 1472 3668 :
1503 3624 1664 3686 atque
1716 3616 1822 3669 uti-

229 3719 357 3758 nam
381 3715 621 3761 maneret
644 3704 696 3758 in
715 3720 779 3760 eo
800 3704 941 3774 quod
975 3705 1112 3760 Deus
1134 3705 1290 3761 fecit!
1313 3705 1367 3761 Si
1394 3715 1634 3761 maneret
1660 3706 1821 3762 homo

229 3794 285 3849 in
306 3809 373 3848 eo
397 3793 538 3865 quod
567 3795 707 3850 Deus
733 3795 857 3850 fecit
873 3835 890 3862 ,
916 3782 1024 3851 non
1041 3797 1064 3828 ³
1089 3796 1140 3850 in
1163 3797 1255 3852 illo
1281 3797 1475 3852 inﬁxus
1498 3809 1641 3854 esset
1662 3813 1820 3868 quem

231 3885 376 3940 Deus
398 3886 598 3955 genuit.
624 3886 790 3940 Porro
815 3894 991 3940 autem
1019 3887 1139 3958 quia
1181 3903 1276 3956 per
1299 3888 1632 3959 iniquitatem
1661 3889 1822 3946 homo

229 3975 412 4041 lapsus
447 3985 532 4030 est
573 3989 602 4026 a
650 3975 940 4030 substantia
969 3976 1020 4030 in
1051 3991 1152 4046 qua
1207 3976 1375 4032 factus
1412 3987 1495 4033 est
1539 3977 1822 4050 (iniquitas

227 4068 431 4137 quippe
461 4068 573 4134 ipsa
607 4083 710 4120 non
750 4075 834 4122 cst
878 4068 1208 4134 substantia;
1236 4085 1342 4124 non
1385 4071 1528 4126 enim
1573 4073 1823 4143 iniquitas

227 4170 312 4214 est
341 4169 525 4213 natura
549 4175 707 4229 quam
736 4159 980 4214 fumavit
1010 4160 1169 4225 Deus,
1191 4160 1286 4215 sed
1315 4161 1563 4233 iniquitas
1583 4173 1668 4217 est
1697 4180 1821 4232 per-

230 4250 458 4305 versitas
479 4265 636 4320 quam
662 4248 786 4304 fecit
809 4249 990 4322 homo)
1019 4268 1034 4304 :
1059 4252 1205 4306 venit
1233 4250 1398 4306 Filius
1423 4253 1515 4307 Dei
1544 4253 1611 4308 ad
1637 4254 1820 4310 limum

229 4328 477 4417 profundi
508 4350 602 4417 ,et
649 4341 840 4396 inﬁxus
862 4351 980 4405 est;
1028 4352 1082 4396 et
1130 4358 1233 4417 non
1265 4352 1382 4399 erat
1424 4345 1719 4399 substantia
1769 4347 1823 4400 in

229 4447 334 4501 qua
371 4431 562 4485 inﬁxus
586 4439 689 4494 est;
716 4432 836 4500 quia
863 4431 913 4485 in
946 4431 1220 4502 iniquitate
1250 4433 1464 4487 illorum
1496 4434 1692 4489 inﬁxus
1717 4446 1821 4490 est.

233 4523 443 4590 lnﬁxus
461 4539 570 4576 sum
584 4523 636 4576 in
647 4523 769 4578 limo
782 4523 1047 4594 profundi,
1061 4533 1105 4578 ct
1123 4541 1222 4579 non
1237 4534 1307 4579 est
1317 4526 1618 4580 substantia.
1635 4527 1823 4582 Omnia

233 4631 330 4684 per
344 4615 516 4682 ipsum
534 4612 670 4670 facta
693 4623 837 4677 sunt,
854 4624 905 4668 et
921 4616 1035 4688 sine
1051 4617 1166 4683 ipso
1183 4615 1376 4670 factum
1392 4625 1476 4672 est
1497 4617 1622 4672 nihil
1643 4618 1820 4690 (Joan.

231 4719 273 4770 ι,
291 4705 368 4769 ὃ).
393 4703 602 4758 Natura:
619 4719 806 4758 omnes
825 4719 918 4774 per
936 4705 1106 4773 ipsum
1131 4705 1280 4760 factae
1296 4717 1447 4760 sunt:
1464 4707 1710 4778 iniquitas
1731 4725 1824 4782 per

231 4796 406 4862 ipsum
431 4793 564 4848 facta
583 4809 687 4848 non
707 4803 808 4857 est,
828 4795 948 4865 quia
966 4795 1214 4866 iniquitas
1242 4796 1379 4852 facta
1404 4814 1510 4854 non
1539 4801 1675 4854 est".
1694 4800 1824 4855 Sub-

227 4885 443 4938 stantia:
473 4885 577 4940 illae
607 4901 701 4954 per
728 4901 849 4940 eum
880 4884 1030 4940 facta:
1067 4896 1193 4940 sunt
1238 4905 1355 4957 quae
1412 4880 1628 4945 laudant
1675 4906 1820 4946 cum.

232 4977 497 5032 Universa
534 4985 775 5032 creatura
805 4976 1030 5031 laudans
1061 4977 1226 5032 Deum
1251 5019 1266 5041 .
1293 4994 1324 5033 a
1353 4981 1520 5034 tribus
1549 4982 1726 5049 pueris
1769 4982 1822 5036 in

227 5070 444 5122 camino
471 5078 939 5134 commemoratur;
967 5078 1021 5124 et
1043 5086 1072 5123 a
1105 5072 1332 5125 terrenis
1354 5073 1420 5126 ad
1449 5074 1709 5141 cmlestia,
1739 5076 1821 5129 vel

226 5175 258 5210 a
277 5158 589 5212 cmlcstihns
603 5159 668 5212 ad
689 5167 898 5211 terrena
919 5157 1146 5231 hymnus
1169 5159 1494 5216 laudantium
1516 5164 1677 5218 Deum
1707 5181 1828 5233 per-—

228 5252 378 5304 venit
420 5249 580 5320 (Dan.
635 5250 978 5321 nt,2’t-99).
1032 5250 1147 5305 Non
1183 5267 1292 5322 quo
1346 5265 1536 5318 cuncta
1585 5257 1685 5311 ista
1733 5258 1826 5309 iia-

232 5343 392 5396 beaut
416 5357 632 5396 sensum
657 5343 922 5406 laudandi;
950 5343 1042 5398 sed
1065 5345 1186 5413 quia
1217 5356 1407 5402 cuncta
1435 5350 1569 5403 bene
1596 5351 1821 5421 cogitata
1864 5386 1866 5388 τ

295 5453 310 5485 ¹
352 5459 483 5500 Unus
503 5454 757 5501 Beecensis
776 5461 882 5512 313.,
912 5454 977 5504 ad
1001 5453 1166 5504 alium.

296 5514 325 5584 υ.
352 5515 482 5623 Αῶυις
507 5520 615 5563 ιον.
659 5516 895 5565 omittitur
911 5517 1161 5579 particula,
1192 5530 1316 5577 non,
1329 5533 1440 5583 quas
1463 5533 1626 5574 exstat
1658 5528 1706 5576 in
1728 5541 1823 5577 cre-

296 5587 356 5622 ηδ
423 5587 525 5624 iris.

233 5579 571 5713 :cjspulo‘lt’iiifilli
595 5643 701 5687 Mss.
731 5629 962 5713 omittunt
1101 5636 1288 5713 verba,
1307 5641 1421 5713 quia
1452 5645 1678 5713 iniquitas
1699 5650 1826 5711 facta

231 5704 327 5744 Mn
346 5704 419 5747 est
444 5710 460 5747 :
486 5706 540 5747 ct
561 5712 730 5748 comm
757 5699 861 5749 loco
883 5703 1077 5765 quidam
1101 5702 1303 5762 habent,
1320 5699 1440 5768 'qttia
1477 5699 1708 5772 iniquitas
1733 5699 1825 5762 non

228 5764 302 5810 ιιι
323 5761 605 5810 εδλὺδιίιτιηα.

1291 301 1688 357 ΕΝᾹΠΠΑΤΙΟ
1722 299 1785 355 IN
1825 300 2149 358 PSALMUM
2179 303 2410 360 LXVIII.

3423 304 3530 366 846

1934 409 2142 466 laudem
2171 412 2414 484 pariunt,
2441 425 2495 470 et
2523 416 2770 486 impletur
2789 433 2884 475 cor
2912 420 3342 478 consideratione
3371 439 3525 479 crea-

1931 512 2062 558 turae
2089 504 2152 558 ad
2182 507 2528 562 eruetandum
2559 508 2814 580 hymnum
2841 512 3098 568 Creatori.
3129 515 3373 570 Laudant
3401 533 3520 572 om‘

1928 594 2014 647 nia
2038 594 2224 659 Deum,
2256 596 2352 651 sed
2369 613 2489 666 qua:
2515 598 2640 654 fecit
2659 601 2818 656 Deus.
2844 602 3109 674 Numquid
3133 607 3182 660 in
3199 607 3290 679 illo
3315 608 3518 678 hymnu

1918 684 2230 758 advenistis
2251 686 2392 754 quod
2404 689 2620 742 avaritia
2636 691 2814 746 laudet
2833 693 3022 748 Deum?
3035 696 3236 750 Laudat
3254 698 3322 751 ibi
3345 699 3515 754 Deum

1927 783 1981 828 et
1995 790 2233 844 serpens;
2252 777 2474 832 avaritia
2503 795 2606 834 non
2627 781 2822 835 laudat.
2842 783 3029 838 Omnia
3057 788 3251 856 quippe
3269 790 3510 857 repentia

1929 866 2196 919 nominata
2227 867 2295 920 ibi
2325 878 2447 921 sunt
2469 869 2520 923 in
2549 870 2821 941 lattchci
2846 889 2859 924 :
2883 876 3151 930 nominata
3183 886 3308 932 sunt
3336 881 3520 937 omnia

1927 956 2184 1023 tepentia;
2209 957 2303 1011 sed
2335 973 2438 1013 non
2466 968 2595 1014 sunt
2625 961 2695 1014 ibi
2726 963 2996 1018 nominata
3025 966 3198 1035 aliqua
3221 969 3518 1024 vitia.Vitia

1923 1047 2066 1100 enim
2091 1062 2154 1100 ex
2180 1048 2333 1103 nobis
2358 1058 2411 1103 et
2437 1067 2500 1105 ex
2527 1061 2707 1108 nostra
2733 1054 3003 1108 voluntate
3023 1056 3300 1122 habemus;
3320 1069 3373 1114 et
3392 1060 3519 1114 vitia

1926 1151 2030 1188 non
2077 1147 2202 1191 sunt
2255 1139 2571 1198 substantia.
2622 1143 2677 1198 In
2724 1143 2812 1198 his
2856 1145 3052 1200 inﬁxus
3090 1158 3175 1201 est
3227 1149 3519 1212 Dominus.

1924 1227 2136 1294 quando
2187 1231 2606 1296 persecutionem
2649 1247 2838 1304 passus
2881 1245 3002 1298 est;
3035 1237 3086 1290 in
3134 1238 3262 1292 vitio
3309 1238 3523 1292 Judmo-

1925 1333 2064 1380 ram.
2098 1334 2204 1373 non
2236 1321 2286 1373 in
2314 1321 2609 1377 substantia
2639 1325 2910 1379 hominum
2943 1343 3061 1396 qua:
3085 1330 3349 1398 perillum
3379 1329 3519 1385 facta

1923 1417 2025 1463 est.
2054 1408 2258 1478 ln/ia‘us
2278 1428 2420 1476 sum,
2450 1414 2640 1484 inquit,
2671 1415 2726 1469 in
2756 1415 2878 1470 limo
2923 1420 3202 1490 profundi,
3234 1431 3282 1474 et
3309 1437 3408 1476 non
3447 1432 3522 1476 est

1923 1501 2220 1554 substantia.
2252 1502 2448 1556 lnﬁxus
2475 1520 2613 1571 sum,
2636 1516 2691 1561 et
2715 1523 2820 1561 non
2854 1509 3030 1563 inveni
3059 1510 3198 1580 quod
3236 1511 3355 1566 feci.

1996 1592 2047 1645 ϐ.
2104 1591 2225 1647 Veni
2248 1596 2300 1647 in
2330 1597 2649 1652 altitudinem
2677 1599 2851 1662 maris,
2900 1609 2946 1653 et
2980 1611 3248 1670 tempestas
3275 1604 3512 1657 demersit

1925 1698 2022 1734 me.
2045 1682 2258 1739 Gratias
2286 1686 2452 1755 ipsius
2479 1689 2859 1744 misericordia:
2895 1693 2985 1761 qui
3015 1693 3159 1748 venit
3188 1695 3240 1748 in
3281 1695 3518 1750 altitudi-

1926 1788 2049 1828 nem
2080 1777 2264 1841 maris,
2288 1787 2341 1832 et
2369 1778 2547 1847 glutiri
2569 1795 2600 1836 a
2624 1781 2833 1835 marino
2852 1794 2972 1838 ceto
2997 1784 3242 1853 dignatus
3268 1794 3350 1841 est
3376 1803 3390 1840 :
3422 1790 3520 1844 sed

1925 1865 2192 1919 evomitus
2207 1877 2289 1921 est
2311 1869 2471 1923 tertio
2489 1869 2578 1925 die
2607 1870 2822 1943 (Matth.
2854 1888 2948 1934 xu,
2981 1873 3093 1945 40).
3127 1874 3287 1929 Venit
3311 1875 3362 1930 in
3394 1878 3523 1931 alti-

1927 1956 2163 2010 tudinem
2193 1958 2376 2022 maris,
2397 1959 2448 2013 in
2466 1976 2566 2030 qua
2588 1961 2868 2016 altitudine
2889 1979 2987 2018 nos
3013 1964 3254 2035 depressi
3280 1982 3520 2031 eramus.

1927 2044 1979 2098 in
2018 2061 2120 2117 qua
2148 2048 2428 2105 altitudine
2453 2066 2551 2104 nos
2569 2053 2898 2123 naufragium
2927 2057 3068 2124 passi
3095 2073 3344 2114 eramus:
3373 2062 3525 2116 venit

1927 2137 2051 2191 illuc
2079 2139 2210 2207 ipse.
2247 2151 2301 2194 et
2331 2149 2623 2210 tempestas
2650 2143 2907 2200 demersit
2934 2146 3118 2208 illum;
3161 2150 3284 2217 quia
3328 2148 3526 2206 ﬂuctus

1927 2227 1998 2280 ibi
2025 2243 2213 2296 passus
2243 2240 2345 2296 est,
2379 2232 2524 2300 ipsos
2552 2232 2795 2287 homines
2821 2251 2833 2292 :
2871 2245 3232 2306 tempestates,
3259 2255 3418 2295 voces
3439 2240 3524 2295 di-

1925 2317 2182 2381 centium,
2212 2317 2486 2388 Cruci/iga,
2515 2319 2772 2393 cruci/iga.
2809 2323 3028 2378 Dicente
3059 2325 3248 2392 Pilato,
3284 2326 3407 2383 Non
3436 2331 3525 2383 in-

1926 2405 2066 2458 venio
2087 2422 2297 2460 causam
2318 2409 2480 2463 ullam
2504 2409 2555 2463 in
2583 2411 2678 2464 hoc
2699 2413 2900 2466 homine
2921 2430 3079 2481 quare
3096 2417 3404 2473 occidendus
3431 2422 3523 2488 sit,

1927 2496 2322 2553 invalescebant
2373 2515 2533 2556 voces
2577 2502 2902 2571 dicentium,
2950 2506 3237 2578 Cruciﬁge,
3276 2512 3520 2584 cruci/iga

1927 2586 2104 2654 (Joan.
2139 2605 2250 2655 xix,
2283 2589 2361 2662 6).
2412 2593 2717 2662 Augebatur
2745 2605 3054 2666 tempestas,
3100 2599 3272 2656 donec
3305 2602 3527 2659 demer-

1925 2689 2141 2746 geretur
2177 2682 2264 2749 qui
2293 2692 2514 2736 venerat
2557 2683 2608 2737 in
2639 2685 2974 2741 altitudinem
3016 2689 3200 2744 maris.
3232 2691 3302 2746 Et
3335 2708 3527 2762 passus

1900 2777 2009 2823 :est
2053 2769 2309 2826 Dominus
2359 2774 2498 2829 inter
2539 2791 2729 2832 manus
2752 2778 3081 2844 Judmorum,
3129 2783 3273 2853 quod
3313 2795 3528 2844 nonest

1929 2871 2116 2927 passus
2137 2877 2260 2916 cum
2293 2877 2455 2933 super
2483 2879 2648 2933 aquas
2675 2867 2974 2924 ambularet
3003 2869 3216 2944 (Matth.
3247 2889 3359 2940 XIV,
3387 2875 3522 2947 25);

1927 2950 2069 3017 quod
2091 2967 2196 3006 non
2225 2953 2396 3008 solum
2423 2956 2537 3024 ipse
2558 2971 2746 3026 passus
2767 2974 2871 3014 non
2894 2971 3032 3026 erat,
3061 2962 3154 3018 sed
3184 2980 3280 3020 nec
3305 2965 3524 3024 Petrum

1928 3043 2034 3112 pati
2063 3044 2400 3113 permiserat.
2444 3045 2566 3100 Veni
2599 3049 2656 3102 in
2694 3050 3014 3106 altitudinem
3039 3057 3216 3122 maris,
3260 3066 3306 3110 et
3329 3067 3520 3130 tempe‘

1925 3145 2032 3190 stas
2061 3136 2298 3190 demersit
2324 3155 2420 3194 me.

1999 3229 2053 3282 7.
2095 3227 2243 3300 [vers.
2275 3230 2354 3304 4.]
2400 3230 2650 3288 Laboravi
2689 3237 2962 3302 clamans;
3009 3256 3180 3293 rauca:
3219 3245 3370 3312 facta:
3407 3251 3528 3298 sunt

1927 3319 2099 3387 fauces
2142 3336 2283 3374 metu.
2340 3321 2451 3377 lloc
2498 3324 2628 3380 ubi?
2668 3324 2772 3381 hoc
2820 3329 3074 3396 quando?
3128 3329 3523 3402 lnterrogemus

1927 3409 2297 3480 Evangelium.
2329 3412 2642 3470 Passionem
2669 3416 2868 3487 quippe
2897 3419 3107 3476 Domini
3138 3423 3304 3477 nostri
3334 3423 3386 3478 in
3416 3423 3522 3480 hoc

1929 3501 2132 3567 psalmo
2171 3503 2565 3572 cognoscimus.
2614 3506 2680 3561 Et
2713 3508 2928 3577 quidem
2958 3525 3172 3580 passum
3209 3527 3332 3568 eum
3366 3517 3523 3570 novi-

1926 3606 2047 3645 mus
2071 3607 2086 3655 ;
2122 3591 2352 3647 intrasse
2373 3608 2538 3664 aquas
2563 3611 2733 3668 usque
2760 3599 2828 3653 ad
2849 3600 3082 3656 animam
3113 3603 3246 3671 ejus,
3271 3605 3398 3675 quia
3422 3622 3523 3676 po-

1926 3685 2034 3754 puli
2084 3686 2478 3753 proevaluerunt
2519 3703 2688 3760 usque
2721 3689 2790 3744 ad
2825 3703 3054 3748 mortem
3080 3695 3220 3763 ejus,
3266 3698 3516 3768 legimus,

1926 3773 2225 3839 credimus;
2282 3785 2597 3846 tempestate
2645 3780 2795 3834 illum
2839 3781 3144 3838 demersum
3198 3801 3344 3854 esse,
3389 3790 3517 3858 quia

1928 3865 2205 3934 prtevaluit
2241 3867 2431 3921 seditio
2465 3868 2542 3935 pd
2571 3885 2693 3924 eum
2720 3871 3096 3936 occidendum,
3127 3880 3468 3946 agnoscimus
3498 3901 3512 3935 :

1928 3969 2113 4009 verum
2157 3966 2214 4011 et
2254 3957 2526 4013 laborasse
2551 3976 2672 4016 eum
2709 3963 3008 4028 clamando,
3046 3975 3100 4021 et
3139 3983 3326 4024 raucas
3355 3971 3524 4027 factas

1927 4061 2048 4101 esse
2073 4046 2256 4103 fauces
2295 4049 2455 4113 illius,
2488 4067 2593 4105 non
2623 4054 2795 4108 solum
2825 4072 2929 4108 non
2952 4055 3196 4126 legimus,
3239 4061 3330 4115 sed
3359 4065 3520 4118 etiam

1929 4148 2112 4192 contra
2143 4139 2389 4211 legimus,
2427 4143 2537 4210 ',uia
2563 4159 2670 4198 non
2699 4147 3060 4215 respondebat
3087 4150 3166 4203 eis
3194 4153 3435 4216 verbum.
3463 4168 3524 4210 ut

1932 4229 2242 4299 impleretur
2279 4233 2421 4302 quod
2454 4234 2504 4288 in
2545 4236 2653 4289 alio
2695 4239 2902 4306 psalmo
2941 4241 3144 4311 dictum
3186 4255 3289 4310 est,
3330 4246 3523 4302 Factus

1929 4336 2039 4372 sum
2065 4321 2208 4390 quasi
2230 4322 2378 4376 homo
2405 4341 2505 4378 non
2529 4326 2762 4391 audiens,
2786 4338 2832 4381 et
2859 4346 2960 4384 non
2985 4310 3171 4387 hdbens
3209 4335 3262 4389 in
3305 4353 3392 4392 ore
3429 4356 3523 4392 suo

1929 4408 2308 4478 redargutioncs
2352 4411 2522 4480 (Psal.
2574 4431 2773 4478 xxxv".
2824 4419 2949 4489 15);
3010 4431 3065 4476 et
3104 4410 3246 4492 quod
3293 4427 3344 4481 in
3391 4409 3521 4484 Isaia

1931 4497 2304 4566 prophetatum
2353 4514 2455 4567 est,
2501 4502 2648 4557 Sicut
2686 4507 2792 4560 ovis
2825 4510 2895 4560 ad
2934 4509 3300 4568 inuitolandam
3339 4519 3523 4572 ductus

1930 4597 2025 4650 est,
2048 4598 2094 4642 et
2118 4591 2246 4642 sicut
2265 4609 2427 4661 agnus
2459 4609 2631 4647 coram
2662 4598 2898 4652 tondente
2923 4617 2996 4663 se,
3027 4603 3100 4655 sic
3118 4621 3219 4658 non
3243 4612 3442 4677 aperuit
3469 4615 3527 4666 as

1930 4694 2078 4730 suum
2118 4677 2270 4744 (lsai.
2297 4697 2406 4746 LIII,
2436 4681 2512 4752 7).
2541 4682 2595 4738 Si
2626 4685 2798 4741 factus
2833 4698 2916 4743 est
2941 4690 3078 4745 sicut
3105 4693 3264 4763 homo
3290 4713 3397 4752 non
3427 4717 3526 4753 au-

1931 4768 2105 4833 diens,
2162 4779 2218 4824 et
2278 4787 2381 4825 non
2437 4773 2640 4829 habens
2690 4778 2742 4831 in
2792 4795 2886 4834 ore
2948 4795 3048 4836 suo
3098 4786 3521 4856 redarguiiones.

1931 4861 2198 4928 quomodo
2258 4863 2519 4918 laboravit
2559 4867 2831 4936 clamans,
2881 4880 2937 4927 et
2987 4890 3160 4932 rauca:
3203 4879 3357 4935 [ιιι-ιλιι
3400 4898 3526 4946 sunt

1933 4948 2113 5006 fauces
2139 4952 2298 5019 ejus?
2351 4956 2436 5010 An
2466 4956 2587 5012 ideo
2607 4959 2718 5027 jam
2751 4967 2876 5016 tunc
2915 4965 3139 5032 tacebat,
3172 4971 3292 5038 quia
3335 4989 3527 5030 laneus

1932 5050 2066 5104 erat,
2098 5043 2186 5112 qui
2231 5045 2346 5098 sine
2392 5060 2548 5102 causa
2603 5059 2808 5104 tantum
2857 5053 3223 5111 clamaverat?
3274 5062 3340 5116 Et
3376 5064 3524 5121 illam

1931 5134 2144 5201 quidem
2177 5137 2293 5203 ejus
2321 5153 2505 5192 vocem
2535 5139 2602 5193 de
2627 5141 2830 5209 psahno
2847 5146 3076 5213 quodam
3101 5149 3150 5202 in
3179 5165 3341 5208 cruce
3369 5157 3526 5210 novi-

1934 5238 2052 5276 mus
2085 5242 2097 5275 :
2132 5223 2290 5288 Deus,
2322 5225 2461 5280 Deus
2490 5245 2650 5292 meus,
2696 5233 2875 5300 utquid
2910 5252 2990 5287 me
3015 5238 3324 5316 dereliquisti
3349 5243 3522 5315 (Psal.

1931 5330 2041 5377 x-x-t,
2070 5314 2170 5386 3)?
2201 5316 2306 5371 Sed
2333 5330 2530 5388 quanta
2558 5321 2644 5375 illa
2675 5339 2774 5377 vux
2807 5323 2919 5389 fuit,
2950 5340 3040 5381 aut
3062 5314 3219 5398 quam
3244 5314 3520 5405 diuturna,

1935 5419 1989 5459 ιιι
2018 5407 2068 5459 in
2092 5422 2151 5460 ea
2181 5424 2356 5463 rauca“:
2379 5411 2528 5466 facta:
2549 5427 2731 5467 essent
2758 5415 2937 5472 [mices
2952 5419 3110 5488 ejus?
3134 5424 3228 5479 Diu
3253 5428 3524 5498 clamavit,

1944 5493 2033 5590 γαν
2058 5497 2195 5549 vobis
2223 5500 2419 5561 scribat.
2456 5509 2505 5554 et
2531 5501 2785 5558 Pharisa'i
2817 5506 3032 5576 (Matth.
3065 5527 3216 5578 χχιιι,
3262 5519 3350 5585 15,
3397 5493 3524 5590 ιυὲ

1933 5584 2022 5681 diu
2053 5587 2320 5651 clamavit,
2367 5589 2456 5643 Va:
2493 5595 2680 5646 mundo
2726 5596 2787 5648 ab
2830 5600 3086 5655 scandulis
3117 5602 3226 5671 (Id.
3263 5584 3413 5675 xvttl,

1937 5674 2006 5727 Et
2034 5691 2216 5730 revera
2237 5683 2505 5748 quomodo
2531 5699 2726 5739 raucus
2754 5687 3040 5755 clamabat,
3072 5705 3125 5748 et
3153 5697 3274 5750 ideo
3294 5715 3398 5755 non
3441 5674 3524 5757 in-

1937 5767 2291 5837 tulligcbatur,
2325 5773 2535 5841 quando
2566 5776 2812 5832 dicebant
2849 5778 3018 5836 Judgri
3054 5802 3066 5836 :
3121 5786 3256 5851 Quid
3287 5802 3358 5843 est
3390 5789 3525 5861 quod
