3934 6320
412 292 520 350 θιτ

414 405 578 460 dicit?
619 403 787 456 Durus
825 409 894 454 cst
934 400 1013 453 hic
1050 413 1249 462 sermo;
1276 399 1388 469 quis
1414 406 1572 467 potest
1597 398 1741 451 illum
1775 397 1953 449 audire
1976 395 2002 448 !

419 495 540 550 Non
595 495 780 547 scimus
822 492 944 564 quid
979 491 1117 544 dicat
1157 490 1334 559 (Joan.
1376 505 1447 553 vt,
1478 490 1576 552 6|,
1627 500 1675 543 et
1721 503 1831 553 va,
1887 488 2000 557 18).

416 586 509 643 Ille
544 586 721 639 omnia
750 584 905 638 verba
934 583 1183 646 dicebat;
1210 581 1307 637 sed
1334 582 1436 637 illis
1456 596 1629 634 rauca:
1647 579 1864 633 fuerunt
1892 577 2006 631 fan-

410 692 506 731 ces
533 677 668 747 ejus,
712 677 800 745 qui
840 688 1001 729 voces
1040 672 1156 742 ejus
1187 674 1291 725 non
1338 670 1720 739 intelligebant.
1756 668 2004 723 Laboravi

411 768 637 821 clamans
660 784 677 831 ;
703 781 871 818 rauca:
893 764 1042 832 facta:
1059 772 1175 816 sunt
1202 767 1373 831 fauces
1393 777 1535 815 metu.

483 859 534 913 8.
583 856 884 928 Defecerunt
903 855 1038 908 oculi
1068 854 1165 906 mei
1185 853 1248 905 ab
1269 853 1520 920 sperando
1546 852 1599 904 in
1627 850 1791 904 Deum
1813 866 1991 903 meum

412 948 566 1003 Absit.
597 956 653 999 ut
682 946 785 1000 hoc
833 945 899 998 de
926 957 1151 1014 persona
1202 943 1392 1011 capitis
1434 941 1726 1011 accipiatur
1749 957 1762 993 :
1787 939 1925 993 absit
1944 948 2005 993 ut

420 1038 716 1091 defecerint
752 1035 893 1089 oculi
932 1034 1049 1103 ejus
1091 1032 1160 1085 ab
1197 1031 1464 1100 sperando
1494 1032 1548 1085 in
1589 1031 1752 1085 Deum
1778 1029 1916 1097 ejus,
1948 1030 2001 1083 in

414 1146 521 1197 quo
546 1129 714 1197 magis
739 1127 881 1180 Deus
900 1132 1015 1180 erat.
1031 1122 1286 1178 mundum
1308 1122 1659 1176 reconcilians
1679 1119 1778 1174 sibi
1798 1117 1863 1193 (Il
1880 1117 1998 1173 Cor.

417 1237 471 1285 γ,
503 1220 612 1289 l9),
643 1232 695 1273 et
720 1218 807 1288 qui
837 1217 1069 1271 Verbum
1092 1229 1218 1269 caro
1245 1213 1438 1268 factum
1464 1222 1564 1276 est,
1589 1222 1643 1266 et
1668 1210 1921 1266 habitavit
1950 1211 2002 1266 in

416 1313 569 1366 nobis
608 1311 786 1379 (Joan.
822 1325 857 1370 ι,
890 1307 1003 1379 Η),
1041 1316 1100 1361 ut
1134 1322 1238 1360 non
1265 1306 1437 1359 solum
1464 1305 1606 1358 Deus
1633 1303 1685 1357 in
1719 1302 1999 1373 illoresset,

413 1404 505 1457 sed
532 1404 692 1457 etiam
734 1402 847 1471 ipse
882 1399 1023 1454 Deus
1059 1406 1221 1453 esset.
1252 1396 1367 1451 Non
1409 1411 1538 1465 ergo
1565 1395 1667 1458 ita;
1703 1409 1808 1448 non
1836 1392 2004 1463 ipsius

410 1494 599 1561 capitis
629 1503 795 1546 nostri
838 1492 976 1545 oeuli
1004 1489 1312 1544 defecerunt
1338 1488 1405 1543 ab
1432 1486 1703 1557 sperando
1748 1486 1801 1541 in
1832 1487 2002 1541 Deum

412 1585 527 1654 ejus
550 1601 565 1648 ;
594 1582 688 1639 sed
718 1581 1030 1637 defecerunt
1052 1580 1191 1635 oculi
1213 1580 1329 1649 ejus
1350 1579 1404 1633 in
1424 1592 1653 1649 corpore
1676 1577 1817 1647 ejus,
1847 1578 1897 1631 id
1919 1585 2004 1632 est

416 1677 468 1729 in
492 1674 746 1727 membris
776 1673 914 1741 ejus.
948 1671 1071 1725 llaec
1096 1687 1196 1725 vos
1225 1670 1588 1725 membrorum
1611 1679 1714 1736 est,
1758 1668 1874 1723 haec
1899 1682 2001 1724 vos

416 1765 658 1834 corporis
678 1772 781 1824 est,
813 1778 917 1815 non
948 1764 1157 1831 capitis.
1189 1759 1469 1829 Quomodo
1505 1774 1635 1829 ergo
1660 1773 1780 1814 eam
1805 1759 1860 1814 iit
1887 1759 2003 1827 ejus

413 1870 637 1923 corpore
668 1854 1028 1921 membrisque
1057 1850 1398 1906 invenimus?
1439 1850 1575 1918 Quid
1619 1850 1761 1904 aliud
1791 1849 2005 1904 dicam?

412 1948 537 2018 quid
568 1946 711 2001 aliud
726 1944 1185 2002 commemorem?
1210 1943 1435 2011 Quando
1451 1956 1641 2013 passus
1657 1950 1762 2008 est,
1788 1943 2005 2012 quando

412 2049 658 2094 mortuus
704 2048 805 2097 est.
862 2051 1050 2091 omnes
1092 2034 1333 2103 discipuli
1390 2032 1809 2103 desperaverunt
1860 2034 2001 2103 quod

416 2130 528 2198 ipse
552 2137 694 2182 esset
717 2126 979 2181 Christus.
1016 2128 1057 2179 Α
1092 2125 1301 2180 latrone
1330 2123 1573 2194 Apt-stoli
1596 2123 1718 2178 victi
1740 2134 1887 2189 sunt,
1913 2122 2001 2192 qui

416 2232 539 2274 tunc
560 2219 803 2282 credidit,
848 2216 1064 2288 quando
1094 2216 1170 2270 illi
1197 2214 1507 2271 defecerunt
1532 2213 1682 2286 (Luc.
1710 2229 1857 2281 mn,
1886 2214 2002 2285 42).

419 2314 551 2369 Vide
598 2312 835 2367 membra
887 2311 1005 2381 ejus
1047 2309 1421 2377 desperantia;
1479 2307 1696 2361 attende
1719 2305 1856 2361 duos
1884 2306 2004 2361 illos

413 2418 546 2475 quos
573 2414 692 2474 post
732 2402 1178 2456 resurrectionem
1203 2399 1404 2455 invenit
1440 2399 1493 2453 in
1524 2397 1605 2452 via
1636 2399 2004 2468 colloquentes

413 2510 619 2561 secum,
657 2507 883 2563 quorum
912 2508 1049 2546 unus
1087 2499 1204 2545 erat
1231 2490 1516 2559 Cleophas,
1554 2488 1767 2559 quando
1792 2488 2001 2544 detine-

410 2586 606 2640 bantur
633 2585 771 2638 oculi
817 2599 1003 2638 eorum
1037 2597 1104 2638 ne
1130 2598 1252 2637 eum
1298 2589 1672 2652 agnoscerent.
1725 2579 2004 2647 Quomodo

414 2678 555 2731 enim
606 2677 775 2731 oculis
827 2682 1207 2745 agnoscerent,
1257 2687 1286 2725 a
1327 2688 1437 2743 quo
1476 2679 1655 2726 mente
1686 2671 2005 2725 titubarant?

418 2767 633 2822 Factum
674 2776 789 2821 erat
837 2764 1040 2835 aliquid
1079 2764 1132 2819 in
1171 2764 1341 2819 oculis
1376 2779 1563 2819 eorum
1608 2764 1780 2817 simile
1810 2766 2006 2818 mentis

415 2861 674 2928 ipsorum.
722 2857 1102 2927 Loquebautur
1135 2856 1277 2910 enim
1308 2856 1447 2911 inter
1474 2871 1554 2919 se,
1598 2865 1799 2910 etcum
1846 2854 1915 2909 ab
1939 2871 2006 2909 eo

414 2949 865 3018 eompellarentur
886 2946 1028 3001 unde
1050 2945 1415 3016 loquerentur,
1453 2944 1849 3019 responderunt
1878 2961 1892 2999 :
1924 2943 2004 2999 Tu

414 3042 552 3094 solus
580 3038 914 3109 peregrinaris
939 3039 992 3091 in
1014 3035 1341 3090 Jerusalem?
1370 3033 1547 3089 Nescis
1574 3050 1690 3105 qua:
1708 3038 1847 3105 facta
1864 3045 2003 3099 sunt,

415 3132 666 3201 quomodo
709 3130 858 3184 Jcsus
909 3128 1231 3193 Nazarenus,
1262 3138 1439 3198 potens
1476 3127 1527 3181 in
1571 3127 1721 3198 fartis
1755 3135 1800 3180 et
1833 3127 2002 3190 dictis,

409 3226 608 3277 occisus
632 3231 708 3277 est
742 3241 774 3276 a
811 3220 1090 3277 senioribus
1123 3229 1169 3274 et
1211 3220 1523 3292 principibus
1554 3220 1912 3274 sacerdotum?
1941 3219 2005 3273 Et

416 3331 509 3369 nos
539 3316 867 3385 sperabamus
894 3315 1028 3385 quod
1048 3314 1154 3383 ipse
1180 3323 1289 3367 erat
1314 3312 1665 3384 redempturus
1691 3310 1860 3365 Israel
1892 3310 2003 3383 (Id.

416 3420 562 3472 xstv,
596 3404 805 3475 l3-2l).
832 3403 1213 3475 Speraverant,
1244 3413 1298 3457 et
1322 3417 1429 3457 non
1448 3403 1755 3472 sperabant.
1791 3400 2008 3457 Defece-

416 3509 539 3552 runt
588 3497 726 3551 oculi
772 3511 954 3551 eorum
1003 3496 1072 3548 ab
1129 3493 1398 3565 sperando
1445 3493 1496 3548 in
1546 3493 1714 3547 Deum
1746 3493 2003 3561 ipsorum.

417 3588 566 3658 Ipsos
610 3603 738 3657 ergo
781 3586 833 3641 in
866 3600 924 3641 se
955 3584 1350 3655 transfiguravit
1382 3582 1612 3639 dicendo
1640 3601 1655 3637 :
1704 3583 2009 3657 Defecmtnt

412 3678 548 3735 oculi
573 3680 669 3731 mei
689 3681 751 3733 ab
773 3678 1023 3749 sperando
1047 3678 1097 3730 in
1122 3676 1284 3731 Deum
1314 3694 1500 3730 meum.
1533 3676 1679 3730 lianc
1700 3692 1848 3747 spem
1880 3676 2007 3733 red-

416 3771 567 3833 didit,
597 3769 810 3839 quando
830 3769 1107 3823 cicatrices
1137 3767 1426 3837 palpandas
1454 3767 1686 3832 obtulit;
1714 3782 1847 3838 quas
1883 3782 2006 3823 cum

419 3863 679 3932 tetigisset
704 3861 956 3924 Thomas,
1002 3859 1159 3913 rediit
1202 3860 1266 3912 ad
1302 3874 1451 3928 spem
1490 3874 1647 3929 quam
1679 3859 2004 3927 perdiderat,

418 3963 470 4007 et
511 3952 829 4007 exclamavit
860 3968 873 4004 :
911 3950 1159 4004 Dominus
1183 3967 1343 4013 meus,
1374 3959 1421 4003 et
1445 3948 1579 4003 Deus
1601 3967 1759 4004 meus.
1785 3948 2007 4005 Defece-

416 4053 541 4098 runt
579 4043 719 4099 oculi
750 4042 824 4097 tui
862 4043 930 4098 ab
963 4043 1228 4112 sperando
1256 4043 1306 4095 in
1335 4042 1500 4096 Deuut
1544 4050 1689 4096 tttnm
1723 4060 1738 4097 :
1782 4042 2009 4113 palpasti

416 4136 715 4199 cicatrices,
756 4144 809 4188 et
834 4133 1080 4187 invenisti
1107 4133 1269 4186 Deum
1299 4142 1483 4196 tuum;
1530 4133 1753 4202 paipasti
1781 4131 2008 4188 fortnam

414 4228 576 4293 servi,
607 4234 661 4282 et
688 4226 983 4297 cognovisti
1014 4225 1295 4279 Dominum
1325 4235 1493 4278 tuum.
1538 4226 1631 4279 Cui
1674 4235 1851 4280 tamen
1896 4226 2010 4295 ipse

422 4318 679 4373 Dominus
703 4316 777 4371 ait
801 4334 813 4369 :
850 4317 981 4383 Quia
1002 4316 1191 4379 ridisti,
1223 4316 1505 4369 credidisti.
1537 4316 1603 4371 Et
1629 4332 1725 4371 nos
1754 4332 2005 4387 prmana-

418 4410 557 4463 tians
582 4424 713 4463 voce
742 4408 1119 4462 misericordiae
1148 4423 1258 4462 sum
1290 4425 1305 4461 :
1349 4408 1514 4475 Beati,
1552 4409 1743 4478 inquit,
1791 4412 1879 4479 qui
1908 4427 2010 4465 non

410 4497 585 4552 uident
609 4508 656 4551 et
682 4498 891 4552 credunt
927 4497 1104 4567 (Joaa.
1146 4514 1239 4558 xx,
1264 4497 1359 4565 28,
1391 4497 1505 4568 ‘29).
1552 4497 1849 4570 Defetcrunt
1877 4500 2012 4553 oculi

417 4591 517 4645 mei
541 4590 603 4643 ab
632 4590 885 4660 sperando
909 4590 963 4643 iu
990 4588 1150 4641 Deum
1179 4606 1340 4643 metu.“

490 4681 541 4735 9.
579 4679 729 4753 [vers.
761 4679 840 4752 5.]
876 4679 1207 4748 Multiplicati
1245 4691 1359 4733 sunt
1386 4698 1540 4751 super
1576 4679 1792 4748 capillos
1828 4682 2010 4751 capitis

334 4844 340 4849 _
421 4774 537 4836 mei,
567 4771 652 4839 qui
673 4772 886 4825 oderunt
908 4787 987 4823 me
1008 4772 1187 4840 gratis.
1220 4770 1387 4837 Quam
1419 4772 1790 4840 multiplicati’
1818 4771 1883 4827 Ut
1917 4773 2010 4825 ad-

422 4866 610 4918 .lerent
635 4863 735 4916 sibi
764 4872 814 4916 et
848 4878 1008 4917 unum
1035 4878 1100 4916 ex
1141 4862 1421 4917 duodecim
1456 4861 1669 4934 (Matth.
1701 4880 1825 4919 XXVI
1846 4906 1859 4928 ,
1893 4866 2007 4933 Η).

422 4956 751 5021 ﬁlulliplicati
780 4965 898 5007 sunt
928 4971 1079 5023 super
1100 4955 1314 5021 capillos
1343 4956 1521 5026 capitis
1546 4959 1659 5021 mei,
1690 4958 1775 5026 qui
1795 4957 2011 5011 oderunt

418 5066 496 5102 mc
537 5049 712 5118 gratis.
768 5045 983 5116 Capillis
1026 5048 1215 5117 capitis
1248 5050 1331 5101 sui
1386 5049 1719 5119 comparavit
1764 5049 2008 5103 inimicos

417 5154 562 5193 suos.
595 5138 783 5191 Merito
816 5141 917 5191 nisi
942 5147 1085 5201 sunt,
1109 5138 1321 5206 quando
1352 5138 1402 5191 in
1433 5138 1550 5193 loco
1588 5138 1843 5195 Calvarite
1879 5156 2005 5194 cru.

417 5232 604 5285 enixus
644 5242 743 5284 est.
789 5230 1065 5299 Accipiunt
1093 5231 1330 5284 momina
1359 5247 1541 5285 vocem
1574 5232 1749 5297 hanc;
1801 5233 2009 5288 discant

414 5321 539 5376 odia
556 5321 738 5375 haberi
756 5325 938 5389 gratis.
963 5322 1080 5376 lam
1100 5324 1241 5378 enim
1262 5324 1307 5377 si
1332 5340 1549 5379 necesse
1568 5335 1671 5393 ρει,
1692 5326 2002 5388 christiano,

416 5427 473 5469 ut
519 5410 747 5470 mundes
795 5414 969 5469 oderit
1026 5424 1110 5480 te,
1176 5430 1342 5485 quare
1369 5433 1493 5470 'tnm
1547 5418 1676 5471 facis
1742 5427 1798 5471 ιιι
1843 5420 2008 5488 gratis

414 5516 466 5560 te
516 5506 722 5569 oderit,
770 5516 828 5559 ut
885 5506 937 5560 in
989 5521 1215 5574 corpore
1269 5508 1475 5562 Domini
1544 5510 1650 5576 tui,
1706 5519 1758 5563 et
1806 5512 1855 5564 in
1908 5512 2007 5565 hoc

418 5599 623 5667 psalmo
679 5598 744 5651 de
794 5598 887 5651 illo
936 5598 1214 5667 prremisso
1269 5615 1528 5666 agnoscas
1584 5616 1766 5655 vocent
1821 5604 2004 5656 tuam?

417 5688 696 5753 Quomodo
725 5688 812 5744 lie!
858 5699 915 5743 ut
958 5688 1130 5745 oderit
1184 5700 1235 5746 tc
1278 5689 1504 5746 mundus
1538 5694 1735 5763 gratis?
1780 5693 1833 5750 Si
1875 5696 2002 5751 nihil

1650 285 1708 339 S.
1752 279 2117 338 AUGUSTINI
2162 273 2462 336 EPISCCPI

2115 397 2360 465 cuiquam
2389 410 2605 455 noceas,
2635 405 2687 444 et
2719 396 2797 450 sic
2829 393 2953 450 odio
2982 392 3229 451 habearis
3257 409 3271 446 :
3301 392 3403 449 hoc
3440 399 3525 448 est
3556 393 3697 454 enim

2107 488 2293 556 gratis,
2322 487 2438 540 sine
2468 500 2647 540 causa.
2672 485 2864 540 Parum
2891 485 2963 540 sit
2993 485 3087 539 tibi
3116 485 3233 540 sine
3259 500 3418 540 causa
3447 482 3574 540 odio
3603 484 3698 537 ha-

2111 576 2247 639 beri,
2282 576 2500 645 insuper
2532 585 2587 631 et
2626 586 2837 645 pra‘sta,
2884 584 2945 630 ut
2972 575 3267 630 retrihnant
3295 576 3388 629 tibi
3427 577 3565 629 mala
3603 590 3698 643 pro

2108 668 2281 722 bonis.
2315 667 2596 740 Cottfortati
2622 676 2737 722 sunt
2762 667 2952 719 inimici
2978 667 3093 730 mei,
3122 666 3209 734 qui
3234 676 3602 737 persequuntur
3621 680 3702 717 me

2108 759 2312 831 injuste.
2341 759 2491 825 Quod
2518 759 2669 824 dixit,
2694 757 3024 828 Multiplicati
3051 768 3166 811 sunt
3182 773 3338 827 super
3362 757 3580 826 capillos
3606 773 3693 809 ca-

2109 852 2227 921 pitis
2252 852 2347 903 mei
2369 869 2385 915 ;
2419 853 2517 904 hoc
2546 860 2751 921 postea,
2795 848 3080 916 Coufortati
3103 859 3220 901 sunt
3246 848 3435 901 inimici
3462 848 3561 901 mei
3588 862 3608 900 :
3645 858 3694 899 et

2107 940 2247 1011 quod
2280 943 2469 1009 primo,
2521 941 2607 1011 qui
2649 942 2861 993 oderunt
2903 955 2983 992 me
3010 939 3204 1010 gratis;
3248 938 3351 993 hoc
3377 950 3579 1008 postea,
3610 939 3702 1007 qui

2108 1041 2473 1101 persequuntur
2498 1048 2577 1084 me
2601 1031 2806 1099 injuste.
2840 1028 2990 1097 Quod
3020 1044 3150 1100 ergo
3175 1030 3350 1100 gratis,
3390 1029 3492 1084 hoc
3509 1038 3593 1084 est
3611 1030 3694 1082 in-

2096 1126 2255 1197 juste.
2276 1124 2389 1194 Ipsa
2406 1133 2487 1179 est
2504 1139 2603 1178 vox
2623 1134 2932 1194 martyrum.
2947 1123 3120 1176 nonin
3142 1136 3317 1191 pinna,
3336 1121 3429 1175 sed
3445 1122 3495 1174 in
3511 1135 3693 1175 causa.

2107 1214 2224 1269 Non
2264 1216 2688 1284 persecutionem
2732 1214 2857 1283 pati,
2910 1228 3013 1267 non
3045 1213 3231 1277 teneri,
3267 1229 3371 1267 non
3417 1211 3689 1282 ﬂagellari.

2107 1322 2215 1361 non
2245 1306 2464 1371 includi,
2499 1320 2605 1359 non
2638 1300 2918 1372 prescribi,
2967 1320 3073 1358 non
3100 1302 3269 1359 occidi
3311 1303 3426 1357 laus
3450 1304 3694 1368 est;st

2108 1397 2353 1453 habendo
2404 1412 2621 1453 causam
2682 1396 2896 1462 bonam,
2948 1396 3051 1451 iSIa
3103 1396 3232 1465 pati,
3276 1395 3392 1452 haec
3429 1395 3544 1449 laus
3589 1405 3692 1465 est.

2104 1488 2250 1544 Laus
2276 1489 2419 1544 enim
2443 1497 2527 1543 est
2552 1489 2605 1543 in
2630 1502 2806 1542 causze
2836 1486 3098 1551 bonitate,
3125 1502 3232 1540 non
3260 1487 3311 1539 iu
3342 1500 3513 1555 ῃωηςε
3535 1501 3692 1540 acer-

2106 1583 2288 1638 bitate.
2332 1581 2466 1637 Nam
2505 1590 2933 1651 quantacumque
2974 1578 3171 1634 fuerint
3207 1578 3461 1648 supplicia
3494 1588 3697 1650 marty-

2106 1690 2248 1737 rum,
2269 1672 2525 1743 numquid
2547 1680 2829 1741 aequantur
2848 1669 3125 1740 suppliciis
3146 1668 3381 1723 omnium
3404 1668 3690 1729 latronum,

2106 1764 2347 1819 omnium
2393 1763 2794 1832 sacrilegorum,
2840 1761 3078 1815 omnium
3109 1758 3529 1815 sceleratorum?
3556 1759 3695 1829 Quid

2106 1857 2270 1923 enim,
2315 1866 2372 1911 et
2420 1855 2520 1910 hos
2564 1853 2677 1909 odit
2728 1853 2999 1908 mundus?
3047 1852 3172 1907 Odit
3217 1852 3390 1922 plane.
3418 1850 3693 1906 Excedunt

2106 1947 2250 2003 enim
2296 1947 2476 2001 mundi
2509 1945 2851 2000 medietatem
2896 1943 3246 2014 amplitudine
3285 1941 3524 2008 malitiar,
3549 1943 3696 1997 etah

2106 2038 2219 2108 ipsa
2266 2037 2654 2092 mundanorum
2698 2036 3095 2107 quodammodo
3136 2034 3410 2089 hominum
3436 2034 3695 2090 societate

2106 2129 2265 2185 alieni
2315 2139 2465 2190 sunt.
2516 2128 2828 2183 infestantes
2876 2142 3059 2196 pacem
3101 2126 3263 2183 etiam
3291 2134 3593 2192 terrenam;
3642 2136 3698 2181 ct

2106 2220 2378 2291 patiuntur
2404 2219 2571 2273 multa
2622 2218 2779 2283 mala,
2824 2217 2921 2273 sed
2954 2232 3061 2272 non
3100 2215 3284 2287 gratis.
3315 2216 3552 2285 Denique
3576 2216 3707 2278 vida

2107 2327 2292 2365 vocem
2322 2312 2465 2365 illius
2491 2310 2716 2365 latronis
2744 2324 2865 2363 cum
2892 2310 3115 2363 Domino
3138 2309 3189 2361 in
3215 2322 3373 2362 cruce
3394 2305 3696 2375 pendentis,

2107 2418 2227 2458 cum
2271 2403 2549 2457 insultaret
2596 2418 2661 2455 ex
2693 2401 2797 2455 alia
2827 2410 2975 2469 parte
3012 2414 3150 2454 unus
3177 2399 3402 2453 duorum
3433 2398 3696 2453 latronum

2110 2495 2333 2549 Domino
2358 2494 2637 2555 cruciﬁxo,
2683 2500 2738 2546 et
2767 2493 2989 2557 diceret,
3023 2490 3086 2545 Si
3107 2490 3153 2543 F
3154 2491 3274 2545 ilius
3302 2490 3396 2543 Dci
3422 2506 3496 2556 es,
3537 2490 3697 2544 libera

2108 2596 2156 2640 te
2192 2601 2213 2640 :
2258 2586 2588 2655 compescuit
2640 2585 2785 2637 illum
2828 2584 2984 2650 alter,
3035 2593 3090 2638 et
3118 2582 3270 2646 dixit,
3315 2580 3390 2636 Tu
3418 2598 3519 2635 non
3554 2581 3698 2635 times

2108 2676 2292 2741 Deum,
2315 2676 2392 2730 vel
2415 2676 2533 2745 quia
2558 2678 2609 2729 in
2637 2675 2811 2729 eadem
2831 2673 3153 2728 damnatione
3185 2673 3377 2739 positus
3398 2672 3488 2726 es?
3516 2670 3582 2725 Et
3606 2686 3700 2725 nos

2106 2772 2306 2838 quidem
2329 2778 2461 2823 recte
2480 2785 2571 2840 pro
2593 2767 2743 2839 [actis
2761 2767 2947 2821 nostris
2968 2765 3119 2837 (an.
3146 2780 3298 2830 xxm,
3317 2764 3533 2825 5941).
3562 2764 3696 2818 Ecce

2108 2879 2213 2917 non
2252 2862 2415 2931 gratis
2446 2878 2460 2913 :
2516 2860 2610 2915 sed
2654 2858 2995 2915 confessione
3024 2858 3211 2914 ell'udit
3237 2873 3306 2913 ex
3336 2872 3395 2912 sc
3421 2857 3625 2912 saniem
3657 2857 3696 2924 ',

2107 2964 2161 3007 et
2184 2955 2350 3008 tactus
2377 2962 2461 3009 est
2490 2961 2648 3023 aptus
2671 2952 2795 3007 cibo
2824 2951 3055 3006 Domini.
3101 2949 3338 3005 Exclusit
3363 2950 3695 3020 iniquitatem

2107 3058 2281 3107 suam,
2311 3043 2582 3098 accusavit
2619 3057 2759 3107 eam,
2784 3051 2853 3109 et
2879 3040 3048 3096 caruit
3070 3055 3157 3094 ea.
3209 3039 3345 3094 Ecce
3388 3038 3460 3093 ibi
3486 3038 3595 3093 duo
3622 3037 3694 3092 la-

2110 3148 2310 3205 trones,
2340 3136 2411 3193 ibi
2441 3144 2497 3191 et
2525 3136 2816 3200 Dominus;
2864 3142 2919 3189 et
2947 3134 3020 3188 illi
3048 3132 3317 3196 cruciﬁxi,
3345 3142 3401 3187 et
3422 3130 3509 3186 ille
3527 3129 3695 3186 cruci.

2109 3230 2246 3284 lixas
2274 3245 2287 3283 :
2319 3239 2374 3283 et
2415 3228 2538 3283 illos
2565 3226 2690 3281 odio
2728 3225 2911 3281 habuit
2941 3223 3192 3291 mundus,
3234 3220 3330 3280 sed
3359 3236 3464 3281 non
3488 3222 3698 3297 gratis;

2107 3332 2162 3377 et
2186 3323 2334 3375 illum
2365 3320 2489 3376 odio
2511 3319 2714 3386 habuit,
2754 3317 2851 3374 sed
2872 3317 3059 3389 gratis.
3108 3316 3237 3386 Qua
3259 3331 3361 3373 non
3384 3315 3555 3384 rapui,
3580 3325 3702 3374 tunc

2106 3413 2443 3470 exsoloebam.
2467 3410 2581 3466 lloe
2598 3420 2680 3466 est
2700 3410 2886 3481 gratis.
2912 3408 3027 3464 Non
3049 3411 3220 3477 rapui,
3242 3416 3299 3465 et
3320 3407 3695 3471 cxsolvebam;

2112 3518 2218 3558 non
2245 3502 2479 3571 peccavi,
2506 3511 2559 3557 et
2589 3515 2779 3572 pinnas
2804 3499 3018 3555 dabam.
3054 3498 3213 3553 Solus
3245 3499 3386 3554 enim
3414 3499 3530 3569 ipse
3556 3498 3697 3565 talis,

2112 3596 2226 3664 ipse
2254 3608 2379 3649 vere
2431 3592 2561 3647 nihil
2607 3591 2799 3663 rapuit.
2840 3589 2955 3646 Non
2982 3589 3156 3645 solum
3199 3588 3333 3644 nihil
3364 3589 3698 3660 rapuitysed

2110 3684 2270 3739 etiam
2292 3682 2432 3755 quod
2460 3698 2563 3737 non
2593 3682 2662 3738 de
2694 3682 2876 3750 rapina
2909 3680 3156 3743 habebat,
3184 3678 3290 3735 ltoc
3317 3695 3377 3737 se
3401 3681 3697 3747 evacnavit,

2113 3786 2172 3831 ut
2209 3774 2277 3831 ad
2320 3791 2418 3832 nos
2445 3775 2674 3830 veniret.
2725 3772 2849 3828 Non
2878 3773 3019 3828 enim
3067 3771 3301 3843 rapinam
3328 3770 3603 3827 arbitratus
3628 3780 3703 3826 est

2112 3886 2219 3925 esse
2265 3867 2477 3939 wqualis
2523 3866 2672 3931 Deo;
2712 3874 2767 3921 ct
2817 3876 2993 3920 Lumen
3043 3864 3363 3931 semetipsum
3406 3864 3701 3931 exinanirit,

2114 3965 2331 4031 formant
2350 3960 2478 4013 servi
2502 3957 2754 4030 accipiens
2786 3955 3045 4029 (Philipp.
3073 3971 3128 4021 tt,
3154 3953 3210 4022 ϐ’,
3234 3956 3308 4026 7).
3338 3955 3569 4011 Omnino
3592 3971 3698 4012 non

2114 4052 2309 4121 rapuit.
2350 4050 2457 4107 Sed
2484 4051 2603 4121 quis
2632 4049 2810 4120 rapuit
2828 4049 2853 4089 ν
2883 4049 3074 4103 Adam.
3121 4048 3253 4114 Quis
3279 4047 3458 4117 rapuit
3485 4047 3701 4115 primo?

2114 4143 2208 4198 llle
2236 4144 2350 4214 ipse
2374 4143 2463 4212 qui
2488 4141 2707 4197 seduxit
2729 4140 2914 4194 Adam.
2941 4138 3221 4206 Quomodo
3237 4138 3407 4208 rapuit
3426 4136 3703 4193 diabolus?

2119 4235 2315 4290 Ponant
2342 4234 2507 4288 sedem
2533 4250 2695 4287 nteant
2719 4233 2788 4285 ad
2812 4233 3116 4302 aquilonem,
3146 4240 3193 4283 ct
3219 4246 3303 4283 ero
3334 4229 3517 4282 similis
3544 4229 3702 4282 Altis-

2115 4331 2242 4382 sima
2273 4325 2423 4397 (ικαὶ.
2450 4341 2556 4390 xtv,
2583 4326 2696 4393 l5).
2730 4322 3018 4391 Usurpavit
3057 4320 3156 4375 sibi
3184 4319 3322 4389 quod
3352 4334 3456 4374 non
3484 4333 3703 4388 accepe-

2115 4429 2242 4473 rat:
2292 4432 2419 4472 eccc
2468 4417 2728 4486 rapinam.
2786 4413 3074 4483 Usurpavit
3120 4412 3220 4466 sibi
3266 4410 3509 4466 diabolus
3561 4410 3704 4479 quod

2116 4526 2221 4563 non
2250 4515 2549 4577 acoeperat,
2601 4504 2829 4576 perdidit
2855 4504 2994 4575 quod
3022 4512 3340 4572 acceperat;
3394 4511 3448 4557 et
3490 4502 3559 4556 de
3587 4502 3707 4572 ipso

2113 4600 2281 4656 calice
2302 4598 2565 4669 superbim
2602 4611 2734 4659 sum,
2780 4596 2831 4650 ei
2861 4610 3019 4666 quem
3059 4593 3307 4663 decipere
3336 4592 3546 4648 volebat
3576 4607 3705 4662 pro-

2116 4693 2315 4762 pinavit
2348 4711 2363 4746 :
2395 4691 2625 4755 Gustate,
2677 4690 2867 4758 inquit,
2900 4698 2946 4744 et
2974 4688 3115 4743 eritis
3150 4688 3277 4741 sicut
3314 4686 3389 4739 tlii
3426 4683 3593 4756 (Gen.
3625 4700 3707 4754 ut,

2117 4789 2193 4854 5).
2243 4776 2449 4854 Rapere
2480 4786 2761 4840 voluerunt
2807 4782 3160 4845 divinitatem,
3194 4777 3538 4848 perdiderunt
3583 4776 3700 4831 feli-

2116 4866 2349 4934 citatem.
2384 4878 2475 4932 ille
2501 4894 2629 4947 ergo
2654 4876 2849 4944 rapuit.
2880 4885 2933 4927 et
2956 4870 3337 4927 idenexsolvit.
3369 4870 3477 4939 Ego
3501 4880 3702 4929 autem,

2118 4974 2301 5039 inquit,
2337 4986 2451 5040 qua:
2470 4985 2570 5021 non
2593 4967 2769 5036 rapui,
2794 4976 2912 5018 tunc
2938 4963 3272 5017 ea‘solvcbam.
3307 4960 3421 5031 Ipse
3449 4960 3705 5014 Dominus

2118 5064 2475 5130 promnquans
2502 5057 2756 5127 passioni,
2784 5055 2833 5108 in
2859 5054 3150 5121 Evangelio
3175 5052 3253 5106 sic
3281 5051 3553 5120 loquitur:
3579 5048 3706 5103 Ecce

2117 5156 2246 5207 venit
2276 5157 2509 5223 princeps
2552 5152 2705 5219 hujus
2741 5146 2934 5211 mutuli,
2978 5146 3026 5199 id
3056 5156 3137 5199 est
3165 5144 3426 5207 diabolus,
3470 5152 3515 5197 et
3544 5144 3593 5195 in
3627 5158 3708 5196 nte

2116 5246 2242 5299 nihil
2257 5244 2488 5309 inveniet,
2506 5243 2553 5294 id
2569 5253 2671 5303 est,
2686 5256 2849 5311 quare
2867 5254 2951 5291 me
2972 5236 3180 5291 occidat
3198 5251 3300 5289 non
3326 5225 3557 5289 inveniet
3577 5251 3590 5293 ;
3616 5236 3705 5289 snt

2117 5338 2339 5389 utsciant
2357 5350 2526 5386 omnes
2545 5332 2665 5403 quia
2687 5332 2995 5384 voluntatem
3016 5327 3185 5380 Patris
3203 5327 3298 5378 mei
3316 5327 3467 5396 facio,
3490 5324 3698 5392 surgite,

2116 5445 2284 5481 cantus
2300 5432 2473 5493 (Jonn.
2493 5424 2697 5489 stv,30)
2720 5440 2731 5475 :
2757 5433 2810 5477 et
2830 5424 2886 5475 iit
2904 5421 2969 5475 ad
2993 5420 3314 5489 passionem,
3334 5418 3543 5473 solvere
3562 5416 3701 5483 quod

2116 5536 2220 5574 non
2240 5519 2431 5587 rapuit.
2456 5516 2590 5583 Quid
2620 5524 2701 5570 est
2728 5515 2889 5576 enim,
2914 5512 2966 5567 in
2988 5528 3065 5565 me
3089 5510 3476 5564 nihiliavcuict.’
3494 5508 3704 5564 Nullam

2115 5614 2342 5679 cu‘mtn.
2373 5613 2448 5662 An
2468 5607 2661 5678 aliquid
2687 5606 2915 5675 perdidit
2933 5605 2999 5658 de
3020 5604 3179 5656 domo
3192 5616 3283 5655 sua
3307 5600 3584 5656 diabolus?
3604 5600 3702 5655 iste

2187 5731 2198 5753 τ
2227 5718 2307 5773 Sir.
2329 5722 2425 5771 duo
2446 5728 2551 5772 Mss.
2579 5719 2659 5769 alii
2681 5731 2795 5770 vero
2817 5730 2927 5768 cum
2950 5715 3084 5777 Edd.,
3109 5714 3403 5780 stmguinens.
