3934 6320
137 489 319 547 -848

203 605 458 660 discutiat
475 612 717 672 raptores
736 602 776 660 ’ς
803 600 930 655 nihil
953 597 1091 668 apud
1110 615 1186 651 nte
1207 599 1438 652 iureniet.
1455 597 1653 652 Tamen
1677 597 1807 650 nihil

206 696 455 764 rapuisse
478 710 537 750 se
560 695 711 760 dicit,
738 700 1010 762 peccatum
1035 689 1334 751 attendens,
1370 689 1496 741 nihil
1521 704 1809 756 usurpasse

203 787 352 857 quod
383 787 500 856 ejus
543 801 650 841 non
680 792 860 850 esset;
912 781 1012 836 hoc
1042 792 1119 836 est
1153 781 1296 834 enim
1324 780 1543 848 rapior,
1576 779 1676 831 hoc
1711 779 1806 831 irri-

203 877 428 944 quitatis
453 894 466 930 :
521 891 642 928 nam
675 874 742 926 ab
769 874 884 943 ipso
908 871 1121 926 diabolo
1165 870 1391 924 extorsit
1417 883 1553 938 quos
1581 868 1694 936 ipse
1727 883 1811 919 ra-

204 977 420 1039 puerat.
457 966 642 1030 Nemo,
676 967 864 1032 inquit,
896 966 946 1018 in
973 963 1179 1016 deruunt
1210 962 1356 1034 fortis
1384 962 1555 1024 intrat,
1607 970 1650 1012 ct
1692 976 1809 1028 vasa

201 1061 318 1131 ejus
346 1060 542 1130 diripit,
571 1058 667 1111 nisi
683 1057 824 1128 prius
845 1054 1126 1125 alligaverit
1147 1053 1326 1120 fortem
1349 1050 1560 1121 (Matth.
1580 1050 1805 1116 xrr,‘.l‘J).

203 1149 463 1220 Ailigavit
491 1147 706 1211 fortem,
747 1157 802 1200 et
831 1160 953 1198 vasa
978 1143 1094 1212 ejus
1121 1142 1360 1212 diripuit,
1416 1152 1562 1196 certe
1593 1158 1696 1193 non
1725 1157 1810 1192 ra-

204 1242 356 1310 puit;
384 1240 478 1294 sed
530 1237 816 1307 respondet
849 1236 939 1290 tibi
981 1254 994 1288 z
1033 1236 1164 1288 \‘asa
1193 1234 1290 1288 ista
1335 1232 1403 1287 de
1429 1232 1592 1288 domo
1619 1245 1806 1300 magna

205 1347 330 1385 inea
355 1331 660 1399 perierant;
692 1345 794 1381 non
826 1327 1019 1380 frrrtrrm
1052 1325 1170 1388 leci,
1204 1324 1294 1378 sed
1321 1321 1516 1377 furtum
1551 1321 1744 1392 recepi.

284 1420 373 1476 10.
401 1417 533 1493 [vers
557 1417 637 1491 6.]
654 1417 791 1472 Deus
818 1426 871 1470 tu
895 1417 1066 1472 scisti'
1088 1414 1479 1484 imprudentia»:
1502 1423 1683 1466 meum.
1703 1411 1806 1467 ltc~

204 1529 331 1567 rrrrn
353 1528 419 1567 ex
441 1527 534 1567 ore
559 1511 823 1580 corporis.
838 1508 970 1564 Nam
991 1523 1110 1579 quae
1129 1505 1481 1576 imprudentia
1505 1505 1555 1558 in
1574 1503 1811 1559 Christo?

203 1602 401 1660 Nonne
422 1603 536 1673 ipse
562 1611 646 1657 est
673 1601 764 1656 Dei
795 1599 975 1654 Virtus
999 1609 1054 1653 et
1083 1597 1176 1652 Dei
1208 1593 1523 1665 Sapientia?
1551 1597 1630 1649 An
1665 1594 1808 1648 illam

200 1691 342 1749 una
379 1691 794 1763 imprudentiam
835 1705 1008 1751 suam,
1049 1688 1116 1743 de
1149 1703 1250 1758 qna
1299 1685 1432 1741 dicit
1477 1684 1805 1754 Apostolus:

205 1782 442 1837 Stultum
489 1781 582 1835 Dei
624 1780 902 1852 sapientius
947 1788 1019 1834 est
1058 1777 1342 1832 [caminibus
1380 1775 1434 1845 (l
1457 1775 1576 1832 Cor.
1609 1792 1644 1840 t,
1666 1775 1811 1837 9.3)?

203 1872 620 1944 Imprudentium
658 1889 821 1926 meant
851 1887 870 1925 :
901 1871 1000 1926 hoc
1042 1871 1213 1940 ipsum
1239 1869 1379 1940 quod
1409 1869 1462 1923 in
1492 1885 1577 1923 me
1627 1869 1811 1922 irrise-

206 1975 336 2020 runt
368 1966 458 2036 qui
483 1964 583 2018 sibi
612 1963 856 2018 videntur
891 1977 1010 2019 esse
1040 1963 1332 2031 sapientes.
1375 1961 1454 2014 Tu
1481 1961 1627 2016 scisti
1647 1975 1812 2030 quare

207 2058 368 2111 lierct
399 2073 413 2109 :
446 2065 499 2109 tu
539 2055 678 2109 scisti
715 2054 1108 2126 imprudentiam
1155 2069 1338 2106 meam.
1367 2051 1502 2119 Quid
1531 2051 1674 2107 enim
1703 2060 1810 2107 tant

209 2145 402 2204 simile
444 2145 838 2218 imprudentiae,
869 2162 1026 2215 quam
1055 2127 1175 2200 cum
1206 2144 1426 2200 haberet
1448 2145 1500 2198 in
1527 2153 1808 2214 potestate,

208 2257 317 2293 una
348 2255 480 2294 voce
507 2254 634 2294 suos
657 2248 1033 2309 persecutores
1063 2247 1428 2304 prosternere,
1457 2245 1513 2290 ut
1540 2245 1812 2305 pateretur

204 2347 271 2388 se
289 2332 482 2400 teucri,
499 2331 773 2403 ﬂagellari,
791 2331 1036 2400 conspui,
1052 2328 1397 2400 colapbizari,
1409 2327 1577 2398 spinis
1594 2343 1812 2382 corona~

207 2425 279 2487 ri,
299 2424 446 2492 ligno
485 2421 666 2492 afl'igi?
688 2421 1066 2489 Imprudentia:
1095 2419 1269 2474 simile
1289 2428 1400 2482 cst;
1419 2419 1636 2472 stulturu
1660 2417 1810 2472 vide-

207 2524 302 2568 tur
320 2531 332 2566 :
352 2512 447 2569 sed
471 2514 692 2569 stultum
714 2512 815 2568 hoc.
827 2521 1043 2583 Superat
1059 2527 1248 2567 omnes
1269 2512 1557 2580 sapientes.
1577 2510 1808 2566 Stultum

204 2607 428 2674 quidem
455 2615 540 2662 est
563 2605 691 2660 :srd
713 2614 764 2660 et
785 2619 1008 2676 granum
1027 2601 1240 2672 quando
1279 2601 1422 2657 cadit
1448 2602 1498 2656 in
1528 2609 1745 2664 terram,
1766 2600 1810 2655 si

205 2716 373 2752 nerrro
385 2699 519 2754 sciat
529 2697 966 2754 consuetudinem
979 2694 1329 2766 agricolarum
1339 2693 1573 2758 ,stultum
1587 2692 1810 2747 videtur.

211 2787 429 2844 Labore
457 2803 651 2857 magno
671 2787 906 2852 metitur,
936 2795 1175 2856 portatrrr
1198 2783 1264 2839 ad
1287 2799 1491 2844 arcam.
1510 2784 1808 2849 trituratnr,

207 2881 531 2934 ventilatur:
554 2888 672 2949 post
689 2887 834 2934 tanta
861 2877 1096 2950 pericula
1118 2877 1239 2932 caeli
1256 2885 1312 2931 et
1344 2883 1814 2946 tempestatum,et

207 2968 430 3027 labores
455 2969 845 3024 rusticanorum
869 2983 1161 3038 curamque
1189 2965 1556 3032 dominorum,
1587 2965 1814 3020 mittitur

209 3061 267 3116 in
324 3061 576 3116 horreum
619 3061 944 3115 frumentum
990 3068 1289 3129 purgatum.
1327 3057 1482 3112 Venit
1524 3057 1730 3123 hiems;
1757 3069 1814 3113 ct

210 3152 361 3223 quod
397 3163 678 3223 purgatura
723 3159 860 3215 erat,
889 3149 1157 3220 profertur
1184 3157 1240 3204 et
1266 3146 1546 3218 projicitur
1572 3163 1587 3202 :
1613 3149 1814 3218 impru-

208 3244 394 3298 tientia
427 3244 670 3308 videtur;
698 3242 792 3298 sed
821 3251 878 3297 ut
902 3257 1009 3296 non
1032 3241 1101 3296 sit
1122 3239 1499 3310 imprudentia,
1518 3253 1642 3310 Spes
1664 3239 1808 3294 facit.

210 3334 337 3390 Non
371 3348 502 3405 ergo
526 3331 615 3390 ille
644 3331 884 3406 pepercit
905 3331 1036 3398 sibi;
1066 3331 1192 3402 quia
1219 3340 1273 3385 et
1305 3330 1462 3386 Pater
1483 3330 1554 3383 illi
1581 3347 1683 3384 non
1719 3347 1811 3401 pe-

210 3427 394 3496 percit,
417 3424 509 3480 sed
533 3441 626 3497 pro
650 3424 794 3480 nobis
821 3424 1051 3478 omnibus
1077 3421 1288 3476 tradidit
1322 3421 1467 3476 illum
1495 3420 1670 3494 (Rom.
1691 3438 1806 3489 Vtri,

211 3514 334 3585 3‘2).
369 3514 434 3569 Et
459 3514 528 3570 de
569 3515 707 3584 ipso,
741 3512 844 3579 Qui
881 3512 1058 3566 dilexit
1086 3528 1184 3578 me,
1231 3511 1402 3580 inquit
1427 3511 1736 3580 Apostolus,
1765 3521 1812 3566 et

213 3607 432 3662 tradidit
473 3605 697 3677 seipsum
743 3621 836 3674 pro
863 3622 942 3660 me
965 3602 1112 3675 (Gal.
1147 3619 1205 3670 ll,
1232 3604 1329 3674 9.0)
1357 3621 1371 3654 :
1400 3604 1523 3674 quia
1566 3621 1808 3674 granum,

213 3698 316 3752 uisi
354 3695 588 3752 ceciderit
627 3695 682 3751 in
707 3705 895 3751 terram
920 3704 974 3750 ut
1014 3695 1283 3761 moriatur,
1324 3697 1566 3765 fructum,
1613 3697 1806 3765 inquit,

213 3805 320 3843 non
361 3787 537 3843 reddet
569 3783 754 3854 (Joan.
780 3786 972 3854 sing},
1002 3785 1118 3858 25).
1150 3787 1276 3841 llaec
1301 3795 1386 3843 cst
1414 3786 1810 3856 imprudentia;

212 3881 312 3936 sed
340 3891 396 3936 tu
422 3880 564 3936 nosti
604 3880 750 3936 illam
782 3898 797 3935 :
825 3879 918 3936 isti
957 3889 1136 3936 autern
1167 3878 1212 3934 si
1239 3881 1636 3951 cognovissent,
1669 3897 1808 3936 nun-

213 3985 381 4043 quam
425 3972 707 4026 Dominum
755 3969 943 4042 gloria:
971 3970 1366 4026 crucifixissent
1394 3970 1449 4041 (Ι
1472 3969 1590 4026 Cor.
1625 3987 1682 4038 n,
1713 3971 1808 4040 8).

213 4062 379 4130 Deus,
405 4075 459 4118 tu
481 4063 620 4118 scisti
649 4063 1045 4138 imprudentiam
1074 4079 1271 4127 meam;
1291 4071 1339 4116 et
1362 4061 1548 4118 delicta
1567 4077 1680 4117 mea
1708 4079 1742 4116 a
1765 4071 1814 4118 te

212 4170 318 4224 non
337 4164 456 4209 sunt
481 4155 795 4208 abscondita.
819 4153 931 4209 Hoc
953 4154 1132 4225 plane,
1156 4151 1349 4218 lucide,
1374 4163 1580 4224 aperte.
1600 4154 1722 4223 quia
1743 4168 1810 4210 es

212 4262 312 4302 ore
337 4249 579 4317 corporis
605 4246 1007 4318 intelligendum
1045 4254 1147 4302 est.
1167 4245 1368 4302 Delicta
1397 4245 1540 4301 nulla
1564 4245 1812 4303 Christus

214 4337 436 4402 habuit;
468 4337 566 4393 frrit
591 4337 912 4394 delictorum
950 4346 1251 4407 susceptor,
1281 4336 1376 4392 sed
1419 4353 1526 4391 non
1553 4339 1812 4392 commis-

211 4443 330 4485 sor.
364 4426 432 4482 Et
476 4427 662 4483 delicta
703 4444 818 4482 mea
841 4437 945 4482 ate
966 4445 1068 4482 non
1112 4438 1232 4481 sunt
1272 4427 1566 4482 abscondita
1588 4443 1608 4482 :
1630 4427 1681 4483 id
1703 4438 1808 4493 est,

211 4520 502 4577 confessus
544 4535 661 4574 sum
711 4520 803 4574 tibi
850 4519 1027 4575 omnia
1076 4519 1273 4574 delicta
1319 4527 1552 4583 mea;et
1576 4527 1703 4575 ante
1745 4533 1810 4574 os

210 4629 398 4667 merrm
441 4610 617 4666 vidisti
649 4628 710 4668 ea
741 4612 794 4666 in
841 4611 1167 4682 cogitatione
1207 4625 1345 4676 mea,
1370 4607 1551 4666 vidisti
1590 4610 1809 4665 vulnera

211 4721 336 4772 qua:
381 4720 599 4761 sanares
663 4703 770 4759 Sed
818 4702 947 4758 ubi?
976 4701 1171 4772 Utique
1199 4702 1251 4758 in
1279 4715 1527 4782 corpore,
1561 4700 1614 4754 in
1644 4717 1815 4754 mem-

213 4798 357 4860 bris;
384 4796 436 4850 in
460 4797 562 4852 illis
601 4795 862 4856 ﬁdelibus,
885 4794 1026 4848 unde
1069 4794 1142 4848 illi
1193 4792 1434 4848 bzercbat
1474 4791 1585 4862 jam
1636 4807 1809 4847 mem-

211 4889 372 4944 brum
402 4887 529 4942 illrrd
561 4888 700 4959 quod
728 4887 1081 4942 conﬁtebatur
1107 4897 1323 4954 peccata
1351 4899 1471 4939 sua.
1497 4882 1562 4938 Et
1600 4884 1807 4947 delicta,

213 4982 410 5050 inquit,
438 4997 552 5034 mea
578 4997 612 5033 α
639 4992 685 5033 te
711 4996 812 5034 non
841 4990 957 5034 sunt
984 4977 1298 5032 abscondita.

288 5075 346 5127 Η
364 5111 378 5125 .
399 5070 552 5144 (vers.
579 5068 659 5143 7.]
685 5069 802 5124 Non
829 5068 1121 5124 erubescant
1141 5070 1192 5121 in
1209 5067 1411 5134 ηδε,ηηὶ
1431 5077 1480 5119 te
1497 5075 1808 5136 exspectant,

211 5163 453 5230 Domine,
483 5163 700 5218 Domine
735 5164 999 5216 virtutum.
1043 5161 1247 5214 Rursus
1289 5175 1388 5212 vox
1435 5159 1648 5229 capitis.
1689 5157 1811 5213 Non

209 5255 506 5311 erubescant
533 5256 585 5309 in
612 5271 692 5309 me
717 5271 736 5310 :
765 5268 869 5309 non
903 5253 1113 5307 dicatur
1138 5251 1262 5313 illis,
1313 5249 1414 5304 Ubi
1461 5258 1544 5305 est
1593 5250 1662 5303 de
1704 5265 1812 5319 quo

213 5344 659 5416 prmsurnebatis’
685 5359 792 5400 non
836 5343 1047 5399 dicatur
1087 5342 1218 5405 illis,
1265 5339 1368 5397 Ubi
1412 5350 1495 5394 est
1536 5341 1627 5410 qui
1657 5341 1810 5395 vobis

209 5437 446 5503 dicebat,
475 5435 710 5494 Credite'
734 5437 787 5491 in
819 5435 1004 5500 Deum,
1022 5445 1068 5490 et
1089 5436 1142 5488 in
1169 5450 1246 5486 me
1269 5433 1457 5487 credite
1485 5433 1665 5505 (Joan.
1699 5447 1808 5498 διν,

216 5531 305 5601 l)?
333 5527 456 5585 Non
482 5530 774 5585 erubescant
800 5530 857 5586 in
893 5543 996 5594 nte,
1025 5528 1111 5597 qui
1138 5535 1185 5580 te
1209 5533 1521 5594 exspectant,
1565 5524 1808 5593 Domine,

1139 5717 1181 5753 r.
1206 5708 1336 5764 ων..
1357 5699 1586 5764 raptoris.

273 5711 293 5741 ⁸
326 5710 402 5782 sic
419 5708 646 5770 plerique
666 5715 776 5759 uss.
802 5713 856 5756 Αι
875 5712 974 5765 m,
998 5709 1181 5817 rapior.
1206 5708 1336 5775 tom,
1357 5708 1586 5764 raptoris.
1666 5762 1678 5774 ο

273 5771 294 5802 ¹
326 5778 402 5820 are
423 5784 471 5819 ιιι
496 5771 659 5822 prolis:
684 5777 811 5820 notae
833 5776 940 5818 uss.
967 5775 1020 5818 At
1146 5764 1259 5814 md.
1283 5762 1363 5814 hic
1385 5770 1480 5822 est,
1504 5769 1570 5814 'tu
1605 5775 1732 5822 scis;
1758 5767 1812 5812 et

1246 5800 1259 5812 ο
1286 5799 1363 5814 -ι-υν
1385 5799 1480 5822 Μ’
1515 5799 1570 5814 ’1.
1605 5799 1700 5814 συσπ
1714 5801 1728 5824 ,

269 5771 294 5802 ¹
326 5771 402 5820 sic
423 5784 471 5819 m
496 5771 660 5833 prth
684 5777 811 5820 notae
833 5776 940 5818 uss.
967 5775 1020 5818 At

209 5832 739 5900 M‘QPoﬁbiﬂﬁfi-ﬂio
831 5892 864 5900 ,,
928 5895 943 5900 _
1058 5898 1066 5900 _
1157 5895 1241 5900 _‘_
1301 5885 1459 5900 ΑΜ..
1610 5885 1710 5900 ν,.,.

419 5885 643 5959 plerique
667 5904 718 5947 et
750 5892 968 5947 melioris
990 5898 1119 5943 uota
1155 5895 1262 5939 Itss.
1289 5894 1344 5936 Αι
1365 5885 1500 5946 ωδ..
1538 5885 1734 5938 creditis
1757 5894 1808 5935 nt

1287 481 1683 540 ENAliltATlO
1719 482 1785 537 IN
1828 481 2152 538 PSALML‘M
2195 477 2422 534 LXVI“.

3401 480 3519 537 850

1919 596 2132 651 Domine
2151 598 2410 649 virtutum.
2432 593 2480 648 Ν
2485 611 2550 648 οη
2571 595 2945 663 confundantur
2971 613 3122 664 super
3147 614 3242 660 me,
3267 599 3351 667 qui
3369 612 3511 667 (parte

1919 699 2034 742 runt
2062 700 2124 750 te,
2154 687 2290 741 Deus
2319 685 2506 742 Israel.
2536 686 2715 740 Potest
2743 684 2844 738 hoc
2872 695 2922 738 et
2944 703 2971 742 a
2992 702 3220 755 eor-pore
3245 689 3466 758 intelligi
3489 731 3503 753 ,

1917 780 2009 834 sod
2039 780 2085 832 si
2114 793 2311 847 corpus
2340 778 2457 846 ejus
2488 791 2590 830 non
2622 791 2784 829 ttnurn
2833 775 3103 831 hominem
3136 793 3301 847 ponas
3331 797 3343 830 :
3378 783 3502 848 quia

1919 887 2102 925 revera
2125 886 2230 924 non
2262 880 2343 924 est
2383 885 2520 922 unus
2551 871 2711 922 homo
2733 882 2928 935 corpus
2953 869 3087 936 ejus.
3123 869 3216 924 sed
3249 872 3499 937 exiguum

1917 964 2247 1024 membrum;
2275 976 2471 1032 corpus
2498 971 2674 1015 autem
2715 975 2780 1014 ex
2827 961 3341 1014 mernbris‘constat.
3373 965 3506 1013 (Zor-

1918 1072 2014 1124 pos
2031 1069 2158 1124 ergo
2181 1061 2296 1121 ejus
2325 1053 2559 1123 plerrrrm,
2582 1061 2689 1105 tota
2719 1049 2975 1105 Ecclesia.
2997 1050 3185 1103 Merito
3210 1067 3338 1120 ergo
3377 1052 3508 1103 tlir'ti.

1917 1147 2156 1202 Ecclesia
2186 1164 2200 1199 :
2234 1144 2355 1199 Non
2398 1145 2692 1198 erubescant
2734 1143 2789 1196 in
2828 1159 2927 1205 me,
2975 1142 3063 1210 qui
3110 1150 3156 1196 te
3192 1152 3506 1207 exspectant,

1917 1237 2158 1302 Domine,
2194 1234 2410 1288 Domine
2453 1235 2716 1288 virtutum.
2749 1232 2864 1287 Non
2894 1233 2972 1286 sic
3001 1231 3207 1301 afﬂigar
3235 1232 3303 1284 ab
3330 1233 3506 1285 insur-

1914 1326 2158 1398 gentibus
2187 1325 2639 1394 persecutoribus,
2670 1337 2774 1378 nun
2808 1325 2888 1378 sic
2915 1322 3134 1377 obterar
3159 1323 3228 1376 ab
3261 1323 3503 1375 invitlesr-

1917 1419 2057 1475 tibrrs
2085 1418 2312 1471 inimicis
2340 1417 2492 1480 meis,
2522 1415 2589 1469 ab
2619 1414 3007 1469 oblatrantibus
3040 1414 3307 1468 luereticis
3342 1417 3430 1481 qui
3477 1431 3512 1468 a

1915 1526 2004 1566 me
2027 1511 2290 1576 exierunt,
2327 1508 2448 1578 quia
2488 1521 2594 1562 non
2633 1515 2786 1562 erant
2811 1523 2877 1560 ex
2909 1523 3023 1571 me;
3052 1523 3171 1559 nam
3200 1506 3244 1560 si
3284 1507 3507 1559 inissent

1915 1619 1980 1656 es
2003 1617 2108 1666 me,
2129 1616 2336 1656 mecum
2358 1600 2574 1656 forsitan
2609 1599 3027 1668 pcrmansissent
3049 1598 3067 1666 (
3083 1598 3099 1650 l
3119 1595 3276 1651 Joan.
3306 1614 3368 1662 lt,
3395 1599 3504 1657 l9).

1915 1691 2032 1748 Non
2054 1694 2133 1748 sic
2167 1707 2352 1748 eorum
2395 1690 2659 1746 scandulis
2687 1703 2920 1758 premar,
2951 1697 3003 1740 ut
3031 1687 3320 1741 erubescant
3347 1687 3399 1739 in
3430 1703 3508 1739 me

1915 1788 2003 1859 qui
2027 1797 2073 1842 te
2101 1795 2410 1857 exspectant,
2437 1783 2649 1838 Domine
2671 1823 2685 1846 ,
2703 1781 2921 1836 Domine
2949 1783 3213 1837 virtutum.
3242 1779 3360 1834 Non
3387 1796 3507 1833 con-

1916 1877 2202 1948 fundantur
2228 1891 2382 1946 supcr
2403 1890 2502 1936 me,
2525 1873 2610 1945 qui
2631 1880 2876 1942 quierunt,
2891 1883 2957 1932 te,
2990 1870 3128 1924 Deus
3159 1869 3348 1922 Israel.

1991 1968 2078 2024 12.
2122 1965 2271 2042 [νει-δ,
2295 1965 2376 2039 8.]
2419 1965 2673 2033 Quoniam
2720 1972 2928 2034 propter
2967 1971 3015 2015 te
3053 1961 3272 2017 sustinui
3318 1977 3501 2029 expro-

1918 2061 2227 2123 brationem,
2281 2057 2479 2128 operuit
2523 2054 2848 2108 irreverentia
2890 2052 3073 2122 faciem
3123 2065 3306 2104 meum.
3363 2049 3512 2104 Nabil‘

1919 2169 2168 2224 magnum
2187 2160 2279 2224 (est
2317 2149 2456 2220 quod
2483 2148 2700 2210 dicitur,
2728 2145 2987 2208 sustinui;
3009 2143 3102 2199 sed
3125 2143 3265 2213 quod
3289 2143 3503 2206 dicitur,

1917 2258 2128 2320 propter
2156 2255 2204 2300 te
2227 2244 2463 2300 sustinui.
2494 2242 2548 2298 Si
2590 2242 2732 2295 enim
2775 2240 3029 2302 sustines,
3076 2238 3198 2308 quia
3241 2240 3503 2304 peccasti;

1917 2348 2134 2410 propter
2175 2349 2228 2392 te
2270 2339 2522 2400 sustines,
2569 2349 2672 2387 non
2715 2339 2932 2402 propter
2976 2330 3162 2384 Deum.
3213 2328 3337 2394 Qua:
3373 2328 3508 2382 enim

1917 2431 2054 2484 vobis
2094 2428 2258 2500 gloria
2308 2437 2402 2488 est,
2433 2426 2508 2480 ait
2539 2425 2748 2486 Petrus,
2775 2425 2820 2478 si
2859 2413 3118 2491 peccantes
3157 2417 3427 2488 punimini,
3459 2427 3508 2471 et

1915 2519 2140 2588 stt/fertis
2171 2518 2214 2588 (l
2237 2518 2376 2573 Petr.
2405 2532 2463 2584 ll,
2493 2515 2626 2586 20)?
2645 2514 2704 2570 Si
2744 2523 2921 2568 autem
2953 2513 3182 2568 susrines
3208 2511 3330 2581 quia
3359 2527 3509 2564 marr-

1917 2613 2100 2667 daturrr
2131 2611 2222 2664 Dei
2264 2608 2509 2672 servasti,
2541 2622 2668 2662 vere
2703 2615 2921 2676 propter
2956 2604 3124 2659 Deum
3152 2603 3420 2661 sustines:
3451 2611 3507 2656 et

1917 2719 2126 2759 merces
2172 2712 2258 2757 tua
2304 2709 2486 2756 manet
2512 2701 2564 2754 in
2593 2709 2875 2760 a-ternnm,
2907 2697 3030 2768 qrria
3074 2703 3292 2765 propter
3343 2697 3506 2748 licunt

1916 2794 2212 2852 sustinuisti
2241 2792 2547 2863 opprobria.
2575 2790 2697 2846 ldeo
2739 2790 2880 2845 enim
2921 2790 3066 2858 prior
3091 2787 3183 2841 ille
3225 2786 3500 2846 sustinuit,

1916 2897 1975 2944 ut
2004 2903 2101 2942 nos
2129 2886 2396 2941 sustinere
2424 2883 2772 2939 disceremus.
2803 2881 2869 2936 Et
2891 2881 2933 2934 si
2958 2880 3068 2944 ilfc,
3091 2880 3180 2948 qui
3206 2894 3310 2931 non
3343 2876 3510 2931 habe-

1916 2981 2009 3037 bat
2029 2978 2169 3051 quod
2202 2979 2274 3034 tlli
2295 2976 2674 3047 objicicbatur;
2707 2982 2902 3042 quanto
2930 2970 3098 3040 magis
3138 2985 3235 3023 nos
3264 2967 3373 3038 qui.
3407 2967 3509 3020 etsi

1918 3090 2024 3128 non
2065 3072 2322 3128 habemus
2350 3076 2629 3140 peccatum
2669 3063 2809 3136 quod
2848 3063 3000 3118 nobis
3027 3061 3208 3131 objicit
3239 3060 3506 3121 inimicus,

1916 3164 2178 3220 habemus
2210 3172 2386 3216 tamen
2414 3161 2639 3214 alterum
2671 3154 2812 3226 quod
2855 3155 3014 3222 digne
3040 3153 3094 3206 in
3132 3151 3284 3209 nobis
3321 3150 3506 3220 ﬂagel-

1917 3255 2093 3313 lctur?
2137 3253 2329 3310 Nescio
2371 3253 2492 3322 quis
2532 3258 2594 3321 te
2644 3249 2814 3302 frtrem
2856 3247 3005 3308 dicit,
3031 3252 3088 3299 et
3132 3259 3238 3298 non
3280 3258 3340 3297 es
3380 3244 3504 3294 tur:

1915 3346 2070 3401 audis
2097 3343 2474 3415 opprobrium;
2503 3355 2610 3395 non
2644 3349 2820 3394 tamen
2850 3337 2928 3391 sic
2957 3351 3061 3389 non
3083 3347 3145 3389 es
3186 3332 3288 3397 frrr,
3316 3341 3374 3386 ut
3401 3346 3505 3386 non

1917 3437 1992 3494 sis
2014 3435 2216 3507 aliquid
2244 3435 2386 3506 quod
2421 3434 2530 3486 Deo
2555 3429 2826 3499 displicet.
2857 3427 3027 3484 Porro
3052 3427 3096 3481 si
3126 3425 3214 3480 ille
3261 3423 3351 3493 qui
3391 3437 3506 3475 orn.

1916 3530 2046 3585 nino
2076 3527 2208 3582 nihil
2238 3533 2504 3594 rapuerat,
2536 3521 2627 3593 qui
2655 3519 2936 3575 verissime
2963 3517 3194 3582 dixerat,
3220 3514 3352 3568 Ecce
3376 3514 3508 3568 venit

1918 3621 2155 3693 princeps
2183 3617 2364 3671 mundi
2405 3615 2582 3684 hujus,
2609 3623 2656 3668 et
2687 3613 2740 3666 in
2780 3627 2860 3665 me
2897 3609 3027 3664 nihil
3067 3608 3304 3670 inveniet,
3333 3604 3510 3659 dictus

1916 3720 2000 3768 cst
2020 3718 2270 3782 peccator
2303 3706 2482 3778 (Joan.
2509 3721 2582 3770 rs,
2610 3703 2730 3774 24),
2757 3701 2934 3757 dictrrs
2955 3707 3040 3756 est
3068 3699 3304 3767 iniquus,
3332 3696 3509 3752 dictus

1915 3812 1999 3858 est
2027 3799 2323 3856 Beelzebub
2347 3797 2562 3868 (Matth.
2592 3812 2648 3859 ι.
2675 3794 2792 3863 25),
2817 3793 2991 3850 dictus
3035 3801 3121 3847 est
3163 3790 3418 3853 insanus;
3450 3803 3505 3842 ω

1915 3891 2241 3962 dedignaris,
2265 3905 2439 3950 serve,
2470 3887 2658 3941 audire
2686 3901 2782 3955 pro
2811 3882 3018 3939 meritis
3057 3881 3182 3945 tuis,
3209 3878 3353 3950 qrtnd
3401 3879 3508 3932 Do-

1916 3985 2094 4041 minus
2134 3981 2339 4040 audivit
2383 3978 2546 4034 nullis
2585 3975 2792 4032 meritis
2831 3972 2979 4031 suis?
3020 3972 3116 4028 ille
3144 3972 3288 4027 venit
3330 3979 3388 4025 ut
3415 3970 3508 4024 tibi

1915 4079 2178 4148 praeberet
2202 4074 2530 4143 exemplum.
2560 4069 2723 4140 Quasi
2755 4068 2922 4136 gratis
2952 4066 3053 4122 hoc
3086 4064 3288 4126 fecerit,
3309 4065 3419 4118 sic'
3453 4071 3508 4116 tu

1917 4185 2025 4226 non
2053 4165 2288 4239 proﬁcis.
2313 4165 2491 4234 Quare
2540 4163 2684 4218 enim
2716 4161 2805 4215 ille
2832 4157 3053 4222 audivit,
3091 4156 3192 4210 nisi
3217 4164 3275 4209 nt
3301 4163 3358 4208 tu
3385 4169 3506 4209 curn

1915 4263 2132 4318 audires
2175 4275 2280 4313 non
2324 4254 2618 4311 deficeros?
2666 4252 2804 4306 Ecce
2854 4259 2908 4305 tu
2961 4248 3134 4312 audis,
3163 4255 3220 4301 et
3266 4245 3496 4300 delicis:

1917 4356 2113 4412 frustra
2141 4367 2271 4424 ergo
2299 4351 2387 4404 ille
2421 4348 2654 4409 audivit;
2689 4360 2792 4398 non
2840 4344 2984 4398 enim
3031 4351 3250 4410 propter
3292 4353 3373 4399 se.
3413 4336 3510 4392 sed

1917 4456 2137 4518 propter
2162 4455 2213 4500 te
2238 4443 2460 4498 audivit.
2500 4438 2755 4507 Quoniam
2785 4451 2971 4506 proper
2999 4447 3048 4486 te
3068 4432 3286 4487 sustinui
3324 4447 3509 4498 expro-

1919 4539 2213 4600 brationem,
2259 4534 2459 4604 operuit
2506 4528 2830 4584 irreverentia
2869 4525 3052 4596 [aciem
3093 4539 3278 4577 meam.
3311 4519 3510 4574 Irrevo-

1916 4632 2100 4691 rentia,
2132 4627 2319 4699 inqrrit,
2346 4622 2545 4694 operuit
2576 4619 2758 4692 {aciem
2786 4633 2968 4669 meum.
3003 4612 3352 4670 lrreverentia
3382 4609 3510 4680 quid
3589 4646 3596 4654 ι

1917 4725 2039 4779 est?
2077 4721 2192 4777 Non
2243 4714 2519 4773 confundi.
2571 4710 2809 4780 Denique
2847 4706 3002 4778 quasi
3046 4706 3230 4760 vilium
3275 4701 3505 4766 videtur,

1917 4831 2039 4870 enm
2081 4813 2278 4868 dicitur
2309 4827 2322 4862 :
2356 4807 2663 4861 lrrevcrens
2715 4801 2878 4854 homo
2915 4805 3018 4853 est.
3067 4795 3254 4862 Magna
3301 4794 3509 4848 irreve-

1917 4906 2088 4962 rentia
2138 4899 2391 4960 hominis,
2437 4912 2543 4950 ron
2585 4894 2733 4947 illum
2762 4889 3106 4946 erubescere.
3139 4886 3278 4952 Ergo
3308 4885 3510 4937 irreve-

1917 4997 2087 5054 rentia
2115 4993 2265 5064 qrrasi
2313 4985 2641 5058 impudentia
2679 4991 2783 5037 est.
2812 4981 3036 5050 Oportet
3061 4988 3118 5031 ut
3149 4977 3341 5030 habeat
3367 4976 3511 5028 ebri-

1918 5091 2124 5158 stianus
2170 5081 2575 5140 irreverentiam
2633 5076 2812 5140 istam,
2862 5072 3077 5143 quando
3119 5070 3324 5123 venerit
3371 5069 3510 5122 inter

1921 5183 2164 5238 homines
2190 5176 2382 5248 quibus
2425 5171 2673 5241 displicet
2715 5167 2982 5222 Christus.
3017 5165 3072 5218 Si
3126 5163 3401 5216 erubuerit
3445 5162 3513 5215 de

1917 5274 2153 5336 Christo,
2192 5268 2456 5323 delebitnr
2480 5261 2550 5318 de
2579 5262 2713 5315 libro
2742 5257 3055 5313 viventium.
3085 5255 3229 5324 Opus.
3259 5262 3344 5307 est
3373 5267 3503 5318 ergo

1919 5376 1978 5422 trt
2034 5365 2234 5418 trabeas
2291 5352 2734 5418 irreverentiam,
2774 5346 2989 5419 quando
3037 5345 3130 5398 tibi
3175 5343 3247 5398 de
3295 5342 3514 5396 Christo

1920 5457 2237 5515 insnltatnr;
2267 5448 2484 5522 quando
2505 5445 2722 5510 dicitur,
2749 5441 2936 5497 Cultor
2958 5435 3230 5497 cruciﬁxi,
3261 5436 3512 5489 adorator

1919 5551 2058 5606 male
2102 5545 2330 5602 mortui,
2379 5546 2665 5594 venerator
2728 5532 2936 5586 occisi:
2973 5528 3062 5585 hic
3103 5528 3148 5582 si
3197 5525 3512 5590 crubneris,

1918 5652 2161 5698 mortuus
2189 5652 2268 5694 es.
2299 5630 2634 5690 Serrtentiam
2683 5625 2880 5695 quippe
2906 5621 3076 5691 ipsius
3117 5619 3261 5683 vide,
3296 5619 3384 5684 qui
3414 5635 3512 5671 ne-

1919 5735 2119 5790 minem
2170 5727 2349 5783 fallit:
2385 5723 2486 5791 Qui
2530 5736 2612 5775 me
2638 5715 2890 5773 erubuerit
2927 5728 3098 5766 coram
3138 5709 3511 5771 hominibus,et

1917 5845 2010 5900 ego
2047 5823 2333 5877 erubescam
2361 5832 2474 5871 eum
2512 5827 2683 5868 coram
2727 5806 2950 5879 Arrgrlis'
2973 5801 3072 5857 Dei
3101 5800 3250 5873 (Luc.
3291 5815 3364 5864 rx,
3391 5799 3508 5870 26),

1984 5941 2000 5972 ⁸
2037 5943 2109 5985 Er.
2131 5942 2185 5986 et
2204 5939 2335 5984 Lota,
2440 5931 2492 5975 At
2515 5935 2612 5974 tun.
2644 5930 2690 5970 ct
2717 5927 2807 5969 Mss
2828 5958 2842 5974 .
2863 5918 2951 5968 sic.
