3934 6352
471 449 571 507 851

468 561 706 620 Observa
747 574 875 629 ergo
916 567 1004 621 tu;
1045 558 1116 611 sit
1163 558 1216 612 in
1266 564 1319 610 te
1365 551 1737 612 irreverentia.
1786 549 2063 605 frontosus

471 662 591 708 esto
643 648 858 721 quando
895 647 1047 702 audis
1085 645 1438 717 opprobrium
1479 643 1548 700 de
1572 640 1817 709 Christo;
1846 656 2067 712 prorsus

469 752 589 800 esto
618 742 907 796 l'routosus.
932 738 1072 807 Quid
1118 740 1275 793 times
1322 734 1486 791 ironti
1532 743 1657 800 ιιιω,
1705 748 1866 804 quam
1908 733 2064 804 signo

467 835 646 892 crucis
669 832 931 889 armasti?
961 832 1073 887 Hoc
1102 839 1187 886 est
1209 830 1373 895 enim,
1407 826 1623 897 Pmpter
1651 837 1700 881 te
1729 825 1946 881 sustinui
1972 841 2067 880 ea:-

467 927 868 992 probrationem,
896 922 1093 993 operuit
1135 919 1462 975 irreverentia
1499 918 1683 990 {aciem
1716 933 1900 971 meum.
1929 915 2065 970 Pro-

469 1029 582 1089 pter
627 1030 676 1073 te
710 1016 927 1072 sustinui
966 1013 1407 1083 exprobrationem
1444 1026 1463 1065 :
1487 1018 1544 1065 et
1581 1010 1707 1080 quia
1753 1024 1858 1063 non
1903 1006 1972 1075 de
2015 1018 2067 1061 te

470 1108 683 1172 erubui,
713 1106 929 1177 quando
954 1104 1082 1160 mihi
1130 1110 1349 1175 prepter
1378 1111 1429 1156 te
1459 1099 1834 1165 insultabatur,
1868 1098 2067 1169 operuit

473 1199 799 1255 irreverentia
818 1201 1002 1268 faciem
1030 1211 1216 1249 meam.
1920 1261 1926 1269 ι

543 1293 632 1348 13.
655 1290 807 1364 Iners.
826 1290 882 1356 9,
907 1286 1020 1361 10.]
1037 1287 1303 1341 Alienatus
1326 1287 1493 1356 {actus
1515 1300 1630 1339 sum
1658 1282 1901 1357 fratribus
1921 1283 2065 1346 meis,

470 1391 521 1437 et
559 1384 741 1453 hospes
785 1380 909 1451 ﬁliis
952 1378 1129 1433 matris
1172 1392 1318 1431 mete.
1348 1374 1500 1430 Filiis
1541 1373 1838 1446 Synagoga:
1867 1374 2063 1442 hospes

469 1473 646 1528 factus
667 1479 768 1527 est.
804 1469 860 1525 in
890 1468 1061 1540 patria
1092 1468 1291 1538 quippe
1313 1466 1485 1535 ipsius
1521 1464 1801 1521 dicebatur
1832 1481 1845 1516 :
1879 1462 2068 1518 Nonne

468 1579 562 1618 nos
579 1562 764 1617 scimus
779 1575 895 1615 eum
914 1575 1023 1614 esse
1033 1559 1198 1628 ﬁlium
1216 1556 1400 1611 Mariae
1414 1565 1461 1611 et
1475 1556 1667 1626 Ioseph
1680 1554 1827 1627 (Luc.
1851 1569 1927 1618 tv,
1943 1553 2067 1623 22)?

479 1655 546 1709 Et
589 1652 733 1709 unde
778 1652 884 1707 alio
926 1652 1091 1707 loco:
1128 1648 1280 1704 Hunc
1324 1660 1495 1703 autem
1534 1648 1785 1703 nescinus
1829 1645 1965 1701 unde
2004 1647 2067 1700 sit

470 1746 649 1819 (Joan-
677 1761 755 1815 ις,
784 1742 916 1817 29)?
941 1742 1131 1798 Factus
1172 1755 1303 1812 ergo
1348 1758 1461 1795 sum
1504 1740 1687 1809 hospes
1725 1739 1849 1810 ﬁliis
1891 1738 2067 1792 ntatris

475 1853 625 1893 uteie.
652 1835 770 1891 Non
817 1835 1057 1891 scierunt
1098 1833 1242 1890 unde
1281 1834 1405 1897 sint,
1432 1833 1500 1887 de
1541 1831 1735 1908 quibis
1768 1838 1886 1886 erat
1928 1844 2058 1885 caro

471 1943 589 1983 mea
622 1945 636 1983 :
667 1922 774 1982 non
803 1940 890 1982 me
927 1925 1170 1981 sciebant
1195 1922 1264 1979 de
1293 1921 1499 1979 femore
1529 1919 1797 1976 Abraham
1841 1929 2055 1983 natum;

473 2020 615 2076 unde
632 2033 761 2075 caro
787 2033 906 2074 mea
932 2017 1145 2073 occulta
1172 2023 1312 2079 erat,
1337 2013 1550 2086 quando
1580 2014 1681 2069 sub
1709 2014 1828 2084 ipso
1855 2012 2063 2068 femore

473 2126 689 2167 manum
719 2123 911 2165 servus
946 2122 1171 2179 ponens,
1194 2106 1392 2177 juravit
1423 2120 1519 2175 per
1553 2105 1720 2160 Deum
1765 2104 1886 2160 εαξΙί
1910 2102 2063 2171 (Gen.

473 2221 622 2269 xxiv,
652 2202 731 2275 9).
762 2201 966 2273 Hospes
1011 2201 1175 2272 {actus
1199 2217 1313 2256 sum
1340 2199 1464 2268 ﬁliis
1500 2199 1677 2254 matris
1702 2213 1848 2253 mete.
1887 2196 2065 2266 Quare

473 2298 611 2354 hoc?
638 2311 804 2367 quare
820 2310 925 2350 non
939 2291 1313 2364 agnoverunt?
1331 2281 1496 2361 quare
1515 2289 1748 2346 alienum
1778 2284 2066 2346 dixerunt?

472 2404 638 2460 quare
660 2389 774 2443 ausi
805 2396 932 2443 sunt
956 2384 1137 2441 dicere
1166 2400 1180 2438 :
1215 2382 1485 2464 Nescimus
1519 2381 1658 2437 unde
1678 2382 1784 2437 sit!
1811 2380 2066 2449 Quoniam

474 2478 608 2534 telas
632 2477 811 2531 domus
831 2485 934 2543 tua
980 2474 1194 2529 comedit
1221 2490 1300 2527 me
1329 2488 1349 2527 :
1376 2471 1430 2528 id
1467 2482 1572 2537 est,
1600 2472 1725 2542 quia
1752 2481 2065 2542 persecutus

474 2583 589 2623 sum
618 2568 671 2623 iu
714 2567 821 2622 illis
858 2565 1168 2636 iniquitates
1212 2564 1475 2635 ipsorum,
1502 2562 1625 2633 quia
1655 2578 1766 2619 non
1802 2562 2065 2632 patienter

474 2662 570 2717 tuli
595 2675 730 2732 quos
753 2657 1012 2730 corripui.
1053 2657 1177 2729 quia
1206 2656 1429 2760 (χιιιωείνί
1457 2656 1682 2725 gloriam
1711 2662 1855 2712 tuam
1885 2654 1938 2710 in
1969 2653 2067 2708 do-

478 2769 574 2808 mo
614 2762 722 2817 tua,
747 2751 872 2822 quia
922 2748 1192 2820 ﬂagellavi
1228 2744 1294 2803 in
1365 2747 1567 2818 templo
1606 2746 1748 2803 male
1788 2754 2070 2801 versantes

474 2844 653 2917 lJoan.
679 2859 736 2909 ιι,
775 2842 899 2914 15);
926 2840 1019 2897 ubi
1061 2840 1222 2896 etiam
1259 2840 1501 2917 positum
1545 2848 1649 2906 est,
1694 2838 1846 2893 Zelus
1886 2837 2065 2892 domus

474 2916 575 2992 tua
609 2935 826 2990 comedit
872 2951 972 2987 me.
1021 2932 1157 2988 Hinc
1201 2916 1431 3005 alienus,
1475 2929 1603 2984 hinc
1650 2928 1876 3000 hospes;
1916 2928 2064 2996 hinc,

474 3026 746 3083 Nescimus
787 3024 923 3079 unde
958 3024 1043 3079 sit.
1090 3024 1460 3093 Agnoscerent
1488 3020 1628 3075 unde
1663 3019 1786 3081 sim,
1815 3020 1860 3075 si
1902 3035 2067 3089 agno.

471 3126 687 3173 soerent
713 3114 856 3187 quod
883 3111 1171 3168 mandasti.
1200 3111 1257 3167 Si
1286 3110 1431 3169 enim
1459 3110 1753 3164 invenirem
1782 3108 1903 3163 illos
1948 3123 2066 3163 ser-

474 3222 659 3265 vantes
678 3192 926 3264 mandata
952 3215 1062 3273 tua,
1094 3205 1240 3261 zelus
1264 3188 1456 3259 domus
1485 3211 1590 3258 tute
1614 3218 1718 3257 non
1758 3201 2069 3263 comederet

473 3316 582 3356 me.
611 3296 681 3353 Et
734 3295 1011 3369 opprobria
1045 3293 1460 3365 exprobrantium
1489 3291 1579 3346 tibi
1603 3290 1895 3346 ceciderunt
1916 3305 2069 3369 super

472 3407 574 3445 me.
621 3388 736 3445 Hoc
782 3386 1092 3445 testimonio
1135 3400 1267 3441 usus
1309 3395 1392 3439 est
1442 3392 1499 3438 et
1556 3380 1750 3437 Paulos
1795 3380 2069 3451 apostolus

473 3484 637 3554 (lecta
660 3489 745 3539 est
770 3479 932 3539 modo
969 3478 1086 3549 ipsa
1107 3476 1314 3545 lectio),
1342 3486 1397 3531 et
1438 3474 1515 3530 ait
1541 3492 1556 3528 :
1593 3473 1931 3544 Quacumque
1952 3482 2071 3526 ante

472 3574 663 3644 scripta
702 3582 842 3637 sunt,
890 3580 944 3623 ut
988 3586 1080 3623 nos
1114 3566 1410 3622 doceremur
1454 3565 1646 3637 scripta
1692 3574 1847 3630 sunt;
1877 3573 1932 3617 ut
1979 3580 2071 3634 per

471 3663 865 3720 consolationem
892 3660 1281 3731 Scripturarum
1305 3675 1449 3728 spem
1471 3658 1747 3711 habeamus
1768 3656 1947 3728 (Rom.
1970 3672 2065 3723 xv,

473 3753 554 3824 ι).
587 3752 729 3826 Dixit
752 3766 882 3820 ergo
910 3748 1109 3805 Christi
1136 3748 1300 3803 fuisse
1340 3749 1495 3804 istam
1520 3761 1749 3808 vocem:
1781 3744 2071 3818 Opprobrja

484 3843 903 3916 exprobrantium
923 3841 1034 3911 tibi
1070 3840 1360 3896 ceciderunt
1407 3856 1561 3906 super
1586 3855 1684 3893 me.
1714 3837 1913 3906 Quare,
1943 3837 2071 3891 tibi?

472 3936 743 4006 Numquid
790 3934 934 3990 Patri
979 3934 1369 4003 exprobratur,
1416 3940 1471 3988 et
1516 3947 1623 3985 non
1669 3931 1769 4000 ipsi
1821 3931 2071 3987 Christo?

472 4030 671 4098 Quare,
709 4026 985 4097 opprobria
1023 4025 1433 4096 exprobrantium
1473 4023 1563 4076 tibi
1601 4022 1887 4077 ceciderunt
1919 4040 2073 4093 super

473 4120 589 4174 me?
611 4118 745 4187 Quia
777 4117 869 4188 qui
892 4131 977 4171 me
1000 4114 1271 4186 cognovit,
1301 4112 1550 4183 cognovit
1573 4122 1628 4169 et
1652 4112 1864 4168 Patrem
1888 4111 2069 4185 (Joan.

475 4226 591 4277 xiv,
629 4211 729 4279 9):
760 4208 885 4280 quia
917 4223 1076 4263 nemo
1125 4204 1476 4277 exprobravit
1516 4203 1765 4272 Christo,
1812 4204 1914 4260 nisi
1961 4205 2073 4260 Deo

473 4303 808 4375 exprobrans
838 4320 854 4356 :
881 4301 1005 4372 quia
1048 4316 1207 4355 nemo
1251 4300 1483 4354 honorat
1537 4298 1774 4362 Patrem,
1823 4297 1927 4352 nisi
1979 4297 2071 4369 qui

475 4394 705 4449 honorat
720 4400 775 4448 et
795 4390 989 4447 Filium
1003 4389 1116 4461 (ld.
1130 4406 1185 4456 ν,
1205 4390 1323 4461 23).
1347 4375 1636 4460 opprobria
1659 4387 2075 4459 exprobrantium

477 4484 566 4539 tibi
584 4484 869 4539 ceciderunt
894 4498 1048 4552 super
1076 4496 1174 4548 me,
1204 4482 1326 4550 quia
1356 4495 1444 4534 me
1464 4481 1805 4533 invenerunt.

549 4578 635 4631 Η».
670 4575 831 4648 [νει-ε.
859 4572 980 4646 ιι]
1009 4573 1071 4627 Et
1087 4573 1326 4641 cooperui
1342 4572 1394 4625 in
1407 4572 1610 4643 jejunio
1630 4572 1852 4624 animum
1873 4587 2074 4635 meam;

474 4680 524 4723 et
551 4670 742 4737 factum
761 4678 832 4721 est
863 4667 986 4720 mihi
1005 4667 1057 4720 in
1079 4665 1426 4737 opprobrium.
1457 4662 1726 4734 Jejunium
1750 4664 1953 4719 Christi
1974 4666 2075 4734 spi-

477 4760 741 4815 ritualiter
760 4759 870 4828 jam
902 4759 953 4810 in
983 4756 1089 4811 alio
1121 4757 1328 4826 psalmo
1355 4754 1851 4810 eommendavimus
1886 4754 2076 4810 Chari-

478 4853 571 4905 tati
604 4850 806 4905 Vestrae
827 4849 922 4920 (α).
957 4848 1227 4918 Jejuuium
1255 4846 1424 4917 ipsius
1451 4856 1598 4911 erat,
1626 4846 1842 4916 quando
1863 4846 2076 4902 defece-

476 4952 603 4998 runt
640 4958 831 4998 omnes
870 4941 961 5011 qui
990 4942 1043 4994 iu
1072 4955 1197 4995 eum
1226 4937 1600 5001 crediderant;
1639 4938 1762 5008 quia
1788 4945 1843 4992 et
1869 4937 2076 4994 esuries

475 5036 645 5105 ipsius
672 5043 787 5089 erat
812 5042 872 5085 ut
908 5034 961 5086 iu
998 5046 1121 5085 eum
1147 5029 1493 5084 crederetur:
1523 5028 1647 5098 quia
1685 5038 1740 5082 et
1764 5028 1881 5082 sitis
1908 5028 2076 5097 ipsius

475 5135 614 5190 erat,
655 5123 869 5195 quando
890 5122 1024 5177 dixit
1054 5120 1287 5185 mulieri,
1322 5118 1477 5184 Sitio,
1504 5118 1572 5171 da
1598 5118 1720 5172 mihi
1746 5118 1908 5172 bibere
1944 5119 1962 5185 (
1985 5115 2072 5170 ld.

475 5232 557 5281 tv,
590 5217 621 5269 7
639 5217 695 5287 );
736 5216 894 5269 tidem
915 5214 1109 5283 quippe
1137 5211 1303 5281 ipsius
1322 5210 1552 5265 sitiebat.
1584 5210 1652 5265 Et
1678 5206 1746 5263 de
1766 5224 1925 5264 cruce
1950 5225 2075 5264 cum

477 5311 712 5372 diceret,
748 5306 883 5362 Sitio
903 5305 921 5373 (
942 5304 1027 5358 Id.
1056 5318 1171 5367 xix,
1199 5302 1324 5370 28),
1353 5300 1513 5357 ﬁdem
1535 5301 1749 5355 illorum
1779 5300 2073 5369 quzerebat,

418 5431 423 5436 -
483 5414 582 5471 pro
605 5398 798 5467 quibus
821 5396 1032 5451 dixerat
1060 5407 1073 5446 :
1109 5393 1265 5446 Pater
1285 5433 1301 5458 ,
1326 5393 1531 5463 ignosce
1550 5389 1677 5457 illis,
1704 5406 1823 5461 quia
1849 5392 2076 5444 nesciunt

481 5488 602 5558 quid
623 5487 820 5558 faciunt
846 5485 1015 5555 (Luc.
1044 5499 1180 5538 χχιιι
1207 5525 1220 5546 ,
1262 5481 1392 5553 54).
1418 5480 1523 5536 Sed
1567 5479 1637 5533 illi
1667 5480 1913 5533 homines
1950 5480 2076 5550 quid

478 5576 1076 5648 propinaruntsitienti?
1105 5578 1349 5630 Acetum.
1366 5577 1587 5629 Acetum
1611 5575 1772 5628 etiam
1793 5575 1809 5604 ⁸
1831 5585 1979 5627 vetus
1996 5574 2077 5626 di-

478 5674 637 5727 citur.
664 5671 855 5727 Merito
882 5671 950 5724 de
977 5677 1152 5723 vetere
1174 5667 1391 5721 homine
1415 5665 1783 5733 propinaruut,
1806 5665 1926 5737 quia
1953 5662 2076 5719 novi
2110 5740 2117 5744 ἢ

544 5847 561 5877 ι
596 5848 669 5893 Sic
690 5851 793 5894 Mss.
817 5826 1073 5891 πτωχοί-ὸς
1091 5846 1283 5890 Acetum
1304 5837 1433 5888 enim
1455 5839 1613 5888 tinum
1638 5844 1765 5888 cetus
1784 5836 1979 5889 dicitur.

556 5907 631 5968 (α)
655 5919 819 5969 supra,
846 5910 893 5954 in
1082 5901 1203 5952 t‘sal.
1232 5915 1402 5962 κχιιῆ
1426 5915 1575 5951 scrin.
1598 5903 1649 5962 2,
1671 5914 1719 5949 ιι.
1744 5900 1791 5949 4.

1664 508 1667 509 ί
1706 438 1765 496 s.
1808 418 2177 496 AUGUSTI-Nl
2218 438 2522 497 EPISCOPI

3663 446 3760 502 85‘!

2176 566 2297 607 casse
2333 553 2637 608 uoluerunt.
2672 553 2849 620 Quare
2877 555 2999 611 novi
3029 569 3150 611 esse
3178 556 3459 611 uoluerunt
3478 558 3504 609 ἒ
3530 559 3662 625 Quia
3686 564 3748 616 ad

2175 642 2383 696 titulum
2402 643 2592 713 psalmi
2611 643 2766 713 hujus
2787 643 2874 699 ubi
2892 645 3148 716 scriptum
3178 656 3281 712 est,
3309 648 3413 702 Pro
3432 650 3495 704 iis
3513 653 3603 720 qui
3624 668 3753 705 eom-

2174 734 2528 803 mutcbuntur,
2570 752 2675 791 non
2714 737 3105 809 pertinuerunt.
3136 739 3312 810 Ergo,
3343 744 3519 811 operui
3539 740 3592 797 in
3625 745 3758 815 jeju-

2175 825 2260 879 nio
2282 828 2506 881 animam
2532 845 2713 883 meam.
2748 830 2983 901 Denique
3013 834 3213 902 respuit
3240 835 3402 889 etiam
3430 834 3499 889 l'cl
3523 837 3662 905 quod
3687 836 3754 890 illi

2174 919 2483 974 obtulerunt
2508 920 2783 997 :jcjunarc
2819 922 3009 993 elegit,
3036 939 3193 993 quam
3224 926 3631 981 amaritudinem
3672 916 3753 983 ac-

2174 1010 2374 1080 cipere.
2404 1011 2518 1066 Non
2550 1013 2692 1068 enim
2720 1012 2920 1069 intrant
2942 1016 2994 1070 in
3025 1032 3218 1086 corpus
3238 1016 3356 1087 ejus
3382 1020 3749 1082 amaricantcs.

2173 1101 2241 1156 de
2264 1101 2457 1172 quibus
2481 1103 2587 1158 alio
2612 1104 2731 1159 loco
2758 1105 2994 1175 psalmus
3018 1108 3178 1163 dicit:
3201 1109 3302 1174 Qui
3327 1111 3626 1173 amaricuut,
3659 1128 3752 1164 non

2174 1193 2458 1248 excitentur
2485 1195 2537 1249 in
2556 1198 2834 1267 semetipsis
2865 1196 2885 1271 (
2910 1196 3053 1253 Psal.
3087 1216 3189 1254 va
3208 1240 3224 1266 ,
3260 1201 3287 1254 7
3310 1201 3352 1273 ).
3383 1201 3555 1272 Ergo,
3584 1206 3751 1272 operui

2172 1282 2227 1359 in
2238 1284 2441 1356 jejunio
2460 1286 2684 1341 animum
2708 1304 2907 1356 meam;
2927 1298 2973 1342 et
3004 1288 3197 1358 factum
3238 1300 3309 1344 esl
3338 1291 3461 1345 mihi
3490 1293 3542 1345 in
3574 1310 3753 1362 appro-

2174 1374 2357 1428 brium.
2376 1374 2488 1431 Hoc
2504 1376 2674 1447 ipsum
2699 1377 2827 1431 mihi
2846 1378 2897 1432 iu
2914 1379 3265 1450 opprobriqu
3292 1379 3483 1435 factum
3507 1391 3619 1448 est,
3636 1382 3752 1451 quia

2174 1480 2280 1518 non
2310 1465 2412 1520 illis
2435 1467 2683 1522 consensi
2702 1508 2717 1533 ,
2745 1466 2848 1522 hoc
2864 1477 2980 1536 est,
3007 1468 3076 1523 ab
3096 1468 3199 1524 illis
3213 1468 3465 1540 jejuuavi.
3491 1469 3590 1537 Qui
3616 1472 3752 1525 enim

2174 1560 2279 1608 non
2310 1557 2577 1611 consentit
2604 1556 2743 1611 male
2777 1557 3123 1612 suadentibus
3142 1600 3158 1624 ,
3183 1558 3389 1629 jejunat
3421 1560 3489 1615 ab
3518 1561 3673 1630 ipsis;
3702 1570 3754 1615 et

2174 1661 2269 1714 per
2304 1645 2408 1701 ltoc
2423 1647 2683 1717 jejunium
2732 1659 2967 1704 meretur
3007 1649 3390 1719 opprobrium,
3434 1659 3490 1704 ut
3538 1650 3658 1706 ideo
3683 1647 3762 1705 illi

2172 1738 2455 1795 iusultetur
2477 1780 2492 1801 .
2518 1741 2640 1811 quia
2670 1757 2775 1796 non
2805 1742 3073 1797 consentit
3097 1742 3163 1796 ad
3195 1742 3411 1797 malum.

2230 1830 2294 1886 15
2338 1827 2488 1903 [κη.
2510 1829 2620 1905 ιλ]
2638 1830 2703 1885 Et
2719 1834 2866 1904 posui
2877 1833 3215 1888 uestimentum
3232 1849 3395 1886 meum
3406 1849 3627 1887 saccum.
3641 1831 3754 1887 Jam

2169 1932 2226 1978 et
2253 1924 2319 1978 de
2343 1939 2502 1979 sacco
2540 1925 2738 1995 aliquid
2767 1924 3001 1980 diximus
3030 1924 3130 1996 (a),
3157 1926 3297 1983 unde
3334 1924 3463 1980 illud
3494 1934 3577 1981 est
3596 1966 3611 1989 ,
3649 1924 3756 1996 Ego

2171 2025 2337 2069 autem
2360 2031 2475 2069 cum
2500 2016 2624 2070 mihi
2648 2015 2842 2071 molesti
2867 2025 3029 2071 essent
3049 2056 3066 2084 ,
3091 2014 3360 2070 induebam
3384 2032 3461 2069 me
3484 2016 3649 2069 cilicio
3666 2057 3681 2079 ,
3710 2026 3756 2070 et

2170 2107 2501 2163 humiliabam
2537 2108 2591 2163 in
2605 2109 2812 2181 jejunio
2835 2110 3061 2170 animam
3094 2120 3275 2163 meam.
3311 2107 3471 2163 Posui
3498 2110 3757 2163 uestimen-

2171 2209 2278 2254 tum
2306 2216 2473 2254 nteum
2498 2215 2703 2254 saccum
2729 2218 2750 2256 :
2775 2199 2828 2255 id
2857 2209 2960 2264 est,
2991 2200 3214 2271 opposui
3238 2199 3371 2265 illis,
3404 2200 3455 2253 in
3478 2217 3633 2270 quam
3656 2216 3754 2253 sa:—

2156 2293 2381 2359 virent,
2409 2307 2627 2349 carnem
2654 2307 2862 2357 meam;
2908 2292 3170 2348 occultavi
3198 2292 3529 2348 divinitatem
3560 2309 3753 2347 meam.

2172 2386 2428 2450 Saccum,
2472 2383 2596 2454 quia
2625 2384 2865 2440 mortalis
2893 2398 3018 2438 caro
3043 2392 3158 2438 erat
3179 2424 3193 2447 ,
3218 2392 3275 2437 ut
3299 2383 3366 2437 de
3394 2393 3610 2453 peccato
3624 2400 3753 2437 cou-

2169 2475 2450 2551 dcmnarct
2473 2486 2747 2546 peccatum
2780 2476 2831 2529 in
2860 2491 3021 2532 carne
3058 2474 3249 2556 (Rom.
3277 2492 3369 2531 vm
3388 2518 3405 2543 ,
3436 2477 3524 2546 3).
3558 2475 3624 2529 Et
3650 2470 3756 2546 po-

2168 2567 2247 2623 sui
2273 2569 2613 2623 vestitttmtunt
2644 2585 2809 2624 meum
2835 2584 3075 2633 caecum;
3115 2576 3163 2623 et
3198 2567 3367 2638 [actus
3412 2585 3524 2624 sum
3556 2567 3661 2622 illis
3702 2569 3755 2624 in

2170 2662 2501 2732 parabolam;
2542 2660 2594 2717 id
2633 2671 2716 2716 est
2758 2661 2809 2715 in
2857 2660 3180 2716 irrisionem’.
3227 2658 3485 2715 Parabola
3527 2658 3754 2722 dicitur,

2168 2747 2382 2824 quando
2424 2752 2583 2807 datur
2623 2750 2917 2807 similitudo
2956 2750 3027 2806 de
3056 2750 3274 2822 aliquo,
3312 2750 3527 2821 quando
3554 2750 3623 2806 de
3668 2751 3756 2803 illo

2169 2842 2309 2898 male
2333 2842 2549 2898 dicitur.
2579 2842 2667 2898 Sic
2702 2842 2791 2898 ille
2813 2882 2829 2905 ,
2857 2841 3007 2897 verbi
3030 2842 3196 2915 gratia
3218 2884 3235 2909 ,
3276 2849 3463 2912 pereat
3487 2842 3756 2912 quomodo

2169 2933 2281 3001 ille,
2303 2935 2552 3006 parabola
2574 2944 2695 3001 est;
2724 2934 2776 2990 id
2794 2944 2877 2990 est
2895 2935 3223 3004 comparatio
3243 2946 3299 2989 et
3321 2934 3616 2989 similitudo
3646 2949 3759 2990 ma-

2170 3024 2370 3082 ledicti.
2400 3024 2593 3080 Factus
2619 3040 2748 3096 ergo
2773 3042 2885 3080 sum
2911 3025 3015 3080 illis
3042 3024 3096 3080 in
3124 3024 3437 3097 parabolam.

2241 3119 2332 3174 '16.
2372 3116 2531 3191 [oers.
2563 3117 2687 3192 15.]
2712 3120 2965 3173 Adversus
2984 3136 3062 3174 me
3084 3119 3395 3174 insultabant
3418 3120 3503 3193 qui
3523 3119 3760 3173 sedebant

2168 3210 2223 3264 in
2252 3220 2427 3281 porta.
2450 3208 2519 3264 In
2543 3219 2719 3280 porta,
2753 3208 2882 3265 nihil
2910 3209 3056 3264 aliud
3082 3224 3239 3282 quam
3269 3209 3321 3264 in
3351 3209 3581 3281 publico.
3610 3209 3678 3265 Et
3704 3211 3758 3265 in

2170 3317 2252 3355 me
2275 3299 2556 3369 psallebant
2575 3292 2663 3371 qui
2687 3298 2915 3355 bibebant
2939 3301 3128 3355 uinum.
3159 3299 3359 3355 Putatis
3386 3301 3517 3367 hoc,
3542 3300 3761 3367 fratres,

2171 3390 2385 3447 Christo
2410 3390 2776 3446 tantummodo
2795 3391 3080 3463 contigisse
3097 3391 3123 3445 ?
3147 3391 3393 3460 Quotidie
3416 3392 3487 3446 illi
3509 3391 3565 3447 in
3587 3409 3760 3449 tuem-

2125 3483 2284 3539 Obris
2310 3483 2427 3554 ejus
2456 3485 2716 3555 contingit
2743 3502 2756 3537 :
2784 3484 2996 3555 quando
3026 3487 3163 3540 forte
3188 3500 3412 3540 necesse
3456 3486 3560 3540 erit
3601 3500 3759 3540 servo

2174 3576 2269 3630 Dei
2314 3573 2601 3645 prohibere
2647 3575 2938 3632 ebrietates
2978 3585 3033 3631 et
3078 3576 3314 3631 luxurias
3350 3576 3402 3631 in
3446 3578 3625 3647 aliquo
3674 3579 3761 3632 vel

2171 3665 2339 3721 fundo
2385 3665 2470 3721 vel
2512 3666 2744 3737 oppido,
2791 3664 2881 3723 ubi
2913 3682 3018 3722 non
3060 3668 3297 3722 auditum
3346 3667 3506 3725 fuerit
3533 3670 3761 3723 verbum

2173 3758 2300 3834 Dei,
2332 3773 2521 3828 parum
2546 3767 2629 3813 est
2656 3759 2780 3828 quia
2808 3767 3053 3824 cantant,
3083 3758 3301 3829 insuper
3320 3768 3374 3815 et
3402 3760 3455 3814 in
3480 3759 3654 3830 ipsum
3677 3761 3763 3815 in-

2173 3848 2378 3919 cipiunt
2399 3858 2653 3917 cantare,
2681 3864 2710 3903 a
2736 3865 2843 3920 quo
2872 3849 3219 3921 prohibentur
3242 3859 3477 3905 cantare.
3523 3850 3757 3922 Conmu-

2174 3948 2289 3993 rate
2315 3954 2457 3995 nunc
2485 3939 2629 3994 illius
2647 3939 2906 4010 jejunium
2925 3981 2942 4007 ,
2970 3949 3026 3995 et
3051 3940 3263 3996 illorum
3279 3941 3489 3995 vinum.
3518 3940 3581 3995 Et
3605 3942 3658 3995 in
3679 3959 3763 3997 me

2176 4028 2459 4099 psallebant
2501 4030 2591 4101 qui
2627 4030 2858 4089 bibebant
2882 4031 3052 4085 vinum
3075 4047 3094 4086 :
3114 4032 3291 4086 vinum
3319 4033 3519 4088 erroris
3539 4076 3555 4101 ,
3580 4035 3767 4089 viuum

2176 4119 2467 4189 impietatis
2482 4159 2501 4187 ,
2530 4120 2713 4174 vinum
2750 4120 3039 4190 superbizn.
3302 4182 3303 4185 η

2249 4213 2337 4269 17.
2366 4210 2532 4284 [νινε.
2566 4209 2691 4286 14.]
2718 4212 2830 4284 Ego
2853 4223 3020 4267 autent
3040 4214 3266 4269 oratione
3284 4231 3393 4269 utea
3416 4215 3440 4281 γ’
3466 4216 3536 4268 ad
3559 4225 3625 4281 te,
3652 4213 3769 4269 Do-

2176 4308 2332 4362 mine.
2362 4306 2478 4378 Ego
2512 4313 2690 4361 autem
2714 4307 2784 4361 ad
2819 4316 2870 4363 te
2905 4321 3073 4379 eram.
3115 4306 3219 4363 Sed
3258 4307 3559 4377 quomodo?
3598 4307 3680 4363 Ad
3708 4316 3764 4363 te

2178 4400 2405 4456 orando.
2435 4399 2661 4468 Quando
2689 4400 2832 4455 enim
2864 4400 3201 4456 malediccris
3224 4442 3239 4467 ,
3271 4410 3327 4457 ct
3351 4399 3476 4472 quid
3503 4416 3631 4469 agas
3662 4417 3775 4457 non

2180 4493 2376 4557 habes;
2410 4490 2621 4562 quando
2650 4491 2745 4547 tibi
2777 4492 3045 4562 jactentur
3067 4491 3376 4562 opprobria,
3404 4499 3461 4546 et
3500 4493 3777 4563 quomodo

2179 4586 2416 4654 corrigas
2439 4600 2562 4640 eum
2598 4579 2637 4638 ἰι
2674 4600 2782 4655 quo
2804 4583 3075 4653 jactautur
3107 4601 3212 4639 non
3244 4584 3479 4650 invenis,
3512 4584 3645 4639 nihil
3679 4582 3775 4638 tibi

2181 4684 2350 4732 restat
2388 4676 2489 4730 nisi
2528 4691 2703 4731 orare.
2748 4674 2855 4731 Sed
2891 4686 3161 4755 memento
3199 4683 3256 4730 et
3292 4690 3388 4745 pro
3431 4675 3548 4745 ipso
3592 4692 3775 4737 orare.

2180 4769 2296 4843 Ego
2317 4781 2485 4825 autem
2509 4772 2737 4824 oratione
2756 4754 2960 4824 metiad
2987 4780 3035 4825 te
3053 4812 3067 4834 ,
3109 4754 3345 4824 Domine.
3372 4769 3595 4840 Tempus
3624 4770 3781 4838 bene-

2182 4864 2380 4934 placiti,
2412 4861 2567 4916 Deus.
2600 4860 2743 4917 Ecce
2769 4861 2913 4917 enim
2964 4863 3221 4932 sepelitur
3238 4877 3492 4932 granum;
3520 4874 3785 4934 exsurget

2184 4952 2405 5008 fruente.
2440 4950 2660 5023 Tempus
2684 4952 3007 5024 beneplacili,
3032 4952 3193 5006 Deus.
3226 4952 3301 5007 De
3326 4951 3430 5007 hoc
3454 4960 3701 5024 tempore
3726 4963 3787 5011 et

2184 5046 2466 5115 Proliheta:
2516 5045 2768 5116 dixerunt
2812 5044 2956 5116 quod
3007 5053 3394 5100 commemorat
3446 5045 3782 5113 Apostolus:

2182 5137 2319 5192 Ecce
2343 5155 2477 5193 nunc
2501 5149 2696 5209 tempus
2735 5135 3073 5207 ncceptabile.
3119 5154 3230 5191 ecce
3274 5153 3409 5191 nunc
3441 5137 3550 5192 dies
3597 5140 3787 5194 stilutis

2183 5230 2251 5304 (11
2274 5231 2394 5287 Cor.
2427 5248 2479 5288 vt
2501 5273 2516 5296 ,
2545 5230 2635 5301 9.).
2668 5229 2888 5301 Tempus
2907 5229 3231 5301 beneplaciti,
3263 5228 3419 5283 Deus.
3454 5228 3514 5283 In
3544 5231 3785 5285 multitu-

2182 5322 2356 5376 tudine
2383 5322 2740 5377 misericordia:
2778 5332 2896 5375 tute.
2930 5320 3041 5375 lloc
3060 5327 3146 5375 est
3174 5329 3382 5390 tempus
3411 5320 3742 5392 beneplaciti
3769 5364 3786 5389 ,

2186 5410 2253 5465 In
2281 5412 2603 5466 multitudine
2644 5409 3000 5466 misericordia:
3032 5420 3152 5464 tute.
3200 5408 3333 5465 Nam
3379 5426 3426 5464 st
3477 5426 3586 5466 non
3633 5422 3787 5467 esset

2185 5504 2470 5559 multitudo
2506 5504 2891 5562 misericordia:
2917 5516 3051 5570 tute,
3091 5502 3219 5574 quid
3260 5519 3359 5559 nos
3386 5502 3690 5560 faceremus
3714 5503 3787 5559 de

2249 5708 2266 5738 ί
2302 5704 2613 5765 Edd.,oratio
2634 5717 2756 5755 mea.
2802 5710 2859 5753 Al.
2894 5704 3113 5765 potiores
3141 5708 3249 5752 Mss.
3288 5702 3429 5762 juxta
3468 5709 3620 5753 Grec.
3649 5709 3795 5765 LXX,

2183 5766 2397 5839 oratione
2552 5778 2571 5815 :
2594 5766 2679 5816 ubi
2701 5763 3185 5829 subintelligendum,
3208 5775 3345 5814 erant
3363 5777 3381 5826 ;
3402 5767 3545 5816 sicuti
3568 5778 3685 5815 mox
3704 5763 3790 5814 do

2183 5838 2267 5878 cet
2288 5838 2594 5889 angustiam.

2253 5890 2326 5953 (ει)
2349 5897 2487 5941 ﬁnal.
2512 5891 2562 5941 in
2584 5888 2704 5940 Psal.
2726 5895 2918 5953 xxxiv.
2934 5899 3083 5941 serui.
3108 5888 3159 5951 9,
3182 5902 3228 5938 ιι.
3256 5890 3305 5940 3.
