  <div class='ocr_page' id='page_1' title='image "/cluster/home/n/w/nwhite01/storage/ocr_20150623/36/umn.319510024773307/436.png"; bbox 0 0 3934 6364; ppageno 0'>
   <div class='ocr_carea' id='block_1_1' title="bbox 156 405 258 461">
    <p class='ocr_par' dir='ltr' id='par_1_1' title="bbox 156 405 258 461">
     <span class='ocr_line' id='line_1_1' title="bbox 156 405 258 461; baseline 0 -2"><span class='ocrx_word' id='word_1_1' title='bbox 156 405 258 461; x_wconf 71' lang='lat'><strong>853</strong></span> 
     </span>
    </p>
   </div>
   <div class='ocr_carea' id='block_1_2' title="bbox 157 505 1756 582">
    <p class='ocr_par' dir='ltr' id='par_1_2' title="bbox 157 505 1756 582">
     <span class='ocr_line' id='line_1_2' title="bbox 157 505 1756 582; baseline -0.01 -8"><span class='ocrx_word' id='word_1_2' title='bbox 157 515 501 574; x_wconf 78' lang='lat' dir='ltr'><strong>multitudine</strong></span> <span class='ocrx_word' id='word_1_3' title='bbox 524 512 820 582; x_wconf 66' lang='lat' dir='ltr'><strong>iniquitatis</strong></span> <span class='ocrx_word' id='word_1_4' title='bbox 855 512 1090 567; x_wconf 67' lang='lat' dir='ltr'><strong>nostrae?</strong></span> <span class='ocrx_word' id='word_1_5' title='bbox 1119 509 1184 564; x_wconf 84' lang='lat' dir='ltr'><strong>In</strong></span> <span class='ocrx_word' id='word_1_6' title='bbox 1214 509 1536 563; x_wconf 83' lang='lat' dir='ltr'><strong>multitudine</strong></span> <span class='ocrx_word' id='word_1_7' title='bbox 1559 505 1756 560; x_wconf 84' lang='lat' dir='ltr'><strong>miseri-</strong></span> 
     </span>
    </p>
   </div>
   <div class='ocr_carea' id='block_1_3' title="bbox 162 588 1754 665">
    <p class='ocr_par' dir='ltr' id='par_1_3' title="bbox 162 588 1754 665">
     <span class='ocr_line' id='line_1_3' title="bbox 162 588 1754 665; baseline -0.011 0"><span class='ocrx_word' id='word_1_8' title='bbox 162 611 349 665; x_wconf 72' lang='lat' dir='ltr'><strong>cordia:</strong></span> <span class='ocrx_word' id='word_1_9' title='bbox 371 620 490 664; x_wconf 78' lang='lat' dir='ltr'><strong>tute.</strong></span> <span class='ocrx_word' id='word_1_10' title='bbox 521 605 725 661; x_wconf 71' lang='lat' dir='ltr'><strong>Exaudi</strong></span> <span class='ocrx_word' id='word_1_11' title='bbox 748 621 827 657; x_wconf 86' lang='lat' dir='ltr'><strong>me</strong></span> <span class='ocrx_word' id='word_1_12' title='bbox 845 605 896 657; x_wconf 92' lang='lat' dir='ltr'><strong>in</strong></span> <span class='ocrx_word' id='word_1_13' title='bbox 928 603 1131 657; x_wconf 81' lang='lat' dir='ltr'><strong>veritate</strong></span> <span class='ocrx_word' id='word_1_14' title='bbox 1153 600 1331 654; x_wconf 86' lang='lat' dir='ltr'><strong>salutis</strong></span> <span class='ocrx_word' id='word_1_15' title='bbox 1365 607 1484 652; x_wconf 71' lang='lat' dir='ltr'><strong>tute.</strong></span> <span class='ocrx_word' id='word_1_16' title='bbox 1508 596 1641 665; x_wconf 82' lang='lat' dir='ltr'><strong>Quia</strong></span> <span class='ocrx_word' id='word_1_17' title='bbox 1670 588 1754 648; x_wconf 82' lang='lat' dir='ltr'><strong>di-</strong></span> 
     </span>
    </p>
   </div>
   <div class='ocr_carea' id='block_1_4' title="bbox 161 688 1756 768">
    <p class='ocr_par' dir='ltr' id='par_1_4' title="bbox 161 688 1756 768">
     <span class='ocr_line' id='line_1_4' title="bbox 161 688 1756 768; baseline -0.011 -10"><span class='ocrx_word' id='word_1_18' title='bbox 161 707 268 768; x_wconf 72' lang='lat' dir='ltr'><strong>xit,</strong></span> <span class='ocrx_word' id='word_1_19' title='bbox 306 702 665 758; x_wconf 70' lang='lat' dir='ltr'><strong>misericordia</strong></span> <span class='ocrx_word' id='word_1_20' title='bbox 706 710 837 761; x_wconf 66' lang='lat' dir='ltr'><strong>tuae,</strong></span> <span class='ocrx_word' id='word_1_21' title='bbox 867 695 1149 765; x_wconf 73' lang='lat' dir='ltr'><strong>subiunxit</strong></span> <span class='ocrx_word' id='word_1_22' title='bbox 1185 704 1239 749; x_wconf 90' lang='lat' dir='ltr'><strong>et</strong></span> <span class='ocrx_word' id='word_1_23' title='bbox 1281 693 1590 753; x_wconf 72' lang='lat' dir='ltr'><strong>veritatem;</strong></span> <span class='ocrx_word' id='word_1_24' title='bbox 1633 688 1756 757; x_wconf 86' lang='lat' dir='ltr'><strong>quia</strong></span> 
     </span>
    </p>
   </div>
   <div class='ocr_carea' id='block_1_5' title="bbox 161 774 1755 852">
    <p class='ocr_par' dir='ltr' id='par_1_5' title="bbox 161 774 1755 852">
     <span class='ocr_line' id='line_1_5' title="bbox 161 774 1755 852; baseline -0.009 -1"><span class='ocrx_word' id='word_1_25' title='bbox 161 794 529 852; x_wconf 76' lang='lat' dir='ltr'><strong>misericordia</strong></span> <span class='ocrx_word' id='word_1_26' title='bbox 558 803 613 848; x_wconf 89' lang='lat' dir='ltr'><strong>et</strong></span> <span class='ocrx_word' id='word_1_27' title='bbox 642 794 838 847; x_wconf 86' lang='lat' dir='ltr'><strong>veritas</strong></span> <span class='ocrx_word' id='word_1_28' title='bbox 866 774 1144 844; x_wconf 79' lang='lat' dir='ltr'><strong>universa:</strong></span> <span class='ocrx_word' id='word_1_29' title='bbox 1188 788 1285 840; x_wconf 76' lang='lat' dir='ltr'><strong>viro</strong></span> <span class='ocrx_word' id='word_1_30' title='bbox 1318 784 1526 838; x_wconf 89' lang='lat' dir='ltr'><strong>Domini</strong></span> <span class='ocrx_word' id='word_1_31' title='bbox 1562 784 1581 851; x_wconf 93' lang='lat'><strong>(</strong></span> <span class='ocrx_word' id='word_1_32' title='bbox 1611 780 1755 836; x_wconf 78' lang='lat' dir='ltr'><strong>Psal.</strong></span> 
     </span>
    </p>
   </div>
   <div class='ocr_carea' id='block_1_6' title="bbox 162 874 1755 955">
    <p class='ocr_par' dir='ltr' id='par_1_6' title="bbox 162 874 1755 955">
     <span class='ocr_line' id='line_1_6' title="bbox 162 874 1755 955; baseline -0.01 -14"><span class='ocrx_word' id='word_1_33' title='bbox 162 902 315 952; x_wconf 73' lang='lat' dir='ltr'><strong>xstv,</strong></span> <span class='ocrx_word' id='word_1_34' title='bbox 347 885 417 941; x_wconf 80' lang='grc'>10</span> <span class='ocrx_word' id='word_1_35' title='bbox 436 884 479 955; x_wconf 90' lang='grc'><strong>).</strong></span> <span class='ocrx_word' id='word_1_36' title='bbox 517 884 694 951; x_wconf 85' lang='lat' dir='ltr'><strong>Quare</strong></span> <span class='ocrx_word' id='word_1_37' title='bbox 719 880 1121 936; x_wconf 75' lang='lat' dir='ltr'><strong>misericordia?</strong></span> <span class='ocrx_word' id='word_1_38' title='bbox 1168 874 1487 931; x_wconf 84' lang='lat' dir='ltr'><strong>Dimittendo</strong></span> <span class='ocrx_word' id='word_1_39' title='bbox 1514 881 1755 943; x_wconf 86' lang='lat' dir='ltr'><strong>peccata.</strong></span> 
     </span>
    </p>
   </div>
   <div class='ocr_carea' id='block_1_7' title="bbox 161 964 1757 1045">
    <p class='ocr_par' dir='ltr' id='par_1_7' title="bbox 161 964 1757 1045">
     <span class='ocr_line' id='line_1_7' title="bbox 161 964 1757 1045; baseline -0.008 -15"><span class='ocrx_word' id='word_1_40' title='bbox 161 978 344 1045; x_wconf 81' lang='lat' dir='ltr'><strong>Quare</strong></span> <span class='ocrx_word' id='word_1_41' title='bbox 385 975 624 1032; x_wconf 80' lang='lat' dir='ltr'><strong>veritas?</strong></span> <span class='ocrx_word' id='word_1_42' title='bbox 653 971 948 1030; x_wconf 77' lang='lat' dir='ltr'><strong>Reddenda</strong></span> <span class='ocrx_word' id='word_1_43' title='bbox 991 969 1275 1041; x_wconf 80' lang='lat' dir='ltr'><strong>promissa.</strong></span> <span class='ocrx_word' id='word_1_44' title='bbox 1326 965 1533 1043; x_wconf 65' lang='lat' dir='ltr'><strong>Exaudi</strong></span> <span class='ocrx_word' id='word_1_45' title='bbox 1577 980 1657 1017; x_wconf 85' lang='lat' dir='ltr'><strong>me</strong></span> <span class='ocrx_word' id='word_1_46' title='bbox 1702 964 1757 1017; x_wconf 76' lang='lat' dir='ltr'><strong>iis</strong></span> 
     </span>
    </p>
   </div>
   <div class='ocr_carea' id='block_1_8' title="bbox 155 1068 722 1123">
    <p class='ocr_par' dir='ltr' id='par_1_8' title="bbox 155 1068 722 1123">
     <span class='ocr_line' id='line_1_8' title="bbox 155 1068 722 1123; baseline -0.004 0"><span class='ocrx_word' id='word_1_47' title='bbox 155 1068 370 1123; x_wconf 69' lang='lat' dir='ltr'><strong>veritate</strong></span> <span class='ocrx_word' id='word_1_48' title='bbox 396 1068 572 1123; x_wconf 82' lang='lat' dir='ltr'><strong>salutis</strong></span> <span class='ocrx_word' id='word_1_49' title='bbox 600 1076 722 1121; x_wconf 79' lang='lat' dir='ltr'><strong>tute.</strong></span> 
     </span>
    </p>
   </div>
   <div class='ocr_carea' id='block_1_9' title="bbox 160 1148 1755 1231">
    <p class='ocr_par' dir='ltr' id='par_1_9' title="bbox 160 1148 1755 1231">
     <span class='ocr_line' id='line_1_9' title="bbox 160 1148 1755 1231; baseline -0.009 -15"><span class='ocrx_word' id='word_1_50' title='bbox 160 1202 165 1205; x_wconf 56' lang='grc' dir='ltr'><strong><em>τ</em></strong></span> <span class='ocrx_word' id='word_1_51' title='bbox 239 1159 327 1215; x_wconf 77' lang='grc'><strong>18.</strong></span> <span class='ocrx_word' id='word_1_52' title='bbox 363 1158 529 1231; x_wconf 73' lang='grc' dir='ltr'><strong>[νει-ε.</strong></span> <span class='ocrx_word' id='word_1_53' title='bbox 560 1159 646 1212; x_wconf 78' lang='grc'><strong>15.</strong></span> <span class='ocrx_word' id='word_1_54' title='bbox 669 1156 693 1229; x_wconf 83' lang='grc'><strong>]</strong></span> <span class='ocrx_word' id='word_1_55' title='bbox 719 1155 932 1211; x_wconf 86' lang='lat' dir='ltr'><strong>Salvum</strong></span> <span class='ocrx_word' id='word_1_56' title='bbox 952 1170 1032 1207; x_wconf 87' lang='lat' dir='ltr'><strong>me</strong></span> <span class='ocrx_word' id='word_1_57' title='bbox 1051 1153 1133 1222; x_wconf 92' lang='lat' dir='ltr'><strong>fac</strong></span> <span class='ocrx_word' id='word_1_58' title='bbox 1153 1153 1217 1206; x_wconf 92' lang='lat' dir='ltr'><strong>de</strong></span> <span class='ocrx_word' id='word_1_59' title='bbox 1238 1152 1373 1215; x_wconf 80' lang='lat' dir='ltr'><strong>luto,</strong></span> <span class='ocrx_word' id='word_1_60' title='bbox 1396 1159 1450 1204; x_wconf 90' lang='lat' dir='ltr'><strong>ut</strong></span> <span class='ocrx_word' id='word_1_61' title='bbox 1474 1165 1573 1203; x_wconf 86' lang='lat' dir='ltr'><strong>non</strong></span> <span class='ocrx_word' id='word_1_62' title='bbox 1598 1148 1755 1201; x_wconf 77' lang='lat' dir='ltr'><strong>inlite-</strong></span> 
     </span>
    </p>
   </div>
   <div class='ocr_carea' id='block_1_10' title="bbox 166 1240 1759 1318">
    <p class='ocr_par' dir='ltr' id='par_1_10' title="bbox 166 1240 1759 1318">
     <span class='ocr_line' id='line_1_10' title="bbox 166 1240 1759 1318; baseline -0.009 -12"><span class='ocrx_word' id='word_1_63' title='bbox 166 1268 329 1307; x_wconf 81' lang='lat' dir='ltr'><strong>retms.</strong></span> <span class='ocrx_word' id='word_1_64' title='bbox 362 1252 437 1307; x_wconf 86' lang='lat' dir='ltr'><strong>De</strong></span> <span class='ocrx_word' id='word_1_65' title='bbox 472 1250 561 1304; x_wconf 85' lang='lat' dir='ltr'><strong>illo</strong></span> <span class='ocrx_word' id='word_1_66' title='bbox 584 1249 652 1304; x_wconf 89' lang='lat' dir='ltr'><strong>de</strong></span> <span class='ocrx_word' id='word_1_67' title='bbox 693 1262 802 1318; x_wconf 85' lang='lat' dir='ltr'><strong>quo</strong></span> <span class='ocrx_word' id='word_1_68' title='bbox 834 1262 993 1315; x_wconf 89' lang='lat' dir='ltr'><strong>supra</strong></span> <span class='ocrx_word' id='word_1_69' title='bbox 1022 1246 1229 1303; x_wconf 88' lang='lat' dir='ltr'><strong>dixerat</strong></span> <span class='ocrx_word' id='word_1_70' title='bbox 1270 1260 1285 1297; x_wconf 88' lang='lat'><strong>:</strong></span> <span class='ocrx_word' id='word_1_71' title='bbox 1327 1243 1516 1311; x_wconf 71' lang='lat' dir='ltr'><strong>infixus</strong></span> <span class='ocrx_word' id='word_1_72' title='bbox 1553 1256 1663 1293; x_wconf 89' lang='lat' dir='ltr'><strong>sum</strong></span> <span class='ocrx_word' id='word_1_73' title='bbox 1706 1240 1759 1291; x_wconf 87' lang='lat' dir='ltr'><strong>in</strong></span> 
     </span>
    </p>
   </div>
   <div class='ocr_carea' id='block_1_11' title="bbox 163 1330 1755 1411">
    <p class='ocr_par' dir='ltr' id='par_1_11' title="bbox 163 1330 1755 1411">
     <span class='ocr_line' id='line_1_11' title="bbox 163 1330 1755 1411; baseline -0.008 -15"><span class='ocrx_word' id='word_1_74' title='bbox 163 1343 290 1396; x_wconf 73' lang='lat' dir='ltr'><strong>limo</strong></span> <span class='ocrx_word' id='word_1_75' title='bbox 316 1339 590 1411; x_wconf 76' lang='lat' dir='ltr'><strong>profundi,</strong></span> <span class='ocrx_word' id='word_1_76' title='bbox 617 1348 784 1393; x_wconf 87' lang='lat' dir='ltr'><strong>etnon</strong></span> <span class='ocrx_word' id='word_1_77' title='bbox 804 1346 877 1390; x_wconf 80' lang='lat' dir='ltr'><strong>est</strong></span> <span class='ocrx_word' id='word_1_78' title='bbox 896 1336 1199 1390; x_wconf 71' lang='lat' dir='ltr'><strong>substantia.</strong></span> <span class='ocrx_word' id='word_1_79' title='bbox 1227 1331 1457 1388; x_wconf 84' lang='lat' dir='ltr'><strong>Proinde</strong></span> <span class='ocrx_word' id='word_1_80' title='bbox 1485 1332 1605 1400; x_wconf 88' lang='lat' dir='ltr'><strong>quia</strong></span> <span class='ocrx_word' id='word_1_81' title='bbox 1630 1330 1755 1385; x_wconf 87' lang='lat' dir='ltr'><strong>illud</strong></span> 
     </span>
    </p>
   </div>
   <div class='ocr_carea' id='block_1_12' title="bbox 162 1428 1753 1505">
    <p class='ocr_par' dir='ltr' id='par_1_12' title="bbox 162 1428 1753 1505">
     <span class='ocr_line' id='line_1_12' title="bbox 162 1428 1753 1505; baseline -0.007 -16"><span class='ocrx_word' id='word_1_82' title='bbox 162 1438 469 1505; x_wconf 77' lang='lat' dir='ltr'><strong>expositum</strong></span> <span class='ocrx_word' id='word_1_83' title='bbox 500 1434 633 1488; x_wconf 89' lang='lat' dir='ltr'><strong>bene</strong></span> <span class='ocrx_word' id='word_1_84' title='bbox 656 1433 965 1502; x_wconf 84' lang='lat' dir='ltr'><strong>accepistis,</strong></span> <span class='ocrx_word' id='word_1_85' title='bbox 996 1429 1136 1499; x_wconf 90' lang='lat' dir='ltr'><strong>quod</strong></span> <span class='ocrx_word' id='word_1_86' title='bbox 1168 1428 1254 1483; x_wconf 87' lang='lat' dir='ltr'><strong>hic</strong></span> <span class='ocrx_word' id='word_1_87' title='bbox 1281 1428 1506 1501; x_wconf 87' lang='lat' dir='ltr'><strong>audiatis</strong></span> <span class='ocrx_word' id='word_1_88' title='bbox 1532 1441 1753 1495; x_wconf 81' lang='lat' dir='ltr'><strong>expres-</strong></span> 
     </span>
    </p>
   </div>
   <div class='ocr_carea' id='block_1_13' title="bbox 162 1518 1758 1582">
    <p class='ocr_par' dir='ltr' id='par_1_13' title="bbox 162 1518 1758 1582">
     <span class='ocr_line' id='line_1_13' title="bbox 162 1518 1758 1582; baseline -0.008 -2"><span class='ocrx_word' id='word_1_89' title='bbox 162 1528 279 1580; x_wconf 79' lang='lat' dir='ltr'><strong>sius</strong></span> <span class='ocrx_word' id='word_1_90' title='bbox 299 1542 405 1579; x_wconf 85' lang='lat' dir='ltr'><strong>non</strong></span> <span class='ocrx_word' id='word_1_91' title='bbox 427 1534 527 1579; x_wconf 90' lang='lat' dir='ltr'><strong>cst.</strong></span> <span class='ocrx_word' id='word_1_92' title='bbox 562 1524 694 1577; x_wconf 83' lang='lat' dir='ltr'><strong>llinc</strong></span> <span class='ocrx_word' id='word_1_93' title='bbox 734 1538 794 1578; x_wconf 88' lang='lat' dir='ltr'><strong>se</strong></span> <span class='ocrx_word' id='word_1_94' title='bbox 833 1523 962 1576; x_wconf 82' lang='lat' dir='ltr'><strong>dicit</strong></span> <span class='ocrx_word' id='word_1_95' title='bbox 1004 1520 1336 1575; x_wconf 89' lang='lat' dir='ltr'><strong>liberandum</strong></span> <span class='ocrx_word' id='word_1_96' title='bbox 1359 1560 1372 1582; x_wconf 92' lang='lat'><strong>,</strong></span> <span class='ocrx_word' id='word_1_97' title='bbox 1404 1518 1492 1572; x_wconf 89' lang='lat' dir='ltr'><strong>ubi</strong></span> <span class='ocrx_word' id='word_1_98' title='bbox 1530 1532 1589 1572; x_wconf 88' lang='lat' dir='ltr'><strong>se</strong></span> <span class='ocrx_word' id='word_1_99' title='bbox 1633 1526 1758 1570; x_wconf 86' lang='lat' dir='ltr'><strong>ante</strong></span> 
     </span>
    </p>
   </div>
   <div class='ocr_carea' id='block_1_14' title="bbox 163 1609 1752 1683">
    <p class='ocr_par' dir='ltr' id='par_1_14' title="bbox 163 1609 1752 1683">
     <span class='ocr_line' id='line_1_14' title="bbox 163 1609 1752 1683; baseline -0.006 -15"><span class='ocrx_word' id='word_1_100' title='bbox 163 1617 302 1670; x_wconf 84' lang='lat' dir='ltr'><strong>dixit</strong></span> <span class='ocrx_word' id='word_1_101' title='bbox 318 1617 536 1669; x_wconf 80' lang='lat' dir='ltr'><strong>infixum</strong></span> <span class='ocrx_word' id='word_1_102' title='bbox 562 1631 577 1668; x_wconf 93' lang='lat'><strong>:</strong></span> <span class='ocrx_word' id='word_1_103' title='bbox 600 1614 814 1668; x_wconf 76' lang='lat' dir='ltr'><strong>Salvum</strong></span> <span class='ocrx_word' id='word_1_104' title='bbox 832 1630 910 1667; x_wconf 85' lang='lat' dir='ltr'><strong>me</strong></span> <span class='ocrx_word' id='word_1_105' title='bbox 927 1617 1011 1683; x_wconf 83' lang='lat' dir='ltr'><strong>fac</strong></span> <span class='ocrx_word' id='word_1_106' title='bbox 1032 1613 1093 1665; x_wconf 88' lang='lat' dir='ltr'><strong>de</strong></span> <span class='ocrx_word' id='word_1_107' title='bbox 1112 1612 1239 1673; x_wconf 81' lang='lat' dir='ltr'><strong>luto,</strong></span> <span class='ocrx_word' id='word_1_108' title='bbox 1269 1622 1439 1663; x_wconf 89' lang='lat' dir='ltr'><strong>utnon</strong></span> <span class='ocrx_word' id='word_1_109' title='bbox 1458 1609 1752 1663; x_wconf 74' lang='lat' dir='ltr'><strong>inlta&#39;reum.</strong></span> 
     </span>
    </p>
   </div>
   <div class='ocr_carea' id='block_1_15' title="bbox 166 1699 1756 1779">
    <p class='ocr_par' dir='ltr' id='par_1_15' title="bbox 166 1699 1756 1779">
     <span class='ocr_line' id='line_1_15' title="bbox 166 1699 1756 1779; baseline -0.006 -19"><span class='ocrx_word' id='word_1_110' title='bbox 166 1705 237 1760; x_wconf 81' lang='lat' dir='ltr'><strong>Et</strong></span> <span class='ocrx_word' id='word_1_111' title='bbox 264 1703 483 1774; x_wconf 87' lang='lat' dir='ltr'><strong>exponit</strong></span> <span class='ocrx_word' id='word_1_112' title='bbox 513 1704 613 1758; x_wconf 87' lang='lat' dir='ltr'><strong>hoc</strong></span> <span class='ocrx_word' id='word_1_113' title='bbox 655 1703 811 1772; x_wconf 87' lang='lat' dir='ltr'><strong>ipse:</strong></span> <span class='ocrx_word' id='word_1_114' title='bbox 847 1700 1015 1755; x_wconf 87' lang='lat' dir='ltr'><strong>Eruar</strong></span> <span class='ocrx_word' id='word_1_115' title='bbox 1055 1716 1119 1755; x_wconf 75' lang='lat' dir='ltr'><strong>ea:</strong></span> <span class='ocrx_word' id='word_1_116' title='bbox 1159 1701 1221 1754; x_wconf 87' lang='lat' dir='ltr'><strong>iis</strong></span> <span class='ocrx_word' id='word_1_117' title='bbox 1264 1699 1349 1779; x_wconf 85' lang='lat' dir='ltr'><strong>qui</strong></span> <span class='ocrx_word' id='word_1_118' title='bbox 1400 1699 1617 1752; x_wconf 85' lang='lat' dir='ltr'><strong>oderunt</strong></span> <span class='ocrx_word' id='word_1_119' title='bbox 1658 1715 1756 1751; x_wconf 86' lang='lat' dir='ltr'><strong>me.</strong></span> 
     </span>
    </p>
   </div>
   <div class='ocr_carea' id='block_1_16' title="bbox 92 1786 1761 1866">
    <p class='ocr_par' dir='ltr' id='par_1_16' title="bbox 92 1786 1761 1866">
     <span class='ocr_line' id='line_1_16' title="bbox 92 1786 1761 1866; baseline -0.006 -14"><span class='ocrx_word' id='word_1_120' title='bbox 92 1786 95 1787; x_wconf 31' lang='grc'><strong><em>⁷</em></strong></span> <span class='ocrx_word' id='word_1_121' title='bbox 165 1796 274 1865; x_wconf 77' lang='lat' dir='ltr'><strong>Ipsi</strong></span> <span class='ocrx_word' id='word_1_122' title='bbox 297 1811 427 1866; x_wconf 79' lang='lat' dir='ltr'><strong>ergo</strong></span> <span class='ocrx_word' id='word_1_123' title='bbox 450 1805 575 1849; x_wconf 91' lang='lat' dir='ltr'><strong>sunt</strong></span> <span class='ocrx_word' id='word_1_124' title='bbox 599 1794 766 1849; x_wconf 89' lang='lat' dir='ltr'><strong>lutum</strong></span> <span class='ocrx_word' id='word_1_125' title='bbox 793 1794 880 1848; x_wconf 89' lang='lat' dir='ltr'><strong>ubi</strong></span> <span class='ocrx_word' id='word_1_126' title='bbox 911 1792 1192 1847; x_wconf 69' lang='lat' dir='ltr'><strong>barseram.</strong></span> <span class='ocrx_word' id='word_1_127' title='bbox 1224 1790 1331 1847; x_wconf 86' lang='lat' dir='ltr'><strong>Sed</strong></span> <span class='ocrx_word' id='word_1_128' title='bbox 1359 1790 1457 1845; x_wconf 92' lang='lat' dir='ltr'><strong>hoc</strong></span> <span class='ocrx_word' id='word_1_129' title='bbox 1479 1791 1612 1844; x_wconf 89' lang='lat' dir='ltr'><strong>forte</strong></span> <span class='ocrx_word' id='word_1_130' title='bbox 1637 1804 1761 1859; x_wconf 75' lang='lat' dir='ltr'><strong>sng-</strong></span> 
     </span>
    </p>
   </div>
   <div class='ocr_carea' id='block_1_17' title="bbox 163 1879 1757 1955">
    <p class='ocr_par' dir='ltr' id='par_1_17' title="bbox 163 1879 1757 1955">
     <span class='ocr_line' id='line_1_17' title="bbox 163 1879 1757 1955; baseline -0.003 -18"><span class='ocrx_word' id='word_1_131' title='bbox 163 1887 391 1955; x_wconf 68' lang='lat' dir='ltr'><strong>geritur.</strong></span> <span class='ocrx_word' id='word_1_132' title='bbox 418 1884 580 1939; x_wconf 74' lang='lat' dir='ltr'><strong>Patrio</strong></span> <span class='ocrx_word' id='word_1_133' title='bbox 606 1894 730 1938; x_wconf 87' lang='lat' dir='ltr'><strong>ante</strong></span> <span class='ocrx_word' id='word_1_134' title='bbox 757 1883 984 1947; x_wconf 74' lang='lat' dir='ltr'><strong>dixerat,</strong></span> <span class='ocrx_word' id='word_1_135' title='bbox 1019 1881 1221 1951; x_wconf 71' lang='lat' dir='ltr'><strong>Inﬁxus</strong></span> <span class='ocrx_word' id='word_1_136' title='bbox 1246 1897 1395 1945; x_wconf 84' lang='lat' dir='ltr'><strong>sum;</strong></span> <span class='ocrx_word' id='word_1_137' title='bbox 1424 1879 1583 1933; x_wconf 90' lang='lat' dir='ltr'><strong>modo</strong></span> <span class='ocrx_word' id='word_1_138' title='bbox 1608 1880 1757 1947; x_wconf 84' lang='lat' dir='ltr'><strong>dicit,</strong></span> 
     </span>
    </p>
   </div>
   <div class='ocr_carea' id='block_1_18' title="bbox 166 1974 1759 2046">
    <p class='ocr_par' dir='ltr' id='par_1_18' title="bbox 166 1974 1759 2046">
     <span class='ocr_line' id='line_1_18' title="bbox 166 1974 1759 2046; baseline -0.004 -15"><span class='ocrx_word' id='word_1_139' title='bbox 166 1974 389 2031; x_wconf 79' lang='lat' dir='ltr'><strong>Salvum</strong></span> <span class='ocrx_word' id='word_1_140' title='bbox 408 1992 486 2030; x_wconf 83' lang='lat' dir='ltr'><strong>me</strong></span> <span class='ocrx_word' id='word_1_141' title='bbox 508 1979 590 2046; x_wconf 83' lang='lat' dir='ltr'><strong>fuc</strong></span> <span class='ocrx_word' id='word_1_142' title='bbox 616 1976 679 2028; x_wconf 86' lang='lat' dir='ltr'><strong>de</strong></span> <span class='ocrx_word' id='word_1_143' title='bbox 705 1975 847 2041; x_wconf 83' lang='lat' dir='ltr'><strong>luto,</strong></span> <span class='ocrx_word' id='word_1_144' title='bbox 873 1981 1051 2027; x_wconf 78' lang='lat' dir='ltr'><strong>utnon</strong></span> <span class='ocrx_word' id='word_1_145' title='bbox 1080 1974 1391 2036; x_wconf 77' lang='lat' dir='ltr'><strong>ittltwream;</strong></span> <span class='ocrx_word' id='word_1_146' title='bbox 1419 1987 1540 2026; x_wconf 88' lang='lat' dir='ltr'><strong>cum</strong></span> <span class='ocrx_word' id='word_1_147' title='bbox 1568 1988 1759 2027; x_wconf 81' lang='lat' dir='ltr'><strong>secun-</strong></span> 
     </span>
    </p>
   </div>
   <div class='ocr_carea' id='block_1_19' title="bbox 168 2062 1761 2134">
    <p class='ocr_par' dir='ltr' id='par_1_19' title="bbox 168 2062 1761 2134">
     <span class='ocr_line' id='line_1_19' title="bbox 168 2062 1761 2134; baseline -0.001 -15"><span class='ocrx_word' id='word_1_148' title='bbox 168 2065 300 2119; x_wconf 85' lang='lat' dir='ltr'><strong>dum</strong></span> <span class='ocrx_word' id='word_1_149' title='bbox 329 2066 643 2120; x_wconf 86' lang='lat' dir='ltr'><strong>sententiam</strong></span> <span class='ocrx_word' id='word_1_150' title='bbox 672 2065 903 2134; x_wconf 81' lang='lat' dir='ltr'><strong>priorem</strong></span> <span class='ocrx_word' id='word_1_151' title='bbox 943 2063 1160 2118; x_wconf 86' lang='lat' dir='ltr'><strong>deberet</strong></span> <span class='ocrx_word' id='word_1_152' title='bbox 1182 2062 1361 2118; x_wconf 84' lang='lat' dir='ltr'><strong>dicere</strong></span> <span class='ocrx_word' id='word_1_153' title='bbox 1388 2080 1402 2117; x_wconf 86' lang='lat'><strong>:</strong></span> <span class='ocrx_word' id='word_1_154' title='bbox 1431 2062 1645 2133; x_wconf 80' lang='lat' dir='ltr'><strong>Salvum</strong></span> <span class='ocrx_word' id='word_1_155' title='bbox 1675 2078 1761 2117; x_wconf 89' lang='lat' dir='ltr'><strong>me</strong></span> 
     </span>
    </p>
   </div>
   <div class='ocr_carea' id='block_1_20' title="bbox 169 2152 1760 2223">
    <p class='ocr_par' dir='ltr' id='par_1_20' title="bbox 169 2152 1760 2223">
     <span class='ocr_line' id='line_1_20' title="bbox 169 2152 1760 2223; baseline 0.001 -16"><span class='ocrx_word' id='word_1_156' title='bbox 169 2153 255 2208; x_wconf 74' lang='lat' dir='ltr'><strong>fac</strong></span> <span class='ocrx_word' id='word_1_157' title='bbox 278 2154 348 2208; x_wconf 89' lang='lat' dir='ltr'><strong>de</strong></span> <span class='ocrx_word' id='word_1_158' title='bbox 376 2155 486 2209; x_wconf 90' lang='lat' dir='ltr'><strong>luto</strong></span> <span class='ocrx_word' id='word_1_159' title='bbox 513 2154 597 2207; x_wconf 92' lang='lat' dir='ltr'><strong>ubi</strong></span> <span class='ocrx_word' id='word_1_160' title='bbox 635 2153 894 2208; x_wconf 65' lang='lat' dir='ltr'><strong>laeseram</strong></span> <span class='ocrx_word' id='word_1_161' title='bbox 917 2194 931 2212; x_wconf 88' lang='lat'><strong>.</strong></span> <span class='ocrx_word' id='word_1_162' title='bbox 967 2152 1201 2209; x_wconf 89' lang='lat' dir='ltr'><strong>ernendo</strong></span> <span class='ocrx_word' id='word_1_163' title='bbox 1244 2168 1363 2219; x_wconf 89' lang='lat' dir='ltr'><strong>me,</strong></span> <span class='ocrx_word' id='word_1_164' title='bbox 1403 2169 1508 2208; x_wconf 88' lang='lat' dir='ltr'><strong>non</strong></span> <span class='ocrx_word' id='word_1_165' title='bbox 1554 2153 1760 2223; x_wconf 80' lang='lat' dir='ltr'><strong>agendo</strong></span> 
     </span>
    </p>
   </div>
   <div class='ocr_carea' id='block_1_21' title="bbox 168 2245 1759 2316">
    <p class='ocr_par' dir='ltr' id='par_1_21' title="bbox 168 2245 1759 2316">
     <span class='ocr_line' id='line_1_21' title="bbox 168 2245 1759 2316; baseline 0.003 -18"><span class='ocrx_word' id='word_1_166' title='bbox 168 2256 227 2298; x_wconf 82' lang='lat' dir='ltr'><strong>ut</strong></span> <span class='ocrx_word' id='word_1_167' title='bbox 253 2260 362 2299; x_wconf 79' lang='lat' dir='ltr'><strong>non</strong></span> <span class='ocrx_word' id='word_1_168' title='bbox 391 2245 696 2300; x_wconf 70' lang='lat' dir='ltr'><strong>inlitereatn.</strong></span> <span class='ocrx_word' id='word_1_169' title='bbox 733 2245 874 2316; x_wconf 76' lang='lat' dir='ltr'><strong>Ergo</strong></span> <span class='ocrx_word' id='word_1_170' title='bbox 904 2245 1132 2301; x_wconf 64' lang='lat' dir='ltr'><strong>harserat</strong></span> <span class='ocrx_word' id='word_1_171' title='bbox 1158 2262 1357 2314; x_wconf 88' lang='lat' dir='ltr'><strong>carne,</strong></span> <span class='ocrx_word' id='word_1_172' title='bbox 1385 2246 1478 2301; x_wconf 88' lang='lat' dir='ltr'><strong>sed</strong></span> <span class='ocrx_word' id='word_1_173' title='bbox 1508 2264 1613 2301; x_wconf 90' lang='lat' dir='ltr'><strong>non</strong></span> <span class='ocrx_word' id='word_1_174' title='bbox 1646 2247 1759 2302; x_wconf 77' lang='lat' dir='ltr'><strong>ha:-</strong></span> 
     </span>
    </p>
   </div>
   <div class='ocr_carea' id='block_1_22' title="bbox 166 2338 1757 2407">
    <p class='ocr_par' dir='ltr' id='par_1_22' title="bbox 166 2338 1757 2407">
     <span class='ocr_line' id='line_1_22' title="bbox 166 2338 1757 2407; baseline 0.001 -15"><span class='ocrx_word' id='word_1_175' title='bbox 166 2347 318 2392; x_wconf 86' lang='lat' dir='ltr'><strong>serat</strong></span> <span class='ocrx_word' id='word_1_176' title='bbox 353 2340 559 2407; x_wconf 79' lang='lat' dir='ltr'><strong>spiritu.</strong></span> <span class='ocrx_word' id='word_1_177' title='bbox 610 2339 743 2392; x_wconf 80' lang='lat' dir='ltr'><strong>Dicit</strong></span> <span class='ocrx_word' id='word_1_178' title='bbox 789 2338 892 2394; x_wconf 89' lang='lat' dir='ltr'><strong>hoc</strong></span> <span class='ocrx_word' id='word_1_179' title='bbox 935 2354 1000 2393; x_wconf 91' lang='lat' dir='ltr'><strong>cx</strong></span> <span class='ocrx_word' id='word_1_180' title='bbox 1052 2338 1357 2394; x_wconf 82' lang='lat' dir='ltr'><strong>infirmitate</strong></span> <span class='ocrx_word' id='word_1_181' title='bbox 1397 2340 1757 2395; x_wconf 87' lang='lat' dir='ltr'><strong>membrorum</strong></span> 
     </span>
    </p>
   </div>
   <div class='ocr_carea' id='block_1_23' title="bbox 165 2425 1761 2502">
    <p class='ocr_par' dir='ltr' id='par_1_23' title="bbox 165 2425 1761 2502">
     <span class='ocr_line' id='line_1_23' title="bbox 165 2425 1761 2502; baseline 0.003 -21"><span class='ocrx_word' id='word_1_182' title='bbox 165 2444 410 2482; x_wconf 84' lang='lat' dir='ltr'><strong>suorum.</strong></span> <span class='ocrx_word' id='word_1_183' title='bbox 439 2430 661 2497; x_wconf 90' lang='lat' dir='ltr'><strong>Quando</strong></span> <span class='ocrx_word' id='word_1_184' title='bbox 689 2429 826 2484; x_wconf 77' lang='lat' dir='ltr'><strong>forte</strong></span> <span class='ocrx_word' id='word_1_185' title='bbox 851 2425 1060 2498; x_wconf 77' lang='lat' dir='ltr'><strong>caperis</strong></span> <span class='ocrx_word' id='word_1_186' title='bbox 1082 2430 1151 2485; x_wconf 87' lang='lat' dir='ltr'><strong>ab</strong></span> <span class='ocrx_word' id='word_1_187' title='bbox 1175 2444 1243 2485; x_wconf 86' lang='lat' dir='ltr'><strong>eo</strong></span> <span class='ocrx_word' id='word_1_188' title='bbox 1266 2431 1354 2500; x_wconf 83' lang='lat' dir='ltr'><strong>qui</strong></span> <span class='ocrx_word' id='word_1_189' title='bbox 1392 2440 1443 2487; x_wconf 89' lang='lat' dir='ltr'><strong>te</strong></span> <span class='ocrx_word' id='word_1_190' title='bbox 1467 2432 1661 2502; x_wconf 85' lang='lat' dir='ltr'><strong>premit</strong></span> <span class='ocrx_word' id='word_1_191' title='bbox 1692 2431 1761 2487; x_wconf 86' lang='lat' dir='ltr'><strong>ad</strong></span> 
     </span>
    </p>
   </div>
   <div class='ocr_carea' id='block_1_24' title="bbox 165 2520 1760 2591">
    <p class='ocr_par' dir='ltr' id='par_1_24' title="bbox 165 2520 1760 2591">
     <span class='ocr_line' id='line_1_24' title="bbox 165 2520 1760 2591; baseline 0.002 -17"><span class='ocrx_word' id='word_1_192' title='bbox 165 2520 501 2589; x_wconf 84' lang='lat' dir='ltr'><strong>iniquitatem</strong></span> <span class='ocrx_word' id='word_1_193' title='bbox 522 2564 538 2585; x_wconf 94' lang='lat'><strong>,</strong></span> <span class='ocrx_word' id='word_1_194' title='bbox 573 2532 780 2576; x_wconf 82' lang='lat' dir='ltr'><strong>tenetur</strong></span> <span class='ocrx_word' id='word_1_195' title='bbox 808 2522 1022 2590; x_wconf 85' lang='lat' dir='ltr'><strong>quidem</strong></span> <span class='ocrx_word' id='word_1_196' title='bbox 1041 2536 1237 2591; x_wconf 88' lang='lat' dir='ltr'><strong>corpus</strong></span> <span class='ocrx_word' id='word_1_197' title='bbox 1261 2532 1440 2585; x_wconf 91' lang='lat' dir='ltr'><strong>tuum;</strong></span> <span class='ocrx_word' id='word_1_198' title='bbox 1468 2523 1760 2579; x_wconf 88' lang='lat' dir='ltr'><strong>secundum</strong></span> 
     </span>
    </p>
   </div>
   <div class='ocr_carea' id='block_1_25' title="bbox 165 2595 1759 2683">
    <p class='ocr_par' dir='ltr' id='par_1_25' title="bbox 165 2595 1759 2683">
     <span class='ocr_line' id='line_1_25' title="bbox 165 2595 1759 2683; baseline 0.004 -22"><span class='ocrx_word' id='word_1_199' title='bbox 165 2627 366 2677; x_wconf 70' lang='lat' dir='ltr'><strong>corpus</strong></span> <span class='ocrx_word' id='word_1_200' title='bbox 392 2611 581 2664; x_wconf 77' lang='lat' dir='ltr'><strong>infixus</strong></span> <span class='ocrx_word' id='word_1_201' title='bbox 609 2624 670 2665; x_wconf 88' lang='lat' dir='ltr'><strong>es</strong></span> <span class='ocrx_word' id='word_1_202' title='bbox 713 2613 764 2665; x_wconf 91' lang='lat' dir='ltr'><strong>in</strong></span> <span class='ocrx_word' id='word_1_203' title='bbox 796 2613 919 2666; x_wconf 89' lang='lat' dir='ltr'><strong>limo</strong></span> <span class='ocrx_word' id='word_1_204' title='bbox 948 2595 1191 2681; x_wconf 81' lang='lat' dir='ltr'><strong>profundi</strong></span> <span class='ocrx_word' id='word_1_205' title='bbox 1217 2630 1230 2665; x_wconf 92' lang='lat'><strong>:</strong></span> <span class='ocrx_word' id='word_1_206' title='bbox 1256 2612 1349 2667; x_wconf 83' lang='lat' dir='ltr'><strong>sed</strong></span> <span class='ocrx_word' id='word_1_207' title='bbox 1378 2613 1625 2683; x_wconf 84' lang='lat' dir='ltr'><strong>quamdiu</strong></span> <span class='ocrx_word' id='word_1_208' title='bbox 1654 2630 1759 2668; x_wconf 90' lang='lat' dir='ltr'><strong>non</strong></span> 
     </span>
    </p>
   </div>
   <div class='ocr_carea' id='block_1_26' title="bbox 165 2700 1757 2767">
    <p class='ocr_par' dir='ltr' id='par_1_26' title="bbox 165 2700 1757 2767">
     <span class='ocr_line' id='line_1_26' title="bbox 165 2700 1757 2767; baseline 0.004 -17"><span class='ocrx_word' id='word_1_209' title='bbox 165 2700 477 2767; x_wconf 76' lang='lat' dir='ltr'><strong>mrisentis,</strong></span> <span class='ocrx_word' id='word_1_210' title='bbox 507 2718 610 2755; x_wconf 91' lang='lat' dir='ltr'><strong>non</strong></span> <span class='ocrx_word' id='word_1_211' title='bbox 640 2702 875 2767; x_wconf 63' lang='lat' dir='ltr'><strong>lltBSiali;</strong></span> <span class='ocrx_word' id='word_1_212' title='bbox 904 2702 947 2757; x_wconf 94' lang='lat' dir='ltr'><strong>si</strong></span> <span class='ocrx_word' id='word_1_213' title='bbox 984 2710 1162 2757; x_wconf 88' lang='lat' dir='ltr'><strong>autem</strong></span> <span class='ocrx_word' id='word_1_214' title='bbox 1192 2705 1464 2757; x_wconf 78' lang='lat' dir='ltr'><strong>censentis</strong></span> <span class='ocrx_word' id='word_1_215' title='bbox 1483 2700 1505 2767; x_wconf 86' lang='lat'><strong>,</strong></span> <span class='ocrx_word' id='word_1_216' title='bbox 1538 2704 1757 2758; x_wconf 74' lang='lat' dir='ltr'><strong>hmsisti.</strong></span> 
     </span>
    </p>
   </div>
   <div class='ocr_carea' id='block_1_27' title="bbox 166 2790 1759 2862">
    <p class='ocr_par' dir='ltr' id='par_1_27' title="bbox 166 2790 1759 2862">
     <span class='ocr_line' id='line_1_27' title="bbox 166 2790 1759 2862; baseline 0.004 -20"><span class='ocrx_word' id='word_1_217' title='bbox 166 2790 356 2843; x_wconf 80' lang='lat' dir='ltr'><strong>Oratio</strong></span> <span class='ocrx_word' id='word_1_218' title='bbox 379 2805 506 2859; x_wconf 78' lang='lat' dir='ltr'><strong>ergo</strong></span> <span class='ocrx_word' id='word_1_219' title='bbox 533 2801 616 2842; x_wconf 87' lang='lat' dir='ltr'><strong>tua</strong></span> <span class='ocrx_word' id='word_1_220' title='bbox 650 2790 720 2844; x_wconf 88' lang='lat' dir='ltr'><strong>ibi</strong></span> <span class='ocrx_word' id='word_1_221' title='bbox 748 2790 815 2844; x_wconf 88' lang='lat' dir='ltr'><strong>sit</strong></span> <span class='ocrx_word' id='word_1_222' title='bbox 839 2832 854 2853; x_wconf 92' lang='lat'><strong>,</strong></span> <span class='ocrx_word' id='word_1_223' title='bbox 888 2803 941 2844; x_wconf 89' lang='lat' dir='ltr'><strong>ut</strong></span> <span class='ocrx_word' id='word_1_224' title='bbox 968 2792 1238 2862; x_wconf 85' lang='lat' dir='ltr'><strong>quomodo</strong></span> <span class='ocrx_word' id='word_1_225' title='bbox 1266 2791 1378 2861; x_wconf 83' lang='lat' dir='ltr'><strong>jam</strong></span> <span class='ocrx_word' id='word_1_226' title='bbox 1410 2802 1620 2848; x_wconf 88' lang='lat' dir='ltr'><strong>tenetur</strong></span> <span class='ocrx_word' id='word_1_227' title='bbox 1637 2809 1759 2848; x_wconf 79' lang='lat' dir='ltr'><strong>cor-</strong></span> 
     </span>
    </p>
   </div>
   <div class='ocr_carea' id='block_1_28' title="bbox 169 2883 1759 2950">
    <p class='ocr_par' dir='ltr' id='par_1_28' title="bbox 169 2883 1759 2950">
     <span class='ocr_line' id='line_1_28' title="bbox 169 2883 1759 2950; baseline 0.004 -19"><span class='ocrx_word' id='word_1_228' title='bbox 169 2896 272 2950; x_wconf 82' lang='lat' dir='ltr'><strong>pus</strong></span> <span class='ocrx_word' id='word_1_229' title='bbox 312 2891 493 2946; x_wconf 91' lang='lat' dir='ltr'><strong>tuum,</strong></span> <span class='ocrx_word' id='word_1_230' title='bbox 523 2896 627 2935; x_wconf 89' lang='lat' dir='ltr'><strong>non</strong></span> <span class='ocrx_word' id='word_1_231' title='bbox 662 2892 905 2936; x_wconf 86' lang='lat' dir='ltr'><strong>teneatur</strong></span> <span class='ocrx_word' id='word_1_232' title='bbox 948 2891 1002 2937; x_wconf 89' lang='lat' dir='ltr'><strong>et</strong></span> <span class='ocrx_word' id='word_1_233' title='bbox 1040 2883 1216 2936; x_wconf 85' lang='lat' dir='ltr'><strong>anima</strong></span> <span class='ocrx_word' id='word_1_234' title='bbox 1249 2894 1376 2950; x_wconf 91' lang='lat' dir='ltr'><strong>tua,</strong></span> <span class='ocrx_word' id='word_1_235' title='bbox 1426 2883 1499 2938; x_wconf 86' lang='lat' dir='ltr'><strong>sis</strong></span> <span class='ocrx_word' id='word_1_236' title='bbox 1542 2884 1678 2938; x_wconf 89' lang='lat' dir='ltr'><strong>liber</strong></span> <span class='ocrx_word' id='word_1_237' title='bbox 1707 2883 1759 2937; x_wconf 91' lang='lat' dir='ltr'><strong>in</strong></span> 
     </span>
    </p>
   </div>
   <div class='ocr_carea' id='block_1_29' title="bbox 167 2969 1764 3046">
    <p class='ocr_par' dir='ltr' id='par_1_29' title="bbox 167 2969 1764 3046">
     <span class='ocr_line' id='line_1_29' title="bbox 167 2969 1764 3046; baseline 0.005 -23"><span class='ocrx_word' id='word_1_238' title='bbox 167 2970 417 3025; x_wconf 77' lang='lat' dir='ltr'><strong>vinculis.</strong></span> <span class='ocrx_word' id='word_1_239' title='bbox 446 2969 617 3025; x_wconf 79' lang='lat' dir='ltr'><strong>Eruas</strong></span> <span class='ocrx_word' id='word_1_240' title='bbox 637 2987 700 3026; x_wconf 70' lang='lat' dir='ltr'><strong>ea:</strong></span> <span class='ocrx_word' id='word_1_241' title='bbox 722 2972 809 3026; x_wconf 73' lang='lat' dir='ltr'><strong>his</strong></span> <span class='ocrx_word' id='word_1_242' title='bbox 821 2972 909 3038; x_wconf 85' lang='lat' dir='ltr'><strong>qui</strong></span> <span class='ocrx_word' id='word_1_243' title='bbox 932 2973 1149 3027; x_wconf 84' lang='lat' dir='ltr'><strong>oderunt</strong></span> <span class='ocrx_word' id='word_1_244' title='bbox 1186 2990 1266 3029; x_wconf 83' lang='lat' dir='ltr'><strong>me</strong></span> <span class='ocrx_word' id='word_1_245' title='bbox 1286 3015 1302 3039; x_wconf 92' lang='lat'><strong>,</strong></span> <span class='ocrx_word' id='word_1_246' title='bbox 1334 2984 1380 3028; x_wconf 89' lang='lat' dir='ltr'><strong>et</strong></span> <span class='ocrx_word' id='word_1_247' title='bbox 1408 2975 1472 3029; x_wconf 86' lang='lat' dir='ltr'><strong>de</strong></span> <span class='ocrx_word' id='word_1_248' title='bbox 1509 2977 1764 3046; x_wconf 80' lang='lat' dir='ltr'><strong>profundo</strong></span> 
     </span>
    </p>
   </div>
   <div class='ocr_carea' id='block_1_30' title="bbox 163 3078 439 3133">
    <p class='ocr_par' dir='ltr' id='par_1_30' title="bbox 163 3078 439 3133">
     <span class='ocr_line' id='line_1_30' title="bbox 163 3078 439 3133; baseline 0.004 -19"><span class='ocrx_word' id='word_1_249' title='bbox 163 3078 439 3133; x_wconf 73' lang='lat' dir='ltr'><strong>aquarum.</strong></span> 
     </span>
    </p>
   </div>
   <div class='ocr_carea' id='block_1_31' title="bbox 243 3150 1819 3228">
    <p class='ocr_par' dir='ltr' id='par_1_31' title="bbox 243 3150 1819 3228">
     <span class='ocr_line' id='line_1_31' title="bbox 243 3150 1819 3228; baseline 0.005 -21"><span class='ocrx_word' id='word_1_250' title='bbox 243 3153 330 3208; x_wconf 78' lang='grc'><strong>19.</strong></span> <span class='ocrx_word' id='word_1_251' title='bbox 378 3150 542 3226; x_wconf 73' lang='lat' dir='ltr'><strong>(vers.</strong></span> <span class='ocrx_word' id='word_1_252' title='bbox 572 3153 696 3227; x_wconf 69' lang='lat'><strong>16.}</strong></span> <span class='ocrx_word' id='word_1_253' title='bbox 721 3154 840 3209; x_wconf 86' lang='lat' dir='ltr'><strong>Non</strong></span> <span class='ocrx_word' id='word_1_254' title='bbox 869 3173 947 3210; x_wconf 91' lang='lat' dir='ltr'><strong>me</strong></span> <span class='ocrx_word' id='word_1_255' title='bbox 988 3156 1242 3227; x_wconf 79' lang='lat' dir='ltr'><strong>demerget</strong></span> <span class='ocrx_word' id='word_1_256' title='bbox 1285 3167 1551 3228; x_wconf 75' lang='lat' dir='ltr'><strong>tempestas</strong></span> <span class='ocrx_word' id='word_1_257' title='bbox 1594 3176 1757 3228; x_wconf 69' lang='lat' dir='ltr'><strong>aqum.</strong></span> <span class='ocrx_word' id='word_1_258' title='bbox 1818 3170 1819 3173; x_wconf 73' lang='lat'>‘</span> 
     </span>
    </p>
   </div>
   <div class='ocr_carea' id='block_1_32' title="bbox 166 3243 1755 3315">
    <p class='ocr_par' dir='ltr' id='par_1_32' title="bbox 166 3243 1755 3315">
     <span class='ocr_line' id='line_1_32' title="bbox 166 3243 1755 3315; baseline 0.006 -19"><span class='ocrx_word' id='word_1_259' title='bbox 166 3243 276 3297; x_wconf 82' lang='lat' dir='ltr'><strong>Sed</strong></span> <span class='ocrx_word' id='word_1_260' title='bbox 302 3246 413 3312; x_wconf 88' lang='lat' dir='ltr'><strong>jam</strong></span> <span class='ocrx_word' id='word_1_261' title='bbox 453 3244 731 3299; x_wconf 88' lang='lat' dir='ltr'><strong>demersus</strong></span> <span class='ocrx_word' id='word_1_262' title='bbox 760 3256 894 3300; x_wconf 84' lang='lat' dir='ltr'><strong>erat.</strong></span> <span class='ocrx_word' id='word_1_263' title='bbox 952 3245 1075 3299; x_wconf 83' lang='lat' dir='ltr'><strong>Veni</strong></span> <span class='ocrx_word' id='word_1_264' title='bbox 1114 3248 1166 3301; x_wconf 81' lang='lat' dir='ltr'><strong>in</strong></span> <span class='ocrx_word' id='word_1_265' title='bbox 1209 3248 1528 3301; x_wconf 77' lang='lat' dir='ltr'><strong>altitudinem</strong></span> <span class='ocrx_word' id='word_1_266' title='bbox 1570 3251 1755 3315; x_wconf 81' lang='lat' dir='ltr'><strong>muris,</strong></span> 
     </span>
    </p>
   </div>
   <div class='ocr_carea' id='block_1_33' title="bbox 164 3335 1760 3407">
    <p class='ocr_par' dir='ltr' id='par_1_33' title="bbox 164 3335 1760 3407">
     <span class='ocr_line' id='line_1_33' title="bbox 164 3335 1760 3407; baseline 0.004 -20"><span class='ocrx_word' id='word_1_267' title='bbox 164 3345 222 3387; x_wconf 90' lang='lat' dir='ltr'><strong>tu</strong></span> <span class='ocrx_word' id='word_1_268' title='bbox 252 3335 477 3400; x_wconf 88' lang='lat' dir='ltr'><strong>dixisti;</strong></span> <span class='ocrx_word' id='word_1_269' title='bbox 501 3346 550 3389; x_wconf 88' lang='lat' dir='ltr'><strong>et</strong></span> <span class='ocrx_word' id='word_1_270' title='bbox 575 3345 840 3407; x_wconf 74' lang='lat' dir='ltr'><strong>tempestas</strong></span> <span class='ocrx_word' id='word_1_271' title='bbox 859 3338 1093 3393; x_wconf 86' lang='lat' dir='ltr'><strong>demersit</strong></span> <span class='ocrx_word' id='word_1_272' title='bbox 1112 3355 1218 3405; x_wconf 88' lang='lat' dir='ltr'><strong>me,</strong></span> <span class='ocrx_word' id='word_1_273' title='bbox 1244 3347 1297 3393; x_wconf 92' lang='grc' dir='ltr'><strong>ιιι</strong></span> <span class='ocrx_word' id='word_1_274' title='bbox 1319 3337 1515 3393; x_wconf 77' lang='lat' dir='ltr'><strong>dixisti.</strong></span> <span class='ocrx_word' id='word_1_275' title='bbox 1544 3340 1760 3395; x_wconf 82' lang='lat' dir='ltr'><strong>Demer-</strong></span> 
     </span>
    </p>
   </div>
   <div class='ocr_carea' id='block_1_34' title="bbox 164 3428 1761 3501">
    <p class='ocr_par' dir='ltr' id='par_1_34' title="bbox 164 3428 1761 3501">
     <span class='ocr_line' id='line_1_34' title="bbox 164 3428 1761 3501; baseline 0.004 -21"><span class='ocrx_word' id='word_1_276' title='bbox 164 3429 236 3481; x_wconf 68' lang='lat' dir='ltr'><strong>sit</strong></span> <span class='ocrx_word' id='word_1_277' title='bbox 262 3428 560 3482; x_wconf 82' lang='lat' dir='ltr'><strong>secundum</strong></span> <span class='ocrx_word' id='word_1_278' title='bbox 584 3444 824 3492; x_wconf 81' lang='lat' dir='ltr'><strong>carnem.</strong></span> <span class='ocrx_word' id='word_1_279' title='bbox 858 3445 963 3483; x_wconf 91' lang='lat' dir='ltr'><strong>non</strong></span> <span class='ocrx_word' id='word_1_280' title='bbox 986 3429 1261 3500; x_wconf 81' lang='lat' dir='ltr'><strong>demergat</strong></span> <span class='ocrx_word' id='word_1_281' title='bbox 1286 3430 1577 3485; x_wconf 85' lang='lat' dir='ltr'><strong>secundum</strong></span> <span class='ocrx_word' id='word_1_282' title='bbox 1604 3431 1761 3501; x_wconf 58' lang='lat' dir='ltr'><strong>spiric</strong></span> 
     </span>
    </p>
   </div>
   <div class='ocr_carea' id='block_1_35' title="bbox 165 3518 1759 3594">
    <p class='ocr_par' dir='ltr' id='par_1_35' title="bbox 165 3518 1759 3594">
     <span class='ocr_line' id='line_1_35' title="bbox 165 3518 1759 3594; baseline 0.004 -24"><span class='ocrx_word' id='word_1_283' title='bbox 165 3528 304 3571; x_wconf 83' lang='lat' dir='ltr'><strong>tum.</strong></span> <span class='ocrx_word' id='word_1_284' title='bbox 347 3518 551 3587; x_wconf 74' lang='lat' dir='ltr'><strong>Quibus</strong></span> <span class='ocrx_word' id='word_1_285' title='bbox 588 3520 788 3574; x_wconf 83' lang='lat' dir='ltr'><strong>dietum</strong></span> <span class='ocrx_word' id='word_1_286' title='bbox 824 3529 940 3586; x_wconf 81' lang='lat' dir='ltr'><strong>est,</strong></span> <span class='ocrx_word' id='word_1_287' title='bbox 985 3520 1049 3576; x_wconf 80' lang='lat' dir='ltr'><strong>Si</strong></span> <span class='ocrx_word' id='word_1_288' title='bbox 1084 3536 1170 3575; x_wconf 88' lang='lat' dir='ltr'><strong>vos</strong></span> <span class='ocrx_word' id='word_1_289' title='bbox 1211 3521 1457 3591; x_wconf 78' lang='lat' dir='ltr'><strong>persecuti</strong></span> <span class='ocrx_word' id='word_1_290' title='bbox 1493 3522 1679 3594; x_wconf 79' lang='lat' dir='ltr'><strong>fuerint</strong></span> <span class='ocrx_word' id='word_1_291' title='bbox 1707 3522 1759 3577; x_wconf 82' lang='lat' dir='ltr'><strong>in</strong></span> 
     </span>
    </p>
   </div>
   <div class='ocr_carea' id='block_1_36' title="bbox 164 3608 1758 3684">
    <p class='ocr_par' dir='ltr' id='par_1_36' title="bbox 164 3608 1758 3684">
     <span class='ocr_line' id='line_1_36' title="bbox 164 3608 1758 3684; baseline 0.005 -25"><span class='ocrx_word' id='word_1_292' title='bbox 164 3623 273 3660; x_wconf 77' lang='lat' dir='ltr'><strong>una</strong></span> <span class='ocrx_word' id='word_1_293' title='bbox 316 3608 543 3675; x_wconf 89' lang='lat' dir='ltr'><strong>civitate,</strong></span> <span class='ocrx_word' id='word_1_294' title='bbox 586 3609 748 3678; x_wconf 81' lang='lat' dir='ltr'><strong>fugite</strong></span> <span class='ocrx_word' id='word_1_295' title='bbox 796 3609 848 3662; x_wconf 90' lang='lat' dir='ltr'><strong>in</strong></span> <span class='ocrx_word' id='word_1_296' title='bbox 887 3609 1043 3663; x_wconf 82' lang='lat' dir='ltr'><strong>aliam</strong></span> <span class='ocrx_word' id='word_1_297' title='bbox 1099 3609 1321 3680; x_wconf 79' lang='lat' dir='ltr'><strong>(Matth.</strong></span> <span class='ocrx_word' id='word_1_298' title='bbox 1375 3626 1444 3677; x_wconf 84' lang='lat' dir='ltr'><strong>x,</strong></span> <span class='ocrx_word' id='word_1_299' title='bbox 1482 3608 1623 3684; x_wconf 70' lang='lat'><strong>25);</strong></span> <span class='ocrx_word' id='word_1_300' title='bbox 1657 3611 1758 3668; x_wconf 84' lang='lat' dir='ltr'><strong>hoc</strong></span> 
     </span>
    </p>
   </div>
   <div class='ocr_carea' id='block_1_37' title="bbox 163 3700 1753 3771">
    <p class='ocr_par' dir='ltr' id='par_1_37' title="bbox 163 3700 1753 3771">
     <span class='ocr_line' id='line_1_37' title="bbox 163 3700 1753 3771; baseline 0.002 -19"><span class='ocrx_word' id='word_1_301' title='bbox 163 3700 247 3753; x_wconf 87' lang='lat' dir='ltr'><strong>eis</strong></span> <span class='ocrx_word' id='word_1_302' title='bbox 276 3700 478 3753; x_wconf 86' lang='lat' dir='ltr'><strong>dictum</strong></span> <span class='ocrx_word' id='word_1_303' title='bbox 507 3710 589 3753; x_wconf 89' lang='lat' dir='ltr'><strong>est</strong></span> <span class='ocrx_word' id='word_1_304' title='bbox 611 3739 628 3764; x_wconf 93' lang='lat'><strong>,</strong></span> <span class='ocrx_word' id='word_1_305' title='bbox 658 3708 715 3754; x_wconf 90' lang='lat' dir='ltr'><strong>ut</strong></span> <span class='ocrx_word' id='word_1_306' title='bbox 744 3714 843 3754; x_wconf 88' lang='lat' dir='ltr'><strong>nec</strong></span> <span class='ocrx_word' id='word_1_307' title='bbox 881 3715 1043 3755; x_wconf 88' lang='lat' dir='ltr'><strong>carne</strong></span> <span class='ocrx_word' id='word_1_308' title='bbox 1082 3700 1374 3764; x_wconf 73' lang='lat' dir='ltr'><strong>hmrerent,</strong></span> <span class='ocrx_word' id='word_1_309' title='bbox 1403 3716 1503 3756; x_wconf 87' lang='lat' dir='ltr'><strong>nec</strong></span> <span class='ocrx_word' id='word_1_310' title='bbox 1543 3703 1753 3771; x_wconf 70' lang='lat' dir='ltr'><strong>Spiritu.</strong></span> 
     </span>
    </p>
   </div>
   <div class='ocr_carea' id='block_1_38' title="bbox 165 3788 1755 3861">
    <p class='ocr_par' dir='ltr' id='par_1_38' title="bbox 165 3788 1755 3861">
     <span class='ocr_line' id='line_1_38' title="bbox 165 3788 1755 3861; baseline 0.003 -17"><span class='ocrx_word' id='word_1_311' title='bbox 165 3788 286 3844; x_wconf 83' lang='lat' dir='ltr'><strong>Non</strong></span> <span class='ocrx_word' id='word_1_312' title='bbox 312 3789 457 3845; x_wconf 86' lang='lat' dir='ltr'><strong>enim</strong></span> <span class='ocrx_word' id='word_1_313' title='bbox 499 3790 858 3860; x_wconf 84' lang='lat' dir='ltr'><strong>appetendum</strong></span> <span class='ocrx_word' id='word_1_314' title='bbox 906 3802 985 3846; x_wconf 84' lang='lat' dir='ltr'><strong>est</strong></span> <span class='ocrx_word' id='word_1_315' title='bbox 1020 3800 1083 3846; x_wconf 90' lang='lat' dir='ltr'><strong>ut</strong></span> <span class='ocrx_word' id='word_1_316' title='bbox 1122 3790 1424 3846; x_wconf 77' lang='lat' dir='ltr'><strong>hau-eamus</strong></span> <span class='ocrx_word' id='word_1_317' title='bbox 1449 3794 1533 3848; x_wconf 89' lang='lat' dir='ltr'><strong>vel</strong></span> <span class='ocrx_word' id='word_1_318' title='bbox 1560 3808 1755 3861; x_wconf 88' lang='lat' dir='ltr'><strong>carne;</strong></span> 
     </span>
    </p>
   </div>
   <div class='ocr_carea' id='block_1_39' title="bbox 162 3878 1757 3950">
    <p class='ocr_par' dir='ltr' id='par_1_39' title="bbox 162 3878 1757 3950">
     <span class='ocr_line' id='line_1_39' title="bbox 162 3878 1757 3950; baseline 0.004 -16"><span class='ocrx_word' id='word_1_319' title='bbox 162 3878 263 3934; x_wconf 79' lang='lat' dir='ltr'><strong>sed</strong></span> <span class='ocrx_word' id='word_1_320' title='bbox 289 3888 547 3949; x_wconf 85' lang='lat' dir='ltr'><strong>quantum</strong></span> <span class='ocrx_word' id='word_1_321' title='bbox 580 3895 861 3950; x_wconf 87' lang='lat' dir='ltr'><strong>possumus</strong></span> <span class='ocrx_word' id='word_1_322' title='bbox 881 3922 897 3949; x_wconf 96' lang='lat'><strong>,</strong></span> <span class='ocrx_word' id='word_1_323' title='bbox 926 3882 1093 3936; x_wconf 87' lang='lat' dir='ltr'><strong>vitare</strong></span> <span class='ocrx_word' id='word_1_324' title='bbox 1111 3882 1388 3938; x_wconf 84' lang='lat' dir='ltr'><strong>debemus.</strong></span> <span class='ocrx_word' id='word_1_325' title='bbox 1417 3882 1472 3937; x_wconf 91' lang='lat' dir='ltr'><strong>Si</strong></span> <span class='ocrx_word' id='word_1_326' title='bbox 1503 3900 1629 3939; x_wconf 85' lang='lat' dir='ltr'><strong>vero</strong></span> <span class='ocrx_word' id='word_1_327' title='bbox 1650 3884 1757 3941; x_wconf 70' lang='lat' dir='ltr'><strong>ha:—</strong></span> 
     </span>
    </p>
   </div>
   <div class='ocr_carea' id='block_1_40' title="bbox 164 3972 1756 4047">
    <p class='ocr_par' dir='ltr' id='par_1_40' title="bbox 164 3972 1756 4047">
     <span class='ocr_line' id='line_1_40' title="bbox 164 3972 1756 4047; baseline 0.003 -21"><span class='ocrx_word' id='word_1_328' title='bbox 164 3972 435 4036; x_wconf 79' lang='lat' dir='ltr'><strong>serimus,</strong></span> <span class='ocrx_word' id='word_1_329' title='bbox 466 3981 523 4027; x_wconf 88' lang='lat' dir='ltr'><strong>et</strong></span> <span class='ocrx_word' id='word_1_330' title='bbox 552 3974 603 4027; x_wconf 87' lang='lat' dir='ltr'><strong>in</strong></span> <span class='ocrx_word' id='word_1_331' title='bbox 649 3987 840 4027; x_wconf 76' lang='lat' dir='ltr'><strong>niauus</strong></span> <span class='ocrx_word' id='word_1_332' title='bbox 883 3974 1223 4043; x_wconf 80' lang='lat' dir='ltr'><strong>peccatorum</strong></span> <span class='ocrx_word' id='word_1_333' title='bbox 1263 3976 1567 4031; x_wconf 82' lang='lat' dir='ltr'><strong>venerimus</strong></span> <span class='ocrx_word' id='word_1_334' title='bbox 1588 3990 1613 4042; x_wconf 65' lang='lat'><strong>,‘</strong></span> <span class='ocrx_word' id='word_1_335' title='bbox 1643 3976 1756 4047; x_wconf 83' lang='lat' dir='ltr'><strong>jam</strong></span> 
     </span>
    </p>
   </div>
   <div class='ocr_carea' id='block_1_41' title="bbox 161 4064 1757 4136">
    <p class='ocr_par' dir='ltr' id='par_1_41' title="bbox 161 4064 1757 4136">
     <span class='ocr_line' id='line_1_41' title="bbox 161 4064 1757 4136; baseline 0.004 -20"><span class='ocrx_word' id='word_1_336' title='bbox 161 4079 394 4132; x_wconf 87' lang='lat' dir='ltr'><strong>corpore</strong></span> <span class='ocrx_word' id='word_1_337' title='bbox 439 4064 723 4136; x_wconf 69' lang='lat' dir='ltr'><strong>barsintus;</strong></span> <span class='ocrx_word' id='word_1_338' title='bbox 770 4064 864 4118; x_wconf 82' lang='lat' dir='ltr'><strong>ﬁxi</strong></span> <span class='ocrx_word' id='word_1_339' title='bbox 899 4079 1084 4119; x_wconf 84' lang='lat' dir='ltr'><strong>sumus</strong></span> <span class='ocrx_word' id='word_1_340' title='bbox 1109 4064 1161 4117; x_wconf 91' lang='lat' dir='ltr'><strong>in</strong></span> <span class='ocrx_word' id='word_1_341' title='bbox 1191 4065 1320 4120; x_wconf 90' lang='lat' dir='ltr'><strong>limo</strong></span> <span class='ocrx_word' id='word_1_342' title='bbox 1346 4067 1624 4136; x_wconf 80' lang='lat' dir='ltr'><strong>profundi:</strong></span> <span class='ocrx_word' id='word_1_343' title='bbox 1668 4083 1757 4122; x_wconf 86' lang='lat' dir='ltr'><strong>re-</strong></span> 
     </span>
    </p>
   </div>
   <div class='ocr_carea' id='block_1_42' title="bbox 162 4156 1759 4227">
    <p class='ocr_par' dir='ltr' id='par_1_42' title="bbox 162 4156 1759 4227">
     <span class='ocr_line' id='line_1_42' title="bbox 162 4156 1759 4227; baseline 0.003 -19"><span class='ocrx_word' id='word_1_344' title='bbox 162 4164 275 4210; x_wconf 85' lang='lat' dir='ltr'><strong>stat</strong></span> <span class='ocrx_word' id='word_1_345' title='bbox 318 4173 416 4227; x_wconf 89' lang='lat' dir='ltr'><strong>pro</strong></span> <span class='ocrx_word' id='word_1_346' title='bbox 441 4156 616 4210; x_wconf 89' lang='lat' dir='ltr'><strong>anima</strong></span> <span class='ocrx_word' id='word_1_347' title='bbox 646 4156 923 4226; x_wconf 86' lang='lat' dir='ltr'><strong>deprecari</strong></span> <span class='ocrx_word' id='word_1_348' title='bbox 952 4165 1009 4211; x_wconf 90' lang='lat' dir='ltr'><strong>ut</strong></span> <span class='ocrx_word' id='word_1_349' title='bbox 1038 4173 1143 4211; x_wconf 88' lang='lat' dir='ltr'><strong>non</strong></span> <span class='ocrx_word' id='word_1_350' title='bbox 1176 4157 1560 4221; x_wconf 79' lang='lat' dir='ltr'><strong>inhaereamus,</strong></span> <span class='ocrx_word' id='word_1_351' title='bbox 1596 4157 1646 4213; x_wconf 91' lang='lat' dir='ltr'><strong>id</strong></span> <span class='ocrx_word' id='word_1_352' title='bbox 1677 4170 1759 4216; x_wconf 85' lang='lat' dir='ltr'><strong>est</strong></span> 
     </span>
    </p>
   </div>
   <div class='ocr_carea' id='block_1_43' title="bbox 161 4248 1756 4320">
    <p class='ocr_par' dir='ltr' id='par_1_43' title="bbox 161 4248 1756 4320">
     <span class='ocr_line' id='line_1_43' title="bbox 161 4248 1756 4320; baseline -0.001 -19"><span class='ocrx_word' id='word_1_353' title='bbox 161 4263 271 4301; x_wconf 88' lang='lat' dir='ltr'><strong>non</strong></span> <span class='ocrx_word' id='word_1_354' title='bbox 289 4248 715 4311; x_wconf 83' lang='lat' dir='ltr'><strong>consentiamus;</strong></span> <span class='ocrx_word' id='word_1_355' title='bbox 733 4264 839 4301; x_wconf 89' lang='lat' dir='ltr'><strong>non</strong></span> <span class='ocrx_word' id='word_1_356' title='bbox 862 4262 961 4301; x_wconf 88' lang='lat' dir='ltr'><strong>nos</strong></span> <span class='ocrx_word' id='word_1_357' title='bbox 976 4248 1131 4301; x_wconf 78' lang='lat' dir='ltr'><strong>deme</strong></span> <span class='ocrx_word' id='word_1_358' title='bbox 1141 4258 1254 4317; x_wconf 76' lang='lat' dir='ltr'><strong>rgat</strong></span> <span class='ocrx_word' id='word_1_359' title='bbox 1275 4256 1564 4319; x_wconf 71' lang='lat' dir='ltr'><strong>tempestas</strong></span> <span class='ocrx_word' id='word_1_360' title='bbox 1583 4265 1756 4320; x_wconf 69' lang='lat' dir='ltr'><strong>aqum,</strong></span> 
     </span>
    </p>
   </div>
   <div class='ocr_carea' id='block_1_44' title="bbox 162 4339 1757 4411">
    <p class='ocr_par' dir='ltr' id='par_1_44' title="bbox 162 4339 1757 4411">
     <span class='ocr_line' id='line_1_44' title="bbox 162 4339 1757 4411; baseline 0.003 -20"><span class='ocrx_word' id='word_1_361' title='bbox 162 4350 221 4393; x_wconf 90' lang='lat' dir='ltr'><strong>nt</strong></span> <span class='ocrx_word' id='word_1_362' title='bbox 246 4356 433 4395; x_wconf 68' lang='lat' dir='ltr'><strong>cantus</strong></span> <span class='ocrx_word' id='word_1_363' title='bbox 455 4340 506 4394; x_wconf 89' lang='lat' dir='ltr'><strong>itt</strong></span> <span class='ocrx_word' id='word_1_364' title='bbox 530 4340 858 4411; x_wconf 87' lang='lat' dir='ltr'><strong>profundum</strong></span> <span class='ocrx_word' id='word_1_365' title='bbox 883 4341 1017 4395; x_wconf 86' lang='lat' dir='ltr'><strong>litui.</strong></span> <span class='ocrx_word' id='word_1_366' title='bbox 1056 4339 1229 4410; x_wconf 79' lang='lat' dir='ltr'><strong>Neque</strong></span> <span class='ocrx_word' id='word_1_367' title='bbox 1256 4340 1513 4395; x_wconf 81' lang='lat' dir='ltr'><strong>absorbent</strong></span> <span class='ocrx_word' id='word_1_368' title='bbox 1540 4358 1619 4394; x_wconf 84' lang='lat' dir='ltr'><strong>me</strong></span> <span class='ocrx_word' id='word_1_369' title='bbox 1642 4359 1757 4410; x_wconf 86' lang='lat' dir='ltr'><strong>pro-</strong></span> 
     </span>
    </p>
   </div>
   <div class='ocr_carea' id='block_1_45' title="bbox 161 4429 1756 4501">
    <p class='ocr_par' dir='ltr' id='par_1_45' title="bbox 161 4429 1756 4501">
     <span class='ocr_line' id='line_1_45' title="bbox 161 4429 1756 4501; baseline 0.003 -19"><span class='ocrx_word' id='word_1_370' title='bbox 161 4429 402 4499; x_wconf 83' lang='lat' dir='ltr'><strong>fundum,</strong></span> <span class='ocrx_word' id='word_1_371' title='bbox 431 4447 589 4496; x_wconf 83' lang='lat' dir='ltr'><strong>neque</strong></span> <span class='ocrx_word' id='word_1_372' title='bbox 607 4440 826 4484; x_wconf 86' lang='lat' dir='ltr'><strong>coarctet</strong></span> <span class='ocrx_word' id='word_1_373' title='bbox 846 4446 998 4501; x_wconf 83' lang='lat' dir='ltr'><strong>super</strong></span> <span class='ocrx_word' id='word_1_374' title='bbox 1018 4447 1097 4484; x_wconf 89' lang='lat' dir='ltr'><strong>me</strong></span> <span class='ocrx_word' id='word_1_375' title='bbox 1121 4440 1303 4501; x_wconf 86' lang='lat' dir='ltr'><strong>puteus</strong></span> <span class='ocrx_word' id='word_1_376' title='bbox 1335 4447 1391 4484; x_wconf 85' lang='lat' dir='ltr'><strong>os</strong></span> <span class='ocrx_word' id='word_1_377' title='bbox 1428 4448 1592 4484; x_wconf 88' lang='lat' dir='ltr'><strong>suum.</strong></span> <span class='ocrx_word' id='word_1_378' title='bbox 1620 4432 1756 4500; x_wconf 84' lang='lat' dir='ltr'><strong>Quid</strong></span> 
     </span>
    </p>
   </div>
   <div class='ocr_carea' id='block_1_46' title="bbox 158 4508 1762 4598">
    <p class='ocr_par' dir='ltr' id='par_1_46' title="bbox 158 4508 1762 4598">
     <span class='ocr_line' id='line_1_46' title="bbox 158 4508 1762 4598; baseline 0.001 -23"><span class='ocrx_word' id='word_1_379' title='bbox 158 4532 243 4575; x_wconf 88' lang='lat' dir='ltr'><strong>est</strong></span> <span class='ocrx_word' id='word_1_380' title='bbox 269 4508 397 4585; x_wconf 77' lang='lat' dir='ltr'><strong>hoc,</strong></span> <span class='ocrx_word' id='word_1_381' title='bbox 424 4521 810 4592; x_wconf 48' lang='lat' dir='ltr'><strong>fratres’iquid</strong></span> <span class='ocrx_word' id='word_1_382' title='bbox 835 4520 1156 4598; x_wconf 77' lang='lat' dir='ltr'><strong>deprecatus</strong></span> <span class='ocrx_word' id='word_1_383' title='bbox 1181 4523 1300 4575; x_wconf 87' lang='lat' dir='ltr'><strong>est?</strong></span> <span class='ocrx_word' id='word_1_384' title='bbox 1317 4521 1632 4592; x_wconf 13' lang='lat' dir='ltr'><strong>MagnuseeSt</strong></span> <span class='ocrx_word' id='word_1_385' title='bbox 1663 4539 1762 4592; x_wconf 76' lang='lat' dir='ltr'><strong>pu-</strong></span> 
     </span>
    </p>
   </div>
   <div class='ocr_carea' id='block_1_47' title="bbox 160 4611 1755 4684">
    <p class='ocr_par' dir='ltr' id='par_1_47' title="bbox 160 4611 1755 4684">
     <span class='ocr_line' id='line_1_47' title="bbox 160 4611 1755 4684; baseline 0.001 -19"><span class='ocrx_word' id='word_1_386' title='bbox 160 4623 280 4667; x_wconf 86' lang='lat' dir='ltr'><strong>teus</strong></span> <span class='ocrx_word' id='word_1_387' title='bbox 306 4611 638 4682; x_wconf 82' lang='lat' dir='ltr'><strong>profunditas</strong></span> <span class='ocrx_word' id='word_1_388' title='bbox 665 4612 955 4681; x_wconf 82' lang='lat' dir='ltr'><strong>iniquitatis</strong></span> <span class='ocrx_word' id='word_1_389' title='bbox 985 4611 1231 4666; x_wconf 75' lang='lat' dir='ltr'><strong>humana:</strong></span> <span class='ocrx_word' id='word_1_390' title='bbox 1256 4629 1268 4665; x_wconf 93' lang='lat'>:</span> <span class='ocrx_word' id='word_1_391' title='bbox 1304 4613 1428 4666; x_wconf 90' lang='lat' dir='ltr'><strong>illuc</strong></span> <span class='ocrx_word' id='word_1_392' title='bbox 1457 4613 1682 4684; x_wconf 82' lang='lat' dir='ltr'><strong>quisque</strong></span> <span class='ocrx_word' id='word_1_393' title='bbox 1711 4615 1755 4667; x_wconf 92' lang='lat' dir='ltr'><strong>si</strong></span> 
     </span>
    </p>
   </div>
   <div class='ocr_carea' id='block_1_48' title="bbox 157 4693 1756 4777">
    <p class='ocr_par' dir='ltr' id='par_1_48' title="bbox 157 4693 1756 4777">
     <span class='ocr_line' id='line_1_48' title="bbox 157 4693 1756 4777; baseline 0.001 -16"><span class='ocrx_word' id='word_1_394' title='bbox 157 4706 445 4769; x_wconf 59' lang='lat' dir='ltr'><strong>cecidi-rit,</strong></span> <span class='ocrx_word' id='word_1_395' title='bbox 480 4705 534 4760; x_wconf 91' lang='lat' dir='ltr'><strong>in</strong></span> <span class='ocrx_word' id='word_1_396' title='bbox 565 4693 728 4760; x_wconf 85' lang='lat' dir='ltr'><strong>altum</strong></span> <span class='ocrx_word' id='word_1_397' title='bbox 766 4706 942 4761; x_wconf 85' lang='lat' dir='ltr'><strong>cadet.</strong></span> <span class='ocrx_word' id='word_1_398' title='bbox 974 4704 1080 4761; x_wconf 86' lang='lat' dir='ltr'><strong>Sed</strong></span> <span class='ocrx_word' id='word_1_399' title='bbox 1120 4716 1295 4761; x_wconf 89' lang='lat' dir='ltr'><strong>tamen</strong></span> <span class='ocrx_word' id='word_1_400' title='bbox 1333 4706 1404 4760; x_wconf 88' lang='lat' dir='ltr'><strong>ibi</strong></span> <span class='ocrx_word' id='word_1_401' title='bbox 1448 4708 1681 4777; x_wconf 83' lang='lat' dir='ltr'><strong>positus,</strong></span> <span class='ocrx_word' id='word_1_402' title='bbox 1710 4707 1756 4762; x_wconf 86' lang='lat' dir='ltr'><strong>si</strong></span> 
     </span>
    </p>
   </div>
   <div class='ocr_carea' id='block_1_49' title="bbox 156 4796 1756 4868">
    <p class='ocr_par' dir='ltr' id='par_1_49' title="bbox 156 4796 1756 4868">
     <span class='ocr_line' id='line_1_49' title="bbox 156 4796 1756 4868; baseline 0.002 -17"><span class='ocrx_word' id='word_1_403' title='bbox 156 4798 447 4851; x_wconf 69' lang='lat' dir='ltr'><strong>conﬁtetur</strong></span> <span class='ocrx_word' id='word_1_404' title='bbox 486 4806 701 4867; x_wconf 87' lang='lat' dir='ltr'><strong>peccata</strong></span> <span class='ocrx_word' id='word_1_405' title='bbox 733 4796 843 4852; x_wconf 87' lang='lat' dir='ltr'><strong>Deo</strong></span> <span class='ocrx_word' id='word_1_406' title='bbox 866 4813 998 4863; x_wconf 87' lang='lat' dir='ltr'><strong>suo,</strong></span> <span class='ocrx_word' id='word_1_407' title='bbox 1030 4814 1137 4853; x_wconf 91' lang='lat' dir='ltr'><strong>non</strong></span> <span class='ocrx_word' id='word_1_408' title='bbox 1177 4810 1338 4868; x_wconf 87' lang='lat' dir='ltr'><strong>super</strong></span> <span class='ocrx_word' id='word_1_409' title='bbox 1376 4814 1499 4853; x_wconf 90' lang='lat' dir='ltr'><strong>cum</strong></span> <span class='ocrx_word' id='word_1_410' title='bbox 1548 4799 1756 4854; x_wconf 85' lang='lat' dir='ltr'><strong>claudet</strong></span> 
     </span>
    </p>
   </div>
   <div class='ocr_carea' id='block_1_50' title="bbox 157 4870 1757 4960">
    <p class='ocr_par' dir='ltr' id='par_1_50' title="bbox 157 4870 1757 4960">
     <span class='ocr_line' id='line_1_50' title="bbox 157 4870 1757 4960; baseline 0.002 -17"><span class='ocrx_word' id='word_1_411' title='bbox 157 4870 357 4960; x_wconf 78' lang='lat' dir='ltr'><strong>puteus</strong></span> <span class='ocrx_word' id='word_1_412' title='bbox 380 4904 443 4944; x_wconf 84' lang='lat' dir='ltr'><strong>os</strong></span> <span class='ocrx_word' id='word_1_413' title='bbox 470 4904 624 4944; x_wconf 88' lang='lat' dir='ltr'><strong>suum</strong></span> <span class='ocrx_word' id='word_1_414' title='bbox 650 4907 665 4957; x_wconf 89' lang='lat'><strong>_:</strong></span> <span class='ocrx_word' id='word_1_415' title='bbox 700 4897 758 4944; x_wconf 89' lang='lat' dir='ltr'><strong>ut</strong></span> <span class='ocrx_word' id='word_1_416' title='bbox 783 4899 867 4945; x_wconf 88' lang='lat' dir='ltr'><strong>est</strong></span> <span class='ocrx_word' id='word_1_417' title='bbox 898 4890 950 4944; x_wconf 91' lang='lat' dir='ltr'><strong>in</strong></span> <span class='ocrx_word' id='word_1_418' title='bbox 980 4891 1086 4943; x_wconf 86' lang='lat' dir='ltr'><strong>alio</strong></span> <span class='ocrx_word' id='word_1_419' title='bbox 1110 4889 1339 4960; x_wconf 84' lang='lat' dir='ltr'><strong>quodam</strong></span> <span class='ocrx_word' id='word_1_420' title='bbox 1383 4891 1591 4960; x_wconf 74' lang='lat' dir='ltr'><strong>psalttto</strong></span> <span class='ocrx_word' id='word_1_421' title='bbox 1618 4892 1757 4947; x_wconf 78' lang='lat' dir='ltr'><strong>scri-</strong></span> 
     </span>
    </p>
   </div>
   <div class='ocr_carea' id='block_1_51' title="bbox 157 4981 1753 5054">
    <p class='ocr_par' dir='ltr' id='par_1_51' title="bbox 157 4981 1753 5054">
     <span class='ocr_line' id='line_1_51' title="bbox 157 4981 1753 5054; baseline 0.001 -18"><span class='ocrx_word' id='word_1_422' title='bbox 157 4993 309 5054; x_wconf 89' lang='lat' dir='ltr'><strong>ptum</strong></span> <span class='ocrx_word' id='word_1_423' title='bbox 331 5022 347 5046; x_wconf 94' lang='lat'><strong>,</strong></span> <span class='ocrx_word' id='word_1_424' title='bbox 383 4981 459 5035; x_wconf 83' lang='lat' dir='ltr'><strong>De</strong></span> <span class='ocrx_word' id='word_1_425' title='bbox 485 4981 751 5051; x_wconf 81' lang='lat' dir='ltr'><strong>profundis</strong></span> <span class='ocrx_word' id='word_1_426' title='bbox 773 4982 988 5036; x_wconf 80' lang='lat' dir='ltr'><strong>clamavi</strong></span> <span class='ocrx_word' id='word_1_427' title='bbox 1025 4983 1093 5035; x_wconf 89' lang='lat' dir='ltr'><strong>ad</strong></span> <span class='ocrx_word' id='word_1_428' title='bbox 1113 4992 1194 5049; x_wconf 86' lang='lat' dir='ltr'><strong>te,</strong></span> <span class='ocrx_word' id='word_1_429' title='bbox 1226 4981 1478 5048; x_wconf 86' lang='lat' dir='ltr'><strong>Domine;</strong></span> <span class='ocrx_word' id='word_1_430' title='bbox 1503 4982 1753 5049; x_wconf 86' lang='lat' dir='ltr'><strong>Domine,</strong></span> 
     </span>
    </p>
   </div>
   <div class='ocr_carea' id='block_1_52' title="bbox 155 5075 1756 5147">
    <p class='ocr_par' dir='ltr' id='par_1_52' title="bbox 155 5075 1756 5147">
     <span class='ocr_line' id='line_1_52' title="bbox 155 5075 1756 5147; baseline -0.002 -15"><span class='ocrx_word' id='word_1_431' title='bbox 155 5076 350 5147; x_wconf 73' lang='lat' dir='ltr'><strong>exaudi</strong></span> <span class='ocrx_word' id='word_1_432' title='bbox 371 5091 537 5129; x_wconf 86' lang='lat' dir='ltr'><strong>vocem</strong></span> <span class='ocrx_word' id='word_1_433' title='bbox 554 5092 717 5129; x_wconf 86' lang='lat' dir='ltr'><strong>meam</strong></span> <span class='ocrx_word' id='word_1_434' title='bbox 733 5075 902 5145; x_wconf 83' lang='lat' dir='ltr'><strong>(Psal.</strong></span> <span class='ocrx_word' id='word_1_435' title='bbox 921 5090 1108 5142; x_wconf 83' lang='lat' dir='ltr'><strong>cxxtx,</strong></span> <span class='ocrx_word' id='word_1_436' title='bbox 1130 5078 1182 5141; x_wconf 77' lang='grc'><strong>1,</strong></span> <span class='ocrx_word' id='word_1_437' title='bbox 1200 5076 1280 5145; x_wconf 75' lang='grc'><strong>2).</strong></span> <span class='ocrx_word' id='word_1_438' title='bbox 1299 5076 1353 5129; x_wconf 89' lang='lat' dir='ltr'><strong>Si</strong></span> <span class='ocrx_word' id='word_1_439' title='bbox 1368 5085 1544 5129; x_wconf 87' lang='lat' dir='ltr'><strong>autem</strong></span> <span class='ocrx_word' id='word_1_440' title='bbox 1562 5075 1756 5131; x_wconf 88' lang='lat' dir='ltr'><strong>factum</strong></span> 
     </span>
    </p>
   </div>
   <div class='ocr_carea' id='block_1_53' title="bbox 171 5166 1759 5237">
    <p class='ocr_par' dir='ltr' id='par_1_53' title="bbox 171 5166 1759 5237">
     <span class='ocr_line' id='line_1_53' title="bbox 171 5166 1759 5237; baseline -0.003 -14"><span class='ocrx_word' id='word_1_441' title='bbox 171 5170 225 5223; x_wconf 88' lang='lat' dir='ltr'><strong>in</strong></span> <span class='ocrx_word' id='word_1_442' title='bbox 248 5168 340 5223; x_wconf 89' lang='lat' dir='ltr'><strong>illo</strong></span> <span class='ocrx_word' id='word_1_443' title='bbox 357 5166 515 5222; x_wconf 86' lang='lat' dir='ltr'><strong>fuerit</strong></span> <span class='ocrx_word' id='word_1_444' title='bbox 535 5166 675 5237; x_wconf 86' lang='lat' dir='ltr'><strong>quod</strong></span> <span class='ocrx_word' id='word_1_445' title='bbox 692 5167 794 5220; x_wconf 78' lang='lat' dir='ltr'><strong>alia</strong></span> <span class='ocrx_word' id='word_1_446' title='bbox 809 5167 1069 5221; x_wconf 89' lang='lat' dir='ltr'><strong>sententia</strong></span> <span class='ocrx_word' id='word_1_447' title='bbox 1080 5167 1365 5237; x_wconf 73' lang='lat' dir='ltr'><strong>Scriptura:</strong></span> <span class='ocrx_word' id='word_1_448' title='bbox 1377 5167 1526 5231; x_wconf 89' lang='lat' dir='ltr'><strong>dicit,</strong></span> <span class='ocrx_word' id='word_1_449' title='bbox 1569 5166 1759 5221; x_wconf 83' lang='lat' dir='ltr'><strong>Pecca-</strong></span> 
     </span>
    </p>
   </div>
   <div class='ocr_carea' id='block_1_54' title="bbox 155 5257 1755 5329">
    <p class='ocr_par' dir='ltr' id='par_1_54' title="bbox 155 5257 1755 5329">
     <span class='ocr_line' id='line_1_54' title="bbox 155 5257 1755 5329; baseline -0.001 -15"><span class='ocrx_word' id='word_1_450' title='bbox 155 5270 263 5324; x_wconf 74' lang='grc' dir='ltr'><strong>ιον,</strong></span> <span class='ocrx_word' id='word_1_451' title='bbox 276 5275 394 5313; x_wconf 85' lang='lat' dir='ltr'><strong>cum</strong></span> <span class='ocrx_word' id='word_1_452' title='bbox 409 5258 626 5312; x_wconf 77' lang='lat' dir='ltr'><strong>veneriti</strong></span> <span class='ocrx_word' id='word_1_453' title='bbox 630 5275 661 5310; x_wconf 84' lang='grc' dir='ltr'><strong>ιι</strong></span> <span class='ocrx_word' id='word_1_454' title='bbox 678 5257 988 5328; x_wconf 78' lang='lat' dir='ltr'><strong>profundum</strong></span> <span class='ocrx_word' id='word_1_455' title='bbox 1004 5258 1273 5317; x_wconf 84' lang='lat' dir='ltr'><strong>malorum.</strong></span> <span class='ocrx_word' id='word_1_456' title='bbox 1286 5269 1563 5313; x_wconf 84' lang='lat' dir='ltr'><strong>contemnet</strong></span> <span class='ocrx_word' id='word_1_457' title='bbox 1576 5259 1755 5329; x_wconf 88' lang='lat' dir='ltr'><strong>(Prov.</strong></span> 
     </span>
    </p>
   </div>
   <div class='ocr_carea' id='block_1_55' title="bbox 159 5350 1759 5419">
    <p class='ocr_par' dir='ltr' id='par_1_55' title="bbox 159 5350 1759 5419">
     <span class='ocr_line' id='line_1_55' title="bbox 159 5350 1759 5419; baseline -0.001 -13"><span class='ocrx_word' id='word_1_458' title='bbox 159 5367 292 5409; x_wconf 87' lang='lat' dir='ltr'><strong>xvnt</strong></span> <span class='ocrx_word' id='word_1_459' title='bbox 316 5390 334 5415; x_wconf 89' lang='lat'><strong>,</strong></span> <span class='ocrx_word' id='word_1_460' title='bbox 360 5351 395 5405; x_wconf 81' lang='lat'><strong>3</strong></span> <span class='ocrx_word' id='word_1_461' title='bbox 419 5352 436 5417; x_wconf 91' lang='lat'><strong>)</strong></span> <span class='ocrx_word' id='word_1_462' title='bbox 461 5365 477 5415; x_wconf 89' lang='lat'><strong>;</strong></span> <span class='ocrx_word' id='word_1_463' title='bbox 515 5350 711 5404; x_wconf 81' lang='lat' dir='ltr'><strong>clausit</strong></span> <span class='ocrx_word' id='word_1_464' title='bbox 736 5365 899 5419; x_wconf 80' lang='lat' dir='ltr'><strong>super</strong></span> <span class='ocrx_word' id='word_1_465' title='bbox 924 5366 1047 5404; x_wconf 84' lang='lat' dir='ltr'><strong>eum</strong></span> <span class='ocrx_word' id='word_1_466' title='bbox 1078 5360 1268 5419; x_wconf 75' lang='lat' dir='ltr'><strong>puteus</strong></span> <span class='ocrx_word' id='word_1_467' title='bbox 1290 5367 1353 5403; x_wconf 87' lang='lat' dir='ltr'><strong>os</strong></span> <span class='ocrx_word' id='word_1_468' title='bbox 1388 5366 1565 5403; x_wconf 90' lang='lat' dir='ltr'><strong>suum.</strong></span> <span class='ocrx_word' id='word_1_469' title='bbox 1583 5350 1759 5417; x_wconf 71' lang='lat' dir='ltr'><strong>cum</strong></span> 
     </span>
    </p>
   </div>
   <div class='ocr_carea' id='block_1_56' title="bbox 159 5441 1755 5508">
    <p class='ocr_par' dir='ltr' id='par_1_56' title="bbox 159 5441 1755 5508">
     <span class='ocr_line' id='line_1_56' title="bbox 159 5441 1755 5508; baseline -0.001 -12"><span class='ocrx_word' id='word_1_470' title='bbox 159 5444 355 5497; x_wconf 82' lang='lat' dir='ltr'><strong>clausit</strong></span> <span class='ocrx_word' id='word_1_471' title='bbox 379 5457 443 5496; x_wconf 86' lang='lat' dir='ltr'><strong>os</strong></span> <span class='ocrx_word' id='word_1_472' title='bbox 469 5441 667 5495; x_wconf 78' lang='lat' dir='ltr'><strong>suum?</strong></span> <span class='ocrx_word' id='word_1_473' title='bbox 692 5442 827 5508; x_wconf 84' lang='lat' dir='ltr'><strong>Quia</strong></span> <span class='ocrx_word' id='word_1_474' title='bbox 854 5441 1047 5497; x_wconf 80' lang='lat' dir='ltr'><strong>clausit</strong></span> <span class='ocrx_word' id='word_1_475' title='bbox 1072 5456 1137 5496; x_wconf 91' lang='lat' dir='ltr'><strong>os</strong></span> <span class='ocrx_word' id='word_1_476' title='bbox 1161 5442 1322 5496; x_wconf 90' lang='lat' dir='ltr'><strong>illius.</strong></span> <span class='ocrx_word' id='word_1_477' title='bbox 1356 5441 1589 5496; x_wconf 80' lang='lat' dir='ltr'><strong>Perdidit</strong></span> <span class='ocrx_word' id='word_1_478' title='bbox 1615 5442 1755 5495; x_wconf 85' lang='lat' dir='ltr'><strong>enim</strong></span> 
     </span>
    </p>
   </div>
   <div class='ocr_carea' id='block_1_57' title="bbox 159 5531 1759 5604">
    <p class='ocr_par' dir='ltr' id='par_1_57' title="bbox 159 5531 1759 5604">
     <span class='ocr_line' id='line_1_57' title="bbox 159 5531 1759 5604; baseline -0.002 -14"><span class='ocrx_word' id='word_1_479' title='bbox 159 5534 586 5598; x_wconf 85' lang='lat' dir='ltr'><strong>confessionem;</strong></span> <span class='ocrx_word' id='word_1_480' title='bbox 619 5548 748 5589; x_wconf 86' lang='lat' dir='ltr'><strong>vere</strong></span> <span class='ocrx_word' id='word_1_481' title='bbox 777 5542 1021 5588; x_wconf 88' lang='lat' dir='ltr'><strong>mortuus</strong></span> <span class='ocrx_word' id='word_1_482' title='bbox 1047 5543 1164 5598; x_wconf 87' lang='lat' dir='ltr'><strong>est,</strong></span> <span class='ocrx_word' id='word_1_483' title='bbox 1198 5531 1581 5604; x_wconf 83' lang='lat' dir='ltr'><strong>inipletnmque</strong></span> <span class='ocrx_word' id='word_1_484' title='bbox 1611 5534 1662 5587; x_wconf 92' lang='lat' dir='ltr'><strong>in</strong></span> <span class='ocrx_word' id='word_1_485' title='bbox 1692 5550 1759 5587; x_wconf 90' lang='lat' dir='ltr'><strong>co</strong></span> 
     </span>
    </p>
   </div>
   <div class='ocr_carea' id='block_1_58' title="bbox 160 5622 1755 5696">
    <p class='ocr_par' dir='ltr' id='par_1_58' title="bbox 160 5622 1755 5696">
     <span class='ocr_line' id='line_1_58' title="bbox 160 5622 1755 5696; baseline -0.003 -16"><span class='ocrx_word' id='word_1_486' title='bbox 160 5636 245 5680; x_wconf 82' lang='lat' dir='ltr'><strong>cst</strong></span> <span class='ocrx_word' id='word_1_487' title='bbox 271 5623 414 5696; x_wconf 88' lang='lat' dir='ltr'><strong>quod</strong></span> <span class='ocrx_word' id='word_1_488' title='bbox 439 5624 561 5679; x_wconf 81' lang='lat' dir='ltr'><strong>alibi</strong></span> <span class='ocrx_word' id='word_1_489' title='bbox 592 5625 788 5679; x_wconf 85' lang='lat' dir='ltr'><strong>dicitur</strong></span> <span class='ocrx_word' id='word_1_490' title='bbox 810 5642 825 5678; x_wconf 88' lang='lat'><strong>:</strong></span> <span class='ocrx_word' id='word_1_491' title='bbox 850 5622 892 5677; x_wconf 87' lang='grc' dir='ltr'><em>Α</em></span> <span class='ocrx_word' id='word_1_492' title='bbox 922 5633 1121 5678; x_wconf 89' lang='lat' dir='ltr'><strong>mortua</strong></span> <span class='ocrx_word' id='word_1_493' title='bbox 1144 5664 1161 5690; x_wconf 89' lang='lat'><strong>,</strong></span> <span class='ocrx_word' id='word_1_494' title='bbox 1209 5624 1342 5678; x_wconf 80' lang='lat' dir='ltr'><strong>velut</strong></span> <span class='ocrx_word' id='word_1_495' title='bbox 1390 5624 1479 5693; x_wconf 79' lang='lat' dir='ltr'><strong>qui</strong></span> <span class='ocrx_word' id='word_1_496' title='bbox 1514 5641 1614 5678; x_wconf 85' lang='lat' dir='ltr'><strong>non</strong></span> <span class='ocrx_word' id='word_1_497' title='bbox 1658 5624 1755 5689; x_wconf 87' lang='lat' dir='ltr'><strong>sit,</strong></span> 
     </span>
    </p>
   </div>
   <div class='ocr_carea' id='block_1_59' title="bbox 164 5714 1759 5790">
    <p class='ocr_par' dir='ltr' id='par_1_59' title="bbox 164 5714 1759 5790">
     <span class='ocr_line' id='line_1_59' title="bbox 164 5714 1759 5790; baseline -0.002 -18"><span class='ocrx_word' id='word_1_498' title='bbox 164 5720 289 5790; x_wconf 79' lang='lat' dir='ltr'><strong>perit</strong></span> <span class='ocrx_word' id='word_1_499' title='bbox 332 5718 584 5786; x_wconf 79' lang='lat' dir='ltr'><strong>confessio</strong></span> <span class='ocrx_word' id='word_1_500' title='bbox 622 5716 828 5783; x_wconf 78' lang='lat' dir='ltr'><strong>(Ereti.</strong></span> <span class='ocrx_word' id='word_1_501' title='bbox 859 5732 1007 5779; x_wconf 81' lang='lat' dir='ltr'><strong>xvu,</strong></span> <span class='ocrx_word' id='word_1_502' title='bbox 1052 5714 1123 5771; x_wconf 73' lang='lat'><strong>9.6</strong></span> <span class='ocrx_word' id='word_1_503' title='bbox 1142 5718 1181 5787; x_wconf 90' lang='lat'><strong>).</strong></span> <span class='ocrx_word' id='word_1_504' title='bbox 1212 5714 1489 5769; x_wconf 71' lang='lat' dir='ltr'><strong>Metttcnda</strong></span> <span class='ocrx_word' id='word_1_505' title='bbox 1534 5717 1630 5770; x_wconf 91' lang='lat' dir='ltr'><strong>ista</strong></span> <span class='ocrx_word' id='word_1_506' title='bbox 1676 5732 1759 5769; x_wconf 68' lang='lat' dir='ltr'><strong>res</strong></span> 
     </span>
    </p>
   </div>
   <div class='ocr_carea' id='block_1_60' title="bbox 172 5807 1753 5876">
    <p class='ocr_par' dir='ltr' id='par_1_60' title="bbox 172 5807 1753 5876">
     <span class='ocr_line' id='line_1_60' title="bbox 172 5807 1753 5876; baseline -0.001 -14"><span class='ocrx_word' id='word_1_507' title='bbox 172 5813 546 5876; x_wconf 78' lang='lat' dir='ltr'><strong>vehementer,</strong></span> <span class='ocrx_word' id='word_1_508' title='bbox 582 5809 794 5865; x_wconf 82' lang='lat' dir='ltr'><strong>fratres.</strong></span> <span class='ocrx_word' id='word_1_509' title='bbox 824 5808 880 5864; x_wconf 91' lang='lat' dir='ltr'><strong>Si</strong></span> <span class='ocrx_word' id='word_1_510' title='bbox 923 5809 1117 5864; x_wconf 83' lang='lat' dir='ltr'><strong>videris</strong></span> <span class='ocrx_word' id='word_1_511' title='bbox 1143 5807 1411 5862; x_wconf 83' lang='lat' dir='ltr'><strong>hominem</strong></span> <span class='ocrx_word' id='word_1_512' title='bbox 1440 5807 1627 5864; x_wconf 78' lang='lat' dir='ltr'><strong>fecisse</strong></span> <span class='ocrx_word' id='word_1_513' title='bbox 1656 5809 1753 5862; x_wconf 88' lang='lat' dir='ltr'><strong>ini-</strong></span> 
     </span>
    </p>
   </div>
   <div class='ocr_carea' id='block_1_61' title="bbox 1192 373 2323 451">
    <p class='ocr_par' dir='ltr' id='par_1_61' title="bbox 1192 373 2323 451">
     <span class='ocr_line' id='line_1_61' title="bbox 1192 373 2323 451; baseline -0.008 0"><span class='ocrx_word' id='word_1_514' title='bbox 1192 373 1588 451; x_wconf 74' lang='lat' dir='ltr'><strong>ENARBATIO</strong></span> <span class='ocrx_word' id='word_1_515' title='bbox 1625 389 1694 445; x_wconf 81' lang='lat' dir='ltr'><strong>IN</strong></span> <span class='ocrx_word' id='word_1_516' title='bbox 1729 388 2050 445; x_wconf 66' lang='grc' dir='ltr'>ινδιωιυιι</span> <span class='ocrx_word' id='word_1_517' title='bbox 2093 389 2323 446; x_wconf 78' lang='lat' dir='ltr'><strong>mut.</strong></span> 
     </span>
    </p>
   </div>
   <div class='ocr_carea' id='block_1_62' title="bbox 3352 398 3457 455">
    <p class='ocr_par' dir='ltr' id='par_1_62' title="bbox 3352 398 3457 455">
     <span class='ocr_line' id='line_1_62' title="bbox 3352 398 3457 455; baseline 0.01 -1"><span class='ocrx_word' id='word_1_518' title='bbox 3352 398 3457 455; x_wconf 72' lang='grc'><strong>854</strong></span> 
     </span>
    </p>
   </div>
   <div class='ocr_carea' id='block_1_63' title="bbox 1868 501 3465 578">
    <p class='ocr_par' dir='ltr' id='par_1_63' title="bbox 1868 501 3465 578">
     <span class='ocr_line' id='line_1_63' title="bbox 1868 501 3465 578; baseline 0.011 -29"><span class='ocrx_word' id='word_1_519' title='bbox 1868 501 2155 570; x_wconf 79' lang='lat' dir='ltr'><strong>quitatem,</strong></span> <span class='ocrx_word' id='word_1_520' title='bbox 2205 518 2415 558; x_wconf 86' lang='lat' dir='ltr'><strong>mersus</strong></span> <span class='ocrx_word' id='word_1_521' title='bbox 2444 513 2521 558; x_wconf 88' lang='lat' dir='ltr'><strong>est</strong></span> <span class='ocrx_word' id='word_1_522' title='bbox 2555 504 2605 558; x_wconf 89' lang='lat' dir='ltr'><strong>in</strong></span> <span class='ocrx_word' id='word_1_523' title='bbox 2637 516 2889 574; x_wconf 87' lang='lat' dir='ltr'><strong>puteum:</strong></span> <span class='ocrx_word' id='word_1_524' title='bbox 2922 508 3137 578; x_wconf 82' lang='lat' dir='ltr'><strong>quando</strong></span> <span class='ocrx_word' id='word_1_525' title='bbox 3166 519 3345 564; x_wconf 81' lang='lat' dir='ltr'><strong>autem</strong></span> <span class='ocrx_word' id='word_1_526' title='bbox 3386 512 3465 567; x_wconf 74' lang='lat' dir='ltr'><strong>illi</strong></span> 
     </span>
    </p>
   </div>
   <div class='ocr_carea' id='block_1_64' title="bbox 1864 592 3459 670">
    <p class='ocr_par' dir='ltr' id='par_1_64' title="bbox 1864 592 3459 670">
     <span class='ocr_line' id='line_1_64' title="bbox 1864 592 3459 670; baseline 0.006 -25"><span class='ocrx_word' id='word_1_527' title='bbox 1864 592 2062 669; x_wconf 79' lang='lat' dir='ltr'><strong>dixeris</strong></span> <span class='ocrx_word' id='word_1_528' title='bbox 2090 594 2420 664; x_wconf 85' lang='lat' dir='ltr'><strong>iniquitatem</strong></span> <span class='ocrx_word' id='word_1_529' title='bbox 2452 594 2645 663; x_wconf 88' lang='lat' dir='ltr'><strong>ipsius,</strong></span> <span class='ocrx_word' id='word_1_530' title='bbox 2679 608 2731 651; x_wconf 89' lang='lat' dir='ltr'><strong>ct</strong></span> <span class='ocrx_word' id='word_1_531' title='bbox 2757 598 2990 664; x_wconf 83' lang='lat' dir='ltr'><strong>dixerit,</strong></span> <span class='ocrx_word' id='word_1_532' title='bbox 3028 600 3162 654; x_wconf 78' lang='lat' dir='ltr'><strong>Vere</strong></span> <span class='ocrx_word' id='word_1_533' title='bbox 3201 616 3414 670; x_wconf 73' lang='lat' dir='ltr'><strong>peccari</strong></span> <span class='ocrx_word' id='word_1_534' title='bbox 3440 643 3459 665; x_wconf 90' lang='lat'><strong>,</strong></span> 
     </span>
    </p>
   </div>
   <div class='ocr_carea' id='block_1_65' title="bbox 1864 682 3453 756">
    <p class='ocr_par' dir='ltr' id='par_1_65' title="bbox 1864 682 3453 756">
     <span class='ocr_line' id='line_1_65' title="bbox 1864 682 3453 756; baseline 0.006 -21"><span class='ocrx_word' id='word_1_535' title='bbox 1864 682 2071 748; x_wconf 72' lang='lat' dir='ltr'><strong>fateor;</strong></span> <span class='ocrx_word' id='word_1_536' title='bbox 2102 699 2206 737; x_wconf 89' lang='lat' dir='ltr'><strong>non</strong></span> <span class='ocrx_word' id='word_1_537' title='bbox 2244 700 2407 753; x_wconf 80' lang='lat' dir='ltr'><strong>super</strong></span> <span class='ocrx_word' id='word_1_538' title='bbox 2431 701 2552 739; x_wconf 87' lang='lat' dir='ltr'><strong>cum</strong></span> <span class='ocrx_word' id='word_1_539' title='bbox 2592 686 2778 742; x_wconf 82' lang='lat' dir='ltr'><strong>clausit.</strong></span> <span class='ocrx_word' id='word_1_540' title='bbox 2810 700 2998 756; x_wconf 86' lang='lat' dir='ltr'><strong>puteus</strong></span> <span class='ocrx_word' id='word_1_541' title='bbox 3024 706 3086 743; x_wconf 81' lang='lat' dir='ltr'><strong>os</strong></span> <span class='ocrx_word' id='word_1_542' title='bbox 3111 708 3263 744; x_wconf 83' lang='lat' dir='ltr'><strong>suum</strong></span> <span class='ocrx_word' id='word_1_543' title='bbox 3290 710 3302 745; x_wconf 88' lang='lat'>:</span> <span class='ocrx_word' id='word_1_544' title='bbox 3333 708 3453 745; x_wconf 86' lang='lat' dir='ltr'><strong>cum</strong></span> 
     </span>
    </p>
   </div>
   <div class='ocr_carea' id='block_1_66' title="bbox 1864 772 3460 842">
    <p class='ocr_par' dir='ltr' id='par_1_66' title="bbox 1864 772 3460 842">
     <span class='ocr_line' id='line_1_66' title="bbox 1864 772 3460 842; baseline 0.007 -17"><span class='ocrx_word' id='word_1_545' title='bbox 1864 782 2042 827; x_wconf 84' lang='lat' dir='ltr'><strong>autem</strong></span> <span class='ocrx_word' id='word_1_546' title='bbox 2068 772 2263 827; x_wconf 87' lang='lat' dir='ltr'><strong>videris</strong></span> <span class='ocrx_word' id='word_1_547' title='bbox 2306 789 2428 829; x_wconf 89' lang='lat' dir='ltr'><strong>eum</strong></span> <span class='ocrx_word' id='word_1_548' title='bbox 2472 774 2648 829; x_wconf 85' lang='lat' dir='ltr'><strong>dicere</strong></span> <span class='ocrx_word' id='word_1_549' title='bbox 2668 819 2681 838; x_wconf 89' lang='lat'><strong>,</strong></span> <span class='ocrx_word' id='word_1_550' title='bbox 2726 777 2860 842; x_wconf 88' lang='lat' dir='ltr'><strong>Quid</strong></span> <span class='ocrx_word' id='word_1_551' title='bbox 2889 782 3030 833; x_wconf 76' lang='lat' dir='ltr'><strong>enim</strong></span> <span class='ocrx_word' id='word_1_552' title='bbox 3061 783 3183 833; x_wconf 84' lang='lat' dir='ltr'><strong>mali</strong></span> <span class='ocrx_word' id='word_1_553' title='bbox 3215 782 3348 836; x_wconf 87' lang='lat' dir='ltr'><strong>feci?</strong></span> <span class='ocrx_word' id='word_1_554' title='bbox 3381 785 3460 836; x_wconf 51' lang='lat' dir='ltr'><strong>la-</strong></span> 
     </span>
    </p>
   </div>
   <div class='ocr_carea' id='block_1_67' title="bbox 1863 864 3453 941">
    <p class='ocr_par' dir='ltr' id='par_1_67' title="bbox 1863 864 3453 941">
     <span class='ocr_line' id='line_1_67' title="bbox 1863 864 3453 941; baseline 0.005 -23"><span class='ocrx_word' id='word_1_555' title='bbox 1863 874 1981 919; x_wconf 87' lang='lat' dir='ltr'><strong>ctus</strong></span> <span class='ocrx_word' id='word_1_556' title='bbox 2012 873 2096 919; x_wconf 78' lang='lat' dir='ltr'><strong>est</strong></span> <span class='ocrx_word' id='word_1_557' title='bbox 2120 864 2374 920; x_wconf 82' lang='lat' dir='ltr'><strong>defensor</strong></span> <span class='ocrx_word' id='word_1_558' title='bbox 2403 867 2605 935; x_wconf 84' lang='lat' dir='ltr'><strong>peceati</strong></span> <span class='ocrx_word' id='word_1_559' title='bbox 2635 869 2749 932; x_wconf 91' lang='lat' dir='ltr'><strong>sui;</strong></span> <span class='ocrx_word' id='word_1_560' title='bbox 2798 870 2986 925; x_wconf 88' lang='lat' dir='ltr'><strong>clausit</strong></span> <span class='ocrx_word' id='word_1_561' title='bbox 3012 887 3171 940; x_wconf 86' lang='lat' dir='ltr'><strong>super</strong></span> <span class='ocrx_word' id='word_1_562' title='bbox 3201 889 3325 927; x_wconf 88' lang='lat' dir='ltr'><strong>cum</strong></span> <span class='ocrx_word' id='word_1_563' title='bbox 3355 889 3453 941; x_wconf 86' lang='lat' dir='ltr'><strong>pu-</strong></span> 
     </span>
    </p>
   </div>
   <div class='ocr_carea' id='block_1_68' title="bbox 1867 959 3456 1027">
    <p class='ocr_par' dir='ltr' id='par_1_68' title="bbox 1867 959 3456 1027">
     <span class='ocr_line' id='line_1_68' title="bbox 1867 959 3456 1027; baseline 0.005 -19"><span class='ocrx_word' id='word_1_564' title='bbox 1867 960 1998 1009; x_wconf 77' lang='lat' dir='ltr'><strong>teus&#39;</strong></span> <span class='ocrx_word' id='word_1_565' title='bbox 2020 971 2081 1009; x_wconf 89' lang='lat' dir='ltr'><strong>os</strong></span> <span class='ocrx_word' id='word_1_566' title='bbox 2109 970 2298 1017; x_wconf 85' lang='lat' dir='ltr'><strong>suum,</strong></span> <span class='ocrx_word' id='word_1_567' title='bbox 2342 972 2443 1027; x_wconf 89' lang='lat' dir='ltr'><strong>qua</strong></span> <span class='ocrx_word' id='word_1_568' title='bbox 2475 966 2693 1011; x_wconf 87' lang='lat' dir='ltr'><strong>eruatur</strong></span> <span class='ocrx_word' id='word_1_569' title='bbox 2717 976 2820 1012; x_wconf 85' lang='lat' dir='ltr'><strong>non</strong></span> <span class='ocrx_word' id='word_1_570' title='bbox 2854 959 3030 1014; x_wconf 82' lang='lat' dir='ltr'><strong>habet.</strong></span> <span class='ocrx_word' id='word_1_571' title='bbox 3070 964 3277 1015; x_wconf 81' lang='lat' dir='ltr'><strong>Amissa</strong></span> <span class='ocrx_word' id='word_1_572' title='bbox 3323 982 3422 1017; x_wconf 84' lang='lat' dir='ltr'><strong>con</strong></span> <span class='ocrx_word' id='word_1_573' title='bbox 3442 995 3456 1005; x_wconf 80' lang='grc' dir='ltr'><strong><em>ο</em></strong></span> 
     </span>
    </p>
   </div>
   <div class='ocr_carea' id='block_1_69' title="bbox 1864 1044 3458 1113">
    <p class='ocr_par' dir='ltr' id='par_1_69' title="bbox 1864 1044 3458 1113">
     <span class='ocr_line' id='line_1_69' title="bbox 1864 1044 3458 1113; baseline 0.006 -14"><span class='ocrx_word' id='word_1_574' title='bbox 1864 1044 2135 1113; x_wconf 63' lang='lat' dir='ltr'><strong>fossione,</strong></span> <span class='ocrx_word' id='word_1_575' title='bbox 2181 1062 2287 1101; x_wconf 90' lang='lat' dir='ltr'><strong>non</strong></span> <span class='ocrx_word' id='word_1_576' title='bbox 2331 1048 2434 1103; x_wconf 88' lang='lat' dir='ltr'><strong>erit</strong></span> <span class='ocrx_word' id='word_1_577' title='bbox 2474 1048 2626 1103; x_wconf 81' lang='lat' dir='ltr'><strong>locus</strong></span> <span class='ocrx_word' id='word_1_578' title='bbox 2669 1050 3073 1106; x_wconf 65' lang='lat' dir='ltr'><strong>tttiscricordiat.</strong></span> <span class='ocrx_word' id='word_1_579' title='bbox 3100 1054 3178 1107; x_wconf 87' lang='lat' dir='ltr'><strong>&#39;l‘n</strong></span> <span class='ocrx_word' id='word_1_580' title='bbox 3209 1056 3378 1108; x_wconf 85' lang='lat' dir='ltr'><strong>factus</strong></span> <span class='ocrx_word' id='word_1_581' title='bbox 3402 1072 3458 1109; x_wconf 87' lang='lat' dir='ltr'><strong>es</strong></span> 
     </span>
    </p>
   </div>
   <div class='ocr_carea' id='block_1_70' title="bbox 1865 1136 3460 1209">
    <p class='ocr_par' dir='ltr' id='par_1_70' title="bbox 1865 1136 3460 1209">
     <span class='ocr_line' id='line_1_70' title="bbox 1865 1136 3460 1209; baseline 0.007 -22"><span class='ocrx_word' id='word_1_582' title='bbox 1865 1139 2066 1207; x_wconf 81' lang='lat' dir='ltr'><strong>peccati</strong></span> <span class='ocrx_word' id='word_1_583' title='bbox 2098 1137 2172 1191; x_wconf 89' lang='lat' dir='ltr'><strong>tui</strong></span> <span class='ocrx_word' id='word_1_584' title='bbox 2201 1136 2492 1200; x_wconf 85' lang='lat' dir='ltr'><strong>defensor;</strong></span> <span class='ocrx_word' id='word_1_585' title='bbox 2538 1142 2807 1209; x_wconf 85' lang='lat' dir='ltr'><strong>quomodo</strong></span> <span class='ocrx_word' id='word_1_586' title='bbox 2846 1144 2948 1199; x_wconf 91' lang='lat' dir='ltr'><strong>erit</strong></span> <span class='ocrx_word' id='word_1_587' title='bbox 2981 1144 3118 1198; x_wconf 86' lang='lat' dir='ltr'><strong>Deus</strong></span> <span class='ocrx_word' id='word_1_588' title='bbox 3167 1146 3460 1200; x_wconf 75' lang='lat' dir='ltr'><strong>liberator?</strong></span> 
     </span>
    </p>
   </div>
   <div class='ocr_carea' id='block_1_71' title="bbox 1868 1225 3172 1300">
    <p class='ocr_par' dir='ltr' id='par_1_71' title="bbox 1868 1225 3172 1300">
     <span class='ocr_line' id='line_1_71' title="bbox 1868 1225 3172 1300; baseline 0.007 -19"><span class='ocrx_word' id='word_1_589' title='bbox 1868 1225 1929 1281; x_wconf 90' lang='lat' dir='ltr'><strong>Ut</strong></span> <span class='ocrx_word' id='word_1_590' title='bbox 1962 1241 2091 1296; x_wconf 65' lang='lat' dir='ltr'><strong>ergo</strong></span> <span class='ocrx_word' id='word_1_591' title='bbox 2118 1229 2187 1282; x_wconf 89' lang='lat' dir='ltr'><strong>sit</strong></span> <span class='ocrx_word' id='word_1_592' title='bbox 2215 1229 2302 1284; x_wconf 84' lang='lat' dir='ltr'><strong>ille</strong></span> <span class='ocrx_word' id='word_1_593' title='bbox 2326 1230 2612 1300; x_wconf 84' lang='lat' dir='ltr'><strong>liberator,</strong></span> <span class='ocrx_word' id='word_1_594' title='bbox 2647 1242 2700 1287; x_wconf 90' lang='lat' dir='ltr'><strong>tu</strong></span> <span class='ocrx_word' id='word_1_595' title='bbox 2727 1244 2843 1288; x_wconf 86' lang='lat' dir='ltr'><strong>esto</strong></span> <span class='ocrx_word' id='word_1_596' title='bbox 2868 1246 3172 1293; x_wconf 86' lang='lat' dir='ltr'><strong>accusator.</strong></span> 
     </span>
    </p>
   </div>
   <div class='ocr_carea' id='block_1_72' title="bbox 2529 1429 2791 1470">
    <p class='ocr_par' dir='ltr' id='par_1_72' title="bbox 2529 1429 2791 1470">
     <span class='ocr_line' id='line_1_72' title="bbox 2529 1429 2791 1470; baseline 0 -3"><span class='ocrx_word' id='word_1_597' title='bbox 2529 1429 2700 1468; x_wconf 66' lang='grc' dir='ltr'><strong>5138Βο</strong></span> <span class='ocrx_word' id='word_1_598' title='bbox 2733 1431 2791 1470; x_wconf 85' lang='grc' dir='ltr'>ιι.</span> 
     </span>
    </p>
   </div>
   <div class='ocr_carea' id='block_1_73' title="bbox 2152 1558 3165 1638">
    <p class='ocr_par' dir='ltr' id='par_1_73' title="bbox 2152 1558 3165 1638">
     <span class='ocr_line' id='line_1_73' title="bbox 2152 1558 3165 1638; baseline 0.006 -22"><span class='ocrx_word' id='word_1_599' title='bbox 2152 1564 2225 1619; x_wconf 82' lang='lat' dir='ltr'><strong>De</strong></span> <span class='ocrx_word' id='word_1_600' title='bbox 2239 1567 2511 1635; x_wconf 80' lang='lat' dir='ltr'><strong>pastcriore</strong></span> <span class='ocrx_word' id='word_1_601' title='bbox 2538 1577 2681 1637; x_wconf 84' lang='lat' dir='ltr'><strong>parte</strong></span> <span class='ocrx_word' id='word_1_602' title='bbox 2696 1567 2921 1638; x_wconf 85' lang='lat' dir='ltr'><strong>ejusdem</strong></span> <span class='ocrx_word' id='word_1_603' title='bbox 2945 1558 3165 1623; x_wconf 77' lang='lat' dir='ltr'><strong>Psalmi.</strong></span> 
     </span>
    </p>
   </div>
   <div class='ocr_carea' id='block_1_74' title="bbox 1942 1719 3457 1805">
    <p class='ocr_par' dir='ltr' id='par_1_74' title="bbox 1942 1719 3457 1805">
     <span class='ocr_line' id='line_1_74' title="bbox 1942 1719 3457 1805; baseline 0.005 -31"><span class='ocrx_word' id='word_1_604' title='bbox 1942 1721 1988 1775; x_wconf 79' lang='grc' dir='ltr'><strong>ί.</strong></span> <span class='ocrx_word' id='word_1_605' title='bbox 2031 1719 2192 1792; x_wconf 67' lang='grc' dir='ltr'><strong>[τετε.</strong></span> <span class='ocrx_word' id='word_1_606' title='bbox 2227 1720 2316 1788; x_wconf 71' lang='grc' dir='ltr'><strong>ιϐ,</strong></span> <span class='ocrx_word' id='word_1_607' title='bbox 2345 1719 2473 1794; x_wconf 76' lang='grc'><strong>17.]</strong></span> <span class='ocrx_word' id='word_1_608' title='bbox 2506 1722 2785 1805; x_wconf 61' lang='grc' dir='ltr'><strong>ξοςιειιίοι·</strong></span> <span class='ocrx_word' id='word_1_609' title='bbox 2827 1739 2949 1793; x_wconf 84' lang='lat' dir='ltr'><strong>pars</strong></span> <span class='ocrx_word' id='word_1_610' title='bbox 2995 1725 3184 1796; x_wconf 87' lang='lat' dir='ltr'><strong>psalmi</strong></span> <span class='ocrx_word' id='word_1_611' title='bbox 3236 1725 3303 1781; x_wconf 85' lang='lat' dir='ltr'><strong>de</strong></span> <span class='ocrx_word' id='word_1_612' title='bbox 3352 1743 3457 1797; x_wconf 90' lang='lat' dir='ltr'><strong>quo</strong></span> 
     </span>
    </p>
   </div>
   <div class='ocr_carea' id='block_1_75' title="bbox 1866 1812 3462 1883">
    <p class='ocr_par' dir='ltr' id='par_1_75' title="bbox 1866 1812 3462 1883">
     <span class='ocr_line' id='line_1_75' title="bbox 1866 1812 3462 1883; baseline 0.006 -18"><span class='ocrx_word' id='word_1_613' title='bbox 1866 1812 2117 1869; x_wconf 84' lang='lat' dir='ltr'><strong>hesterno</strong></span> <span class='ocrx_word' id='word_1_614' title='bbox 2159 1813 2247 1869; x_wconf 88' lang='lat' dir='ltr'><strong>die</strong></span> <span class='ocrx_word' id='word_1_615' title='bbox 2286 1815 2445 1869; x_wconf 89' lang='lat' dir='ltr'><strong>locuti</strong></span> <span class='ocrx_word' id='word_1_616' title='bbox 2485 1830 2669 1869; x_wconf 88' lang='lat' dir='ltr'><strong>sumus</strong></span> <span class='ocrx_word' id='word_1_617' title='bbox 2707 1816 2966 1871; x_wconf 86' lang='lat' dir='ltr'><strong>Charitati</strong></span> <span class='ocrx_word' id='word_1_618' title='bbox 3012 1817 3214 1873; x_wconf 72' lang='lat' dir='ltr'><strong>Vestra:</strong></span> <span class='ocrx_word' id='word_1_619' title='bbox 3245 1861 3258 1883; x_wconf 91' lang='lat'><strong>,</strong></span> <span class='ocrx_word' id='word_1_620' title='bbox 3306 1813 3462 1875; x_wconf 82' lang='lat' dir='ltr'><strong>hodie</strong></span> 
     </span>
    </p>
   </div>
   <div class='ocr_carea' id='block_1_76' title="bbox 1866 1903 3459 1979">
    <p class='ocr_par' dir='ltr' id='par_1_76' title="bbox 1866 1903 3459 1979">
     <span class='ocr_line' id='line_1_76' title="bbox 1866 1903 3459 1979; baseline 0.004 -21"><span class='ocrx_word' id='word_1_621' title='bbox 1866 1903 2020 1959; x_wconf 87' lang='lat' dir='ltr'><strong>nobis</strong></span> <span class='ocrx_word' id='word_1_622' title='bbox 2057 1905 2369 1974; x_wconf 85' lang='lat' dir='ltr'><strong>explicanda</strong></span> <span class='ocrx_word' id='word_1_623' title='bbox 2404 1917 2758 1962; x_wconf 83' lang='lat' dir='ltr'><strong>remanserat.</strong></span> <span class='ocrx_word' id='word_1_624' title='bbox 2800 1907 2869 1962; x_wconf 84' lang='lat' dir='ltr'><strong>Et</strong></span> <span class='ocrx_word' id='word_1_625' title='bbox 2906 1908 3063 1965; x_wconf 89' lang='lat' dir='ltr'><strong>video</strong></span> <span class='ocrx_word' id='word_1_626' title='bbox 3091 1926 3211 1965; x_wconf 87' lang='lat' dir='ltr'><strong>esse</strong></span> <span class='ocrx_word' id='word_1_627' title='bbox 3249 1919 3459 1979; x_wconf 86' lang='lat' dir='ltr'><strong>tempus</strong></span> 
     </span>
    </p>
   </div>
   <div class='ocr_carea' id='block_1_77' title="bbox 1866 1997 3465 2069">
    <p class='ocr_par' dir='ltr' id='par_1_77' title="bbox 1866 1997 3465 2069">
     <span class='ocr_line' id='line_1_77' title="bbox 1866 1997 3465 2069; baseline 0.002 -18"><span class='ocrx_word' id='word_1_628' title='bbox 1866 1997 2124 2052; x_wconf 89' lang='lat' dir='ltr'><strong>reddendi</strong></span> <span class='ocrx_word' id='word_1_629' title='bbox 2172 1997 2378 2064; x_wconf 85' lang='lat' dir='ltr'><strong>debiti,</strong></span> <span class='ocrx_word' id='word_1_630' title='bbox 2409 1998 2454 2053; x_wconf 88' lang='lat' dir='ltr'><strong>si</strong></span> <span class='ocrx_word' id='word_1_631' title='bbox 2500 2007 2678 2053; x_wconf 88' lang='lat' dir='ltr'><strong>tamen</strong></span> <span class='ocrx_word' id='word_1_632' title='bbox 2724 2001 2843 2068; x_wconf 88' lang='lat' dir='ltr'><strong>ejus</strong></span> <span class='ocrx_word' id='word_1_633' title='bbox 2893 1998 3167 2069; x_wconf 88' lang='lat' dir='ltr'><strong>proliritas</strong></span> <span class='ocrx_word' id='word_1_634' title='bbox 3209 2016 3314 2055; x_wconf 88' lang='lat' dir='ltr'><strong>non</strong></span> <span class='ocrx_word' id='word_1_635' title='bbox 3365 2018 3465 2055; x_wconf 84' lang='lat' dir='ltr'><strong>nos</strong></span> 
     </span>
    </p>
   </div>
   <div class='ocr_carea' id='block_1_78' title="bbox 1866 2089 3457 2164">
    <p class='ocr_par' dir='ltr' id='par_1_78' title="bbox 1866 2089 3457 2164">
     <span class='ocr_line' id='line_1_78' title="bbox 1866 2089 3457 2164; baseline 0.003 -20"><span class='ocrx_word' id='word_1_636' title='bbox 1866 2091 2025 2144; x_wconf 88' lang='lat' dir='ltr'><strong>etiam</strong></span> <span class='ocrx_word' id='word_1_637' title='bbox 2060 2089 2218 2145; x_wconf 87' lang='lat' dir='ltr'><strong>hodie</strong></span> <span class='ocrx_word' id='word_1_638' title='bbox 2254 2090 2529 2146; x_wconf 88' lang='lat' dir='ltr'><strong>debitores</strong></span> <span class='ocrx_word' id='word_1_639' title='bbox 2560 2092 2854 2160; x_wconf 84' lang='lat' dir='ltr'><strong>reliquerit.</strong></span> <span class='ocrx_word' id='word_1_640' title='bbox 2907 2093 3084 2164; x_wconf 87' lang='lat' dir='ltr'><strong>Itaque</strong></span> <span class='ocrx_word' id='word_1_641' title='bbox 3121 2093 3222 2147; x_wconf 81' lang='lat' dir='ltr'><strong>hoc</strong></span> <span class='ocrx_word' id='word_1_642' title='bbox 3265 2093 3457 2162; x_wconf 68' lang='lat' dir='ltr'><strong>praelo-</strong></span> 
     </span>
    </p>
   </div>
   <div class='ocr_carea' id='block_1_79' title="bbox 1866 2181 3458 2252">
    <p class='ocr_par' dir='ltr' id='par_1_79' title="bbox 1866 2181 3458 2252">
     <span class='ocr_line' id='line_1_79' title="bbox 1866 2181 3458 2252; baseline 0.003 -22"><span class='ocrx_word' id='word_1_643' title='bbox 1866 2195 2034 2248; x_wconf 83' lang='lat' dir='ltr'><strong>qttor,</strong></span> <span class='ocrx_word' id='word_1_644' title='bbox 2066 2188 2120 2234; x_wconf 89' lang='lat' dir='ltr'><strong>et</strong></span> <span class='ocrx_word' id='word_1_645' title='bbox 2150 2190 2271 2250; x_wconf 85' lang='lat' dir='ltr'><strong>pcto</strong></span> <span class='ocrx_word' id='word_1_646' title='bbox 2302 2197 2371 2236; x_wconf 83' lang='lat' dir='ltr'><strong>ne</strong></span> <span class='ocrx_word' id='word_1_647' title='bbox 2409 2181 2720 2236; x_wconf 86' lang='lat' dir='ltr'><strong>diuturnum</strong></span> <span class='ocrx_word' id='word_1_648' title='bbox 2768 2197 3067 2238; x_wconf 70' lang='lat' dir='ltr'><strong>sermonem</strong></span> <span class='ocrx_word' id='word_1_649' title='bbox 3118 2183 3169 2237; x_wconf 88' lang='lat' dir='ltr'><strong>in</strong></span> <span class='ocrx_word' id='word_1_650' title='bbox 3211 2184 3295 2238; x_wconf 85' lang='lat' dir='ltr'><strong>bis</strong></span> <span class='ocrx_word' id='word_1_651' title='bbox 3337 2199 3458 2252; x_wconf 77' lang='lat' dir='ltr'><strong>qua:</strong></span> 
     </span>
    </p>
   </div>
   <div class='ocr_carea' id='block_1_80' title="bbox 1866 2270 3460 2346">
    <p class='ocr_par' dir='ltr' id='par_1_80' title="bbox 1866 2270 3460 2346">
     <span class='ocr_line' id='line_1_80' title="bbox 1866 2270 3460 2346; baseline 0.003 -21"><span class='ocrx_word' id='word_1_652' title='bbox 1866 2270 2145 2325; x_wconf 85' lang='lat' dir='ltr'><strong>manifesta</strong></span> <span class='ocrx_word' id='word_1_653' title='bbox 2175 2282 2299 2327; x_wconf 88' lang='lat' dir='ltr'><strong>sunt</strong></span> <span class='ocrx_word' id='word_1_654' title='bbox 2318 2278 2665 2343; x_wconf 79' lang='lat' dir='ltr'><strong>exSpectetis.</strong></span> <span class='ocrx_word' id='word_1_655' title='bbox 2697 2273 2772 2327; x_wconf 80' lang='lat' dir='ltr'><strong>ita</strong></span> <span class='ocrx_word' id='word_1_656' title='bbox 2801 2274 2941 2329; x_wconf 82' lang='lat' dir='ltr'><strong>enim</strong></span> <span class='ocrx_word' id='word_1_657' title='bbox 2982 2290 3254 2346; x_wconf 80' lang='lat' dir='ltr'><strong>possumus</strong></span> <span class='ocrx_word' id='word_1_658' title='bbox 3279 2275 3333 2329; x_wconf 94' lang='lat' dir='ltr'><strong>in</strong></span> <span class='ocrx_word' id='word_1_659' title='bbox 3361 2274 3460 2331; x_wconf 89' lang='lat' dir='ltr'><strong>ob-</strong></span> 
     </span>
    </p>
   </div>
   <div class='ocr_carea' id='block_1_81' title="bbox 1866 2366 3462 2437">
    <p class='ocr_par' dir='ltr' id='par_1_81' title="bbox 1866 2366 3462 2437">
     <span class='ocr_line' id='line_1_81' title="bbox 1866 2366 3462 2437; baseline 0.003 -19"><span class='ocrx_word' id='word_1_660' title='bbox 1866 2366 2195 2419; x_wconf 82' lang='lat' dir='ltr'><strong>scurioribus</strong></span> <span class='ocrx_word' id='word_1_661' title='bbox 2222 2369 2536 2422; x_wconf 83' lang='lat' dir='ltr'><strong>necessitate</strong></span> <span class='ocrx_word' id='word_1_662' title='bbox 2562 2368 2856 2432; x_wconf 85' lang='lat' dir='ltr'><strong>immorari,</strong></span> <span class='ocrx_word' id='word_1_663' title='bbox 2876 2380 2933 2423; x_wconf 90' lang='lat' dir='ltr'><strong>et</strong></span> <span class='ocrx_word' id='word_1_664' title='bbox 2961 2369 3182 2422; x_wconf 81' lang='lat' dir='ltr'><strong>fortasse</strong></span> <span class='ocrx_word' id='word_1_665' title='bbox 3209 2368 3462 2437; x_wconf 87' lang='lat' dir='ltr'><strong>supplere</strong></span> 
     </span>
    </p>
   </div>
   <div class='ocr_carea' id='block_1_82' title="bbox 1864 2457 3458 2525">
    <p class='ocr_par' dir='ltr' id='par_1_82' title="bbox 1864 2457 3458 2525">
     <span class='ocr_line' id='line_1_82' title="bbox 1864 2457 3458 2525; baseline 0.004 -17"><span class='ocrx_word' id='word_1_666' title='bbox 1864 2457 2006 2525; x_wconf 89' lang='lat' dir='ltr'><strong>quod</strong></span> <span class='ocrx_word' id='word_1_667' title='bbox 2037 2457 2298 2513; x_wconf 88' lang='lat' dir='ltr'><strong>debemus</strong></span> <span class='ocrx_word' id='word_1_668' title='bbox 2319 2499 2338 2524; x_wconf 89' lang='lat'><strong>,</strong></span> <span class='ocrx_word' id='word_1_669' title='bbox 2368 2468 2427 2513; x_wconf 90' lang='lat' dir='ltr'><strong>ut</strong></span> <span class='ocrx_word' id='word_1_670' title='bbox 2465 2459 2586 2514; x_wconf 88' lang='lat' dir='ltr'><strong>aliis</strong></span> <span class='ocrx_word' id='word_1_671' title='bbox 2612 2459 2804 2514; x_wconf 89' lang='lat' dir='ltr'><strong>diebus</strong></span> <span class='ocrx_word' id='word_1_672' title='bbox 2831 2460 2932 2515; x_wconf 85' lang='lat' dir='ltr'><strong>alia</strong></span> <span class='ocrx_word' id='word_1_673' title='bbox 2967 2460 3253 2515; x_wconf 79' lang='lat' dir='ltr'><strong>debeamus</strong></span> <span class='ocrx_word' id='word_1_674' title='bbox 3277 2500 3291 2522; x_wconf 87' lang='lat'><strong>,</strong></span> <span class='ocrx_word' id='word_1_675' title='bbox 3333 2460 3458 2514; x_wconf 72' lang='lat' dir='ltr'><strong>alia«</strong></span> 
     </span>
    </p>
   </div>
   <div class='ocr_carea' id='block_1_83' title="bbox 1865 2549 3461 2620">
    <p class='ocr_par' dir='ltr' id='par_1_83' title="bbox 1865 2549 3461 2620">
     <span class='ocr_line' id='line_1_83' title="bbox 1865 2549 3461 2620; baseline 0.003 -21"><span class='ocrx_word' id='word_1_676' title='bbox 1865 2565 1969 2617; x_wconf 87' lang='lat' dir='ltr'><strong>que</strong></span> <span class='ocrx_word' id='word_1_677' title='bbox 1998 2549 2306 2604; x_wconf 83' lang='lat' dir='ltr'><strong>reddamus.</strong></span> <span class='ocrx_word' id='word_1_678' title='bbox 2340 2549 2627 2604; x_wconf 86' lang='lat' dir='ltr'><strong>Videamus</strong></span> <span class='ocrx_word' id='word_1_679' title='bbox 2656 2565 2784 2620; x_wconf 78' lang='lat' dir='ltr'><strong>ergo</strong></span> <span class='ocrx_word' id='word_1_680' title='bbox 2808 2566 2930 2620; x_wconf 64' lang='lat' dir='ltr'><strong>quae</strong></span> <span class='ocrx_word' id='word_1_681' title='bbox 2958 2561 3273 2619; x_wconf 86' lang='lat' dir='ltr'><strong>sequuntur.</strong></span> <span class='ocrx_word' id='word_1_682' title='bbox 3304 2550 3461 2606; x_wconf 88' lang='lat' dir='ltr'><strong>Post-</strong></span> 
     </span>
    </p>
   </div>
   <div class='ocr_carea' id='block_1_84' title="bbox 1867 2640 3467 2712">
    <p class='ocr_par' dir='ltr' id='par_1_84' title="bbox 1867 2640 3467 2712">
     <span class='ocr_line' id='line_1_84' title="bbox 1867 2640 3467 2712; baseline 0.001 -17"><span class='ocrx_word' id='word_1_683' title='bbox 1867 2654 2089 2709; x_wconf 86' lang='lat' dir='ltr'><strong>eaquam</strong></span> <span class='ocrx_word' id='word_1_684' title='bbox 2146 2640 2320 2706; x_wconf 90' lang='lat' dir='ltr'><strong>dixit,</strong></span> <span class='ocrx_word' id='word_1_685' title='bbox 2369 2640 2547 2711; x_wconf 83' lang='lat' dir='ltr'><strong>Neque</strong></span> <span class='ocrx_word' id='word_1_686' title='bbox 2595 2654 2813 2697; x_wconf 78' lang='lat' dir='ltr'><strong>coarctat</strong></span> <span class='ocrx_word' id='word_1_687' title='bbox 2859 2660 3012 2712; x_wconf 81' lang='lat' dir='ltr'><strong>super</strong></span> <span class='ocrx_word' id='word_1_688' title='bbox 3060 2659 3137 2696; x_wconf 88' lang='lat' dir='ltr'><strong>me</strong></span> <span class='ocrx_word' id='word_1_689' title='bbox 3185 2651 3366 2711; x_wconf 78' lang='lat' dir='ltr'><strong>puteus</strong></span> <span class='ocrx_word' id='word_1_690' title='bbox 3409 2660 3467 2697; x_wconf 87' lang='lat' dir='ltr'><strong>os</strong></span> 
     </span>
    </p>
   </div>
   <div class='ocr_carea' id='block_1_85' title="bbox 1866 2728 3469 2800">
    <p class='ocr_par' dir='ltr' id='par_1_85' title="bbox 1866 2728 3469 2800">
     <span class='ocr_line' id='line_1_85' title="bbox 1866 2728 3469 2800; baseline 0.004 -19"><span class='ocrx_word' id='word_1_691' title='bbox 1866 2746 2049 2795; x_wconf 84' lang='lat' dir='ltr'><strong>suum;</strong></span> <span class='ocrx_word' id='word_1_692' title='bbox 2077 2729 2219 2800; x_wconf 85' lang='lat' dir='ltr'><strong>quod</strong></span> <span class='ocrx_word' id='word_1_693' title='bbox 2256 2728 2515 2785; x_wconf 85' lang='lat' dir='ltr'><strong>hesterno</strong></span> <span class='ocrx_word' id='word_1_694' title='bbox 2557 2732 2645 2786; x_wconf 91' lang='lat' dir='ltr'><strong>die</strong></span> <span class='ocrx_word' id='word_1_695' title='bbox 2687 2732 3182 2787; x_wconf 84' lang='lat' dir='ltr'><strong>commendavimus</strong></span> <span class='ocrx_word' id='word_1_696' title='bbox 3205 2732 3469 2788; x_wconf 83' lang='lat' dir='ltr'><strong>Cbaritati</strong></span> 
     </span>
    </p>
   </div>
   <div class='ocr_carea' id='block_1_86' title="bbox 1868 2812 3463 2893">
    <p class='ocr_par' dir='ltr' id='par_1_86' title="bbox 1868 2812 3463 2893">
     <span class='ocr_line' id='line_1_86' title="bbox 1868 2812 3463 2893; baseline 0.004 -20"><span class='ocrx_word' id='word_1_697' title='bbox 1868 2819 2107 2886; x_wconf 69' lang='lat' dir='ltr'><strong>Vestrae,</strong></span> <span class='ocrx_word' id='word_1_698' title='bbox 2140 2831 2197 2875; x_wconf 92' lang='lat' dir='ltr'><strong>ut</strong></span> <span class='ocrx_word' id='word_1_699' title='bbox 2222 2812 2371 2875; x_wconf 82' lang='lat' dir='ltr'><strong>omni</strong></span> <span class='ocrx_word' id='word_1_700' title='bbox 2392 2822 2554 2875; x_wconf 90' lang='lat' dir='ltr'><strong>animi</strong></span> <span class='ocrx_word' id='word_1_701' title='bbox 2582 2821 2879 2878; x_wconf 88' lang='lat' dir='ltr'><strong>intentione</strong></span> <span class='ocrx_word' id='word_1_702' title='bbox 2908 2833 2961 2877; x_wconf 85' lang='lat' dir='ltr'><strong>et</strong></span> <span class='ocrx_word' id='word_1_703' title='bbox 2986 2823 3090 2879; x_wconf 82' lang='lat' dir='ltr'><strong>fide</strong></span> <span class='ocrx_word' id='word_1_704' title='bbox 3120 2824 3333 2893; x_wconf 82' lang='lat' dir='ltr'><strong>pietatis</strong></span> <span class='ocrx_word' id='word_1_705' title='bbox 3370 2839 3463 2879; x_wconf 87' lang='lat' dir='ltr'><strong>ca-</strong></span> 
     </span>
    </p>
   </div>
   <div class='ocr_carea' id='block_1_87' title="bbox 1868 2912 3467 2989">
    <p class='ocr_par' dir='ltr' id='par_1_87' title="bbox 1868 2912 3467 2989">
     <span class='ocr_line' id='line_1_87' title="bbox 1868 2912 3467 2989; baseline 0.003 -26"><span class='ocrx_word' id='word_1_706' title='bbox 1868 2925 2092 2965; x_wconf 87' lang='lat' dir='ltr'><strong>veamus</strong></span> <span class='ocrx_word' id='word_1_707' title='bbox 2130 2927 2197 2965; x_wconf 89' lang='lat' dir='ltr'><strong>ne</strong></span> <span class='ocrx_word' id='word_1_708' title='bbox 2227 2912 2330 2967; x_wconf 86' lang='lat' dir='ltr'><strong>hoc</strong></span> <span class='ocrx_word' id='word_1_709' title='bbox 2364 2912 2703 2989; x_wconf 87' lang='lat' dir='ltr'><strong>maledictum</strong></span> <span class='ocrx_word' id='word_1_710' title='bbox 2731 2913 3071 2982; x_wconf 86' lang='lat' dir='ltr'><strong>superveniat</strong></span> <span class='ocrx_word' id='word_1_711' title='bbox 3112 2914 3289 2969; x_wconf 88' lang='lat' dir='ltr'><strong>nobis.</strong></span> <span class='ocrx_word' id='word_1_712' title='bbox 3316 2914 3467 2967; x_wconf 76' lang='lat' dir='ltr'><strong>Tunc.</strong></span> 
     </span>
    </p>
   </div>
   <div class='ocr_carea' id='block_1_88' title="bbox 1865 3004 3464 3074">
    <p class='ocr_par' dir='ltr' id='par_1_88' title="bbox 1865 3004 3464 3074">
     <span class='ocr_line' id='line_1_88' title="bbox 1865 3004 3464 3074; baseline 0.003 -19"><span class='ocrx_word' id='word_1_713' title='bbox 1865 3004 2007 3056; x_wconf 83' lang='lat' dir='ltr'><strong>enim</strong></span> <span class='ocrx_word' id='word_1_714' title='bbox 2032 3012 2268 3059; x_wconf 89' lang='lat' dir='ltr'><strong>coarctat</strong></span> <span class='ocrx_word' id='word_1_715' title='bbox 2293 3011 2484 3073; x_wconf 88' lang='lat' dir='ltr'><strong>puteus</strong></span> <span class='ocrx_word' id='word_1_716' title='bbox 2508 3019 2669 3074; x_wconf 89' lang='lat' dir='ltr'><strong>super</strong></span> <span class='ocrx_word' id='word_1_717' title='bbox 2696 3004 2967 3059; x_wconf 89' lang='lat' dir='ltr'><strong>hominem</strong></span> <span class='ocrx_word' id='word_1_718' title='bbox 2998 3019 3061 3059; x_wconf 91' lang='lat' dir='ltr'><strong>os</strong></span> <span class='ocrx_word' id='word_1_719' title='bbox 3089 3020 3267 3072; x_wconf 89' lang='lat' dir='ltr'><strong>suum,</strong></span> <span class='ocrx_word' id='word_1_720' title='bbox 3300 3006 3351 3060; x_wconf 91' lang='lat' dir='ltr'><strong>id</strong></span> <span class='ocrx_word' id='word_1_721' title='bbox 3379 3016 3464 3060; x_wconf 86' lang='lat' dir='ltr'><strong>est</strong></span> 
     </span>
    </p>
   </div>
   <div class='ocr_carea' id='block_1_89' title="bbox 1836 3084 3462 3169">
    <p class='ocr_par' dir='ltr' id='par_1_89' title="bbox 1836 3084 3462 3169">
     <span class='ocr_line' id='line_1_89' title="bbox 1836 3084 3462 3169; baseline 0.002 -22"><span class='ocrx_word' id='word_1_722' title='bbox 1836 3089 2201 3169; x_wconf 65' lang='lat' dir='ltr'><strong>profunditas</strong></span> <span class='ocrx_word' id='word_1_723' title='bbox 2240 3094 2564 3165; x_wconf 87' lang='lat' dir='ltr'><strong>iniquitatis,</strong></span> <span class='ocrx_word' id='word_1_724' title='bbox 2596 3095 2807 3165; x_wconf 85' lang='lat' dir='ltr'><strong>quando</strong></span> <span class='ocrx_word' id='word_1_725' title='bbox 2837 3084 2941 3164; x_wconf 80' lang='lat' dir='ltr'><strong>nan</strong></span> <span class='ocrx_word' id='word_1_726' title='bbox 2971 3096 3145 3151; x_wconf 91' lang='lat' dir='ltr'><strong>solum</strong></span> <span class='ocrx_word' id='word_1_727' title='bbox 3174 3113 3383 3152; x_wconf 89' lang='lat' dir='ltr'><strong>mersus</strong></span> <span class='ocrx_word' id='word_1_728' title='bbox 3412 3099 3462 3150; x_wconf 91' lang='lat' dir='ltr'><strong>in</strong></span> 
     </span>
    </p>
   </div>
   <div class='ocr_carea' id='block_1_90' title="bbox 1866 3184 3464 3255">
    <p class='ocr_par' dir='ltr' id='par_1_90' title="bbox 1866 3184 3464 3255">
     <span class='ocr_line' id='line_1_90' title="bbox 1866 3184 3464 3255; baseline 0.001 -16"><span class='ocrx_word' id='word_1_729' title='bbox 1866 3187 2098 3253; x_wconf 83' lang='lat' dir='ltr'><strong>peccatis</strong></span> <span class='ocrx_word' id='word_1_730' title='bbox 2135 3184 2273 3253; x_wconf 84' lang='lat' dir='ltr'><strong>jacet</strong></span> <span class='ocrx_word' id='word_1_731' title='bbox 2299 3226 2315 3251; x_wconf 92' lang='lat'><strong>,</strong></span> <span class='ocrx_word' id='word_1_732' title='bbox 2344 3184 2440 3238; x_wconf 88' lang='lat' dir='ltr'><strong>sed</strong></span> <span class='ocrx_word' id='word_1_733' title='bbox 2470 3185 2632 3239; x_wconf 87' lang='lat' dir='ltr'><strong>etiam</strong></span> <span class='ocrx_word' id='word_1_734' title='bbox 2663 3185 2838 3255; x_wconf 86' lang='lat' dir='ltr'><strong>perdit</strong></span> <span class='ocrx_word' id='word_1_735' title='bbox 2864 3186 3065 3241; x_wconf 90' lang='lat' dir='ltr'><strong>aditum</strong></span> <span class='ocrx_word' id='word_1_736' title='bbox 3095 3186 3464 3241; x_wconf 73' lang='lat' dir='ltr'><strong>confessionis.</strong></span> 
     </span>
    </p>
   </div>
   <div class='ocr_carea' id='block_1_91' title="bbox 1863 3273 3469 3343">
    <p class='ocr_par' dir='ltr' id='par_1_91' title="bbox 1863 3273 3469 3343">
     <span class='ocr_line' id='line_1_91' title="bbox 1863 3273 3469 3343; baseline 0.002 -15"><span class='ocrx_word' id='word_1_737' title='bbox 1863 3274 2090 3340; x_wconf 84' lang='lat' dir='ltr'><strong>Quando</strong></span> <span class='ocrx_word' id='word_1_738' title='bbox 2131 3282 2307 3329; x_wconf 89' lang='lat' dir='ltr'><strong>autem</strong></span> <span class='ocrx_word' id='word_1_739' title='bbox 2345 3273 2475 3329; x_wconf 84' lang='lat' dir='ltr'><strong>dicit</strong></span> <span class='ocrx_word' id='word_1_740' title='bbox 2518 3273 2681 3329; x_wconf 85' lang='lat' dir='ltr'><strong>homo</strong></span> <span class='ocrx_word' id='word_1_741' title='bbox 2704 3317 2720 3340; x_wconf 93' lang='lat'><strong>,</strong></span> <span class='ocrx_word' id='word_1_742' title='bbox 2760 3276 3018 3331; x_wconf 83' lang='lat' dir='ltr'><strong>Peccator</strong></span> <span class='ocrx_word' id='word_1_743' title='bbox 3048 3293 3203 3343; x_wconf 89' lang='lat' dir='ltr'><strong>sum;</strong></span> <span class='ocrx_word' id='word_1_744' title='bbox 3233 3278 3469 3333; x_wconf 88' lang='lat' dir='ltr'><strong>radiatur</strong></span> 
     </span>
    </p>
   </div>
   <div class='ocr_carea' id='block_1_92' title="bbox 1864 3366 3469 3438">
    <p class='ocr_par' dir='ltr' id='par_1_92' title="bbox 1864 3366 3469 3438">
     <span class='ocr_line' id='line_1_92' title="bbox 1864 3366 3469 3438; baseline 0.002 -18"><span class='ocrx_word' id='word_1_745' title='bbox 1864 3366 2045 3437; x_wconf 86' lang='lat' dir='ltr'><strong>aliquo</strong></span> <span class='ocrx_word' id='word_1_746' title='bbox 2072 3366 2275 3422; x_wconf 87' lang='lat' dir='ltr'><strong>lumine</strong></span> <span class='ocrx_word' id='word_1_747' title='bbox 2303 3366 2462 3421; x_wconf 89' lang='lat' dir='ltr'><strong>etiam</strong></span> <span class='ocrx_word' id='word_1_748' title='bbox 2493 3366 2826 3436; x_wconf 84' lang='lat' dir='ltr'><strong>profunditas</strong></span> <span class='ocrx_word' id='word_1_749' title='bbox 2856 3369 3020 3438; x_wconf 85' lang='lat' dir='ltr'><strong>putei.</strong></span> <span class='ocrx_word' id='word_1_750' title='bbox 3041 3367 3293 3438; x_wconf 83' lang='lat' dir='ltr'><strong>Sequitur</strong></span> <span class='ocrx_word' id='word_1_751' title='bbox 3314 3384 3469 3438; x_wconf 79' lang='lat' dir='ltr'><strong>ergo,</strong></span> 
     </span>
    </p>
   </div>
   <div class='ocr_carea' id='block_1_93' title="bbox 1865 3457 3469 3528">
    <p class='ocr_par' dir='ltr' id='par_1_93' title="bbox 1865 3457 3469 3528">
     <span class='ocr_line' id='line_1_93' title="bbox 1865 3457 3469 3528; baseline 0.001 -17"><span class='ocrx_word' id='word_1_752' title='bbox 1865 3459 2004 3513; x_wconf 90' lang='lat' dir='ltr'><strong>inter</strong></span> <span class='ocrx_word' id='word_1_753' title='bbox 2027 3458 2305 3528; x_wconf 88' lang='lat' dir='ltr'><strong>passiones</strong></span> <span class='ocrx_word' id='word_1_754' title='bbox 2330 3457 2637 3512; x_wconf 86' lang='lat' dir='ltr'><strong>exclamans</strong></span> <span class='ocrx_word' id='word_1_755' title='bbox 2659 3457 2915 3511; x_wconf 89' lang='lat' dir='ltr'><strong>Dominus</strong></span> <span class='ocrx_word' id='word_1_756' title='bbox 2939 3467 3124 3513; x_wconf 88' lang='lat' dir='ltr'><strong>noster</strong></span> <span class='ocrx_word' id='word_1_757' title='bbox 3141 3458 3296 3513; x_wconf 82' lang='lat' dir='ltr'><strong>Jesus</strong></span> <span class='ocrx_word' id='word_1_758' title='bbox 3317 3458 3469 3513; x_wconf 85' lang='lat' dir='ltr'><strong>Chri-</strong></span> 
     </span>
    </p>
   </div>
   <div class='ocr_carea' id='block_1_94' title="bbox 1862 3534 3469 3620">
    <p class='ocr_par' dir='ltr' id='par_1_94' title="bbox 1862 3534 3469 3620">
     <span class='ocr_line' id='line_1_94' title="bbox 1862 3534 3469 3620; baseline 0.002 -18"><span class='ocrx_word' id='word_1_759' title='bbox 1862 3534 2006 3611; x_wconf 70' lang='lat' dir='ltr'><strong>stus,</strong></span> <span class='ocrx_word' id='word_1_760' title='bbox 2037 3557 2195 3617; x_wconf 89' lang='lat' dir='ltr'><strong>caput</strong></span> <span class='ocrx_word' id='word_1_761' title='bbox 2222 3556 2277 3602; x_wconf 89' lang='lat' dir='ltr'><strong>et</strong></span> <span class='ocrx_word' id='word_1_762' title='bbox 2295 3562 2524 3619; x_wconf 90' lang='lat' dir='ltr'><strong>corpus;</strong></span> <span class='ocrx_word' id='word_1_763' title='bbox 2555 3548 2694 3603; x_wconf 91' lang='lat' dir='ltr'><strong>sicut</strong></span> <span class='ocrx_word' id='word_1_764' title='bbox 2717 3548 3244 3616; x_wconf 87' lang='lat' dir='ltr'><strong>commendavimus,</strong></span> <span class='ocrx_word' id='word_1_765' title='bbox 3274 3558 3331 3603; x_wconf 91' lang='lat' dir='ltr'><strong>ut</strong></span> <span class='ocrx_word' id='word_1_766' title='bbox 3353 3552 3469 3620; x_wconf 82' lang='lat' dir='ltr'><strong>qui-</strong></span> 
     </span>
    </p>
   </div>
   <div class='ocr_carea' id='block_1_95' title="bbox 1865 3624 3468 3709">
    <p class='ocr_par' dir='ltr' id='par_1_95' title="bbox 1865 3624 3468 3709">
     <span class='ocr_line' id='line_1_95' title="bbox 1865 3624 3468 3709; baseline 0.001 -18"><span class='ocrx_word' id='word_1_767' title='bbox 1865 3635 2085 3692; x_wconf 85' lang='lat' dir='ltr'><strong>husdam</strong></span> <span class='ocrx_word' id='word_1_768' title='bbox 2105 3624 2459 3708; x_wconf 81' lang='lat' dir='ltr'><strong>locis,capitis</strong></span> <span class='ocrx_word' id='word_1_769' title='bbox 2486 3639 2644 3693; x_wconf 74' lang='lat' dir='ltr'><strong>verba</strong></span> <span class='ocrx_word' id='word_1_770' title='bbox 2670 3640 3171 3709; x_wconf 65' lang='lat' dir='ltr'><strong>cognoscatismute</strong></span> <span class='ocrx_word' id='word_1_771' title='bbox 3195 3650 3371 3694; x_wconf 90' lang='lat' dir='ltr'><strong>autem</strong></span> <span class='ocrx_word' id='word_1_772' title='bbox 3389 3640 3468 3695; x_wconf 75' lang='lat' dir='ltr'><strong>di-</strong></span> 
     </span>
    </p>
   </div>
   <div class='ocr_carea' id='block_1_96' title="bbox 1861 3730 3468 3800">
    <p class='ocr_par' dir='ltr' id='par_1_96' title="bbox 1861 3730 3468 3800">
     <span class='ocr_line' id='line_1_96' title="bbox 1861 3730 3468 3800; baseline 0.003 -20"><span class='ocrx_word' id='word_1_773' title='bbox 1861 3740 1947 3783; x_wconf 86' lang='lat' dir='ltr'><strong>cta</strong></span> <span class='ocrx_word' id='word_1_774' title='bbox 1979 3730 2173 3783; x_wconf 85' lang='lat' dir='ltr'><strong>fuerint</strong></span> <span class='ocrx_word' id='word_1_775' title='bbox 2198 3730 2269 3783; x_wconf 88' lang='lat' dir='ltr'><strong>ita</strong></span> <span class='ocrx_word' id='word_1_776' title='bbox 2297 3738 2354 3782; x_wconf 90' lang='lat' dir='ltr'><strong>ut</strong></span> <span class='ocrx_word' id='word_1_777' title='bbox 2377 3730 2539 3797; x_wconf 87' lang='lat' dir='ltr'><strong>capiti</strong></span> <span class='ocrx_word' id='word_1_778' title='bbox 2560 3731 2850 3785; x_wconf 84' lang='lat' dir='ltr'><strong>convenire</strong></span> <span class='ocrx_word' id='word_1_779' title='bbox 2878 3745 2983 3799; x_wconf 82' lang='lat' dir='ltr'><strong>non</strong></span> <span class='ocrx_word' id='word_1_780' title='bbox 3012 3731 3239 3800; x_wconf 80' lang='lat' dir='ltr'><strong>possint,</strong></span> <span class='ocrx_word' id='word_1_781' title='bbox 3270 3731 3336 3785; x_wconf 85' lang='lat' dir='ltr'><strong>ad</strong></span> <span class='ocrx_word' id='word_1_782' title='bbox 3350 3746 3468 3787; x_wconf 83' lang='lat' dir='ltr'><strong>cor-</strong></span> 
     </span>
    </p>
   </div>
   <div class='ocr_carea' id='block_1_97' title="bbox 1862 3820 3468 3894">
    <p class='ocr_par' dir='ltr' id='par_1_97' title="bbox 1862 3820 3468 3894">
     <span class='ocr_line' id='line_1_97' title="bbox 1862 3820 3468 3894; baseline 0.002 -19"><span class='ocrx_word' id='word_1_783' title='bbox 1862 3837 1963 3892; x_wconf 87' lang='lat' dir='ltr'><strong>pus</strong></span> <span class='ocrx_word' id='word_1_784' title='bbox 1991 3820 2255 3877; x_wconf 86' lang='lat' dir='ltr'><strong>referatis.</strong></span> <span class='ocrx_word' id='word_1_785' title='bbox 2275 3822 2363 3876; x_wconf 89' lang='lat' dir='ltr'><strong>Sic</strong></span> <span class='ocrx_word' id='word_1_786' title='bbox 2380 3821 2521 3877; x_wconf 88' lang='lat' dir='ltr'><strong>coim</strong></span> <span class='ocrx_word' id='word_1_787' title='bbox 2535 3822 2766 3892; x_wconf 89' lang='lat' dir='ltr'><strong>loquitur</strong></span> <span class='ocrx_word' id='word_1_788' title='bbox 2779 3822 3025 3880; x_wconf 82' lang='lat' dir='ltr'><strong>Christus</strong></span> <span class='ocrx_word' id='word_1_789' title='bbox 3038 3832 3288 3894; x_wconf 76' lang='lat' dir='ltr'><strong>tauquam</strong></span> <span class='ocrx_word' id='word_1_790' title='bbox 3301 3839 3468 3890; x_wconf 80' lang='lat' dir='ltr'><strong>ututs;</strong></span> 
     </span>
    </p>
   </div>
   <div class='ocr_carea' id='block_1_98' title="bbox 1861 3911 3475 3983">
    <p class='ocr_par' dir='ltr' id='par_1_98' title="bbox 1861 3911 3475 3983">
     <span class='ocr_line' id='line_1_98' title="bbox 1861 3911 3475 3983; baseline 0.002 -17"><span class='ocrx_word' id='word_1_791' title='bbox 1861 3913 1983 3983; x_wconf 81' lang='lat' dir='ltr'><strong>quia</strong></span> <span class='ocrx_word' id='word_1_792' title='bbox 2005 3921 2060 3967; x_wconf 91' lang='lat' dir='ltr'><strong>et</strong></span> <span class='ocrx_word' id='word_1_793' title='bbox 2082 3927 2209 3967; x_wconf 85' lang='lat' dir='ltr'><strong>vere</strong></span> <span class='ocrx_word' id='word_1_794' title='bbox 2227 3927 2363 3967; x_wconf 88' lang='lat' dir='ltr'><strong>unus</strong></span> <span class='ocrx_word' id='word_1_795' title='bbox 2380 3911 2446 3966; x_wconf 90' lang='lat' dir='ltr'><strong>de</strong></span> <span class='ocrx_word' id='word_1_796' title='bbox 2461 3928 2566 3982; x_wconf 89' lang='lat' dir='ltr'><strong>quo</strong></span> <span class='ocrx_word' id='word_1_797' title='bbox 2583 3912 2787 3968; x_wconf 87' lang='lat' dir='ltr'><strong>dictum</strong></span> <span class='ocrx_word' id='word_1_798' title='bbox 2807 3922 2890 3967; x_wconf 90' lang='lat' dir='ltr'><strong>est</strong></span> <span class='ocrx_word' id='word_1_799' title='bbox 2912 3929 2927 3966; x_wconf 87' lang='lat'><strong>:</strong></span> <span class='ocrx_word' id='word_1_800' title='bbox 2954 3911 3117 3967; x_wconf 85' lang='lat' dir='ltr'><strong>Erunt</strong></span> <span class='ocrx_word' id='word_1_801' title='bbox 3134 3913 3236 3967; x_wconf 89' lang='lat' dir='ltr'><strong>duo</strong></span> <span class='ocrx_word' id='word_1_802' title='bbox 3253 3914 3304 3967; x_wconf 89' lang='lat' dir='ltr'><strong>in</strong></span> <span class='ocrx_word' id='word_1_803' title='bbox 3320 3930 3475 3971; x_wconf 86' lang='lat' dir='ltr'><strong>carne</strong></span> 
     </span>
    </p>
   </div>
   <div class='ocr_carea' id='block_1_99' title="bbox 1861 4001 3471 4075">
    <p class='ocr_par' dir='ltr' id='par_1_99' title="bbox 1861 4001 3471 4075">
     <span class='ocr_line' id='line_1_99' title="bbox 1861 4001 3471 4075; baseline 0.001 -17"><span class='ocrx_word' id='word_1_804' title='bbox 1861 4020 1966 4058; x_wconf 83' lang='lat' dir='ltr'><strong>una</strong></span> <span class='ocrx_word' id='word_1_805' title='bbox 1994 4001 2211 4074; x_wconf 71' lang='lat' dir='ltr'><strong>.Eph&#39;es.</strong></span> <span class='ocrx_word' id='word_1_806' title='bbox 2241 4020 2293 4068; x_wconf 88' lang='lat' dir='ltr'><strong>v,</strong></span> <span class='ocrx_word' id='word_1_807' title='bbox 2311 4002 2425 4075; x_wconf 74' lang='lat' dir='ltr'><strong>5t).</strong></span> <span class='ocrx_word' id='word_1_808' title='bbox 2462 4004 2519 4059; x_wconf 92' lang='lat' dir='ltr'><strong>Si</strong></span> <span class='ocrx_word' id='word_1_809' title='bbox 2534 4004 2678 4059; x_wconf 90' lang='lat' dir='ltr'><strong>enim</strong></span> <span class='ocrx_word' id='word_1_810' title='bbox 2706 4004 2761 4059; x_wconf 90' lang='lat' dir='ltr'><strong>in</strong></span> <span class='ocrx_word' id='word_1_811' title='bbox 2788 4018 2950 4060; x_wconf 88' lang='lat' dir='ltr'><strong>carne</strong></span> <span class='ocrx_word' id='word_1_812' title='bbox 2976 4020 3101 4069; x_wconf 87' lang='lat' dir='ltr'><strong>una,-</strong></span> <span class='ocrx_word' id='word_1_813' title='bbox 3119 4005 3244 4075; x_wconf 89' lang='lat' dir='ltr'><strong>quid</strong></span> <span class='ocrx_word' id='word_1_814' title='bbox 3260 4006 3471 4060; x_wconf 86' lang='lat' dir='ltr'><strong>miraris</strong></span> 
     </span>
    </p>
   </div>
   <div class='ocr_carea' id='block_1_100' title="bbox 1861 4095 3471 4167">
    <p class='ocr_par' dir='ltr' id='par_1_100' title="bbox 1861 4095 3471 4167">
     <span class='ocr_line' id='line_1_100' title="bbox 1861 4095 3471 4167; baseline 0.002 -19"><span class='ocrx_word' id='word_1_815' title='bbox 1861 4095 1986 4165; x_wconf 85' lang='lat' dir='ltr'><strong>quia</strong></span> <span class='ocrx_word' id='word_1_816' title='bbox 2011 4106 2065 4151; x_wconf 89' lang='lat' dir='ltr'><strong>et</strong></span> <span class='ocrx_word' id='word_1_817' title='bbox 2092 4095 2148 4150; x_wconf 91' lang='lat' dir='ltr'><strong>in</strong></span> <span class='ocrx_word' id='word_1_818' title='bbox 2173 4110 2305 4163; x_wconf 83' lang='lat' dir='ltr'><strong>voce</strong></span> <span class='ocrx_word' id='word_1_819' title='bbox 2326 4111 2436 4150; x_wconf 86' lang='lat' dir='ltr'><strong>una</strong></span> <span class='ocrx_word' id='word_1_820' title='bbox 2457 4096 2482 4150; x_wconf 65' lang='grc' dir='ltr'><em>ἵ</em></span> <span class='ocrx_word' id='word_1_821' title='bbox 2504 4095 2757 4165; x_wconf 85' lang='lat' dir='ltr'><strong>Sequitur</strong></span> <span class='ocrx_word' id='word_1_822' title='bbox 2787 4111 2917 4167; x_wconf 79' lang='lat' dir='ltr'><strong>ergo</strong></span> <span class='ocrx_word' id='word_1_823' title='bbox 2934 4136 2953 4164; x_wconf 90' lang='lat'><strong>,</strong></span> <span class='ocrx_word' id='word_1_824' title='bbox 2984 4096 3191 4151; x_wconf 68' lang='lat' dir='ltr'><strong>Exaudi</strong></span> <span class='ocrx_word' id='word_1_825' title='bbox 3214 4114 3339 4164; x_wconf 80' lang='lat' dir='ltr'><strong>nte,-</strong></span> <span class='ocrx_word' id='word_1_826' title='bbox 3356 4096 3471 4151; x_wconf 86' lang='lat' dir='ltr'><strong>Do-</strong></span> 
     </span>
    </p>
   </div>
   <div class='ocr_carea' id='block_1_101' title="bbox 1862 4188 3469 4258">
    <p class='ocr_par' dir='ltr' id='par_1_101' title="bbox 1862 4188 3469 4258">
     <span class='ocr_line' id='line_1_101' title="bbox 1862 4188 3469 4258; baseline 0.002 -17"><span class='ocrx_word' id='word_1_827' title='bbox 1862 4190 1998 4242; x_wconf 85' lang='lat' dir='ltr'><strong>mine</strong></span> <span class='ocrx_word' id='word_1_828' title='bbox 2020 4229 2038 4254; x_wconf 91' lang='lat'><strong>,</strong></span> <span class='ocrx_word' id='word_1_829' title='bbox 2076 4188 2319 4258; x_wconf 86' lang='lat' dir='ltr'><strong>quoniam</strong></span> <span class='ocrx_word' id='word_1_830' title='bbox 2353 4188 2524 4242; x_wconf 84' lang='lat' dir='ltr'><strong>suavis</strong></span> <span class='ocrx_word' id='word_1_831' title='bbox 2550 4198 2623 4243; x_wconf 86' lang='lat' dir='ltr'><strong>est</strong></span> <span class='ocrx_word' id='word_1_832' title='bbox 2651 4189 2997 4243; x_wconf 83' lang='lat' dir='ltr'><strong>misericordia</strong></span> <span class='ocrx_word' id='word_1_833' title='bbox 3021 4200 3131 4243; x_wconf 88' lang='lat' dir='ltr'><strong>tua.</strong></span> <span class='ocrx_word' id='word_1_834' title='bbox 3159 4189 3309 4245; x_wconf 74' lang='lat' dir='ltr'><strong>lianc</strong></span> <span class='ocrx_word' id='word_1_835' title='bbox 3337 4206 3469 4244; x_wconf 86' lang='lat' dir='ltr'><strong>cau-</strong></span> 
     </span>
    </p>
   </div>
   <div class='ocr_carea' id='block_1_102' title="bbox 1861 4278 3473 4349">
    <p class='ocr_par' dir='ltr' id='par_1_102' title="bbox 1861 4278 3473 4349">
     <span class='ocr_line' id='line_1_102' title="bbox 1861 4278 3473 4349; baseline 0.001 -15"><span class='ocrx_word' id='word_1_836' title='bbox 1861 4295 1975 4334; x_wconf 84' lang='lat' dir='ltr'><strong>sam</strong></span> <span class='ocrx_word' id='word_1_837' title='bbox 2016 4280 2251 4334; x_wconf 86' lang='lat' dir='ltr'><strong>asseruit</strong></span> <span class='ocrx_word' id='word_1_838' title='bbox 2289 4294 2460 4348; x_wconf 88' lang='lat' dir='ltr'><strong>quare</strong></span> <span class='ocrx_word' id='word_1_839' title='bbox 2498 4278 2693 4335; x_wconf 88' lang='lat' dir='ltr'><strong>debeat</strong></span> <span class='ocrx_word' id='word_1_840' title='bbox 2735 4280 3007 4347; x_wconf 82' lang='lat' dir='ltr'><strong>exaudiri,</strong></span> <span class='ocrx_word' id='word_1_841' title='bbox 3033 4280 3157 4349; x_wconf 87' lang='lat' dir='ltr'><strong>quia</strong></span> <span class='ocrx_word' id='word_1_842' title='bbox 3183 4281 3363 4341; x_wconf 85' lang='lat' dir='ltr'><strong>suavis</strong></span> <span class='ocrx_word' id='word_1_843' title='bbox 3390 4291 3473 4335; x_wconf 88' lang='lat' dir='ltr'><strong>est</strong></span> 
     </span>
    </p>
   </div>
   <div class='ocr_carea' id='block_1_103' title="bbox 1863 4370 3475 4442">
    <p class='ocr_par' dir='ltr' id='par_1_103' title="bbox 1863 4370 3475 4442">
     <span class='ocr_line' id='line_1_103' title="bbox 1863 4370 3475 4442; baseline -0.001 -16"><span class='ocrx_word' id='word_1_844' title='bbox 1863 4371 2225 4427; x_wconf 89' lang='lat' dir='ltr'><strong>misericordia</strong></span> <span class='ocrx_word' id='word_1_845' title='bbox 2271 4371 2389 4426; x_wconf 82' lang='lat' dir='ltr'><strong>Dei.</strong></span> <span class='ocrx_word' id='word_1_846' title='bbox 2429 4370 2619 4427; x_wconf 83' lang='lat' dir='ltr'><strong>Nonne</strong></span> <span class='ocrx_word' id='word_1_847' title='bbox 2655 4372 2825 4442; x_wconf 80' lang='lat' dir='ltr'><strong>magis</strong></span> <span class='ocrx_word' id='word_1_848' title='bbox 2863 4371 2966 4426; x_wconf 88' lang='lat' dir='ltr'><strong>hoc</strong></span> <span class='ocrx_word' id='word_1_849' title='bbox 2993 4380 3110 4426; x_wconf 87' lang='lat' dir='ltr'><strong>erat</strong></span> <span class='ocrx_word' id='word_1_850' title='bbox 3137 4387 3475 4441; x_wconf 83' lang='lat' dir='ltr'><strong>consequens</strong></span> 
     </span>
    </p>
   </div>
   <div class='ocr_carea' id='block_1_104' title="bbox 1864 4462 3473 4529">
    <p class='ocr_par' dir='ltr' id='par_1_104' title="bbox 1864 4462 3473 4529">
     <span class='ocr_line' id='line_1_104' title="bbox 1864 4462 3473 4529; baseline -0.001 -11"><span class='ocrx_word' id='word_1_851' title='bbox 1864 4473 1921 4518; x_wconf 90' lang='lat' dir='ltr'><strong>ut</strong></span> <span class='ocrx_word' id='word_1_852' title='bbox 1944 4462 2169 4529; x_wconf 88' lang='lat' dir='ltr'><strong>diceret,</strong></span> <span class='ocrx_word' id='word_1_853' title='bbox 2195 4462 2400 4519; x_wconf 86' lang='lat' dir='ltr'><strong>Exaudi</strong></span> <span class='ocrx_word' id='word_1_854' title='bbox 2420 4478 2528 4528; x_wconf 88' lang='lat' dir='ltr'><strong>me,</strong></span> <span class='ocrx_word' id='word_1_855' title='bbox 2556 4462 2808 4529; x_wconf 89' lang='lat' dir='ltr'><strong>Domine,</strong></span> <span class='ocrx_word' id='word_1_856' title='bbox 2840 4472 2898 4518; x_wconf 91' lang='lat' dir='ltr'><strong>ut</strong></span> <span class='ocrx_word' id='word_1_857' title='bbox 2922 4464 3101 4519; x_wconf 88' lang='lat' dir='ltr'><strong>suavis</strong></span> <span class='ocrx_word' id='word_1_858' title='bbox 3126 4464 3263 4518; x_wconf 81' lang='lat' dir='ltr'><strong>mihi</strong></span> <span class='ocrx_word' id='word_1_859' title='bbox 3281 4465 3352 4518; x_wconf 91' lang='lat' dir='ltr'><strong>sit</strong></span> <span class='ocrx_word' id='word_1_860' title='bbox 3372 4465 3473 4518; x_wconf 87' lang='lat' dir='ltr'><strong>mi-</strong></span> 
     </span>
    </p>
   </div>
   <div class='ocr_carea' id='block_1_105' title="bbox 1862 4541 3466 4626">
    <p class='ocr_par' dir='ltr' id='par_1_105' title="bbox 1862 4541 3466 4626">
     <span class='ocr_line' id='line_1_105' title="bbox 1862 4541 3466 4626; baseline -0.001 -17"><span class='ocrx_word' id='word_1_861' title='bbox 1862 4556 2149 4611; x_wconf 72' lang='lat' dir='ltr'><strong>sericordia</strong></span> <span class='ocrx_word' id='word_1_862' title='bbox 2190 4554 2323 4609; x_wconf 81' lang='lat' dir='ltr'><strong>tua?</strong></span> <span class='ocrx_word' id='word_1_863' title='bbox 2365 4541 2542 4622; x_wconf 85' lang='lat' dir='ltr'><strong>Quare</strong></span> <span class='ocrx_word' id='word_1_864' title='bbox 2587 4570 2757 4626; x_wconf 79' lang='lat' dir='ltr'><strong>ergo,</strong></span> <span class='ocrx_word' id='word_1_865' title='bbox 2801 4555 3010 4610; x_wconf 71' lang='lat' dir='ltr'><strong>Exaudi</strong></span> <span class='ocrx_word' id='word_1_866' title='bbox 3054 4572 3165 4619; x_wconf 87' lang='lat' dir='ltr'><strong>me,</strong></span> <span class='ocrx_word' id='word_1_867' title='bbox 3211 4555 3466 4619; x_wconf 81' lang='lat' dir='ltr'><strong>Domine,</strong></span> 
     </span>
    </p>
   </div>
   <div class='ocr_carea' id='block_1_106' title="bbox 1860 4646 3470 4717">
    <p class='ocr_par' dir='ltr' id='par_1_106' title="bbox 1860 4646 3470 4717">
     <span class='ocr_line' id='line_1_106' title="bbox 1860 4646 3470 4717; baseline 0.004 -21"><span class='ocrx_word' id='word_1_868' title='bbox 1860 4648 2097 4717; x_wconf 81' lang='lat' dir='ltr'><strong>quoniam</strong></span> <span class='ocrx_word' id='word_1_869' title='bbox 2123 4647 2291 4701; x_wconf 77' lang='lat' dir='ltr'><strong>suavis</strong></span> <span class='ocrx_word' id='word_1_870' title='bbox 2318 4656 2391 4700; x_wconf 88' lang='lat' dir='ltr'><strong>est</strong></span> <span class='ocrx_word' id='word_1_871' title='bbox 2421 4646 2766 4701; x_wconf 84' lang='lat' dir='ltr'><strong>misericordia</strong></span> <span class='ocrx_word' id='word_1_872' title='bbox 2793 4657 2903 4706; x_wconf 81' lang='lat' dir='ltr'><strong>tua.</strong></span> <span class='ocrx_word' id='word_1_873' title='bbox 2949 4647 3277 4705; x_wconf 84' lang='lat' dir='ltr'><strong>Suavitatem</strong></span> <span class='ocrx_word' id='word_1_874' title='bbox 3305 4649 3470 4703; x_wconf 82' lang='lat' dir='ltr'><strong>misc-</strong></span> 
     </span>
    </p>
   </div>
   <div class='ocr_carea' id='block_1_107' title="bbox 1864 4738 3473 4795">
    <p class='ocr_par' dir='ltr' id='par_1_107' title="bbox 1864 4738 3473 4795">
     <span class='ocr_line' id='line_1_107' title="bbox 1864 4738 3473 4795; baseline -0.001 0"><span class='ocrx_word' id='word_1_875' title='bbox 1864 4739 2109 4795; x_wconf 78' lang='lat' dir='ltr'><strong>ricordia:</strong></span> <span class='ocrx_word' id='word_1_876' title='bbox 2164 4738 2371 4793; x_wconf 86' lang='lat' dir='ltr'><strong>Domini</strong></span> <span class='ocrx_word' id='word_1_877' title='bbox 2421 4738 2492 4794; x_wconf 91' lang='lat' dir='ltr'><strong>de</strong></span> <span class='ocrx_word' id='word_1_878' title='bbox 2537 4738 2882 4793; x_wconf 83' lang='lat' dir='ltr'><strong>tribulatione</strong></span> <span class='ocrx_word' id='word_1_879' title='bbox 2933 4755 3026 4793; x_wconf 89' lang='lat' dir='ltr'><strong>sua</strong></span> <span class='ocrx_word' id='word_1_880' title='bbox 3076 4739 3473 4795; x_wconf 87' lang='lat' dir='ltr'><strong>commendavit</strong></span> 
     </span>
    </p>
   </div>
   <div class='ocr_carea' id='block_1_108' title="bbox 1862 4828 3469 4898">
    <p class='ocr_par' dir='ltr' id='par_1_108' title="bbox 1862 4828 3469 4898">
     <span class='ocr_line' id='line_1_108' title="bbox 1862 4828 3469 4898; baseline 0.001 -16"><span class='ocrx_word' id='word_1_881' title='bbox 1862 4832 1980 4883; x_wconf 87' lang='lat' dir='ltr'><strong>aliis</strong></span> <span class='ocrx_word' id='word_1_882' title='bbox 2018 4828 2414 4898; x_wconf 87' lang='lat' dir='ltr'><strong>quodammodo</strong></span> <span class='ocrx_word' id='word_1_883' title='bbox 2449 4829 2663 4894; x_wconf 87' lang='lat' dir='ltr'><strong>verbis,</strong></span> <span class='ocrx_word' id='word_1_884' title='bbox 2705 4843 2827 4884; x_wconf 89' lang='lat' dir='ltr'><strong>cum</strong></span> <span class='ocrx_word' id='word_1_885' title='bbox 2875 4829 3008 4884; x_wconf 80' lang='lat' dir='ltr'><strong>dixit</strong></span> <span class='ocrx_word' id='word_1_886' title='bbox 3054 4848 3091 4884; x_wconf 11' lang='lat'><strong>:7</strong></span> <span class='ocrx_word' id='word_1_887' title='bbox 3114 4828 3319 4883; x_wconf 76' lang='lat' dir='ltr'><strong>Exaudi</strong></span> <span class='ocrx_word' id='word_1_888' title='bbox 3352 4847 3430 4883; x_wconf 86' lang='lat' dir='ltr'><strong>me</strong></span> <span class='ocrx_word' id='word_1_889' title='bbox 3456 4871 3469 4894; x_wconf 92' lang='lat'><strong>,</strong></span> 
     </span>
    </p>
   </div>
   <div class='ocr_carea' id='block_1_109' title="bbox 1863 4919 3469 4992">
    <p class='ocr_par' dir='ltr' id='par_1_109' title="bbox 1863 4919 3469 4992">
     <span class='ocr_line' id='line_1_109' title="bbox 1863 4919 3469 4992; baseline 0 -17"><span class='ocrx_word' id='word_1_890' title='bbox 1863 4921 2115 4985; x_wconf 87' lang='lat' dir='ltr'><strong>Domine,</strong></span> <span class='ocrx_word' id='word_1_891' title='bbox 2166 4921 2408 4989; x_wconf 84' lang='lat' dir='ltr'><strong>quoniam</strong></span> <span class='ocrx_word' id='word_1_892' title='bbox 2451 4920 2681 4975; x_wconf 77' lang='lat' dir='ltr'><strong>tribulor.</strong></span> <span class='ocrx_word' id='word_1_893' title='bbox 2730 4919 2933 4976; x_wconf 79' lang='lat' dir='ltr'><strong>Revera</strong></span> <span class='ocrx_word' id='word_1_894' title='bbox 2981 4922 3132 4976; x_wconf 85' lang='lat' dir='ltr'><strong>enim.</strong></span> <span class='ocrx_word' id='word_1_895' title='bbox 3171 4923 3258 4992; x_wconf 87' lang='lat' dir='ltr'><strong>qui</strong></span> <span class='ocrx_word' id='word_1_896' title='bbox 3299 4921 3469 4987; x_wconf 86' lang='lat' dir='ltr'><strong>dicit,</strong></span> 
     </span>
    </p>
   </div>
   <div class='ocr_carea' id='block_1_110' title="bbox 1866 5008 3472 5081">
    <p class='ocr_par' dir='ltr' id='par_1_110' title="bbox 1866 5008 3472 5081">
     <span class='ocr_line' id='line_1_110' title="bbox 1866 5008 3472 5081; baseline 0.001 -16"><span class='ocrx_word' id='word_1_897' title='bbox 1866 5011 2070 5065; x_wconf 69' lang='lat' dir='ltr'><strong>Exaudi</strong></span> <span class='ocrx_word' id='word_1_898' title='bbox 2106 5027 2186 5065; x_wconf 88' lang='lat' dir='ltr'><strong>me</strong></span> <span class='ocrx_word' id='word_1_899' title='bbox 2208 5050 2223 5074; x_wconf 86' lang='lat'><strong>,</strong></span> <span class='ocrx_word' id='word_1_900' title='bbox 2264 5008 2516 5077; x_wconf 86' lang='lat' dir='ltr'><strong>Domine,</strong></span> <span class='ocrx_word' id='word_1_901' title='bbox 2545 5012 2785 5081; x_wconf 85' lang='lat' dir='ltr'><strong>quoniam</strong></span> <span class='ocrx_word' id='word_1_902' title='bbox 2815 5012 3030 5065; x_wconf 79' lang='lat' dir='ltr'><strong>tribnior</strong></span> <span class='ocrx_word' id='word_1_903' title='bbox 3052 5055 3065 5074; x_wconf 90' lang='lat'><strong>,</strong></span> <span class='ocrx_word' id='word_1_904' title='bbox 3100 5028 3314 5067; x_wconf 84' lang='lat' dir='ltr'><strong>causam</strong></span> <span class='ocrx_word' id='word_1_905' title='bbox 3342 5014 3472 5067; x_wconf 85' lang='lat' dir='ltr'><strong>dicit</strong></span> 
     </span>
    </p>
   </div>
   <div class='ocr_carea' id='block_1_111' title="bbox 1832 5100 3471 5176">
    <p class='ocr_par' dir='ltr' id='par_1_111' title="bbox 1832 5100 3471 5176">
     <span class='ocr_line' id='line_1_111' title="bbox 1832 5100 3471 5176; baseline 0.004 -25"><span class='ocrx_word' id='word_1_906' title='bbox 1832 5117 2026 5172; x_wconf 80' lang='lat' dir='ltr'><strong>,quare</strong></span> <span class='ocrx_word' id='word_1_907' title='bbox 2064 5115 2124 5156; x_wconf 91' lang='lat' dir='ltr'><strong>se</strong></span> <span class='ocrx_word' id='word_1_908' title='bbox 2156 5100 2395 5155; x_wconf 85' lang='lat' dir='ltr'><strong>exaudiri</strong></span> <span class='ocrx_word' id='word_1_909' title='bbox 2434 5110 2585 5176; x_wconf 76' lang='lat' dir='ltr'><strong>roget</strong></span> <span class='ocrx_word' id='word_1_910' title='bbox 2626 5100 2759 5155; x_wconf 85' lang='lat' dir='ltr'><strong>:sed</strong></span> <span class='ocrx_word' id='word_1_911' title='bbox 2792 5102 2991 5156; x_wconf 90' lang='lat' dir='ltr'><strong>homini</strong></span> <span class='ocrx_word' id='word_1_912' title='bbox 3039 5105 3089 5156; x_wconf 78' lang='lat' dir='ltr'><strong>in</strong></span> <span class='ocrx_word' id='word_1_913' title='bbox 3130 5103 3471 5158; x_wconf 86' lang='lat' dir='ltr'><strong>tribulatione</strong></span> 
     </span>
    </p>
   </div>
   <div class='ocr_carea' id='block_1_112' title="bbox 1865 5190 3557 5264">
    <p class='ocr_par' dir='ltr' id='par_1_112' title="bbox 1865 5190 3557 5264">
     <span class='ocr_line' id='line_1_112' title="bbox 1865 5190 3557 5264; baseline 0.002 -18"><span class='ocrx_word' id='word_1_914' title='bbox 1865 5192 2075 5260; x_wconf 88' lang='lat' dir='ltr'><strong>posito,</strong></span> <span class='ocrx_word' id='word_1_915' title='bbox 2105 5205 2327 5244; x_wconf 84' lang='lat' dir='ltr'><strong>necesse</strong></span> <span class='ocrx_word' id='word_1_916' title='bbox 2358 5198 2442 5244; x_wconf 88' lang='lat' dir='ltr'><strong>est</strong></span> <span class='ocrx_word' id='word_1_917' title='bbox 2473 5202 2528 5244; x_wconf 90' lang='lat' dir='ltr'><strong>ut</strong></span> <span class='ocrx_word' id='word_1_918' title='bbox 2556 5190 2735 5264; x_wconf 75' lang='lat' dir='ltr'><strong>suavis</strong></span> <span class='ocrx_word' id='word_1_919' title='bbox 2765 5193 2836 5246; x_wconf 87' lang='lat' dir='ltr'><strong>sit</strong></span> <span class='ocrx_word' id='word_1_920' title='bbox 2863 5193 3223 5248; x_wconf 84' lang='lat' dir='ltr'><strong>misericordia</strong></span> <span class='ocrx_word' id='word_1_921' title='bbox 3254 5194 3365 5248; x_wconf 89' lang='lat' dir='ltr'><strong>Dci.</strong></span> <span class='ocrx_word' id='word_1_922' title='bbox 3397 5194 3473 5249; x_wconf 89' lang='lat' dir='ltr'><strong>De</strong></span> <span class='ocrx_word' id='word_1_923' title='bbox 3556 5232 3557 5235; x_wconf 60' lang='grc' dir='ltr'><strong>η</strong></span> 
     </span>
    </p>
   </div>
   <div class='ocr_carea' id='block_1_113' title="bbox 1864 5271 3465 5357">
    <p class='ocr_par' dir='ltr' id='par_1_113' title="bbox 1864 5271 3465 5357">
     <span class='ocr_line' id='line_1_113' title="bbox 1864 5271 3465 5357; baseline 0.002 -21"><span class='ocrx_word' id='word_1_924' title='bbox 1864 5282 1963 5338; x_wconf 91' lang='lat' dir='ltr'><strong>hac</strong></span> <span class='ocrx_word' id='word_1_925' title='bbox 2005 5284 2268 5337; x_wconf 84' lang='lat' dir='ltr'><strong>suavitate</strong></span> <span class='ocrx_word' id='word_1_926' title='bbox 2297 5271 2681 5338; x_wconf 79' lang='lat' dir='ltr'><strong>misericordiae</strong></span> <span class='ocrx_word' id='word_1_927' title='bbox 2721 5285 2816 5340; x_wconf 86' lang='lat' dir='ltr'><strong>Dei</strong></span> <span class='ocrx_word' id='word_1_928' title='bbox 2853 5284 3031 5341; x_wconf 89' lang='lat' dir='ltr'><strong>videte</strong></span> <span class='ocrx_word' id='word_1_929' title='bbox 3055 5286 3181 5357; x_wconf 88' lang='lat' dir='ltr'><strong>quid</strong></span> <span class='ocrx_word' id='word_1_930' title='bbox 3212 5287 3318 5341; x_wconf 89' lang='lat' dir='ltr'><strong>alio</strong></span> <span class='ocrx_word' id='word_1_931' title='bbox 3345 5287 3465 5342; x_wconf 84' lang='lat' dir='ltr'><strong>loco</strong></span> 
     </span>
    </p>
   </div>
   <div class='ocr_carea' id='block_1_114' title="bbox 1862 5374 3471 5451">
    <p class='ocr_par' dir='ltr' id='par_1_114' title="bbox 1862 5374 3471 5451">
     <span class='ocr_line' id='line_1_114' title="bbox 1862 5374 3471 5451; baseline 0.002 -20"><span class='ocrx_word' id='word_1_932' title='bbox 1862 5374 2131 5445; x_wconf 86' lang='lat' dir='ltr'><strong>Scriptura</strong></span> <span class='ocrx_word' id='word_1_933' title='bbox 2178 5374 2324 5429; x_wconf 90' lang='lat' dir='ltr'><strong>dicat</strong></span> <span class='ocrx_word' id='word_1_934' title='bbox 2355 5393 2368 5428; x_wconf 94' lang='lat'><strong>:</strong></span> <span class='ocrx_word' id='word_1_935' title='bbox 2400 5374 2548 5429; x_wconf 82' lang='lat' dir='ltr'><strong>Sicut</strong></span> <span class='ocrx_word' id='word_1_936' title='bbox 2584 5376 2757 5447; x_wconf 80' lang='lat' dir='ltr'><strong>pluvia</strong></span> <span class='ocrx_word' id='word_1_937' title='bbox 2782 5378 2837 5431; x_wconf 76' lang='lat' dir='ltr'><strong>in</strong></span> <span class='ocrx_word' id='word_1_938' title='bbox 2863 5379 3123 5445; x_wconf 89' lang='lat' dir='ltr'><strong>siccitate,</strong></span> <span class='ocrx_word' id='word_1_939' title='bbox 3150 5381 3220 5433; x_wconf 88' lang='lat' dir='ltr'><strong>ita</strong></span> <span class='ocrx_word' id='word_1_940' title='bbox 3244 5381 3471 5451; x_wconf 82' lang='lat' dir='ltr'><strong>speciosa</strong></span> 
     </span>
    </p>
   </div>
   <div class='ocr_carea' id='block_1_115' title="bbox 1862 5463 3469 5542">
    <p class='ocr_par' dir='ltr' id='par_1_115' title="bbox 1862 5463 3469 5542">
     <span class='ocr_line' id='line_1_115' title="bbox 1862 5463 3469 5542; baseline 0.002 -23"><span class='ocrx_word' id='word_1_941' title='bbox 1862 5474 1935 5519; x_wconf 86' lang='lat' dir='ltr'><strong>est</strong></span> <span class='ocrx_word' id='word_1_942' title='bbox 1975 5464 2319 5520; x_wconf 78' lang='lat' dir='ltr'><strong>misericordia</strong></span> <span class='ocrx_word' id='word_1_943' title='bbox 2363 5463 2460 5518; x_wconf 86' lang='lat' dir='ltr'><strong>Dei</strong></span> <span class='ocrx_word' id='word_1_944' title='bbox 2497 5466 2549 5519; x_wconf 84' lang='lat' dir='ltr'><strong>in</strong></span> <span class='ocrx_word' id='word_1_945' title='bbox 2577 5466 2904 5522; x_wconf 78' lang='lat' dir='ltr'><strong>tribulatione</strong></span> <span class='ocrx_word' id='word_1_946' title='bbox 2927 5469 3113 5542; x_wconf 75' lang='lat' dir='ltr'><strong>(Ereti.</strong></span> <span class='ocrx_word' id='word_1_947' title='bbox 3145 5487 3284 5525; x_wconf 73' lang='lat' dir='ltr'><strong>xxxv</strong></span> <span class='ocrx_word' id='word_1_948' title='bbox 3310 5513 3323 5536; x_wconf 97' lang='lat'><strong>,</strong></span> <span class='ocrx_word' id='word_1_949' title='bbox 3355 5472 3469 5541; x_wconf 73' lang='lat'><strong>26).</strong></span> 
     </span>
    </p>
   </div>
   <div class='ocr_carea' id='block_1_116' title="bbox 1862 5555 3475 5630">
    <p class='ocr_par' dir='ltr' id='par_1_116' title="bbox 1862 5555 3475 5630">
     <span class='ocr_line' id='line_1_116' title="bbox 1862 5555 3475 5630; baseline 0.005 -21"><span class='ocrx_word' id='word_1_950' title='bbox 1862 5556 2014 5622; x_wconf 82' lang='lat' dir='ltr'><strong>Quod</strong></span> <span class='ocrx_word' id='word_1_951' title='bbox 2054 5555 2123 5609; x_wconf 88' lang='lat' dir='ltr'><strong>ibi</strong></span> <span class='ocrx_word' id='word_1_952' title='bbox 2153 5556 2227 5609; x_wconf 88' lang='lat' dir='ltr'><strong>ait</strong></span> <span class='ocrx_word' id='word_1_953' title='bbox 2252 5596 2268 5622; x_wconf 92' lang='lat'><strong>,</strong></span> <span class='ocrx_word' id='word_1_954' title='bbox 2295 5556 2525 5624; x_wconf 80' lang='lat' dir='ltr'><strong>speciosa</strong></span> <span class='ocrx_word' id='word_1_955' title='bbox 2543 5572 2569 5619; x_wconf 85' lang='lat'><strong>;.</strong></span> <span class='ocrx_word' id='word_1_956' title='bbox 2594 5556 2699 5611; x_wconf 87' lang='lat' dir='ltr'><strong>hoc</strong></span> <span class='ocrx_word' id='word_1_957' title='bbox 2718 5558 2792 5612; x_wconf 87' lang='lat' dir='ltr'><strong>ait</strong></span> <span class='ocrx_word' id='word_1_958' title='bbox 2819 5558 2932 5625; x_wconf 88' lang='lat' dir='ltr'><strong>hic,</strong></span> <span class='ocrx_word' id='word_1_959' title='bbox 2962 5561 3149 5614; x_wconf 80' lang='lat' dir='ltr'><strong>suavis.</strong></span> <span class='ocrx_word' id='word_1_960' title='bbox 3186 5560 3291 5616; x_wconf 80' lang='lat' dir='ltr'><strong>Nec</strong></span> <span class='ocrx_word' id='word_1_961' title='bbox 3324 5562 3475 5630; x_wconf 79' lang='lat' dir='ltr'><strong>panis</strong></span> 
     </span>
    </p>
   </div>
   <div class='ocr_carea' id='block_1_117' title="bbox 1862 5644 3475 5721">
    <p class='ocr_par' dir='ltr' id='par_1_117' title="bbox 1862 5644 3475 5721">
     <span class='ocr_line' id='line_1_117' title="bbox 1862 5644 3475 5721; baseline 0.002 -22"><span class='ocrx_word' id='word_1_962' title='bbox 1862 5646 2037 5700; x_wconf 86' lang='lat' dir='ltr'><strong>dulcis</strong></span> <span class='ocrx_word' id='word_1_963' title='bbox 2082 5653 2263 5711; x_wconf 86' lang='lat' dir='ltr'><strong>esset,</strong></span> <span class='ocrx_word' id='word_1_964' title='bbox 2304 5645 2407 5699; x_wconf 80' lang='lat' dir='ltr'><strong>nisi</strong></span> <span class='ocrx_word' id='word_1_965' title='bbox 2436 5644 2604 5700; x_wconf 78' lang='lat' dir='ltr'><strong>fames</strong></span> <span class='ocrx_word' id='word_1_966' title='bbox 2630 5648 2978 5715; x_wconf 64' lang='lat' dir='ltr'><strong>praecederet.</strong></span> <span class='ocrx_word' id='word_1_967' title='bbox 3008 5649 3150 5719; x_wconf 80' lang='lat' dir='ltr'><strong>Ergo</strong></span> <span class='ocrx_word' id='word_1_968' title='bbox 3179 5660 3239 5705; x_wconf 84' lang='grc' dir='ltr'>ει·</span> <span class='ocrx_word' id='word_1_969' title='bbox 3262 5653 3475 5721; x_wconf 76' lang='lat' dir='ltr'><strong>quando</strong></span> 
     </span>
    </p>
   </div>
   <div class='ocr_carea' id='block_1_118' title="bbox 1868 5735 3471 5811">
    <p class='ocr_par' dir='ltr' id='par_1_118' title="bbox 1868 5735 3471 5811">
     <span class='ocr_line' id='line_1_118' title="bbox 1868 5735 3471 5811; baseline 0.004 -21"><span class='ocrx_word' id='word_1_970' title='bbox 1868 5736 2122 5791; x_wconf 78' lang='lat' dir='ltr'><strong>Dominus</strong></span> <span class='ocrx_word' id='word_1_971' title='bbox 2163 5735 2417 5803; x_wconf 87' lang='lat' dir='ltr'><strong>permittit</strong></span> <span class='ocrx_word' id='word_1_972' title='bbox 2456 5746 2550 5790; x_wconf 86' lang='lat' dir='ltr'><strong>aut</strong></span> <span class='ocrx_word' id='word_1_973' title='bbox 2594 5737 2718 5791; x_wconf 88' lang='lat' dir='ltr'><strong>facit</strong></span> <span class='ocrx_word' id='word_1_974' title='bbox 2753 5747 2810 5792; x_wconf 89' lang='lat' dir='ltr'><strong>ut</strong></span> <span class='ocrx_word' id='word_1_975' title='bbox 2845 5738 2897 5793; x_wconf 91' lang='lat' dir='ltr'><strong>in</strong></span> <span class='ocrx_word' id='word_1_976' title='bbox 2928 5739 3267 5795; x_wconf 87' lang='lat' dir='ltr'><strong>tribulatione</strong></span> <span class='ocrx_word' id='word_1_977' title='bbox 3297 5741 3471 5811; x_wconf 79' lang='lat' dir='ltr'><strong>aliqua</strong></span> 
     </span>
    </p>
   </div>
   <div class='ocr_carea' id='block_1_119' title="bbox 1868 5826 3465 5897">
    <p class='ocr_par' dir='ltr' id='par_1_119' title="bbox 1868 5826 3465 5897">
     <span class='ocr_line' id='line_1_119' title="bbox 1868 5826 3465 5897; baseline 0.002 -13"><span class='ocrx_word' id='word_1_978' title='bbox 1868 5830 2065 5893; x_wconf 83' lang='lat' dir='ltr'><strong>situas,</strong></span> <span class='ocrx_word' id='word_1_979' title='bbox 2108 5826 2268 5882; x_wconf 81' lang='lat' dir='ltr'><strong>etiam</strong></span> <span class='ocrx_word' id='word_1_980' title='bbox 2300 5834 2426 5882; x_wconf 88' lang='lat' dir='ltr'><strong>tunc</strong></span> <span class='ocrx_word' id='word_1_981' title='bbox 2457 5827 2762 5885; x_wconf 85' lang='lat' dir='ltr'><strong>misericors</strong></span> <span class='ocrx_word' id='word_1_982' title='bbox 2788 5840 2906 5897; x_wconf 87' lang='lat' dir='ltr'><strong>est;</strong></span> <span class='ocrx_word' id='word_1_983' title='bbox 2939 5846 3043 5886; x_wconf 91' lang='lat' dir='ltr'><strong>non</strong></span> <span class='ocrx_word' id='word_1_984' title='bbox 3076 5832 3217 5886; x_wconf 87' lang='lat' dir='ltr'><strong>cnim</strong></span> <span class='ocrx_word' id='word_1_985' title='bbox 3244 5832 3465 5888; x_wconf 83' lang='lat' dir='ltr'><strong>alimen-</strong></span> 
     </span>
    </p>
   </div>
  </div>
