3934 6320
510 381 617 444 855

512 504 623 557 tum
655 499 960 557 subtrahit.
992 496 1086 553 sed
1106 494 1435 562 desiderium
1462 502 1659 547 movet.
1686 491 1869 562 Itaque
1896 488 2027 561 quid
2044 489 2118 542 ait

510 595 675 649 modo
704 612 716 648 :
752 592 956 648 Exaudi
986 607 1082 654 me,
1106 588 1347 653 Domine,
1370 585 1608 655 quoniam
1635 581 1802 637 suavis
1830 594 1900 637 est
1921 581 2088 635 miseri
2104 611 2119 621 -

509 690 685 743 cordia
728 698 815 740 tua
840 688 867 740 ξ)
902 685 1020 740 Jam
1058 684 1163 738 noli
1190 680 1407 737 differre
1433 678 1826 735 exauditiouem
1850 676 1944 737 :in
1975 684 2119 729 tanta

514 781 859 837 tribulatione
888 795 1005 834 sum
1027 820 1045 845 ,
1079 788 1136 831 ut
1157 778 1338 831 suavis
1367 774 1494 829 mihi
1522 774 1589 829 sit
1616 771 1976 827 misericordia
2008 780 2115 823 tua.

512 873 595 928 Ad
622 873 727 927 hoc
755 886 885 941 ergo
906 870 1190 925 subvenire
1216 866 1503 922 diderebas
1526 906 1540 929 ,
1572 873 1630 918 ut
1655 864 1783 917 milii
1805 862 1959 916 dulce
1977 869 2122 916 esset

513 964 654 1032 quod
676 962 1034 1018 subveniebas
1065 977 1081 1015 :
1106 961 1214 1028 jam
1241 973 1371 1028 ergo
1396 958 1530 1011 ultra
1560 972 1663 1009 non
1691 966 1772 1009 est
1795 953 1938 1023 quod
1962 952 2119 1009 diffe-

514 1069 638 1120 ras;
670 1053 913 1123 pervenit
939 1052 1209 1106 tribulatio
1235 1066 1349 1104 mea
1365 1048 1446 1103 ad
1474 1062 1778 1101 mensuram
1797 1052 2004 1100 certam
2027 1059 2115 1097 ca-

520 1140 809 1211 lamitatis,
852 1144 1028 1198 veniat
1071 1141 1432 1197 misericordia
1461 1150 1547 1195 tua
1568 1138 1635 1193 ad
1664 1137 1962 1195 faciendum
1983 1151 2121 1204 opus

515 1236 786 1289 hunitatis.
816 1233 1023 1288 Exaudi
1048 1251 1125 1287 me
1144 1276 1159 1298 ,
1188 1231 1436 1297 Domine,
1464 1230 1699 1301 quoniam
1725 1227 1892 1283 suavis
1919 1236 1991 1280 est
2021 1227 2118 1278 mi-

514 1329 790 1382 sericordia
839 1337 945 1379 tua.
986 1325 1281 1380 Secundum
1326 1322 1700 1377 multitudinem
1742 1320 2120 1375 miserationum

513 1431 717 1474 tuarum
757 1422 948 1489 respice
993 1422 1043 1472 in
1089 1433 1167 1471 me
1204 1433 1223 1470 :
1263 1432 1367 1471 non
1408 1415 1698 1470 secundum
1727 1411 2118 1467 multitudinem

511 1521 859 1581 peccatorum
883 1525 1147 1567 meorum.

584 1603 639 1657 9..
662 1601 814 1677 (vers.
847 1600 960 1675 18.]
998 1603 1082 1655 Ne
1122 1611 1316 1655 avertas
1351 1600 1536 1671 faciem
1577 1606 1719 1651 luant
1751 1614 1783 1650 a
1817 1611 1976 1665 puero
2009 1604 2117 1648 tuo.

517 1686 585 1751 Et
618 1696 733 1751 hanc
759 1695 1078 1750 humilitatis
1098 1695 1114 1726 ¹
1142 1690 1539 1749 commendatio
1560 1697 1664 1755 est,
1692 1704 1726 1741 a
1746 1704 1903 1757 puero
1932 1696 2036 1745 tuo.
2067 1687 2117 1738 id

517 1798 601 1842 est
625 1802 653 1840 a
682 1801 883 1855 parvo;
914 1786 1035 1856 quia
1060 1784 1170 1853 jam
1194 1782 1344 1838 carui
1381 1779 1629 1850 superbia
1655 1794 1754 1849 per
1782 1777 2119 1847 disciplinam

519 1877 880 1933 tribulationis
930 1894 949 1932 :
997 1875 1082 1930 Ne
1108 1883 1305 1929 avertas
1343 1873 1528 1945 faciem
1564 1881 1706 1927 tuam
1744 1886 1779 1923 a
1816 1885 1972 1939 puero
1996 1879 2115 1941 tuo.

520 1969 650 2023 ilmc
692 1978 778 2023 est
811 1967 903 2022 illa
943 1966 1184 2037 speciosa
1224 1962 1595 2028 misericordia
1628 1961 1726 2017 Dei
1757 1975 1921 2032 quam
1956 1974 2117 2029 supra

517 2042 675 2113 dixit.
722 2058 856 2114 Nam
884 2058 1129 2129 sequenti
1158 2070 1318 2112 versu
1352 2054 1570 2124 exponit
1593 2051 1736 2123 quod
1760 2051 1895 2108 dixit
1928 2069 1944 2107 :
1978 2050 2119 2115 Quo-

517 2153 657 2205 m’mn
684 2151 920 2216 tribulor,
949 2151 1184 2205 velociter
1203 2148 1393 2203 exaudi
1418 2164 1516 2201 me.
1546 2144 1684 2212 Quid
1713 2153 1816 2208 est,
1843 2142 2119 2199 velociter?

516 2239 638 2297 1am
666 2256 773 2297 non
798 2250 882 2297 est
914 2239 1060 2311 quod
1084 2239 1302 2294 differas
1330 2255 1345 2292 :
1374 2237 1631 2302 tribulor;
1673 2235 1951 2307 prtecessit
1974 2233 2115 2289 ami-

516 2334 627 2389 otio
655 2348 797 2397 mea,
830 2342 1086 2402 sequatur
1112 2330 1478 2388 misericordia
1508 2337 1618 2386 tua.

591 2424 647 2480 ὅ.
679 2423 834 2497 [verm
865 2421 981 2493 19.]
1007 2421 1227 2477 Intende
1265 2420 1453 2475 animo:
1486 2435 1631 2486 mea,
1660 2428 1707 2473 et
1752 2418 1947 2474 redime
1978 2433 2114 2474 eam.

516 2514 637 2573 Non
664 2517 865 2587 indiget
891 2516 1263 2584 expositione:
1288 2513 1566 2569 videamus
1592 2527 1721 2583 ergo
1756 2512 1900 2582 quod
1934 2512 2116 2583 sequi-

518 2619 629 2664 tur.
669 2606 890 2679 Propter
934 2607 1166 2662 inimicos
1209 2622 1346 2661 meos
1382 2622 1505 2659 erue
1541 2621 1641 2657 me.
1672 2602 1801 2659 Haec
1828 2602 1987 2673 plane
2012 2602 2117 2659 mi-

515 2699 687 2755 randa
718 2698 905 2769 petitio
927 2706 1029 2759 est,
1049 2712 1149 2752 nec
1167 2695 1402 2751 breviter
1428 2691 1853 2765 perstringenda,
1874 2707 1977 2748 nec
1995 2706 2127 2747 cura»

516 2790 621 2846 sint
655 2788 1039 2854 transilienda;
1069 2801 1291 2858 prorsus
1320 2784 1604 2841 miranda:
1636 2784 1861 2866 Propter
1884 2783 2145 2838 inimicos

517 2898 657 2936 meos
694 2895 814 2934 erue
855 2896 957 2935 me.
996 2878 1135 2944 Quid
1180 2887 1283 2940 est,
1334 2876 1553 2948 Propter
1577 2876 1809 2931 inimicos
1834 2892 1971 2929 meos
1996 2890 2118 2929 me

515 2991 600 3028 sne
616 2973 642 3026 .’
668 2971 737 3030 Ut
764 2969 1182 3035 confundantur,
1210 2977 1271 3024 ut
1297 2968 1605 3024 crucientur
1630 2966 1946 3023 liberatione
1971 2980 2109 3020 mea.

517 3062 657 3131 Quid
682 3077 847 3134 ergo,
887 3063 1063 3118 sinon
1098 3066 1282 3116 essent
1304 3059 1381 3113 illi
1408 3058 1496 3129 qui
1528 3056 1843 3113 liberatione
1871 3070 1991 3112 mea
2028 3059 2139 3110 es-'

517 3164 642 3210 sent
667 3153 961 3218 erucisndi,
1013 3151 1143 3208 mihi
1180 3148 1452 3206 subveniri
1490 3162 1596 3203 non
1628 3144 1855 3203 debuit?
1888 3156 1945 3202 et
1986 3156 2117 3203 tunc

519 3247 618 3301 tibi
642 3245 989 3315 acceptabilis
1015 3253 1099 3300 est
1131 3243 1399 3306 liberatio,
1426 3255 1549 3295 cum
1579 3238 1742 3295 fuerit
1765 3238 1985 3293 alterius
2016 3237 2115 3293 da-

517 3337 763 3393 mnatio?
794 3336 935 3391 Ecce
963 3351 1070 3389 nun
1093 3342 1220 3389 sunt
1243 3332 1465 3399 inimici,
1484 3327 1576 3401 qui
1592 3329 1675 3386 vel
1698 3329 2114 3393 confundantur,

516 3429 604 3484 vel
633 3436 985 3499 torqueantur
1022 3425 1092 3481 de
1120 3424 1437 3481 liberatione
1486 3430 1575 3477 tua
1609 3437 1623 3475 :
1655 3420 1735 3476 sic
1773 3418 2118 3477 remanebisi

518 3530 625 3579 non
658 3518 1007 3575 libcrabcris?
1039 3519 1120 3571 An
1164 3515 1232 3571 ad
1273 3515 1376 3571 hoc
1409 3522 1470 3570 ut
1503 3512 1682 3569 valeat
1718 3510 1949 3568 inimicis
1989 3511 2115 3577 tuis,

521 3627 634 3683 quo
662 3612 874 3682 possint
910 3620 967 3665 et
1010 3608 1115 3678 ipsi
1153 3616 1243 3661 tua
1268 3606 1591 3661 liberatione
1619 3602 1901 3660 converti?
1926 3602 2033 3659 Sed
2063 3610 2119 3658 et

521 3713 626 3759 hoc
645 3704 839 3760 mirum
870 3711 976 3769 est,
1002 3701 1049 3755 si
1090 3699 1279 3754 habeat
1318 3699 1551 3769 aliquam
1580 3696 1852 3767 petitionis
1875 3709 2114 3750 causam.

519 3794 789 3866 Numquid
816 3792 963 3849 enim
983 3791 1052 3847 ad
1078 3791 1182 3845 hoc
1211 3790 1467 3844 liberatur
1492 3801 1685 3844 servus
1708 3786 1802 3843 Dei
1829 3802 1860 3841 a
1889 3785 2120 3841 Domino

521 3889 636 3943 Deo
665 3900 787 3953 suo,
802 3894 863 3939 ut
886 3883 977 3940 alii
1009 3879 1321 3952 proﬁciant?
1338 3878 1499 3948 Quid,
1519 3880 1563 3933 si
1594 3878 1848 3934 deessent
1872 3879 1964 3947 qui
1999 3893 2123 3947 pro-

519 3981 767 4039 ﬁcerent,
798 3976 885 4030 ille
908 3988 1098 4029 servus
1136 3972 1380 4027 Dei-non
1421 3981 1537 4026 erat
1584 3968 1932 4025 liberandus?
1969 3970 2114 4037 Quo-

521 4083 754 4139 cumque
779 4081 910 4137 ergo
930 4079 1016 4121 me
1040 4072 1377 4129 convertam,
1402 4061 1517 4116 sive
1540 4060 1606 4114 ad
1629 4059 1983 4129 punitionem,
2008 4060 2122 4116 sive

521 4162 588 4217 ad
619 4159 990 4216 liberationem
1028 4154 1388 4218 inimicorum,
1420 4169 1528 4207 non
1563 4151 1720 4207 video
1742 4166 1959 4207 causam
1983 4153 2120 4222 peti-

522 4252 687 4306 tionis
712 4250 891 4319 liujus,
926 4246 1147 4317 Propter
1169 4244 1402 4299 inimicos
1429 4259 1565 4298 meos
1601 4259 1719 4298 erue
1757 4257 1878 4298 me:
1899 4244 1999 4298 nisi
2024 4244 2122 4299 ali-

523 4341 650 4413 quid
695 4340 1074 4409 intelligamus,
1110 4334 1253 4405 quod
1296 4349 1420 4389 cum
1462 4333 1652 4388 dixero
1694 4332 1981 4403 adjuvante
2012 4334 2121 4388 Do-

526 4434 697 4498 mino,
743 4429 1005 4501 judicabit
1051 4427 1103 4482 in
1147 4424 1301 4480 vobis
1343 4424 1434 4495 qui
1465 4423 1671 4493 habitat
1719 4425 1774 4478 in
1826 4424 1999 4480 vobis.
2031 4426 2125 4481 Est.

523 4524 769 4596 quzcdam
810 4520 1054 4577 liberalia
1092 4527 1402 4573 sanctorum
1446 4521 1657 4573 oeetttt;
1694 4534 1707 4569 :
1756 4515 1871 4570 lucc
1903 4524 2124 4585 pronior

524 4618 672 4685 ipsos
713 4615 773 4666 lit
807 4613 851 4665 ³.
897 4611 991 4665 Est
1034 4608 1276 4680 quaedam
1317 4606 1528 4678 publica
1556 4616 1612 4660 et
1640 4604 1974 4689 manifesta:
2007 4605 2124 4687 haec

525 4717 745 4777 propter
784 4704 1029 4759 inimicos
1055 4717 1242 4757 eorum
1274 4702 1365 4764 tit;
1406 4701 1521 4755 sive
1552 4698 1870 4769 puniendos,
1906 4700 2021 4755 sive
2058 4702 2125 4756 ii-

525 4800 814 4856 hct'audos.
844 4795 975 4852 Nam
1006 4796 1187 4864 utique
1227 4792 1367 4847 Deus
1405 4791 1475 4845 de
1512 4790 1724 4861 ignibus
1763 4791 2123 4860 persecutoris

527 4908 635 4944 non
680 4887 926 4943 liberavit
968 4885 1162 4939 fratres
1204 4880 1564 4947 Machabatos,
1601 4880 1797 4949 quibus
1825 4880 2123 4936 Antiochus

520 4980 759 5039 saeviens
787 4976 956 5032 etiam'
977 4985 1213 5029 matrem
1247 4972 1509 5033 adhibuit.
1559 4971 1714 5039 cujus
1742 4970 2014 5025 blanditiis
2057 4971 2125 5025 ad

526 5084 767 5124 amorem
793 5062 917 5121 vita:
958 5072 1419 5137 converterentur,
1464 5072 1521 5117 et
1549 5061 1782 5117 amando
1810 5063 1987 5118 vivere
2022 5064 2124 5118 bo-

526 5162 779 5222 miuibus,
823 5159 932 5213 Deo
971 5164 1328 5211 morerentur.
1369 5154 1442 5208 At
1481 5155 1569 5208 illa
1622 5164 1813 5221 mater,
1858 5156 1969 5224 jam
2018 5172 2123 5210 non

532 5253 676 5317 Esse,
726 5252 821 5307 sed
868 5250 1024 5305 matri
1056 5247 1308 5303 Ecclesia:
1355 5246 1567 5311 similis,
1612 5262 1747 5321 quos
1780 5263 1899 5300 cum
1939 5247 2140 5303 dolore

518 5350 896 5414 .pepercratout
928 5342 1074 5394 vivos
1103 5348 1438 5408 agnosceret,
1466 5354 1588 5392 cmn
1614 5335 1809 5406 gaudio
1847 5339 1977 5392 vidit
2007 5354 2125 5392 mo-

514 5439 762 5501 .ricntes;
793 5442 851 5489 et
890 5432 957 5487 ad
1007 5432 1111 5486 hoc
1156 5431 1365 5485 hortata
1411 5440 1493 5485 est
1540 5437 1598 5482 ut
1644 5428 1904 5497 eligerent
1950 5430 2123 5501 potius

593 5600 620 5649 ι,
649 5594 771 5653 Vox,
794 5588 1096 5653 (candidatis,
1119 5588 1260 5638 abest
1281 5599 1311 5653 tt

592 5646 625 5687 ’λ
646 5646 882 5705 ιιυαἸοοο
904 5652 1017 5701 Boii.-
1043 5652 1418 5705 iuterpouebaut
1441 5661 1454 5695 :
1480 5646 1608 5705 quod
1632 5652 1763 5696 Deus
1783 5654 1972 5697 stmctos
1994 5659 2122 5705 suos,

528 5719 764 5779 quasdam
793 5713 996 5779 occulte,
1026 5706 1259 5779 quosdam
1290 5723 1416 5779 vero
1445 5706 1619 5758 liberat
1655 5706 1846 5779 publica
1880 5719 1900 5755 :
1917 5706 2122 5777 occulte,

528 5772 652 5827 sicut
678 5772 1005 5836 Machameus;
1027 5772 1232 5837 puplice,
1258 5772 1387 5837 sicut
1400 5777 1498 5837 tres
1520 5782 1689 5832 puero:
1720 5772 1783 5818 de
1798 5772 1988 5821 condno
2004 5772 2126 5834 igius

531 5846 755 5896 τακεειις,
783 5837 951 5889 tsthmc
974 5834 1069 5885 non
1091 5834 1273 5885 habent
1297 5836 1511 5883 melioris
1533 5839 1661 5882 noue
1684 5836 1791 5880 Mss.

1759 376 1821 433 S.
1859 372 2227 432 AUGUSTINI
2271 374 2593 466 iiPlSCOPi.

2236 488 2369 542 mori
2398 505 2495 558 pro
2525 493 2759 559 paternis
2804 492 3008 564 legibus
3027 494 3242 550 Domini
3283 497 3517 567 Deisui,
3554 501 3718 570 quam
3749 519 3823 557 vt-

2230 597 2355 637 vere
2379 595 2567 637 contra
2595 599 2707 638 eas.
2754 586 2892 651 Quid
2941 587 3027 641 hic
3066 590 3319 645 credituri
3359 608 3573 657 suturis.
3602 593 3814 659 fratres.

2229 674 2328 729 nisi
2362 676 2482 744 quia
2514 673 2720 730 liberati
2750 677 2911 732 sunt?
2938 678 3046 734 Sed
3075 681 3284 736 occulta
3316 682 3414 738 fuit
3441 684 3656 740 illorum
3690 688 3816 743 libe-

2230 769 2366 822 ratio
2400 788 2413 821 :
2441 768 2671 840 denique
2693 772 2807 841 ipse
2836 775 3148 836 Antiochus,
3173 791 3203 828 a
3233 792 3341 847 quo
3365 779 3530 833 occisi
3561 791 3710 845 sunt,
3742 784 3815 838 vi-

2228 876 2322 915 sus
2346 870 2427 914 est
2448 862 2547 916 sibi
2578 863 2774 932 aliquid
2803 866 2992 921 iecisse
3012 867 3154 937 quod
3188 869 3307 938 ejus
3335 872 3626 928 crudelitas
3652 875 3819 931 dicta-

2228 951 2342 1018 bat,
2365 954 2453 1008 vel
2470 956 2644 1023 potius
2663 955 2915 1012 incitabat
2942 958 3012 1029 (ll
3044 959 3281 1015 Machab.
3312 964 3434 1034 vn).
3467 965 3538 1019 At
3564 982 3694 1020 vero
3715 977 3818 1025 tres

2226 1046 2378 1114 pueri
2412 1046 2481 1102 de
2517 1050 2728 1102 camino
2759 1050 2893 1120 ignis
2921 1062 3105 1121 aperte
3133 1052 3340 1109 liberati
3369 1065 3495 1110 sunt
3528 1057 3693 1124 (Dan.
3738 1075 3815 1126 tu,

2227 1139 2318 1201 49)
2343 1156 2357 1203 ;
2388 1140 2508 1209 quia
2534 1150 2588 1196 et
2620 1157 2815 1212 corpus
2842 1158 3025 1199 eorum
3062 1154 3273 1201 erutum
3299 1156 3403 1212 est,
3439 1148 3590 1204 salus
3629 1166 3815 1205 contra

2228 1229 2435 1297 publica
2486 1230 2600 1285 fuit.
2666 1233 2742 1286 liii
2797 1248 2927 1304 ergo
2972 1245 3099 1290 snnt
3150 1236 3205 1292 in
3269 1239 3478 1293 occulto
3524 1242 3814 1309 αιτοιιπιί,

2228 1320 2313 1373 isti
2380 1323 2435 1376 in
2503 1336 2692 1391 aperto
2744 1325 2953 1380 liberati
3005 1342 3022 1392 ;
3098 1343 3287 1383 omnes
3342 1341 3519 1387 tamen
3581 1333 3795 1390 salvati.

2227 1410 2356 1477 Quis
2407 1422 2583 1469 autem
2642 1414 2843 1471 fructus
2890 1417 3215 1474 liberationis
3267 1422 3425 1476 trimn
3481 1425 3815 1493 puerorum?

2226 1504 2401 1572 Quare
2446 1521 2631 1563 eorum
2695 1524 2891 1564 corona
2950 1511 3111 1566 dilata
3168 1515 3305 1570 est?
3355 1512 3475 1585 Ipse
3528 1516 3819 1574 Nabucho-

2225 1597 2461 1652 donosor
2500 1612 2790 1655 conversus
2836 1611 2920 1657 est
2957 1603 3024 1657 ad
3067 1604 3232 1660 Deum
3283 1609 3543 1676 ipsorum,
3587 1626 3818 1679 eumque

2227 1686 2554 1755 prtedicavit,
2595 1705 2718 1760 quia
2757 1693 2897 1747 eruit
2935 1708 3121 1750 servos
3161 1712 3326 1764 suos;
3366 1714 3526 1768 quem
3567 1710 3816 1757 contem-

2226 1788 2425 1845 pserat,
2453 1793 2574 1836 cum
2618 1797 2713 1837 eos
2744 1784 2965 1840 miserat
3004 1786 3058 1842 in
3087 1789 3375 1845 camimim.
3408 1782 3501 1847 ea
3528 1810 3662 1866 ergo
3694 1797 3824 1855 iibe-

2225 1868 2363 1922 ratio
2386 1871 2627 1936 occulta;
2673 1884 2755 1928 est
2798 1874 3047 1933 liberatio
3088 1880 3389 1937 manifesta.
3431 1883 3705 1943 Liberatio
3728 1905 3822 1945 oc-

2224 1960 2362 2014 culta
2394 1961 2459 2016 ad
2488 1964 2743 2029 animam,
2775 1966 3018 2025 liberatio
3048 1971 3323 2029 manifesta
3345 1978 3506 2032 etiam
3530 1978 3598 2034 ad
3620 1995 3823 2050 corpus

2226 2054 2476 2121 pertinet.
2501 2056 2556 2111 lu
2578 2060 2793 2115 occulto
2813 2062 2953 2116 enim
2976 2064 3152 2118 anima
3168 2066 3441 2125 liberatur.
3462 2071 3513 2125 in
3537 2075 3827 2131 ιιιτιιιίῐειεισ

2223 2159 2435 2215 corpus.
2471 2147 2637 2205 Porro
2659 2152 2704 2206 si
2732 2153 2802 2206 ita
2827 2165 2929 2219 εει,
2955 2156 3006 2209 in
3037 2158 3138 2212 hoc
3165 2160 3367 2225 psalmo
3393 2178 3576 2218 vocem
3608 2166 3819 2223 Domini

2223 2251 2578 2308 agnoscamus
2606 2259 2621 2295 :
2650 2243 2716 2296 ad
2738 2246 3000 2301 occultam
3029 2248 3397 2307 liberationem
3422 2257 3655 2325 pertinet
3676 2260 3819 2328 quod

2221 2342 2382 2399 supra
2404 2328 2557 2399 dixit,
2585 2331 2802 2388 Intende
2821 2338 3007 2392 animae
3026 2355 3169 2401 mete.
3196 2351 3243 2395 et
3268 2343 3459 2401 redime
3482 2363 3613 2400 eam.
3634 2350 3816 2406 Restat

2220 2420 2464 2490 corporis
2490 2421 2735 2479 liberatio
2768 2428 2934 2497 :quia
2981 2443 3049 2485 eo
3094 2445 3426 2503 resurgente,
3470 2448 3524 2492 et
3566 2439 3621 2494 in
3648 2445 3819 2497 cretus

2221 2511 2585 2581 ascendente,
2638 2524 2695 2571 et
2735 2518 2982 2588 spiritum
3020 2532 3267 2580 sanctum
3304 2525 3537 2598 desuper
3576 2534 3819 2588 mittente

2225 2599 2360 2696 (det.
2388 2618 2427 2670 ι,
2454 2603 2507 2666 9,
2538 2614 2583 2659 et
2607 2623 2666 2674 ιι,
2696 2607 2783 2680 4),
2809 2613 3054 2667 conversi
3082 2623 3209 2670 sunt
3231 2617 3297 2671 ad
3321 2618 3439 2687 ejus
3467 2623 3623 2677 tidem
3650 2628 3741 2696 qui
3765 2630 3815 2681 in

2220 2692 2339 2762 ejus
2366 2703 2541 2753 morte
2568 2699 2888 2769 saavieruut;
2917 2712 2972 2758 et
2994 2719 3061 2761 ex
3090 2706 3321 2763 inimicis
3348 2712 3503 2767 amici
3542 2692 3818 2773 fac-dsunt

2219 2799 2319 2856 per
2345 2787 2488 2843 illius
2525 2791 2773 2860 gratiam,
2815 2810 2922 2850 non
2955 2812 3050 2867 per
3073 2798 3335 2867 justitiam
3362 2787 3531 2858 suam.
3562 2805 3691 2864 laico
3723 2826 3811 2865 sc-

2219 2888 2375 2935 cutus
2399 2889 2482 2937 est
2507 2900 2525 2938 :
2555 2881 2777 2954 Propter
2800 2886 3033 2943 inimicos
3052 2907 3188 2947 meos
3211 2908 3331 2949 erue
3348 2912 3444 2954 me.
3467 2896 3686 2955 Intende
3704 2905 3816 2957 ani.

2219 2987 2319 3027 mat
2344 2988 2500 3042 mete;
2524 2975 2619 3032 sed
2649 2976 2825 3035 hocin
2848 2982 3060 3037 occulto
3092 3001 3106 3037 :
3135 2982 3355 3056 Propter
3381 2988 3610 3046 inindcos
3635 3004 3813 3050 autem

2220 3068 2531 3121 meosertte‘
2558 3076 2614 3123 et
2633 3082 2829 3141 corpus
2852 3088 3053 3128 meum.
3084 3073 3221 3131 Nihil
3245 3078 3385 3134 enim
3426 3081 3654 3138 inimicis
3683 3089 3815 3142 mcis

2222 3153 2483 3222 proderit,
2524 3158 2569 3212 si
2614 3161 2784 3215 solam
2825 3163 3058 3219 animam
3106 3166 3419 3224 liberareris
3462 3189 3476 3227 :
3514 3175 3712 3245 aliquid
3757 3195 3816 3234 se

2220 3242 2415 3312 egisse,
2443 3246 2643 3316 aliquid
2672 3263 2733 3306 se
2761 3252 3072 3323 implevisse
3098 3257 3352 3314 credituri
3384 3272 3529 3316 sunt.
3559 3242 3689 3333 Quae
3718 3273 3817 3322 uti-

2221 3334 2342 3428 litus
2371 3334 2426 3393 in
2458 3341 2717 3412 sanguine
2732 3358 2873 3409 meo,
2895 3347 3022 3402 dum
3043 3347 3311 3406 descendo
3337 3353 3389 3408 in
3411 3361 3808 3428 corruptionem

2227 3426 2397 3500 (Psal.
2420 3449 2571 3499 χχιχ,
2592 3436 2722 3505 10)?
2750 3439 2911 3510 Ergo,
2943 3442 3146 3496 intende
3164 3446 3350 3501 animo:
3376 3466 3520 3513 mere,
3552 3426 3601 3506 et
3622 3456 3815 3509 redime

2222 3535 2370 3587 eam;
2393 3524 2535 3593 quod
2576 3534 2627 3580 tu
2659 3527 2806 3583 solus
2830 3533 2936 3585 seis
2988 3553 3001 3587 :
3041 3535 3235 3590 deinde
3264 3548 3318 3592 et
3348 3549 3554 3609 propter
3583 3544 3815 3602 inimicos

2224 3616 2360 3667 meos
2392 3630 2512 3670 erue
2552 3633 2650 3685 me,
2703 3628 2759 3673 ut
2802 3637 2928 3675 caro
2980 3640 3096 3679 mea
3141 3643 3248 3681 non
3296 3628 3472 3685 videat
3513 3636 3819 3705 corruptio-

2225 3717 2370 3759 nem.

2297 3796 2352 3850 4.
2380 3795 2533 3869 [θοι-ε.
2562 3798 2679 3874 20.]
2705 3800 2786 3857 Tu
2810 3806 2941 3858 enim
2978 3810 3237 3877 cognoscis
3267 3811 3594 3882 opprobrium
3628 3832 3816 3882 mum,

2226 3896 2273 3942 et
2292 3890 2638 3959 confusionem
2662 3911 2843 3960 meam,
2876 3907 2923 3951 et
2955 3902 3304 3956 verecundiam
3343 3921 3521 3960 meam.
3557 3906 3695 3976 Quid
3716 3923 3815 3978 est,

2226 3981 2572 4053 approbrium
2590 3984 2613 4038 ἲ
2638 3987 2763 4057 quid
2785 3999 2867 4043 est
2888 3989 3170 4047 confusio?
3192 3994 3315 4063 quid
3334 3998 3652 4054 verecundia
3668 4001 3693 4054 ?
3709 4002 3819 4074 0p-

2229 4075 2500 4145 probrium
2531 4090 2614 4132 ρει
2638 4080 2779 4147 quod
2804 4080 2988 4151 objicit
3016 4082 3280 4139 inimicus.
3311 4086 3569 4145 Cimfusio
3592 4099 3680 4147 est
3702 4110 3819 4164 qua:

2228 4167 2862 4225 mordetconscientiam.
2896 4170 3228 4229 Vcrccundia
3256 4187 3339 4233 est
3368 4194 3489 4248 qua:
3518 4180 3648 4235 facit
3675 4184 3823 4255 iuge-

2229 4272 2391 4326 nuam
2418 4256 2645 4315 frontem
2675 4260 2833 4315 etiam
2863 4261 2931 4317 de
2954 4261 3073 4319 falsi
3100 4265 3341 4319 criminis
3361 4267 3670 4336 objectione
3694 4290 3743 4327 et
3761 4290 3819 4326 u-

2227 4349 2469 4405 bcsccre.
2495 4349 2612 4406 Non
2635 4361 2715 4406 est
2736 4354 2975 4419 crimen;
3002 4364 3093 4409 aut
3117 4358 3217 4410 etsi
3241 4358 3442 4413 crimen
3469 4369 3572 4423 est,
3604 4379 3709 4417 non
3741 4374 3822 4418 est

2228 4440 2372 4496 illius
2399 4443 2485 4495 cui
2515 4442 2808 4511 objicitur:
2848 4443 2947 4503 sed
2988 4453 3165 4501 tamen
3214 4446 3499 4503 infirmitas
3540 4454 3562 4482 ²
3602 4450 3821 4506 immani

2230 4534 2395 4589 animi
2450 4534 2764 4605 plerumque
2800 4538 3221 4604 vcrccundatur,
3270 4539 3429 4595 etiam
3469 4556 3592 4596 cum
3636 4544 3823 4599 falsum

2230 4624 2514 4695 objicitur;
2543 4641 2648 4680 non
2678 4627 2801 4696 quia
2824 4628 3089 4696 objectum
3116 4638 3219 4694 cst,
3248 4629 3342 4685 sed
3386 4632 3507 4702 quia
3533 4633 3819 4692 creditum.

2231 4718 2418 4773 Otania
2448 4719 2561 4773 ha-c
2590 4718 2792 4775 suntin
2828 4735 3054 4789 corpore
3083 4722 3315 4777 Domini.
3339 4721 3471 4778 Nam
3498 4723 3749 4781 confusio
3772 4730 3823 4784 in

2234 4810 2325 4864 illo
2353 4826 2456 4864 non
2482 4820 2687 4879 poterat
2711 4827 2851 4871 esse.
2888 4812 2937 4865 in
2980 4826 3085 4882 quo
3115 4814 3276 4889 Culpa.
3297 4820 3400 4869 non
3429 4814 3823 4874 inveniebatur.

2230 4900 2593 4970 Olijiciebatur
2634 4902 2835 4956 crimen
2881 4903 3241 4968 Christianis.
3296 4904 3399 4961 Ιιοο
3447 4905 3620 4976 ῖιιδιιιη
3666 4910 3827 4982 quo“

2230 4992 2518 5047 Christiani
2554 5003 2753 5047 essent.
2791 4995 2879 5049 Illa
2907 4995 3119 5064 quidem
3157 4996 3323 5066 gloria
3355 5007 3472 5050 erat
3505 5015 3518 5050 :
3555 5001 3726 5055 fortes
3761 5000 3825 5056 li-

2232 5085 2418 5139 benter
2456 5085 2819 5153 accipiebant,
2856 5095 2911 5139 et
2958 5084 3037 5140 sic
3076 5068 3439 5156 accipiebant,
3494 5097 3555 5141 ut
3606 5086 3826 5147 omnino

2232 5179 2299 5233 de
2352 5180 2568 5233 nomine
2640 5179 2845 5233 Domini
2902 5180 2982 5233 sui
3045 5180 3152 5233 uo‘n
3186 5178 3611 5236 erubescerent.
3680 5183 3824 5249 Ope-

2235 5282 2413 5325 ruerat
2449 5254 2591 5326 cnim
2632 5273 2979 5326 irreverentia
3036 5271 3222 5325 faciem
3276 5271 3549 5341 ipsorum,
3608 5274 3820 5348 haben-

2234 5365 2365 5419 tium
2418 5363 2646 5418 froutcm
2694 5364 2840 5417 Pauli
2880 5363 3109 5419 dicentis
3156 5381 3171 5417 :
3225 5362 3346 5417 Non
3395 5364 3531 5418 enim
3578 5367 3826 5439 erubesco

2298 5585 2313 5647 ξ
2350 5586 2432 5647 ttic
2451 5588 2583 5639 ων..
2608 5590 2661 5632 et
2680 5580 2863 5647 aliquot
2883 5588 2990 5631 Mss.
3014 5582 3213 5647 addunt,
3234 5594 3327 5633 me.

2299 5596 2313 5614 '
2350 5596 2432 5639 llic
2452 5596 2583 5639 ΗΝ..
2608 5596 2661 5632 ει
2680 5596 2741 5630 an
2776 5596 2863 5630 101.
2884 5596 2990 5631 MSS.
3014 5596 3213 5640 nouunt,
3234 5596 3327 5633 me.

2296 5645 2316 5676 ³
2350 5645 2423 5693 sic
2446 5652 2548 5692 Mss.
2592 5652 2647 5714 A_t
2684 5596 2795 5692 mili
2834 5652 2970 5714 post,
3007 5643 3267 5703 objections
3305 5640 3613 5714 erubescere,
3657 5657 3824 5714 turesc-

2232 5714 2446 5769 quuutur
2470 5716 2484 5753 :
2512 5705 2800 5769 erubescere
2822 5704 3016 5769 quidem
3036 5713 3217 5769 nonest
3240 5705 3613 5769 crimen;_a{lt_si
3634 5704 3821 5757 crimen

2230 5764 2319 5823 est.
2342 5775 2523 5831 nonest
2544 5764 2677 5831 illius
2698 5765 2778 5816 cui
2795 5764 3040 5830 objicit”,
3060 5766 3147 5818 κα
3168 5769 3274 5829 ηπ,
3306 5764 3392 5831 φά
3423 5764 3606 5829 οιδςίεά.
3644 5769 3741 5820 Sed
3760 5776 3821 5820 ω,

2233 5842 2340 5880 men
2373 5826 2645 5889 infirmitas,
2673 5838 2772 5878 etc.
2845 5826 2861 5830 ⁷
2908 5875 2912 5878 ,
