3934 6330
197 420 308 477 85¹Ι

201 540 266 592 de
292 538 568 608 Emngelio
589 553 608 601 ;
631 535 781 589 virtus
811 533 942 585 enim
968 530 1063 584 Dei
1089 539 1158 584 est
1188 530 1238 582 in
1278 533 1489 582 salutem
1512 530 1648 581 οπμιὶ
1682 545 1792 579 cre-

204 633 342 686 denti
385 629 557 698 (Rom.
603 644 642 689 t,
693 627 802 695 16).
831 624 877 679 0
919 623 1100 688 Paule,
1147 639 1322 674 nonne
1363 631 1414 674 tu
1456 636 1512 673 es
1545 621 1796 672 adorator

198 722 492 779 Crucilixi?
533 721 725 774 Parum
774 727 876 782 cst,
910 717 1099 785 inquit,
1141 715 1264 769 inde
1292 715 1417 767 Inibi
1449 730 1554 769 non
1599 713 1793 766 erube-

198 831 387 876 scere;
423 813 528 867 imo
573 812 696 865 hinc
725 810 900 864 solum
943 808 1165 878 glorior,
1199 808 1339 860 unde
1382 822 1467 859 me
1511 814 1662 875 putat
1692 805 1792 856 ini-

199 909 373 962 Inicus
415 905 756 961 erubescere.
808 902 940 956 Mihi
981 903 1124 956 enim
1168 901 1294 954 absit
1334 899 1562 969 gloriari,
1604 899 1702 951 nisi
1741 900 1794 950 in

197 1015 351 1052 cruce
374 997 579 1052 Domini
602 999 758 1050 nostri
777 995 809 1048 J
816 1013 902 1048 esu
929 993 1132 1055 Christi,
1156 1011 1243 1060 per
1263 1009 1407 1058 quem
1431 992 1552 1043 milii
1577 991 1793 1043 taurulus

195 1091 476 1158 cruciﬁxus
517 1101 609 1152 est,
654 1100 700 1142 et
734 1105 822 1158 ego
864 1087 1049 1139 mundo
1073 1085 1215 1154 (Gal.
1253 1101 1325 1150 vt,
1355 1082 1463 1155 14).
1507 1083 1640 1137 Huic
1667 1098 1793 1151 ergo

196 1182 294 1236 tali
325 1181 484 1236 fronti
511 1181 854 1250 Opprobrium
884 1179 1055 1233 solum
1097 1186 1302 1245 poterat
1329 1175 1507 1244 objici.
1536 1174 1666 1227 Nam
1697 1189 1794 1227 nec

195 1274 448 1328 cOnfusio
483 1283 690 1340 poterat
717 1286 837 1326 esse
876 1271 927 1325 in
966 1270 1293 1323 conscientia
1321 1269 1429 1336 jam
1462 1278 1663 1327 sanata,
1696 1280 1793 1319 nec

197 1364 521 1419 verecundia
556 1365 607 1418 in
639 1363 810 1416 frtmte
836 1373 940 1416 tam
973 1362 1158 1416 libera.
1183 1361 1286 1415 Sed
1323 1377 1444 1413 cutn
1471 1359 1794 1425 objicen-tur

197 1456 518 1526 quihusdam
545 1454 685 1524 quod
711 1452 977 1507 Christum
1006 1452 1397 1514 interfecerint;
1426 1453 1615 1504 merito
1643 1466 1788 1502 emn-

196 1551 385 1617 puneti
415 1553 535 1599 stult
565 1546 699 1599 mala
733 1544 1079 1608 conscientia,
1104 1555 1154 1596 et
1177 1542 1461 1597 salubriter
1488 1542 1690 1595 confusi
1715 1550 1794 1593 at-

197 1655 306 1707 que
330 1638 602 1702 cnnversi,
631 1647 686 1690 ut
717 1644 931 1705 possent
958 1634 1138 1688 dicere
1163 1651 1175 1686 :
1205 1632 1286 1686 Tu
1309 1633 1585 1702 cognovisti
1610 1635 1790 1701 confu-

193 1731 393 1785 sionem
416 1746 595 1783 nteant.
623 1728 701 1782 Tu
727 1743 874 1796 ergo,
902 1726 1142 1789 Domine,
1170 1723 1328 1787 nosti,
1364 1740 1467 1777 non
1496 1722 1668 1776 solum
1698 1739 1794 1788 0p-

195 1824 474 1894 probrinm
504 1837 702 1888 meum,
733 1821 827 1875 sed
872 1830 926 1875 cl
956 1818 1320 1873 confusionem
1351 1831 1558 1876 meam;
1590 1817 1641 1868 in
1672 1815 1789 1881 quti-

197 1915 425 1970 busdam
452 1925 505 1967 et
532 1912 925 1975 verecundiam,
956 1911 1044 1980 qui
1073 1911 1314 1977 quamvis
1351 1912 1402 1962 in
1433 1924 1517 1962 me
1544 1908 1787 1971 credant,

194 2009 412 2078 publice
444 2025 527 2061 me
557 2019 730 2060 tatneu
757 2023 936 2059 coram
972 2007 1143 2071 impiis
1171 2003 1412 2056 conﬁteri
1444 2002 1787 2066 erubes‘t-nnt,

192 2102 315 2170 plus
344 2099 481 2167 apud
513 2115 570 2153 se
610 2098 818 2152 Valente
866 2099 1036 2163 lingua
1082 2095 1310 2148 humana
1355 2109 1509 2162 quam
1560 2094 1788 2160 prornis-

191 2193 347 2245 sione
376 2191 572 2244 divina.
611 2189 793 2243 Videte
822 2203 949 2256 ergo
988 2203 1082 2242 eos
1111 2207 1124 2240 :
1159 2194 1214 2239 et
1238 2185 1681 2239 commendantur
1708 2193 1788 2235 ta—

192 2283 278 2336 les
309 2284 436 2345 Deo,
470 2296 573 2334 non
605 2289 660 2333 ut
689 2282 765 2333 sic
807 2279 1089 2347 relinquat,
1142 2278 1234 2332 sed
1278 2288 1330 2329 ut
1359 2293 1451 2330 eos
1489 2276 1790 2343 adiuvando

193 2372 457 2440 perﬁciat.
493 2371 630 2424 Dixit
663 2370 804 2425 enim
831 2379 882 2424 et
906 2371 1120 2438 quidam
1150 2369 1394 2429 credens,
1431 2377 1483 2420 ct
1507 2368 1737 2419 titubans
1773 2384 1784 2418 :

191 2464 381 2520 Credo.
409 2461 660 2525 Domine;
686 2463 874 2532 adjuvit
901 2461 1299 2514 incredulitatem
1329 2477 1489 2512 meum
1513 2459 1702 2530 (Marc.
1728 2475 1802 2524 ιχ,

347 2552 409 2606 In
432 2563 700 2623 conspectu
723 2562 810 2605 tuo
829 2562 944 2605 sunt
974 2568 1144 2605 omnes
1172 2552 1468 2605 tribulantes
1494 2567 1588 2602 me.
1613 2551 1789 2618 Quare

189 2646 324 2701 mihi
366 2647 434 2698 sit
463 2645 829 2714 opprobrium,
866 2655 918 2697 tu
969 2644 1144 2708 nosti;
1201 2659 1366 2712 quare
1417 2641 1683 2707 confusio,
1732 2651 1786 2696 tu

188 2738 374 2802 nosti;
421 2753 586 2804 quare
632 2737 973 2800 verecundia,
1031 2747 1084 2791 tu
1132 2737 1270 2790 nosti
1311 2751 1482 2805 :ergo
1527 2751 1658 2791 erue
1702 2751 1787 2791 me

189 2841 413 2901 propter
455 2832 700 2885 inimieos
744 2846 912 2896 meos,
953 2832 1075 2900 quia
1109 2840 1162 2884 tu
1191 2830 1328 2884 nosti
1381 2831 1478 2884 ista
1524 2846 1664 2894 mea,
1712 2830 1786 2883 illi

187 2939 299 2978 non
349 2935 577 2984 norunt;
607 2939 670 2977 ac
715 2938 808 2993 per
853 2923 974 2986 hoc,
1006 2925 1128 2993 quia
1165 2923 1264 2992 ipsi
1293 2921 1345 2976 in
1379 2933 1665 2991 conspectu
1695 2932 1787 2976 tuo

186 3026 337 3078 sum,
386 3014 483 3068 ista
527 3015 825 3069 nescientes
871 3030 975 3068 non
1009 3023 1257 3082 poterunt
1287 3016 1370 3069 vel
1415 3015 1669 3069 canfundi
1700 3016 1784 3069 vel

181 3103 507 3174 corrigimisi
522 3104 797 3160 manifeste
812 3120 897 3160 me
912 3104 1115 3160 erueris
1130 3116 1349 3175 propter
1361 3105 1599 3167 inimicos
1613 3121 1782 3160 meos.

260 3197 313 3252 5.
346 3197 509 3267 ltum.
538 3195 664 3267 2L]
700 3195 1043 3267 Opprobrium
1073 3196 1378 3264 exspectavit
1417 3212 1504 3249 cor
1537 3213 1702 3250 meum
1736 3209 1785 3250 et

183 3289 464 3340 miseriam.
495 3287 630 3355 Quid
655 3297 756 3350 est,
786 3287 1131 3357 exspectavit?
1155 3287 1352 3342 Futura
1377 3288 1474 3341 ista
1503 3287 1748 3355 prsevidit
1765 3330 1780 3350 ,

183 3376 360 3432 futura
391 3378 486 3432 ista
519 3379 781 3448 przudixit.
803 3379 914 3432 Non
942 3379 1083 3434 enim
1113 3380 1256 3433 venit
1284 3379 1349 3432 ad
1372 3379 1535 3432 aliud.
1561 3379 1616 3433 Si
1646 3380 1782 3433 mori

183 3472 374 3536 nollet,
407 3463 503 3526 nec
536 3473 678 3526 nasci
711 3473 872 3526 vellet
903 3493 913 3525 :
947 3488 1106 3527 causa
1138 3473 1547 3528 resurrectionis
1573 3483 1781 3527 utrum-

181 3580 293 3633 que
322 3563 463 3616 fecit.
496 3563 612 3617 Duo
630 3565 771 3617 enim
799 3565 1040 3633 quardam
1069 3563 1222 3619 nobis
1241 3564 1291 3619 in
1322 3579 1519 3634 genere
1548 3565 1784 3618 humano

183 3665 311 3708 nota
361 3667 514 3708 erant
539 3697 554 3720 ,
586 3672 750 3710 unum
791 3667 967 3711 autem
1012 3656 1361 3726 incognitum.
1394 3657 1545 3712 Nasci
1587 3658 1781 3728 quippe

183 3745 432 3801 homines
457 3759 508 3801 et
535 3747 670 3801 mori
702 3748 1028 3815 sciebamus;
1057 3765 1333 3819 resurgere
1358 3759 1411 3804 et
1441 3750 1494 3804 in
1522 3758 1780 3804 aeternum

181 3838 367 3893 vivere
407 3840 793 3894 nesciebamus.
825 3840 895 3895 Ut
930 3841 1238 3895 ostenderet
1275 3842 1432 3897 nobis
1478 3841 1621 3911 quod
1674 3858 1780 3896 non

183 3945 548 3994 noveramus,
578 3931 809 3999 suscepit
855 3931 961 3986 duo
1002 3948 1122 4002 qua:
1174 3947 1516 3986 noveramus.
1551 3930 1632 3987 Ad
1681 3934 1782 3986 hoc

181 4037 314 4090 ergo
345 4022 506 4076 venit.
541 4022 880 4094 Opprobrium
910 4025 1214 4094 exspectavit
1245 4042 1331 4079 cor
1361 4043 1524 4078 meum
1552 4036 1599 4080 et
1628 4027 1781 4080 mise-

182 4113 339 4166 nam.
378 4112 484 4168 Sed
514 4114 783 4169 miseriam
827 4115 1020 4185 cujus?
1044 4115 1388 4185 Exspectavit
1425 4114 1567 4170 enim
1617 4117 1780 4171 mise-

182 4201 344 4266 riam,
362 4201 456 4257 sed
477 4203 645 4272 magis
665 4202 1107 4274 cruciﬁgentium,
1124 4205 1291 4275 magis
1315 4207 1777 4275 persequentium;

182 4301 244 4346 ut
267 4293 320 4345 in
353 4291 456 4348 illis
475 4303 622 4348 esset
651 4296 885 4362 miseria,
907 4296 957 4350 in
981 4296 1074 4351 illo
1099 4297 1484 4352 misericordia.
1514 4297 1780 4354 Miscriam

179 4381 382 4451 quippe
429 4382 637 4437 illorum
688 4386 948 4440 miserans
989 4389 1150 4441 etiam
1201 4388 1442 4458 pendens
1477 4388 1527 4440 in
1568 4403 1728 4442 cruce
1762 4405 1776 4443 :

180 4469 377 4539 Pater,
406 4473 592 4544 inquit,
620 4476 822 4546 ignosce
846 4475 951 4530 illis
969 4519 984 4543 ,
1011 4477 1130 4548 quia
1167 4477 1392 4531 nesciunt
1420 4479 1544 4545 quid
1586 4481 1781 4545 faciunt

182 4562 339 4635 (Luc.
369 4580 496 4619 xxut
522 4606 540 4631 ,
561 4567 675 4637 54).
709 4566 1051 4647 Opprobrium
1088 4570 1390 4638 exspectauit
1415 4587 1501 4623 cor
1534 4587 1700 4624 meum
1733 4580 1782 4626 et

181 4660 441 4712 iniseriam
470 4675 490 4714 :
515 4670 561 4714 et
600 4663 820 4715 sustinui
854 4663 941 4733 qui
973 4664 1126 4717 simul
1163 4664 1561 4726 contristaretur,
1587 4675 1632 4717 ct
1679 4681 1780 4718 non

182 4750 303 4820 fuit.
337 4750 472 4816 Quid
505 4767 632 4820 ergo
659 4753 854 4819 proluit
882 4753 1003 4823 quia
1029 4755 1374 4824 exspectavi?
1402 4755 1503 4808 hoc
1522 4763 1622 4818 est,
1654 4755 1779 4822 quid

185 4844 388 4913 profuit
414 4845 535 4914 tpiia
567 4847 782 4914 praedixi
804 4849 828 4901 ?
852 4849 979 4918 quid
1006 4849 1205 4917 profuit
1235 4849 1355 4918 quia
1384 4848 1491 4903 dixi
1532 4849 1652 4902 ideo
1695 4865 1781 4904 me

182 4937 672 4992 venissc?Yentum
696 4951 778 4994 cst
803 4949 858 4994 ut
876 4941 1184 5012 impleretur
1211 4942 1353 5011 quod
1379 4942 1487 4996 dixi
1519 4961 1532 4995 :
1564 4943 1782 4997 sustinui

153 5029 268 5097 .qui
293 5029 444 5082 simul
463 5031 861 5098 contristamur,
880 5042 925 5085 et
947 5050 1047 5085 non
1067 5033 1185 5104 fuit;
1206 5043 1250 5086 ct
1266 5035 1599 5098 consolantes,
1615 5045 1660 5088 et
1680 5053 1781 5090 non

140 5129 144 5133 '
180 5118 351 5172 inveni
373 5135 390 5181 ;
410 5120 508 5173 hoc
533 5129 647 5186 est,
672 5136 776 5175 non
809 5121 924 5175 fuit.
957 5123 1109 5187 Quod
1138 5123 1278 5178 enim
1320 5125 1596 5193 superiore
1624 5141 1776 5180 versu

178 5209 358 5276 dixit,
391 5208 622 5264 Sustinui
654 5213 740 5283 qui
773 5213 927 5266 simul
962 5215 1379 5277 contristat-tatur;
1403 5215 1503 5270 hoc
1538 5217 1779 5285 sequenti

181 5317 363 5363 versu.
386 5310 432 5354 et
451 5305 786 5358 consolantes.
823 5305 975 5372 Quod
1003 5315 1178 5360 autem
1211 5308 1490 5376 superiore
1521 5324 1675 5361 versu
1693 5349 1706 5372 ,
1734 5319 1780 5362 et

181 5411 282 5448 non
305 5394 432 5464 fuit;
460 5394 561 5448 hoc
590 5398 828 5466 sequenti
865 5411 1022 5452 versu
1045 5439 1058 5460 ,
1091 5408 1137 5452 et
1167 5416 1266 5451 non
1287 5399 1470 5452 inveni.
1495 5399 1635 5468 Ergo
1672 5415 1778 5453 non

151 5477 154 5481 ’
181 5486 350 5540 altera
400 5486 636 5556 subjecta
657 5529 674 5553 ,
703 5488 796 5543 sed
848 5491 1094 5558 superior
1123 5491 1344 5559 repetita
1386 5492 1647 5544 sententia
1674 5503 1776 5544 est.

180 5575 352 5644 Quam
409 5580 725 5632 sententiam
757 5580 800 5632 si
846 5589 1195 5634 retractemus
1224 5623 1238 5646 ,
1266 5582 1492 5651 qu‘rstio
1528 5582 1778 5635 nonnulla

184 5669 380 5738 poterit
411 5669 630 5722 ohoriri.
663 5667 927 5738 Numquid
964 5674 1105 5727 cnim
1133 5674 1374 5742 discipuli
1394 5672 1504 5742 ejus
1538 5690 1640 5726 non
1661 5683 1783 5727 sunt

181 5761 508 5826 contristati,
541 5764 752 5832 quando
780 5765 970 5818 ductus
1005 5774 1082 5818 est
1121 5766 1183 5818 ad
1216 5767 1515 5832 passionem
1539 5810 1550 5830 ,
1571 5766 1782 5835 quando

183 5853 326 5928 ligno
359 5871 650 5929 suspensus
669 5901 682 5926 ,
705 5858 919 5929 quando
949 5861 1222 5914 mortuus?
1262 5858 1440 5929 Usque
1468 5859 1602 5915 adeo
1653 5873 1780 5912 enn-

1312 408 1709 466 ENARRA'I'IO
1740 408 1804 463 IN
1845 409 2176 469 PS.\l..’dU.\l
2222 415 2446 470 lXVlEl.

3402 430 3505 490 858

1909 528 2099 582 tristati
2123 572 2136 591 ,
2167 543 2218 583 ut
2269 533 2351 586 illa
2396 533 2550 587 Maria
2579 535 2901 607 Magdalcne,
2925 558 3042 611 qua:
3077 541 3244 611 primo
3273 560 3392 600 com
3429 549 3502 600 vi-

1907 621 2002 680 dit,
2034 623 2268 689 gaudens
2306 625 2604 693 lugentibus
2635 631 2897 686 nuutiaret
2947 633 3070 702 quid
3100 636 3288 690 viderit
3311 635 3493 711 (Joan.

1906 728 1993 775 xx,
2024 714 2108 778 18,
2135 726 2181 767 et
2210 715 2374 770 Marc.
2396 735 2504 781 xvi,
2525 722 2602 785 9).
2622 722 2966 792 Evangelium
2995 727 3090 782 ista
3111 728 3371 798 loquitur;
3390 747 3498 786 non

1906 818 2086 860 nostra
2125 813 2502 879 pra‘suniptio,
2533 831 2636 867 non
2674 826 2853 870 nostra
2894 820 3126 888 suspicio
3165 833 3245 876 est
3302 841 3314 875 :
3363 839 3497 879 eon-

1904 909 2008 950 Stat
2052 901 2313 962 doluisse.
2365 915 2572 958 constat
2623 907 2818 964 luxisse
2863 910 3170 981 discipulos.
3219 916 3496 973 Extranem

1906 991 2158 1044 mulieres
2179 992 2399 1060 ﬂebant,
2427 997 2638 1064 quando
2668 999 2732 1053 ad
2763 1001 3062 1069 passionem
3088 1005 3396 1066 ducebatur:
3425 1010 3490 1064 ad

1904 1097 2036 1150 quas
2071 1099 2366 1152 cenversus
2412 1088 2483 1141 ait
2517 1107 2530 1142 :
2569 1089 2747 1154 Flete;
2773 1097 2858 1145 se'l
2886 1111 2970 1146 ros
2995 1137 3010 1160 ,
3038 1097 3191 1149 nolite
3230 1114 3306 1150 me
3334 1099 3492 1165 (Lue.

1901 1189 2028 1226 xxm
2048 1214 2064 1240 ,
2092 1175 2207 1246 28).
2241 1178 2522 1245 Quomodo
2551 1197 2678 1251 ergo
2703 1185 2955 1237 sustinuit
2983 1187 3071 1256 qui
3112 1188 3266 1241 simul
3293 1191 3494 1242 Ctltlil'l-

1901 1274 2134 1319 staretur
2156 1313 2170 1331 ,
2193 1278 2246 1321 et
2275 1286 2380 1324 non
2408 1272 2544 1325 fuit?
2577 1273 2918 1330 Attendimus
2940 1318 2954 1339 ,
2991 1288 3046 1332 et
3073 1279 3374 1333 invenimus
3402 1282 3497 1333 tri-

1900 1367 2008 1410 stes
2031 1400 2043 1422 ,
2068 1369 2121 1412 et
2148 1361 2388 1428 lugentes
2410 1403 2423 1421 ,
2448 1373 2500 1416 et
2525 1365 2868 1433 plangentes;
2901 1368 3039 1423 unde
3067 1371 3222 1424 nobis
3249 1370 3380 1425 mira
3413 1374 3494 1424 vi-

1899 1450 2056 1503 detur
2085 1452 2182 1506 ista
2207 1457 2467 1508 sententia
2500 1475 2512 1509 :
2549 1458 2784 1512 Sustinui
2813 1463 2895 1530 qui
2921 1463 3073 1515 simul
3088 1465 3492 1530 contristaretnr,

1900 1551 2064 1594 etnon
2098 1545 2194 1613 fuit
2217 1559 2234 1606 ;
2255 1558 2300 1598 et
2323 1547 2640 1602 consolantes
2661 1590 2674 1610 ,
2707 1561 2753 1601 et
2786 1567 2885 1603 non
2921 1553 3108 1604 inveni.
3149 1553 3491 1606 lntendamns

1899 1632 2202 1702 diligentius
2229 1675 2244 1700 ,
2273 1646 2327 1689 et
2353 1637 2648 1691 videbimus
2681 1656 2800 1694 eum
2839 1642 3160 1697 sustinuisse
3197 1645 3287 1712 qui
3331 1645 3375 1699 si
3400 1643 3492 1698 nul

1900 1724 2323 1788 contristaretur,
2346 1738 2402 1780 et
2426 1745 2528 1782 non
2554 1729 2738 1784 fuisse.
2761 1731 3227 1786 Contristabantur
3251 1733 3392 1788 enim
3418 1734 3492 1788 illi

1899 1815 2186 1870 carnaliter
2213 1816 2278 1870 de
2303 1819 2408 1871 vita
2435 1821 2664 1883 mortali,
2685 1836 2804 1890 qua!
2831 1823 3081 1876 mutamla
3104 1825 3275 1878 luerat
3296 1835 3490 1892 morte,

1899 1917 1949 1959 et
1974 1908 2266 1975 reparanda
2285 1914 2713 1966 resurrectione:
2746 1913 2870 1969 hinc
2896 1926 3010 1969 erat
3033 1917 3119 1969 illa
3155 1917 3386 1972 tristitia.
3418 1919 3493 1973 De

1899 1997 2003 2052 illis
2029 1999 2170 2052 enim
2197 2015 2314 2054 esse
2342 2001 2526 2055 debuit
2551 2044 2565 2066 ,
2590 2005 2675 2072 qui
2709 2005 2834 2058 επὶ
2866 2005 3130 2060 medicum
3158 2008 3490 2069 occiderunt.

1896 2089 1985 2158 qui
2006 2098 2251 2159 tanquam
2276 2093 2572 2161 perniciose
2588 2095 2875 2150 felirientes
2895 2099 3211 2166 phrenetici,
3234 2101 3495 2156 iaciebant

1899 2183 2145 2250 injuriam
2176 2184 2224 2237 ei
2255 2200 2283 2237 a
2315 2201 2420 2254 quo
2448 2187 2549 2240 illis
2576 2189 2745 2242 fuerat
2769 2191 2914 2243 salus
2943 2193 3124 2247 allata.
3161 2193 3253 2247 Ille
3282 2195 3492 2248 volebat

1894 2291 2102 2341 curare,
2133 2276 2206 2330 illi
2234 2279 2454 2332 sawire:
2479 2279 2600 2335 hinc
2622 2281 2832 2335 tristitia
2857 2283 3084 2337 medico.
3105 2284 3297 2352 Qumre
3315 2294 3488 2340 utrum

1895 2370 2157 2423 invenerit
2187 2369 2343 2438 hujus
2372 2373 2599 2425 tristitia:
2629 2374 2902 2428 comitem.
2931 2373 3045 2428 Non
3077 2376 3218 2430 enim
3251 2377 3344 2437 ait.
3366 2392 3487 2431 sus-

1895 2459 2025 2514 tinui
2055 2459 2144 2526 qui
2185 2462 2619 2527 contristaretm',
2650 2471 2705 2516 ct
2747 2481 2850 2517 non
2885 2465 3018 2528 fuit;
3053 2465 3181 2531 sed,
3208 2468 3293 2538 qui
3337 2469 3490 2523 simul

1891 2551 2274 2604 contristantur
2295 2592 2309 2616 ,
2346 2551 2396 2605 id
2424 2563 2524 2616 est,
2558 2569 2621 2608 ex
2649 2570 2710 2607 ca
2744 2571 2831 2620 re,
2862 2572 2961 2622 qua
2991 2573 3112 2625 ego.
3142 2560 3491 2614 contristare-

1893 2651 2012 2707 tur,
2041 2653 2210 2696 etnon
2235 2643 2422 2698 inveni.
2449 2646 2642 2700 Petrus
2670 2658 2815 2702 certe
2847 2648 3135 2717 plurinmm
3163 2653 3362 2705 amaxit
3391 2694 3404 2714 ,
3437 2663 3492 2708 ct

1891 2733 1943 2788 in
1971 2733 2162 2788 ﬂuetus
2192 2735 2477 2790 caltmndos
2503 2752 2562 2791 se
2585 2739 2701 2790 sine
2726 2737 3059 2795 dubitatione
3083 2740 3326 2809 projecit,
3346 2752 3399 2795 et
3424 2745 3490 2795 ad

1891 2842 2076 2882 vocem
2107 2828 2313 2881 Domini
2343 2829 2600 2883 liberatus
2629 2841 2711 2883 cst
2739 2830 2953 2900 (.llattlt.
2984 2847 3092 2895 xw,
3125 2832 3195 2886 29
3219 2873 3234 2898 ,
3265 2833 3356 2903 5|)
3389 2851 3401 2887 τ
3434 2848 3490 2889 ct

1889 2935 2010 2975 cum
2049 2919 2265 2974 ductum
2305 2922 2372 2975 ad
2404 2922 2745 2990 passionem,
2778 2923 2976 2977 amoris
3024 2923 3243 2978 audacia
3298 2940 3492 2979 conse-

1889 3022 2044 3066 cutus
2067 3054 2081 3075 ,
2115 3023 2290 3066 tamen
2322 3015 2571 3068 turbatus
2591 3056 2605 3082 ,
2639 3024 2718 3069 ter
2747 3013 2977 3084 negavit.
3013 3015 3162 3070 Unde
3187 3057 3202 3080 ,
3232 3017 3333 3070 nisi
3363 3019 3488 3086 quia

1889 3102 2089 3157 malum
2137 3104 2212 3158 illi
2257 3105 2536 3159 videbatur
2565 3108 2745 3160 mori?
2777 3106 2830 3160 ld
2873 3108 3015 3160 enim
3046 3107 3316 3162 devitabat
3344 3111 3486 3180 quod

1889 3193 2086 3248 malum
2113 3195 2348 3264 putabat.
2379 3197 2490 3250 lloc
2515 3211 2644 3267 ergo
2667 3205 2720 3252 et
2746 3197 2798 3251 in
2831 3198 3055 3252 Domino
3079 3198 3315 3264 dolebat,
3342 3200 3486 3270 quod

1887 3286 2003 3355 ipse
2031 3285 2319 3341 devitabat.
2349 3287 2633 3357 Propterea
2665 3298 2718 3341 et
2746 3295 2870 3342 ante
2899 3289 3140 3355 dixerat,
3170 3289 3314 3343 Absit
3348 3309 3380 3344 a
3409 3303 3478 3357 te,

1888 3378 2127 3442 Domine;
2157 3379 2406 3449 propitius
2437 3379 2526 3432 tibi
2549 3391 2674 3443 esto,
2700 3398 2799 3433 non
2826 3381 2911 3449 [iet
2934 3382 3108 3436 istud:
3129 3383 3343 3450 quando
3369 3399 3483 3438 nico

1887 3472 1994 3524 ruit
2026 3469 2230 3534 audire,
2261 3469 2528 3536 Satanas;
2573 3483 2920 3540 posteaquam
2962 3472 3244 3537 audierat,
3296 3471 3484 3526 Beatus

1886 3579 1958 3629 es,
1980 3562 2160 3617 Simon
2188 3561 2293 3616 Bar
2318 3561 2457 3616 Jona
2481 3561 2592 3633 (ld.
2620 3579 2729 3627 xvi,
2756 3564 2840 3626 l7,
2865 3563 2955 3626 ἐξ.
2980 3564 3096 3632 23).
3133 3565 3273 3634 Ergo
3304 3567 3356 3620 in
3387 3568 3484 3620 tri-

1885 3656 2026 3709 stitia
2055 3672 2213 3725 quam
2245 3656 2473 3710 habebat
2495 3655 2752 3710 Dominus
2780 3655 2849 3711 de
2877 3657 2982 3711 illis
3009 3673 3104 3726 pro
3133 3658 3324 3726 quibus
3357 3675 3483 3712 ora-

1884 3749 1959 3799 vit
1989 3789 2004 3811 ,
2043 3746 2197 3799 Pater
2217 3788 2234 3812 ,
2264 3747 2468 3817 ignosce
2509 3746 2613 3801 illis
2636 3788 2649 3807 .
2679 3747 2801 3818 quia
2837 3748 3066 3801 nesciunt
3099 3746 3222 3816 quid
3247 3749 3439 3818 faciunt
3463 3790 3478 3814 ,

1885 3839 2087 3893 multum
2109 3837 2359 3892 comitem
2382 3837 2605 3892 invenit.
2619 3836 2686 3890 Et
2702 3835 2919 3891 sustinui
2938 3838 3022 3907 qui
3042 3839 3194 3893 simul
3213 3840 3480 3892 contristat-

1884 3942 2022 3983 retur
2045 3969 2061 3993 ,
2082 3940 2128 3982 et
2149 3945 2250 3982 non
2276 3929 2392 3999 fuit.
2425 3929 2652 3983 Prorsus
2677 3943 2782 3982 non
2809 3928 2926 3983 fuit.
2957 3929 3021 3982 Et
3050 3930 3366 3984 consolantes
3386 3972 3400 3995 ,
3430 3939 3482 3984 et

1884 4038 1986 4075 non
2026 4019 2211 4074 inveni.
2255 4019 2355 4086 Qui
2395 4028 2518 4077 Sunt
2555 4019 2928 4075 consolantes?
2963 4020 3328 4075 l’rolicienles.
3376 4019 3479 4090 Ipsi

1883 4112 2026 4166 enim
2055 4127 2152 4166 nos
2186 4111 2551 4177 consolantur,
2583 4110 2682 4181 ipsi
2711 4120 2833 4165 sunt
2862 4110 3054 4165 solatio
3072 4112 3320 4166 omnibus
3343 4123 3480 4182 prte-

1883 4202 2213 4258 dieatoribus
2240 4202 2504 4256 veritatis.

1954 4299 2010 4350 ti.
2039 4295 2188 4368 [vers.
2205 4294 2324 4369 ελ]
2347 4293 2412 4348 Et
2429 4293 2678 4348 dederunt
2699 4295 2750 4347 in
2769 4309 2937 4348 escam
2956 4311 3118 4349 meum
3147 4297 3235 4363 ιρι.
3252 4307 3300 4350 ct
3322 4299 3372 4352 in
3397 4300 3480 4352 siti

1884 4401 1997 4440 mea
2017 4394 2313 4453 potarerunt
2343 4399 2422 4436 me
2446 4393 2608 4438 aceto.
2634 4383 2853 4438 Factum
2885 4395 2966 4438 est
2995 4385 3208 4454 quidem
3240 4387 3306 4440 ad
3337 4388 3478 4441 litte-

1883 4493 2021 4543 ram,
2038 4487 2095 4531 et
2121 4476 2472 4546 Evangelium
2495 4476 2597 4532 hoc
2621 4477 2775 4531 nobis
2796 4478 3012 4532 indicat.
3040 4477 3145 4534 Sed
3175 4481 3476 4550 intelligen-

1883 4570 2009 4623 dum
2040 4578 2120 4624 est
2144 4610 2160 4635 ,
2192 4569 2413 4632 fratres,
2443 4567 2544 4622 hoc
2572 4568 2743 4636 ipsum
2772 4570 2913 4638 quod
2942 4585 3051 4624 non
3078 4571 3254 4624 inveni
3283 4587 3478 4626 conso-

1885 4661 2058 4715 lantes
2083 4701 2094 4722 ,
2124 4660 2224 4713 hoc
2255 4660 2428 4728 ipsum
2458 4662 2597 4728 quod
2630 4675 2737 4712 non
2767 4659 2943 4713 inveni
2970 4659 3060 4729 qui
3092 4661 3250 4715 simul
3279 4664 3480 4718 ωηατ-ί.

1883 4763 2136 4818 staretur,
2163 4753 2265 4806 hoc
2304 4753 2400 4807 fuit
2437 4752 2504 4806 fel
2532 4768 2732 4816 meum,
2774 4753 2874 4806 hoc
2908 4755 3036 4806 mihi
3075 4769 3349 4821 amarum,
3377 4755 3479 4810 hoc

1883 4855 2092 4901 acetum
2145 4843 2242 4898 fuit
2291 4859 2306 4898 :
2348 4858 2588 4897 amarum
2645 4852 2860 4913 propter
2912 4859 3229 4910 nimi-orem,
3267 4855 3479 4902 acetum

1886 4947 2102 5004 propter
2128 4949 2316 4988 eorum
2357 4941 2696 4985 Vetustatem.
2730 4932 2967 5000 Namque
3001 4934 3223 5001 legimus
3253 4935 3324 4989 ilii
3354 4936 3479 5005 qui-

1883 5028 2003 5080 dem
2026 5026 2260 5080 oblatum
2278 5025 2366 5087 fel,
2386 5027 2523 5078 sicut
2545 5025 2889 5094 Evangelium
2911 5026 3144 5094 loquitur
3170 5025 3280 5098 (Id.
3311 5043 3474 5091 χχιιι,

1884 5119 1972 5191 δι)
1999 5137 2012 5183 ;
2035 5119 2128 5173 sed
2163 5121 2214 5172 in
2244 5129 2422 5188 potum
2454 5161 2468 5183 ,
2499 5135 2604 5172 non
2646 5121 2696 5171 in
2733 5134 2931 5172 escam.
2985 5119 3356 5176 Verumtamen
3399 5125 3480 5178 sic

1882 5209 2247 5278 accipiendum
2272 5220 2325 5263 et
2357 5210 2632 5278 impletum
2662 5210 2802 5277 quod
2827 5211 2912 5264 hic
2940 5210 3110 5268 fuerat
3135 5221 3259 5267 ante
3285 5214 3482 5281 pra-di-

1882 5311 2026 5354 ctum
2054 5343 2069 5365 ,
2103 5299 2361 5354 Dcdcrunt
2394 5301 2447 5354 in
2491 5317 2656 5354 escam
2694 5317 2854 5353 meum
2885 5303 2956 5371 fel
2979 5311 3072 5355 :et
3113 5304 3164 5358 in
3216 5307 3318 5356 isto
3362 5309 3480 5372 ipso

1885 5394 2057 5457 facto,
2091 5409 2194 5444 non
2227 5393 2400 5446 solum
2432 5391 2482 5445 in
2517 5392 2617 5447 hoc
2648 5392 2790 5445 dicto
2811 5434 2826 5456 ,
2852 5395 3163 5464 mysterium
3204 5396 3480 5464 requirere

1883 5484 2142 5538 debemus
2163 5524 2176 5545 ,
2207 5493 2409 5537 secreta
2441 5483 2652 5551 pulsare
2675 5524 2691 5549 ,
2723 5485 2895 5537 velum
2939 5485 3118 5553 tetnpli
3145 5489 3474 5543 conscissam

1885 5574 2113 5638 intrare,
2144 5575 2326 5627 videro
2351 5574 2420 5626 ibi
2445 5585 2875 5639 sacramentum,
2895 5575 2976 5629 vel
3007 5575 3147 5644 quod
3177 5577 3246 5630 ita
3271 5577 3474 5632 dictum

1885 5681 1987 5733 est,
2007 5670 2086 5723 vel
2115 5669 2251 5736 quml
2281 5671 2348 5721 ita
2379 5666 2571 5722 factum
2603 5680 2702 5722 est.
2725 5669 3003 5728 luderent,
3027 5669 3284 5739 inquit.,in
3315 5687 3479 5725 escam

1888 5780 2048 5815 tltt‘ttttt
2072 5763 2157 5831 fel.
2192 5760 2302 5813 Non
2332 5764 2500 5828 ipsum
2532 5758 2672 5828 quod
2701 5761 2960 5813 dederunt
2996 5777 3116 5815 esca
3147 5771 3292 5824 crat;
3325 5773 3477 5830 potus

1889 5855 2028 5908 cnim
2060 5861 2172 5906 erat
2199 5869 2213 5905 :
2241 5850 2330 5904 scd
2359 5852 2410 5904 in
2440 5867 2601 5904 escam
2629 5851 2906 5915 dederunt,-
2933 5853 3049 5921 quia
3078 5853 3186 5921 jam
3223 5853 3478 5910 Dominus
