3934 6324
103 414 195 470 Elii

103 535 400 600 agnoscam
429 524 606 579 locum
644 517 840 590 quietis
869 515 1013 570 sum!
1043 511 1181 580 Quid
1216 511 1414 581 profuit
1444 510 1550 563 illis
1574 508 1701 563 Cai-

104 622 240 692 phas
282 618 512 676 dicendo
534 618 549 647 ¹
583 631 608 670 :‘
627 611 736 668 Nos
757 610 802 664 si
825 611 976 664 istunt
1014 604 1349 658 dimiserimus
1379 602 1450 654 sic
1470 641 1484 666 ,
1512 600 1703 652 venient

107 689 351 778 Romani,
365 718 412 764 et
423 709 596 763 tollent
609 704 750 759 nobis
760 711 808 756 et
829 703 994 753 locum
1014 707 1059 749 et
1077 711 1282 765 regnum
1302 691 1352 762 (.l
1363 709 1479 744 oan.
1498 707 1571 750 χι,
1588 689 1705 758 48γῖ

108 805 247 860 Ecce
287 810 343 858 et
381 816 487 856 non
522 812 645 854 eum
674 793 994 848 dimiserunt
1019 787 1226 847 vivum,
1253 794 1305 837 et
1336 783 1423 837 ille
1451 782 1621 838 vivit:
1653 789 1709 833 et

105 905 372 950 venerunt
398 889 645 954 Romani,
668 896 722 940 et
740 884 976 938 tulerunt
998 879 1076 934 eis
1102 888 1153 932 et
1173 876 1348 930 locum
1374 882 1428 928 et
1455 887 1703 941 regnum.

106 988 268 1041 Modo
307 983 691 1044 audiebamus,
734 990 857 1030 cum
889 969 1238 1041 Evangeliqu
1272 966 1540 1036 legeretur
1569 979 1583 1015 :
1610 959 1704 1036 Je-

107 1079 363 1142 rusalem,
418 1070 736 1134 Jerusalem,
785 1063 975 1135 quoties
1029 1059 1164 1113 volui
1215 1070 1522 1126 congregare
1573 1052 1709 1119 ﬁlios

105 1185 221 1226 tuos
242 1212 258 1235 ,
288 1179 527 1237 tanquam
557 1162 749 1232 gallina
777 1155 944 1230 pullos
973 1169 1090 1207 suos
1115 1150 1205 1204 sub
1231 1148 1340 1202 alas
1376 1163 1494 1201 suas
1512 1161 1530 1210 ;
1551 1153 1597 1197 et
1626 1160 1709 1196 no-

108 1265 295 1320 luisn'!
348 1258 483 1316 Ecce
530 1256 837 1323 relinquetur
887 1247 1023 1302 vobis
1072 1246 1252 1297 domus
1297 1255 1459 1294 vestra
1514 1238 1709 1288 deserta

111 1358 330 1428 (Μαωι.
355 1367 511 1413 xxnt,
539 1349 605 1404 57
619 1355 664 1400 et
679 1341 790 1413 58).
817 1340 929 1395 Hoc
955 1347 1010 1392 et
1035 1337 1120 1389 hic
1146 1334 1362 1388 dicitur:
1382 1327 1500 1382 Fiat
1524 1325 1711 1379 habita-

108 1454 179 1505 tio
237 1462 412 1502 eorum
461 1441 688 1501 deserta,
733 1443 778 1488 et
821 1433 874 1484 in
919 1425 1256 1483 tabernaculis
1302 1435 1474 1474 eorum
1507 1433 1607 1470 non
1646 1415 1710 1466 sit

109 1544 197 1615 qui
223 1537 489 1615 inhabitet.
515 1531 635 1586 Non
659 1529 723 1582 sit
741 1526 827 1598 qui
848 1521 1112 1583 inhabitet,
1142 1516 1234 1571 sed
1261 1530 1324 1569 ex
1351 1525 1577 1568 nurnero
1603 1508 1713 1562 illo-

111 1609 408 1692 rumsNam
431 1630 545 1682 loca
567 1624 656 1679 illa
682 1618 860 1676 omnia
885 1626 940 1672 et
966 1611 1272 1669 hominibus
1300 1609 1457 1679 plena
1484 1613 1628 1670 sunt,
1658 1611 1714 1656 et

113 1727 317 1783 Jutlmis
347 1721 544 1778 inania.
609 1769 624 1790 ο
1211 1756 1214 1758 .

185 1820 278 1876 Η.
308 1816 461 1890 [rem
486 1804 606 1882 επ]
632 1806 806 1875 Quare
834 1799 981 1856 hoc?
1022 1795 1276 1862 Quoniam
1309 1807 1455 1862 quem
1496 1799 1551 1842 tu
1593 1802 1711 1856 per-

113 1881 341 1974 cussisti,
370 1906 468 1977 ipsi
498 1881 743 1972 persecuti
769 1903 908 1956 sunt,
940 1899 983 1944 et
1012 1904 1165 1957 super
1194 1884 1421 1940 dolorem
1451 1881 1712 1935 vulnerum

115 1971 347 2054 meorum
371 1971 698 2048 addiderunt.
738 1984 873 2053 Quid
899 1993 1035 2050 ergo
1053 1979 1447 2047 peccaverunt,
1478 1972 1520 2025 si
1547 1986 1577 2024 a
1608 1971 1716 2025 Deo

118 2106 436 2167 percussum
469 2080 733 2154 persecuti
759 2075 926 2130 sunt?
952 2071 1090 2140 Quid
1120 2069 1301 2124 animo
1324 2079 1510 2121 eorum
1540 2064 1715 2132 impu-

121 2152 304 2244 iatur?
344 2152 562 2237 Malitia.
606 2173 737 2228 Nam
777 2169 925 2244 idin
953 2164 1166 2219 Christo
1209 2161 1407 2214 factum
1452 2164 1536 2211 est
1573 2152 1716 2223 quod

119 2241 427 2353 oportebat.
464 2267 579 2325 Pati
611 2267 793 2333 utique
820 2241 1074 2322 venerat,
1105 2262 1159 2309 et
1201 2249 1406 2324 punivit
1437 2262 1531 2318 per
1557 2260 1716 2316 quem

121 2337 316 2447 passus
342 2376 444 2422 est.
477 2360 610 2418 Nam
633 2349 1051 2437 Judastraditor
1084 2345 1297 2416 punitus
1327 2349 1412 2398 est
1433 2381 1446 2403 ,
1475 2347 1530 2393 et
1559 2337 1717 2391 Cirri-

120 2432 242 2522 itus
268 2454 555 2520 cruciﬁxus
581 2452 698 2515 est;
729 2443 824 2500 sed
841 2432 951 2496 "nos
969 2435 1206 2510 redemit
1232 2432 1491 2502 sanguine
1519 2442 1639 2491 suo,
1664 2433 1720 2480 et

120 2520 337 2632 punivit
374 2547 524 2603 illum
562 2541 632 2596 de
671 2538 847 2609 pretio
883 2549 1003 2588 suo.
1035 2528 1265 2598 Proiecit
1299 2525 1442 2578 enim
1484 2520 1718 2592 pretium

119 2621 333 2721 argenti
358 2655 464 2713 quo
487 2634 670 2693 abillo
699 2627 956 2686 Dominus
985 2621 1234 2678 venditus
1259 2626 1396 2683 erat,
1424 2629 1524 2668 nec
1550 2627 1719 2681 agno-

123 2701 458 2810 pretium
485 2742 592 2799 quo
623 2727 737 2795 ipse
761 2736 791 2776 a
823 2717 1052 2774 Domino
1076 2713 1388 2780 redemptus
1411 2709 1432 2740 ’
1459 2717 1574 2762 erat
1601 2701 1716 2773 (Id.

121 2797 292 2895 xxvii,
314 2829 395 2895 5).
421 2797 643 2879 Factum
671 2823 755 2872 est
779 2812 881 2869 hoc
909 2810 961 2864 in
986 2806 1144 2866 Juda.
1167 2803 1272 2860 Sed
1298 2817 1418 2856 cum
1441 2797 1721 2852 videamus

123 2889 439 2980 mensuram
466 2897 752 2985 quamdam
790 2918 910 2960 esse
947 2895 1312 2956 retributionis
1350 2894 1403 2946 in
1447 2889 1714 2950 omnibus,

124 3034 224 3073 uec
262 2983 582 3084 quemquam
614 3015 773 3074 posse
802 2993 1038 3069 permitti
1070 2989 1300 3058 amplius
1335 2983 1527 3041 stevire
1559 2993 1719 3050 quam

120 3075 397 3175 acceperit
425 3075 782 3170 potestatem;
825 3083 1096 3159 quomodo
1138 3081 1214 3135 illi
1258 3075 1597 3135 addiderunt,
1629 3077 1722 3124 aut

122 3170 354 3269 qum'cst
382 3192 481 3246 ista
509 3181 784 3258 percussio
821 3173 1067 3233 Domini?
1109 3170 1370 3226 Nimirum
1397 3181 1465 3220 ex
1494 3177 1722 3233 persona

123 3255 338 3347 locutus
362 3292 445 3338 est
468 3255 586 3349 ejus
615 3273 757 3331 unde
785 3283 981 3340 corpus
1009 3269 1312 3332 acceperat,
1335 3255 1479 3312 unde
1504 3267 1721 3349 carnem

557 3368 611 3424 id
652 3374 736 3422 est
762 3339 975 3434 generis
1006 3352 1254 3416 humani,
1280 3348 1448 3418 ipsius
1475 3343 1604 3400 Atla:
1629 3339 1722 3412 qui

123 3446 417 3546 percussus
456 3471 540 3518 est
580 3457 753 3529 primo
795 3453 968 3507 morte
1014 3453 1235 3516 propter
1261 3446 1540 3511 peccatum
1565 3449 1720 3489 suum

127 3533 287 3638 (Gen.
315 3578 391 3624 Ill,
421 3553 532 3628 t9).
565 3547 816 3625 Mortales
841 3556 970 3613 ergo
1010 3538 1098 3594 hic
1140 3533 1385 3590 homines
1412 3544 1532 3638 cuin
1566 3541 1722 3629 penna

127 3619 427 3715 irascuntur
457 3619 626 3702 :huic
653 3623 828 3713 pinna:
861 3633 1064 3690 addunt
1081 3669 1096 3691 .
1124 3626 1448 3699 quicumque
1476 3619 1724 3674 homines

126 3710 331 3806 irier-int
378 3710 668 3814 persecuti.
712 3729 831 3787 iam
886 3723 1029 3781 enim
1078 3719 1244 3774 homo
1298 3713 1387 3770 hic
1433 3710 1725 3766 moriturus

126 3803 239 3900 non
265 3803 431 3901 esset,
453 3827 558 3888 nisi
585 3827 734 3884 illum
760 3822 902 3878 Deus
929 3812 1284 3888 percussisset
1313 3824 1327 3860 :
1359 3803 1486 3877 quid
1512 3816 1640 3901 erg-ro
1661 3810 1724 3901 tu

128 3892 484 3991 homo—smilis
510 3914 782 3990 amplius?
822 3922 1081 3982 parumne
1109 3900 1310 3959 homini
1338 3907 1442 3963 est,
1463 3893 1604 3966 quod
1629 3892 1727 3948 ali-

129 4077 309 4175 s'trum
353 4121 568 4183 ptenam
596 4115 751 4159 suam
780 4116 797 4153 :
827 4094 951 4150 huic
976 4103 1150 4162 pinna:
1179 4086 1364 4140 volunt
1409 4078 1608 4133 addere
1631 4077 1725 4180 qui

129 4168 678 4278 nos—persequuntur.
721 4190 851 4246 Hice
879 4197 1036 4256 pmna
1075 4174 1352 4250 percussio
1385 4181 1469 4226 est
1495 4168 1724 4278 Domini.

132 4261 397 4362 Dominus
423 4261 621 4364 quippe
664 4280 926 4340 sententia
964 4271 1227 4347 percussit
1261 4267 1532 4323 hominem
1562 4278 1576 4315 :
1612 4261 1729 4329 Qua

132 4351 538 4460 diejetigeriiis,‘
555 4351 748 4448 inquit,
779 4377 941 4427 morte
963 4361 1248 4421 moriemini
1277 4359 1325 4431 (1
1333 4358 1385 4460 ά..
1413 4373 1478 4424 ιι,
1514 4353 1621 4423 i7).
1648 4351 1729 4407 Ex

133 4449 240 4540 liae
265 4449 442 4536 morte
479 4483 698 4528 carnem
741 4465 1076 4529 susceperat,
1108 4463 1163 4510 et
1186 4460 1339 4507 vetus
1363 4449 1526 4502 homo
1549 4453 1731 4499 noster

133 4535 298 4632 simul
329 4564 614 4624 cruciﬁxus
644 4549 736 4614 est'
755 4569 876 4610 eum
908 4551 1000 4606 illo
1030 4547 1205 4619 (Rom.
1238 4558 1292 4596 vt
1313 4583 1328 4609 ,
1483 4537 1559 4592 Ex
1588 4535 1730 4632 illius

319 4661 421 4716 ista
463 4655 638 4710 dixit:
674 4649 834 4716 Quem
878 4652 931 4696 tu
980 4633 1312 4716 percussisti,
1358 4630 1457 4699 ipsi
1487 4625 1732 4699 persecuti

135 4713 293 4818 ,
320 4713 384 4807 et
406 4761 556 4819 super
583 4713 809 4796 dolorem
846 4735 1112 4788 vulnerum
1141 4713 1366 4781 meorum
1402 4719 1731 4776 addiderunt.

139 4812 320 4921 Super
339 4812 498 4913 quem
519 4834 759 4891 dolorem
787 4820 1114 4882 vulnerum?
1140 4817 1312 4917 Super
1337 4812 1578 4868 dolorem
1607 4823 1735 4879 pec-

137 4907 387 4998 catorum
419 4927 520 5001 ipsi
549 4921 873 4980 addiderunt
901 4933 915 4970 :
944 4912 1167 4968 vulnera
1207 4907 1348 4961 enim
1378 4917 1474 4957 sua
1518 4907 1734 4971 peccata

141 4993 300 5091 dixit.
329 4993 533 5083 Sed'ne
557 5018 625 5073 ad
649 5021 812 5084 caput
833 5003 1128 5077 respicias;
1171 5000 1238 5054 ad
1267 5009 1464 5066 corpus
1493 4993 1733 5091 adverte,

493 5112 648 5181 cujus
675 5081 860 5161 vocem
891 5098 1107 5154 dictum
1153 5101 1237 5147 est
1275 5089 1342 5143 ab
1386 5088 1502 5156 ipso
1547 5084 1600 5137 in
1645 5081 1737 5137 illo

143 5218 380 5294 psalmo,
409 5209 462 5263 in
489 5173 598 5275 quo
622 5211 810 5255 vocem
852 5205 1003 5247 suam
1032 5183 1294 5247 ostendit,
1325 5179 1446 5250 quia
1482 5177 1597 5245 eius
1626 5173 1737 5244 pri-

586 5293 594 5294 ί
897 5283 911 5294 “
1074 5279 1108 5294 "
1145 5293 1150 5294 ί
1199 5274 1320 5294 ἰυη
1411 5269 1539 5294 Π--.-
1578 5281 1716 5294 ........

147 5269 296 5367 rruum
325 5269 538 5358 versum
566 5293 635 5347 de
676 5301 838 5344 cruce
865 5279 1114 5338 clamavit
1141 5293 1155 5330 :
1188 5274 1353 5336 Deus,
1402 5269 1539 5323 Deus
1578 5281 1737 5327 uicus,

148 5400 347 5472 respice
368 5396 422 5448 in
452 5404 574 5453 me;
600 5398 757 5455 quare
779 5394 858 5433 me
886 5369 1240 5441 dereliquisti?
1283 5365 1354 5420 lbi
1383 5357 1735 5472 secutqs'ait':

367 5503 398 5540 a
434 5448 598 5537 salute
613 5448 737 5530 'men
776 5470 922 5526 rerbn
952 5463 1250 5520 delictorum
1292 5470 1518 5509 meorum
1552 5451 1568 5517 (
1597 5448 1738 5502 Psnl.

404 5574 523 5644 ipsa
549 5575 675 5624 sunt
699 5553 922 5616 vulnera
949 5555 1145 5611 iullicta
1175 5566 1203 5604 a
1233 5544 1528 5604 latronibus
1554 5540 1606 5594 in
1633 5539 1741 5652 Vlia,

157 5680 204 5735 ei
235 5631 397 5745 quem
428 5631 622 5722 levavit
649 5659 701 5714 in
741 5656 1043 5726 iumentum
1070 5659 1224 5702 suum
1258 5659 1272 5696 :
1302 5654 1458 5712 quem
1490 5631 1745 5691 sacerdos

218 5834 236 5864 ι
271 5834 400 5878 tim...
427 5810 710 5878 illtCaiplra:
733 5805 912 5878 dicere.

218 5892 241 5925 ³
270 5869 376 5939 δεῖ
389 5869 530 5934 335..
554 5869 877 5926 redimendus.

1177 395 1573 453 ΕΝΑΗΠᾹἸῚΟ
1605 395 1669 450 ΙΝ
1711 393 2028 450 PSALMUM
2071 392 2303 448 LXVIII.

1809 519 1865 563 ct
1891 509 2104 562 Levites
2143 516 2478 562 transeuntes
2507 508 2818 563 invenerant
2857 519 2907 563 et
2939 520 3401 578 contempserant,

1782 652 1785 653 ν
1809 615 1840 652 a
1871 601 2062 668 quibus
2087 598 2262 651 curari
2294 613 2397 651 non
2425 598 2629 665 potuit;
2665 599 2929 653 transiens
2956 610 3134 654 autem
3159 598 3400 654 Samari-

1813 692 2260 772 tanus‘niiscrtus
2301 689 2559 758 estcjus;
2606 692 2854 751 accessit.
2899 700 2955 745 et
3000 693 3051 745 in
3096 692 3401 759 jumcntnm

1813 785 2084 854 proprium
2119 782 2310 837 levavit
2345 781 2504 854 (Luc.
2532 798 2604 846 Σ,
2633 783 2859 852 30-54).
2903 783 3194 839 Samarites
3238 789 3404 838 latine

1812 877 2005 928 Custos
2031 874 2413 942 interpretatur
2445 889 2456 924 :
2491 873 2610 942 quis
2638 882 2814 925 autem
2846 884 3024 928 custos
3047 915 3060 934 ,
3091 874 3191 927 nisi
3217 873 3404 929 Salva-

1816 978 1899 1021 tor
1946 967 2201 1021 Dominus
2241 976 2423 1020 noster
2467 965 2624 1019 .lesus
2667 964 2957 1018 Christus?
3001 965 3100 1030 Qui
3145 966 3396 1034 quoniam

1813 1059 2046 1112 Surrexit
2071 1072 2098 1109 a
2130 1056 2352 1109 mortuis
2388 1056 2496 1124 jam
2538 1071 2644 1108 non
2675 1055 2966 1109 moriturus
2996 1055 3172 1125 (Rom.
3202 1071 3285 1120 vt,
3309 1054 3402 1124 9),

1815 1165 1919 1202 non
1944 1148 2140 1202 dormit
2163 1163 2337 1218 nequc
2359 1147 2662 1200 obdorruit-t
2683 1147 2769 1215 qui
2791 1145 3027 1200 custodit
3049 1145 3212 1200 lsrael
3233 1143 3406 1218 (l'sut.

1814 1257 1958 1307 cxx,
1993 1241 2084 1311 4).
2116 1239 2184 1294 Et
2221 1257 2370 1310 super
2411 1239 2637 1293 dolorem
2683 1240 2946 1292 vulnerum
2988 1253 3214 1292 meorum
3258 1237 3413 1291 addi-

1815 1332 2015 1410 derunt.

1890 1423 1977 1477 i2.
2011 1422 2159 1496 [vers.
2187 1422 2303 1495 28.]
2335 1423 2547 1490 Appone
2579 1423 2890 1491 iniquitatem
2920 1437 3073 1490 super
3098 1413 3410 1489 iniquitatem

1817 1516 2065 1584 ipsorum.
2112 1513 2249 1580 Quid
2279 1513 2535 1566 esthoc?
2579 1513 2708 1579 Quis
2750 1528 2853 1565 non
2899 1509 3258 1582 expavescat?
3301 1509 3412 1563 Deo

1816 1608 2011 1662 dicitur
2035 1626 2047 1661 :
2071 1607 2284 1678 Appone
2307 1603 2619 1676 iniquitatem
2647 1623 2801 1676 super
2819 1605 3133 1674 iniquitatem
3162 1604 3409 1669 ipsorum.

1819 1699 1973 1755 Unde
2001 1709 2234 1768 apponet
2263 1699 2402 1753 Deus
2432 1698 2807 1766 iuiquitatctn‘t
2849 1695 3020 1751 llabct
3045 1697 3188 1750 enim
3220 1695 3414 1764 iniqui-

1821 1799 1981 1845 tatem
2011 1805 2168 1860 quam
2197 1790 2476 1860 apponat?
2504 1787 2717 1844 Scimus
2745 1789 2887 1842 enim
2912 1803 3096 1841 verum
3126 1802 3246 1840 esse
3272 1786 3415 1856 quod

1820 1881 2020 1935 dictum
2051 1888 2134 1935 est
2176 1896 2271 1949 per
2305 1880 2530 1934 Paulum
2571 1877 2872 1949 apestolum
2903 1895 2917 1930 :
2953 1876 3091 1944 Quid
3130 1892 3249 1946 ergo
3277 1876 3417 1928 diee-

1821 1989 1934 2026 mus
1953 1973 1979 2026 ?
2015 1972 2259 2042 numquid
2284 1971 2524 2040 iniquitas
2552 1980 2624 2024 est
2664 1969 2803 2036 apud
2829 1966 3038 2021 Deum?
3071 1967 3212 2021 Absit
3239 1964 3416 2039 (Rom.

1822 2079 1903 2131 Ix,
1934 2060 2045 2135 14).
2090 2062 2242 2119 Unde
2279 2078 2442 2132 ergo,
2475 2062 2688 2131 Appone
2711 2061 3022 2130 iniquitatem
3050 2076 3205 2128 super
3233 2057 3421 2128 iniqui-

1823 2156 2017 2209 tatem?
2045 2154 2314 2224 quomodo
2346 2153 2395 2207 id
2424 2151 2744 2207 intellecturi
2775 2152 3004 2205 sumus?
3044 2150 3199 2204 Adsit
3227 2149 3413 2204 Domi-

1825 2261 1925 2300 nus
1952 2255 2009 2299 ut
2037 2245 2300 2307 dicamus,
2329 2255 2382 2299 et
2410 2254 2628 2314 propter
2652 2241 3016 2311 fatigationem
3044 2250 3275 2294 vestram
3298 2239 3419 2293 brco

1824 2339 1962 2392 viter
1991 2338 2175 2392 dicere
2204 2337 2498 2391 valeamus.
2549 2333 2802 2402 Iniquitas
2851 2331 3086 2401 ipsorum
3123 2339 3257 2396 erat,
3295 2332 3418 2399 quia

1825 2428 2100 2495 hominem
2146 2427 2350 2498 justum
2380 2426 2697 2480 occiderunt
2729 2441 2743 2478 :
2777 2422 2953 2478 addita
2984 2431 3068 2478 est
3112 2422 3249 2488 alia,
3297 2425 3419 2492 quia

1826 2522 2020 2578 Filium
2063 2521 2156 2575 Dei
2201 2517 2601 2575 cruciﬁxeruut.
2636 2515 2838 2570 Βίηνίιο
2882 2514 3123 2585 ipsorum
3167 2521 3420 2582 tanquam

1825 2614 1878 2668 in
1926 2611 2198 2668 hominem
2250 2610 2345 2663 fuit
2395 2627 2408 2660 :
2455 2607 2551 2663 sed
2600 2607 2643 2660 si
2695 2606 3095 2674 cognovissent,
3147 2620 3420 2674 nunquam

1828 2705 2112 2760 Dominum
2142 2702 2325 2772 gloria:
2354 2700 2744 2754 cruciﬁxisseut
2770 2696 2821 2766 (l
2846 2694 2963 2750 Cor.
2993 2712 3050 2761 tt,
3080 2694 3173 2765 8).
3205 2695 3279 2748 Illi
3319 2696 3422 2749 iui-

1823 2797 2029 2874 quitate
2075 2811 2169 2849 sua
2214 2801 2467 2861 tanquam
2501 2789 2775 2843 hominem
2808 2787 3056 2844 occidere
3090 2787 3370 2841 voluerunt
3405 2805 3420 2842 :

1823 2890 2068 2962 apposita
2095 2899 2178 2944 εει
2209 2887 2464 2957 iniquitas
2509 2899 2672 2954 super
2700 2881 3033 2950 iniquitatem
3065 2879 3332 2949 ipsorum,
3367 2888 3423 2933 ut

1828 2980 2026 3037 Filium
2053 2979 2146 3034 Dei
2188 2976 2586 3047 crnciﬁgercnt.
2617 2973 2748 3040 Quis
2784 2970 2925 3026 hanc
2969 2969 3300 3039 iniquitatem
3330 2984 3425 3037 τψ-

1828 3074 2048 3146 posuit?
2099 3071 2194 3127 Ille
2244 3071 2332 3141 qui
2376 3069 2514 3124 dixit
2564 3084 2580 3121 :
2626 3064 2782 3119 Forte
2828 3061 3181 3116 reverebantur
3227 3058 3426 3114 Filium

1826 3183 1992 3222 meum
2014 3183 2034 3231 ,'
2060 3164 2229 3236 ipsum
2259 3162 2456 3216 mittam
2481 3156 2694 3232 (Matth.
2723 3171 2834 3223 xxi,
2856 3153 2970 3223 57).
2997 3153 3255 3209 Solebant
3281 3152 3423 3207 enim

1827 3259 2076 3317 occidere
2118 3257 2314 3313 missos
2358 3252 2425 3307 ad
2457 3267 2518 3306 se
2557 3264 2746 3305 servos
2769 3290 2786 3316 ,
2817 3256 3100 3304 exactores
3145 3244 3426 3300 locationis

1827 3364 1991 3424 atque
2015 3348 2301 3406 mercedis.
2323 3344 2464 3400 Misit
2485 3344 2658 3413 ipsum
2687 3339 2904 3409 Filium,
2929 3350 2987 3395 ut
3009 3347 3063 3394 ct
3088 3337 3261 3408 ipsum
3284 3338 3425 3391 occi-

1828 3446 2040 3501 derent.
2069 3438 2337 3510 Apposuit
2362 3435 2694 3506 iniquitatem
2727 3447 2891 3502 super
2919 3429 3254 3500 iniquitatem
3282 3428 3428 3497 ipso-

1827 3553 1967 3592 rum.
2002 3534 2068 3588 Et
2110 3532 2227 3586 haec
2272 3529 2414 3583 Deus
2459 3523 2729 3582 saeviendo
2771 3522 2914 3587 fecit,
2947 3536 3015 3574 an
3061 3519 3240 3589 potius
3280 3517 3427 3587 juste

1828 3622 2214 3686 retribuendo?
2247 3621 2367 3676 Fiat
2393 3618 2540 3676 enim
2564 3617 2695 3683 illis,
2725 3613 2919 3686 inquit,
2947 3613 3002 3666 in
3025 3610 3424 3672 retributionem,

1829 3730 1878 3777 et
1901 3721 1956 3774 in
1980 3715 2304 3773 scandalum.
2333 3709 2507 3767 Meriti
2535 3715 2692 3764 erant
2715 3705 2794 3760 sic
2820 3703 3078 3759 excmcari
3099 3743 3116 3768 ,
3146 3710 3204 3756 ut
3228 3700 3424 3755 Filium

1833 3811 1926 3867 Dei
1969 3823 2079 3864 non
2118 3809 2492 3877 agnochreut.
2543 3799 2609 3854 Et
2639 3797 2744 3853 hoc
2785 3795 2914 3850 fecit
2956 3794 3120 3860 Deus,
3148 3805 3427 3863 apponens

1831 3901 2166 3971 iniquitatem
2209 3909 2374 3964 super
2415 3891 2747 3960 iniquitatem
2776 3885 3051 3956 ipsorum;
3097 3897 3206 3938 non
3231 3883 3427 3936 vulne-

1831 3991 2026 4061 rando,
2071 3988 2165 4046 sed
2207 4002 2313 4042 non
2344 3982 2604 4040 sanando.
2651 3977 2933 4049 Quomodo
2976 3975 3118 4030 cnim
3149 3989 3312 4046 auges
3346 3971 3426 4028 fe-

1832 4086 2016 4150 brem,
2047 4095 2213 4151 auges
2240 4077 2486 4133 morbum
2509 4113 2526 4139 ,
2551 4087 2656 4127 non
2687 4068 2934 4124 morbum
2960 4063 3266 4121 adhibendo
3285 4104 3299 4126 ,
3332 4063 3429 4117 sed

1833 4194 1942 4234 non
1977 4170 2345 4231 succurrendo
2373 4185 2386 4222 :
2419 4168 2498 4222 sic
2539 4165 2662 4235 quia
2708 4162 2845 4217 tales
2891 4160 3108 4214 luerunt
3153 4166 3210 4212 ut
3253 4156 3428 4212 curari

1833 4285 1941 4324 non
1974 4271 2343 4326 mererentur,
2387 4259 2442 4313 in
2486 4258 2601 4327 ipsa
2634 4252 2832 4310 malitia
2875 4247 3273 4320 quodammodo
3303 4261 3430 4315 pro—

1834 4363 2104 4424 iecerunt,
2153 4354 2293 4409 sicut
2329 4351 2530 4406 dictum
2561 4355 2645 4401 est
2666 4385 2682 4410 ,
2713 4343 2844 4398 Mali
2869 4351 3040 4395 autem
3070 4349 3117 4394 et
3158 4338 3434 4409 facinerosi

1837 4448 2109 4522 proﬁciunt
2155 4445 2210 4499 in
2251 4443 2397 4514 ριςῇιιε
2437 4439 2511 4510 (ll
2536 4437 2671 4492 Tim.
2702 4451 2780 4499 ut,
2811 4432 2940 4500 13);
2982 4441 3034 4486 et
3072 4429 3311 4500 apposita
3350 4437 3435 4483 est

1837 4520 2090 4611 iniquitas
2115 4550 2277 4605 super
2321 4531 2657 4601 iniquitatem
2689 4526 2947 4597 ipsorum.
2991 4520 3060 4576 Et
3101 4538 3202 4576 non
3244 4520 3436 4574 intrent

1835 4637 1888 4690 in
1910 4632 2114 4704 justitia
2142 4638 2250 4680 tua.
2282 4623 2395 4678 Hoc
2423 4621 2637 4692 planum
2663 4625 2766 4672 est.

1912 4700 2000 4780 ιδ.
2049 4719 2214 4794 [vers.
2240 4712 2358 4786 29.]
2391 4711 2672 4766 Deleantur
2718 4708 2782 4761 de
2822 4705 2951 4761 libro
2997 4702 3284 4758 virentium.
3317 4700 3434 4755 Alio

1839 4792 2070 4889 quando
2097 4810 2241 4867 enim
2287 4807 2395 4862 illic
2439 4803 2623 4872 scripti
2672 4798 2871 4855 erant?
2921 4796 3174 4862 Fratres,
3203 4810 3310 4848 non
3353 4792 3434 4848 sic

1841 4886 2085 4978 accipere
2109 4901 2392 4964 debemus,
2419 4894 2671 4966 quoniam
2697 4905 3019 4962 quemquam
3062 4889 3203 4942 Deus
3237 4886 3438 4942 scribat

1843 5003 1898 5057 in
1924 4976 2060 5053 libro
2087 4995 2210 5049 vita:
2234 5035 2250 5057 ,
2280 5000 2335 5044 ct
2362 4988 2539 5044 deleat
2567 4985 2739 5040 illum.
2787 4981 2844 5038 Si
2895 4980 3058 5035 homo
3084 4977 3256 5042 dixit,
3289 4976 3439 5044 Quod

1843 5091 2054 5162 scripsi,
2079 5084 2292 5156 scripsi,
2323 5082 2391 5137 de
2419 5080 2573 5136 titulo
2603 5077 2691 5131 ubi
2731 5076 2986 5144 scriptum
3021 5081 3171 5135 erat,
3206 5070 3318 5126 Rea:
3338 5067 3440 5130 Ju-

1846 5159 2074 5238 dasorum
2098 5176 2276 5248 (Joan.
2306 5188 2427 5236 xtx,
2455 5168 2562 5242 92)
2590 5185 2607 5235 ;
2647 5167 2789 5222 Deus
2824 5177 3146 5235 quemquam
3177 5159 3364 5216 scribit
3387 5168 3444 5214 et

1846 5270 2031 5329 delet?
2061 5238 2323 5322 Prazcisus
2351 5273 2434 5318 est
2457 5277 2473 5325 ;
2517 5238 2916 5330 prmdcstinavit
2941 5266 3130 5308 omnes
3156 5261 3282 5305 ante
3306 5266 3440 5305 con-
3469 5238 3471 5241 ’

1851 5364 2186 5421 stitutionem
2217 5356 2401 5412 mundi
2447 5361 2766 5425 regnaturos
2799 5365 2920 5404 cum
2950 5347 3085 5403 Filio
3113 5361 3213 5402 suo
3240 5343 3294 5399 in
3333 5343 3445 5399 vita

1851 5470 2051 5514 mterna
2087 5452 2266 5525 (Rom.
2293 5464 2384 5503 vut
2407 5491 2422 5513 ,
2449 5444 2576 5517 29).
2610 5444 2720 5500 Hos
2747 5439 3104 5510 conscripsit;
3135 5438 3281 5507 ipsos
3310 5449 3444 5491 con-

1857 5551 1992 5605 tinet
2043 5544 2182 5599 liber
2226 5542 2370 5596 vita).
2436 5537 2676 5606 Denique
2726 5534 2778 5589 in
2830 5528 3149 5602 Apocalypsi
3199 5525 3326 5598 quid
3373 5526 3451 5580 ait

1791 5658 1806 5670 ’
1855 5639 2087 5709 Spiritus
2116 5635 2210 5689 Dei
2228 5675 2243 5697 ,
2270 5647 2392 5688 eum
2420 5628 2488 5683 de
2512 5625 2782 5699 presseris
2807 5625 2875 5678 ab
2905 5620 3231 5677 Antichristo
3260 5617 3452 5672 tuturis

1825 5741 1834 5748 '
1859 5737 2168 5800 loqueretur
2195 5727 2381 5784 eadem
2413 5722 2688 5791 Scriptura
2711 5722 2736 5773 ’ἔ
2781 5716 3100 5772 Consentient
3123 5712 3223 5780 illi,
3254 5711 3450 5794 inquit,

1877 5841 2047 5882 euntes
2069 5826 2156 5897 qui
2184 5839 2282 5876 non
2308 5827 2424 5875 sunt
2450 5816 2625 5888 scripti
2652 5815 2703 5868 in
2729 5811 2856 5867 libro
2884 5810 3001 5866 vita:
3031 5808 3216 5881 (Apoc.
3249 5820 3365 5867 snt.
3395 5803 3477 5876 8).
