3934 6334
544 415 644 474 86Ζ

543 531 770 587 l’ruiude
813 531 928 586 siue
972 526 1304 585 dubitatione
1349 543 1451 582 nou
1499 535 1653 582 erunt
1682 521 1996 580 consensuri
2044 541 2129 593 qm

543 627 726 697 scripti
774 635 918 682 sunt.
970 625 1058 680 lsti
1103 639 1232 694 ergo
1275 621 1542 692 quomodo
1573 619 1696 675 inde
1738 618 2003 685 delentur,
2043 618 2132 671 ubi

545 726 817 787 nunquam
868 713 1051 784 scripti
1097 711 1266 767 sunt?
1313 711 1424 766 lloc
1471 710 1667 765 dictum
1712 718 1795 763 est
1835 708 2126 763 secundum

547 824 696 878 spem
740 807 1008 876 ipsorum,
1037 804 1158 875 quia
1199 802 1295 873 ipsi
1332 816 1392 857 se
1430 802 1656 871 scriptos
1686 800 1960 871 putabant.
1991 797 2132 865 Quid

543 910 647 964 est,
676 897 957 952 Deleantur
981 897 1042 951 de
1068 896 1195 950 libro
1222 895 1376 948 vitaz?
1405 893 1472 947 Et
1498 892 1622 962 ipsis
1650 899 1857 945 constet
1882 905 1986 944 non
2016 891 2135 942 illos

545 988 616 1044 ibi
646 1005 788 1044 esse.
827 988 899 1042 Ex
929 985 1030 1040 hac
1059 985 1327 1040 locutione
1355 983 1554 1038 dictum
1581 990 1666 1036 est
1691 981 1742 1036 in
1770 981 1875 1035 alio
1905 981 2130 1050 psalmo,

547 1081 743 1136 Cadent
770 1100 800 1135 a
827 1081 983 1136 latere
1011 1090 1096 1134 tuo
1135 1078 1304 1145 mille,
1337 1087 1383 1131 et
1409 1075 1539 1131 dena
1569 1075 1728 1130 millia
1755 1090 1786 1126 a
1812 1073 2004 1127 dextris
2034 1073 2135 1128 tuis

550 1170 724 1244 (Psal.
755 1189 845 1240 xc,
875 1176 930 1244 7)
956 1187 970 1236 ;
1018 1171 1070 1227 id
1098 1179 1180 1225 est
1200 1211 1213 1233 ,
1252 1156 1404 1224 multi
1431 1165 1953 1230 scandalizabuntur,
1983 1173 2036 1219 ct
2067 1179 2133 1218 ex

550 1281 616 1320 eo
650 1279 873 1319 numero
917 1263 1005 1334 qui
1038 1277 1097 1317 se
1138 1261 1429 1331 sperabant
1456 1271 1701 1315 sessuros
1745 1267 1918 1312 tecum
1942 1296 1955 1322 ,
1987 1264 2041 1311 et
2069 1272 2134 1311 ex

547 1373 614 1410 eo
646 1370 868 1410 numero
911 1354 1002 1424 qui
1048 1369 1107 1408 se
1149 1350 1437 1421 sperabant
1482 1357 1716 1404 staturos
1754 1346 1820 1401 ad
1858 1345 2134 1402 dexteram

550 1457 728 1512 tuam,
757 1443 988 1515 separati
1013 1443 1080 1497 ab
1106 1441 1277 1498 inedis
1305 1437 1536 1497 sinistris
1563 1439 1582 1510 (
1605 1436 1795 1492 Matth.
1823 1452 1958 1503 xxv,
1987 1436 2090 1509 3.3)
2123 1455 2136 1491 :

549 1532 654 1590 non
701 1552 820 1606 quia
863 1551 984 1589 cum
1031 1534 1102 1589 ibi
1143 1533 1351 1588 steterit
1377 1532 1566 1602 aliquis
1588 1572 1602 1594 ,
1631 1539 1813 1600 postea
1843 1529 2018 1592 cadet,
2049 1539 2140 1583 aut

549 1643 668 1682 cum
703 1625 898 1680 sederit
928 1640 1048 1680 cum
1090 1624 1180 1678 illo
1207 1623 1508 1693 quisquam,
1545 1619 1859 1692 abjicietur;
1892 1619 1986 1674 sed
2017 1619 2139 1689 quia

551 1718 705 1773 multi
732 1718 903 1771 casuri
933 1725 1086 1772 erant
1122 1717 1172 1770 in
1203 1715 1514 1770 scandalum
1542 1757 1556 1780 ,
1584 1715 1672 1783 qui
1694 1713 1804 1784 jam
1835 1711 1905 1767 ibi
1935 1706 1994 1767 se
2020 1727 2141 1767 esse

551 1808 844 1878 putabant;
893 1807 942 1862 id
987 1817 1091 1876 est,
1137 1806 1290 1862 multi
1333 1807 1422 1876 qui
1461 1819 1520 1860 se
1565 1803 1852 1875 sperabant
1894 1818 2140 1858 sessuros

551 1909 749 1961 tecum,
776 1898 926 1953 nmlti
950 1899 1039 1969 qui
1061 1914 1118 1953 se
1132 1904 1475 1967 speraverant
1501 1904 1732 1950 staturus
1752 1894 1818 1948 ad
1841 1893 2138 1960 dexteram,

553 1989 652 2061 ipsi
683 1992 856 2044 casuri
887 1999 1031 2044 sunt.
1055 1989 1144 2045 Sic
1171 2004 1298 2059 ergo
1327 1997 1385 2044 et
1413 1987 1498 2043 hic
1539 1987 1613 2041 illi
1648 1987 1736 2057 qui
1767 2002 1825 2042 se
1852 1987 2142 2052 sperabant

555 2091 808 2152 tanquam
853 2081 1042 2135 merito
1079 2079 1297 2150 iustitiae
1345 2095 1455 2134 sine
1504 2078 1556 2132 in
1599 2077 1731 2130 libra
1762 2078 1990 2147 scriptos
2026 2077 2141 2141 Dei,

551 2176 744 2245 quibus
768 2174 985 2238 dicitur,
1019 2171 1332 2228 Scrutamini
1361 2169 1678 2240 Scripturas,
1709 2169 1760 2222 in
1787 2170 1967 2238 quibus
1996 2176 2144 2237 puta-

551 2270 613 2321 tis
643 2283 726 2320 vos
755 2267 908 2320 vitam
933 2277 1174 2321 aztemam
1204 2264 1387 2319 habere
1418 2261 1597 2334 (Joan.
1622 2277 1677 2329 v,
1711 2261 1800 2332 39)
1833 2280 1846 2316 :
1874 2275 1995 2314 cum
2027 2275 2147 2328 per-

550 2361 708 2415 ducta
755 2359 912 2415 luerit
951 2357 1225 2413 damnatio
1263 2371 1448 2412 eorum
1478 2354 1640 2410 etiam
1678 2351 1745 2408 ad
1786 2351 2145 2423 cognitionem

553 2467 738 2506 eorum
760 2493 775 2516 ,
804 2450 1128 2506 delabuntur
1165 2449 1234 2504 de
1273 2448 1407 2503 libro
1441 2445 1736 2500 viventium
1756 2485 1772 2508 ,
1804 2443 1856 2498 id
1894 2451 2011 2507 est,
2040 2457 2146 2495 non

554 2544 624 2596 ibi
654 2559 712 2595 se
742 2557 863 2596 esse
889 2549 1234 2610 cognoscent.
1261 2537 1392 2593 Nam
1425 2549 1612 2592 versus
1641 2534 1728 2605 qui
1760 2533 2021 2604 sequitur,
2052 2548 2147 2586 ex-

553 2634 706 2703 ponit
731 2633 870 2703 quod
902 2633 1104 2687 dictum
1129 2639 1213 2686 cst
1244 2648 1257 2683 :
1292 2628 1360 2683 Et
1387 2646 1500 2682 cum
1518 2629 1676 2698 justis
1702 2643 1805 2681 non
1841 2627 2148 2682 scribantur.

559 2725 677 2780 Dixi
704 2740 852 2797 ergo,
881 2725 1175 2790 Deleanlur,
1205 2721 1498 2778 secundum
1529 2734 1682 2793 spem
1709 2733 1930 2784 eorum;
1960 2732 2150 2773 secun-

556 2819 683 2873 dmn
701 2828 876 2872 autem
899 2817 1202 2887 aequitatem
1214 2825 1366 2869 tuam
1383 2813 1505 2884 quid
1534 2812 1690 2868 dico?
1712 2810 1834 2865 Non
1845 2811 2149 2865 scribantur.

630 2911 717 2966 Η.
751 2909 921 2983 [vers.
949 2907 1077 2983 30.]
1128 2907 1333 2982 Pauper
1373 2916 1419 2960 et
1462 2906 1638 2960 dolens
1675 2921 1766 2977 ego
1805 2920 1930 2958 sum.
1977 2901 2154 2970 Quare

557 3001 706 3058 hoc?
751 3004 834 3056 An
879 3013 937 3056 ut
982 3015 1398 3072 agnosceremus
1434 2998 1575 3069 quod
1621 3012 1712 3067 per
1739 2994 2152 3051 amaritudinem

559 3094 724 3148 animi
765 3093 1036 3148 maledicit
1079 3107 1284 3164 panper
1325 3090 1466 3146 istc?
1507 3088 1669 3144 Multa
1702 3088 1841 3142 enim
1874 3086 2004 3140 dixit
2034 3101 2154 3155 qua:

561 3187 668 3241 illis
706 3187 974 3242 eveniant.
1022 3186 1089 3241 Et
1132 3185 1282 3256 quasi
1324 3184 1371 3240 ci
1404 3184 1738 3248 diceremus,
1765 3181 1960 3250 thnid
1991 3179 2157 3234 talia?

561 3279 669 3333 nali
701 3288 944 3343 tantum;
990 3277 1281 3349 respondet
1314 3295 1326 3330 :
1371 3275 1579 3347 Pauper
1609 3284 1653 3328 et
1693 3274 1869 3328 dolens
1903 3288 1994 3344 ego
2021 3288 2153 3325 sum.

561 3371 937 3426 l’crduxcrunt
983 3386 1070 3426 mc
1115 3369 1182 3426 ad
1221 3378 1545 3441 egestatem,
1590 3367 1655 3422 ad
1705 3367 1863 3421 istum
1917 3367 2155 3419 dolerent

560 3464 960 3534 deposuerunt;
1004 3462 1124 3518 ideo
1169 3461 1267 3517 ista
1298 3461 1439 3516 dico.
1470 3459 1586 3514 Non
1615 3467 1698 3514 cst
1736 3467 1913 3512 tamen
1954 3468 2156 3511 sterna-

563 3555 742 3610 chatio
772 3553 1166 3622 maledicentis,
1190 3552 1284 3609 sed
1313 3552 1584 3622 prredietio
1608 3549 1994 3621 prophetautis.
2026 3548 2157 3603 Nam

562 3647 629 3700 de
661 3653 974 3716 paupertate
999 3659 1093 3699 sua
1123 3653 1178 3700 ct
1216 3643 1402 3700 dolore
1430 3657 1528 3698 suo
1564 3640 1808 3712 qu:edam
1834 3656 1953 3712 qua:
1983 3651 2159 3708 poste-

565 3737 678 3791 rius
719 3735 869 3800 dieit,
918 3735 1391 3790 commendaturus
1438 3743 1519 3787 est
1566 3735 1739 3798 nobis,
1791 3742 1847 3786 nt
1891 3732 2160 3786 discamus

565 3843 685 3883 esse
713 3843 976 3897 pauperes
1003 3837 1056 3881 et
1087 3825 1350 3882 dolentes.
1393 3824 1539 3879 Beati
1565 3824 1705 3879 enim
1735 3841 2000 3892 paupm-es,
2031 3841 2159 3894 quo-

565 3919 703 3972 niam
724 3920 948 3988 ipsorum
969 3929 1042 3972 est
1063 3934 1275 3988 regnum
1297 3918 1535 3970 cwlorum
1554 3929 1574 3980 ,°
1600 3923 1674 3977 et,
1700 3913 1840 3968 Beati
1862 3914 1947 3983 qui
1968 3916 2158 3985 lugent,

566 4011 808 4081 quoniam
831 4011 932 4081 ipsi
958 4011 1354 4066 consolabuntur
1383 4009 1595 4081 (Matth.
1623 4026 1676 4075 v,
1704 4010 1758 4075 ὅ,
1787 4009 1863 4079 5).
1902 4010 2011 4065 lloc
2034 4026 2163 4080 ergo

569 4103 684 4171 ipse
710 4101 853 4171 prius
875 4102 984 4170 jam
1017 4103 1173 4157 nobis
1203 4102 1435 4157 ostendit
1462 4119 1476 4166 ;
1507 4111 1561 4155 et
1591 4101 1730 4168 ideo,
1765 4099 1972 4169 Pauper
1997 4111 2043 4154 et
2071 4102 2164 4155 do—

568 4194 675 4246 lens
704 4209 794 4263 ego
833 4209 967 4248 sum.
998 4193 1192 4248 Totum
1237 4208 1430 4261 corpus
1460 4194 1577 4260 ejus
1619 4193 1721 4248 hoc
1762 4191 1910 4247 dicit.
1960 4192 2164 4262 Corpus

567 4283 764 4337 Christi
798 4284 848 4336 in
894 4284 993 4339 hac
1025 4294 1166 4338 terra
1209 4299 1412 4355 pauper
1437 4295 1521 4339 est
1561 4295 1614 4338 et
1657 4283 1864 4338 dolens.
1912 4284 2016 4338 Sed
2056 4285 2166 4339 sint

565 4367 762 4428 divites
790 4373 1103 4428 Christiani.
1147 4373 1371 4429 Prorsus
1396 4375 1442 4429 si
1473 4375 1756 4429 Christiani
1786 4383 1927 4437 sunt,
1960 4390 2162 4445 paupe-

598 4477 658 4518 es
679 4473 838 4529 sunt;
870 4464 921 4518 in
951 4465 1352 4533 comparatione
1377 4464 1681 4519 divitiarum
1711 4465 2010 4521 cu-lestium
2035 4481 2166 4535 quas

573 4567 808 4626 sperant,
836 4573 995 4612 omne
1015 4573 1202 4611 aurum
1232 4572 1385 4613 suum
1415 4574 1634 4615 arenam
1660 4557 1733 4624 de
1751 4566 1934 4613 'utant.
1963 4557 2166 4628 Pauper

572 4657 619 4702 et
649 4648 824 4702 dolens
855 4665 944 4719 ego
968 4665 1101 4702 sunt.

649 4739 735 4794 15.
766 4737 916 4811 [ινα-ε.
945 4741 1004 4796 3i
1084 4738 1150 4793 Et
1171 4743 1315 4794 salus
1335 4741 1500 4794 rullus
1521 4742 1615 4802 tui.
1637 4740 1792 4802 Deus,
1819 4742 2038 4810 suscepit
2059 4758 2160 4795 me.

575 4831 839 4900 Numquid
871 4833 1118 4888 desertus
1146 4843 1229 4887 est
1260 4849 1461 4905 pauper
1487 4834 1624 4888 ista?
1646 4833 1872 4900 Quando
1895 4841 1950 4887 tu
1978 4833 2162 4902 digna-

574 4925 649 4979 ris
675 4939 970 4994 pannosum
1001 4941 1288 4995 pauperem
1320 4926 1591 4996 applicare
1617 4926 1684 4981 ad
1715 4941 1956 4980 mensam
1985 4927 2168 4980 tuam?

577 5014 744 5069 Porro
767 5026 944 5069 autem
977 5031 1264 5087 pauperem
1291 5018 1447 5072 istum
1471 5016 1614 5072 salus
1641 5018 1824 5071 vultus
1857 5017 1950 5071 Dei
1985 5031 2168 5072 susce-

578 5108 688 5177 pit;
733 5107 783 5162 in
827 5109 969 5162 vultu
1013 5123 1110 5163 suo
1150 5109 1430 5164 abseOndit
1469 5108 1584 5179 ejus
1629 5117 1941 5178 egestatem.
1970 5107 2048 5162 Dc
2075 5108 2168 5162 illo

574 5199 774 5268 quippe
799 5199 997 5254 dictum
1025 5209 1145 5254 est:
1172 5201 1456 5255 Abscondes
1479 5217 1563 5256 eos
1586 5201 1639 5254 in
1672 5199 1966 5254 abscondito
1997 5197 2167 5253 vultus

575 5290 648 5342 tui
673 5289 848 5360 (Psal.
871 5306 998 5355 xxx,
1026 5291 1142 5361 2|).
1174 5291 1229 5344 ln
1259 5292 1349 5345 illo
1373 5303 1550 5345 autem
1575 5292 1720 5345 vultu
1753 5306 1874 5360 qua:
1901 5291 2008 5343 sint
2033 5291 2168 5344 divi-

576 5381 664 5434 tia)
693 5380 853 5436 vultis
878 5385 1076 5437 nosse?
1104 5381 1309 5437 Divitia:
1351 5383 1466 5438 ista:
1510 5383 1610 5437 hoc
1655 5381 1748 5436 tibi
1791 5390 2073 5450 prmstant,
2109 5389 2168 5436 ut

570 5473 718 5540 quod
742 5475 852 5537 vis,
882 5475 1096 5545 quando
1133 5477 1240 5540 vis,
1286 5477 1581 5545 pratulcas;
1614 5474 1717 5528 illa:
1743 5488 1902 5540 vero,
1947 5481 2004 5526 ut
2034 5489 2169 5526 nun-

571 5580 732 5637 quam
758 5566 980 5637 esurias.
1011 5565 1214 5636 Pauper
1233 5581 1278 5621 et
1297 5567 1474 5621 dolens
1492 5581 1585 5637 ego
1609 5581 1754 5628 sum;
1775 5573 1821 5617 ct
1842 5563 1980 5617 salus
2005 5564 2170 5616 vultus

578 5658 672 5724 tui,
705 5657 858 5722 Deus,
887 5661 1105 5728 suscepit
1126 5677 1222 5713 me.
1245 5660 1326 5715 Ad
1355 5677 1510 5731 quam
1537 5660 1688 5714 rem?
1715 5657 1781 5713 Et
1807 5659 1915 5726 jam
1937 5672 2042 5709 non
2068 5656 2166 5709 sim

579 5765 802 5819 pauper,
829 5768 933 5805 non
963 5753 1060 5805 sim
1089 5753 1297 5808 dolens.
1326 5753 1566 5806 Laudabo
1588 5770 1764 5806 nomen
1795 5751 1882 5803 Dii
1910 5765 2023 5802 cum
2047 5764 2169 5802 can-

583 5841 709 5902 tico,
735 5843 1069 5911 magniﬁcabo
1096 5859 1206 5897 eum
1238 5845 1290 5896 in
1319 5843 1484 5898 laude.
1514 5843 1632 5898 iam
1665 5843 1863 5895 dictum
1895 5847 2005 5900 est;
2041 5853 2166 5907 pati.

1763 415 1820 468 S.
1863 409 2228 468 AUCUSTlNl
2272 408 2578 466 EPlSCOl’I

3731 416 3825 475 866

2245 538 2341 592 per
2384 524 2481 578 isle
2530 523 2709 578 laudat
2748 539 2938 578 nomen
2974 525 3062 579 Dei
3095 539 3215 580 eum
3252 526 3494 596 cantico,
3524 530 3822 600 magniliest

2242 630 2369 668 eum
2395 615 2443 668 in
2468 614 2637 667 laude.
2665 614 2889 682 Quaado
2915 615 3134 670 auderet
3155 626 3390 678 cantare.
3419 618 3521 673 nisi
3552 630 3820 676 recreatus

2242 715 2385 760 esset
2411 721 2439 759 τι
2472 703 2646 760 fatue?
2669 705 2912 760 Laudabo
2940 724 3116 760 nomen
3141 706 3236 761 Dei
3261 725 3374 762 cum
3397 714 3618 777 cantico,
3643 714 3822 783 magni-

2243 796 2402 864 ]icabo
2443 807 2555 849 eum
2599 797 2650 850 in
2694 799 2859 851 laude.
2903 798 3104 870 Magna:
3149 799 3378 857 divitia}!
3421 802 3564 870 Quas
3593 820 3830 874 gemmas

2244 885 2416 939 laudis
2443 886 2536 940 Dei
2563 887 2629 941 de
2657 887 2909 942 thesauro
2937 889 3188 944 interiore
3217 893 3463 960 protulit!
3487 891 3828 965 Magni/ient»

2242 992 2356 1030 eum
2383 978 2435 1030 in
2463 978 2631 1032 laude.
2661 979 2754 1033 lla:
2796 989 2921 1033 sunt
2966 980 3165 1035 divitize
3193 998 3345 1038 mete.
3375 981 3627 1038 Dominus
3659 987 3828 1050 dedit,

2245 1065 2494 1121 Dominus
2537 1069 2766 1123 abstulit.
2798 1068 2938 1140 Ergo
2977 1072 3142 1126 miser
3170 1074 3456 1128 remansit?
3489 1074 3664 1130 Absit.
3706 1077 3828 1131 Vide

2242 1157 2456 1213 divitias
2485 1177 2497 1212 :
2533 1160 2677 1214 Sicut
2699 1160 2919 1216 Domino
2954 1163 3166 1234 placuit,
3190 1165 3260 1218 ita
3288 1166 3478 1236 factum
3507 1177 3614 1230 est;
3646 1169 3710 1221 sit
3736 1186 3828 1220 no-

2248 1269 2361 1307 men
2383 1251 2592 1307 Domini
2613 1255 2921 1310 benedicta»:
2969 1256 3089 1329 (Job
3129 1274 3166 1325 l,
3207 1259 3322 1331 2|).
3365 1258 3610 1316 Laudabo
3653 1280 3827 1317 nomen

2245 1341 2342 1397 Dei
2369 1361 2483 1397 cum
2513 1347 2731 1410 cantico,
2759 1349 3092 1418 magniﬁcabo
3116 1367 3228 1403 eum
3253 1352 3305 1405 in
3330 1352 3498 1407 laude.

2319 1436 2405 1492 16.
2441 1435 2591 1510 [vers.
2621 1437 2735 1512 '52.]
2772 1439 2835 1494 Et
2864 1440 3078 1510 placebit
3105 1442 3229 1506 Deo,
3264 1443 3365 1499 hoc
3393 1445 3533 1516 quin]
3564 1462 3687 1500 eum
3721 1448 3826 1499 lan-

2247 1525 2406 1594 daho,
2437 1529 2684 1597 placebit,
2718 1546 2868 1600 super
2887 1532 3096 1585 vitulum
3125 1535 3390 1598 novellum,
3424 1553 3614 1590 cornua
3643 1540 3826 1607 prada“

2250 1628 2441 1672 centeni
2459 1628 2507 1671 et
2533 1619 2768 1688 ungulas.
2793 1621 3006 1676 Gratius
3039 1623 3110 1676 illi
3137 1625 3240 1678 erit
3273 1625 3593 1682 sacriﬁcium
3622 1629 3789 1682 laudis
3809 1671 3823 1695 ,

2247 1724 2406 1780 quam
2432 1711 2750 1766 sacrilicium
2783 1713 2954 1768 vituli.
2985 1715 3307 1784 Sacri/icium
3336 1720 3502 1773 laudis
3529 1721 3829 1791 gloriﬁcabit

2247 1816 2326 1854 me
2343 1819 2360 1865 ,°
2380 1810 2428 1854 ct
2457 1801 2525 1854 ibi
2545 1803 2624 1856 via
2647 1813 2720 1856 est
2745 1801 2796 1856 in
2820 1820 2918 1874 qua
2947 1806 3206 1859 Ostendam
3232 1807 3309 1862 illi
3331 1810 3556 1865 salutare
3574 1811 3693 1865 Dei.
3725 1811 3831 1865 Im-

2249 1894 2384 1948 mola
2405 1891 2511 1948 Deo
2536 1896 2842 1964 sacriﬁcium
2871 1897 3059 1957 laudis.
3083 1907 3130 1952 et
3149 1900 3301 1953 redde
3323 1901 3576 1955 ditissima
3603 1914 3721 1957 vota
3751 1914 3833 1956 tua

2250 1984 2418 2054 (Psal.
2454 2001 2607 2051 xux,
2636 1984 2725 2051 2'5,
2757 1987 2869 2057 H).
2897 1987 3039 2056 Ergo
3066 1989 3292 2044 laudabo
3323 1991 3522 2055 Deum;
3555 2002 3607 2047 ct
3637 1994 3763 2063 plus
3787 1995 3833 2049 ei

2252 2076 2480 2145 placebit
2505 2093 2662 2148 quam
2691 2079 2885 2132 vitulus
2913 2081 3152 2134 novellus
3175 2123 3190 2146 ,
3215 2097 3414 2136 cornua
3455 2084 3758 2153 producens
3785 2097 3836 2140 et

2251 2167 2498 2239 ungulas.
2528 2171 2772 2240 Amplius
2813 2186 2940 2241 ergo
2968 2173 3196 2241 placebit
3225 2173 3336 2228 Deo
3363 2175 3478 2231 laus
3500 2175 3617 2245 ejus
3647 2178 3835 2232 exiens

2250 2261 2319 2316 de
2347 2277 2443 2316 ore
2473 2277 2612 2326 meo,
2641 2279 2800 2333 quam
2827 2279 3016 2334 magna
3050 2265 3261 2332 victima
3305 2267 3530 2322 adducta
3577 2268 3644 2322 ad
3691 2285 3834 2324 aram

2251 2353 2438 2424 ipsius.
2466 2355 2550 2409 An
2577 2354 2774 2424 aliquid
2802 2354 2868 2410 de
2895 2357 3149 2412 cornibus
3172 2367 3227 2411 et
3249 2359 3461 2428 ungulis
3497 2359 3647 2414 vituli
3684 2360 3839 2429 hujus

2252 2443 2534 2499 dicendum
2565 2447 2684 2501 est?
2711 2445 2812 2513 Qui
2842 2446 2979 2502 bene
3005 2447 3296 2503 instructus
3323 2459 3404 2503 est
3424 2489 3438 2511 ,
3469 2459 3522 2504 et
3548 2448 3710 2506 laude
3745 2454 3834 2507 Dei

2253 2535 2569 2604 opulentus,
2616 2545 2671 2592 et
2713 2553 2910 2592 cornua
2938 2536 3099 2594 debet
3137 2538 3335 2594 habere
3364 2540 3556 2609 quibus
3588 2541 3839 2597 adversa-

2254 2628 2391 2682 rium
2409 2627 2651 2691 ventilet.
2671 2639 2726 2684 ct
2745 2630 2970 2699 ungulas
2991 2630 3185 2702 quibus
3209 2642 3402 2687 terram
3424 2635 3640 2688 excitet.
3663 2633 3844 2690 Nostis

2254 2721 2396 2776 enim
2429 2720 2533 2776 hoc
2558 2720 2737 2777 facere
2761 2722 2956 2778 vitulos
2997 2723 3380 2792 pubescentes,
3415 2733 3469 2779 et
3496 2725 3548 2778 in
3578 2726 3840 2780 taurinam

2254 2810 2530 2866 audaciam
2583 2812 3021 2882 grandescentcs.
3065 2812 3198 2869 Nam
3250 2813 3373 2869 ideo
3425 2815 3672 2870 novellus
3715 2825 3837 2878 est.

2258 2912 2482 2973 propter
2511 2903 2673 2959 vitam
2723 2921 2934 2959 novam.
2971 2907 3177 2976 Aliquis
3219 2923 3346 2977 ergo
3384 2908 3665 2964 luereticus
3711 2911 3843 2964 forte

2257 2994 2606 3062 contradicit;
2634 2997 2888 3052 cornibus
2915 2999 3221 3053 ventiletur.
3255 2999 3406 3055 Alius
3443 3017 3545 3055 non
3574 3003 3843 3056 contradi-

2257 3087 2370 3157 cit,
2400 3089 2493 3145 sed
2522 3097 2700 3145 tamen
2738 3098 3005 3146 terrenum
3033 3089 3239 3160 ahjectc
3264 3094 3433 3161 sapit;
3463 3093 3670 3163 ungulis
3699 3108 3826 3149 exet

2259 3191 2421 3239 tetur.
2446 3184 2584 3254 Ergo
2613 3199 2775 3254 super
2797 3183 2939 3239 hunc
2963 3183 3183 3238 vitulum
3231 3183 3324 3239 tibi
3355 3185 3578 3254 placebit
3615 3185 3846 3240 laudatio

2261 3289 2410 3341 mea;
2436 3274 2547 3345 jam
2575 3273 2665 3330 illa
2691 3275 2708 3306 ⁸
2741 3282 2861 3344 post
2886 3283 3249 3345 paupertatem
3271 3283 3327 3330 et
3350 3274 3586 3329 dolorem
3614 3276 3666 3329 in
3689 3286 3846 3330 teter-

2263 3380 2330 3419 na
2359 3365 2616 3420 societate
2655 3364 2978 3435 Angelorum
3003 3362 3022 3432 ,
3050 3365 3136 3419 ubi
3169 3357 3268 3418 nec
3295 3364 3626 3420 adversarius
3664 3366 3762 3420 erit
3798 3367 3848 3420 in

2263 3458 2555 3512 certamine
2610 3455 2980 3521 ventilandus,
3037 3472 3136 3511 nec
3195 3455 3341 3526 piger
3386 3457 3454 3511 de
3509 3465 3649 3511 terra
3702 3458 3847 3511 excio

2263 3548 2474 3602 lautius.

2337 3642 2423 3696 l7.
2453 3639 2603 3714 [rem
2635 3637 2750 3713 '55.]
2791 3637 3002 3693 Videant
3025 3639 3219 3709 inapes,
3243 3647 3290 3692 et
3311 3638 3561 3693 lmtentur.
3591 3637 3842 3701 Credam.

2263 3743 2318 3788 et
2345 3749 2440 3804 spe
2468 3733 2746 3804 gaudeant.
2773 3732 2937 3803 Magis
2976 3733 3163 3801 inopes
3190 3731 3332 3796 sint,
3373 3740 3431 3785 ut
3467 3734 3692 3786 satur-ari
3737 3749 3848 3787 tne-

2220 3875 2222 3878 ,
2264 3835 2517 3894 reantur;
2551 3841 2617 3881 uc
2644 3842 2767 3880 cum
2809 3825 3077 3895 superbia:
3109 3825 3345 3895 saginam
3368 3833 3597 3889 ructant,
3630 3837 3839 3896 negetur

2265 3919 2344 3973 eis
2386 3918 2537 3988 pains
2576 3933 2680 3988 quo
2719 3915 3009 3972 salubriter
3048 3915 3244 3969 vivant.
3289 3914 3509 3982 Quwrite
3548 3912 3847 3981 Dominum,

2269 4013 2487 4081 impos;
2514 4011 2735 4076 esurilc,
2763 4020 2818 4065 et
2842 4010 2984 4064 sitite
3009 4008 3221 4081 (Matth.
3250 4025 3310 4072 ν,
3337 4007 3393 4080 6)
3421 4027 3434 4063 :
3461 4007 3574 4076 ipse
3601 4017 3685 4063 est
3707 4010 3850 4062 enim

2269 4105 2419 4176 panis
2466 4106 2617 4161 vivus
2660 4107 2746 4176 qui
2795 4103 2863 4159 de
2907 4105 3045 4160 caelo
3087 4103 3361 4159 descendit
3388 4103 3578 4174 (Joan.
3607 4117 3694 4165 Vt,
3727 4101 3850 4171 5|).

2271 4199 2496 4266 Qumite
2522 4197 2817 4264 Dominum,
2843 4209 2889 4252 et
2919 4199 3044 4252 viret
3068 4198 3240 4252 anima
3265 4207 3443 4252 vestra.
3478 4195 3730 4263 Quaeritis
3760 4212 3852 4265 pa-

2269 4305 2416 4355 nem,
2445 4298 2503 4343 ut
2526 4290 2666 4343 vivat
2687 4306 2812 4344 caro
2834 4301 3007 4344 vestra
3030 4305 3045 4355 ;
3071 4289 3349 4343 Dominum
3370 4289 3614 4358 qumrite,
3635 4297 3696 4342 ut
3717 4288 3856 4342 vivat

2269 4385 2442 4436 anima
2475 4393 2666 4437 vestra.

2342 4475 2428 4529 13.
2463 4472 2614 4544 [vet-3.
2649 4471 2762 4545 δι]
2788 4473 3039 4539 Quoniam
3056 4473 3307 4527 exaudivit
3329 4488 3572 4542 pauperes
3591 4470 3854 4525 Dominus.

2269 4565 2550 4621 Exandivit
2582 4581 2876 4636 pauperes;
2903 4581 3000 4618 nec
3030 4563 3305 4618 exaudiret
3333 4577 3612 4630 pauperes,
3648 4565 3750 4616 nisi
3776 4580 3857 4618 es-

2270 4666 2390 4711 sent
2429 4671 2710 4725 pauperes.
2755 4655 2843 4709 \'is
2887 4654 3165 4710 exaudiri?
3203 4655 3408 4723 Pauper
3436 4663 3553 4708 esto
3577 4671 3592 4706 :
3616 4654 3773 4708 dolor
3795 4657 3857 4709 de

2273 4757 2324 4801 te
2350 4747 2562 4812 clamet,
2595 4763 2697 4799 non
2728 4746 3013 4799 fastidium.
3049 4745 3300 4810 Quoniam
3330 4746 3583 4799 exaudivit
3612 4764 3858 4816 pauperes

2274 4838 2560 4901 Dominus;
2604 4847 2648 4890 et
2685 4839 2995 4906 compeditos
3031 4853 3150 4891 suos
3186 4854 3286 4890 non
3328 4839 3534 4906 sprevit.
3559 4838 3805 4893 Offensus
3832 4855 3857 4893 a

2273 4930 2444 4984 servis
2467 4969 2482 4992 ,
2516 4929 2640 4982 fecit
2665 4943 2760 4982 eos
2785 4927 3151 4998 compeditos;
3181 4927 3274 4981 sed
3303 4928 3592 4982 clamantes
3614 4929 3684 4982 de
3711 4943 3857 4988 corn—

2273 5024 2497 5092 pedibus
2539 5039 2644 5076 non
2687 5023 3030 5092 contempsit.
3071 5022 3202 5089 Quae
3231 5031 3356 5076 sunt
3393 5022 3506 5076 ista:
3535 5023 3860 5092 compedes?

2274 5115 2587 5180 Mortalitas,
2617 5113 3031 5182 cari-nptibilitas
3059 5114 3255 5170 carnis.
3285 5113 3571 5183 compedes
3599 5123 3724 5169 sunt
3751 5115 3860 5183 qni-

2275 5205 2372 5260 bus
2397 5206 2541 5276 ligati
2571 5219 2773 5259 sumus.
2804 5205 2867 5259 Et
2898 5205 3057 5259 vultis
3094 5219 3253 5260 nosse
3281 5205 3503 5260 istarum
3540 5205 3858 5274 compedum

2272 5296 2624 5368 gravitatem?
2663 5296 2790 5350 inde
2827 5294 3058 5348 dicitur:
3087 5293 3282 5364 Corpus
3321 5295 3456 5363 quod
3499 5297 3857 5363 corrumpitur,

2274 5397 2515 5460 aggravet
2543 5388 2762 5440 animum
2791 5387 2809 5456 (
2836 5387 2963 5456 Sap.
2993 5401 3077 5452 rx,
3112 5387 3178 5440 13
3201 5386 3238 5454 ).
3269 5385 3494 5453 Quando
3523 5386 3772 5442 homines
3807 5386 3857 5441 in

2275 5480 2472 5536 srcculo
2497 5478 2691 5534 divite;
2725 5493 2845 5533 esse
2877 5479 3087 5542 volunt,
3134 5478 3247 5532 istis
3287 5477 3636 5544 compedibus
3662 5493 3858 5548 partitos

2275 5582 2538 5644 quau-unt.
2589 5571 2693 5628 Sed
2741 5571 3008 5626 sufﬁciant
3053 5571 3212 5639 panni
3261 5569 3581 5640 coinpcdum
3613 5589 3629 5625 :
3663 5580 3857 5624 tantum

2341 5731 2356 5761 ‘
2394 5730 2466 5792 sic
2487 5727 2705 5777 melioris
2726 5736 2854 5776 natm
2876 5733 2983 5777 Mss.
3013 5724 3110 5782 Alii,
3128 5724 3389 5792 jmnillarn
3406 5731 3526 5788 post,
3542 5733 3642 5792 etc.
3668 5735 3717 5775 Αι
3732 5726 3854 5792 ωε..

2277 5804 2388 5842 nam
2412 5789 2545 5839 illam
2570 5798 2690 5852 post,
2717 5797 2810 5838 etc.
2838 5798 2937 5839 δ’οη
2973 5795 3128 5847 recte,
3168 5790 3259 5837 nisi
3297 5789 3430 5838 illum
3468 5788 3658 5838 releras
3692 5789 3750 5838 ad
3791 5788 3855 5834 ri-

2281 5853 2423 5904 deant
2443 5854 2626 5914 inopcs,
2653 5860 2745 5900 etc.
