3990 6370
570 383 686 445 ’887
735 446 740 451 ,

581 501 773 557 demus
801 498 965 556 etiam
989 506 1263 569 portantes
1299 496 1351 552 in
1382 495 1557 553 fronte
1588 498 1795 567 signum
1827 498 1944 566 ejus
1968 539 1982 560 ,
2012 496 2168 550 simul

585 592 641 647 in
667 588 987 661 itisafi’rttnte
1014 598 1229 659 portare
1255 588 1641 657 impudentiam
1675 588 2026 649 luxuriarum,
2058 586 2173 642 dic—

582 680 788 753 busquc
816 689 870 735 et
898 678 1328 736 solemnitatibus
1375 686 1672 749 martyrum
1719 693 1824 733 non
1863 676 2163 743 exsultare,

581 772 677 827 sed
700 773 978 828 insultare.
1002 771 1067 827 Et
1092 773 1230 827 inter
1256 770 1372 825 haec
1393 772 1678 839 gemimus,
1701 777 1757 825 et
1782 771 1896 826 lucc
1916 784 2172 839 persecu-

582 865 657 922 tio
674 874 854 922 nostra
875 874 978 933 est,
1006 865 1052 919 si
1072 874 1154 920 est
1181 864 1235 919 in
1263 848 1418 919 nobis
1442 863 1681 919 charitas
1704 878 1822 932 qua:
1846 863 2019 917 dicat:
2046 861 2171 927 Quis

581 955 896 1025 infirmatur,
934 964 980 1010 et
1022 970 1122 1007 non
1152 969 1241 1025 ego
1270 952 1543 1020 iniit-mor?
1566 952 1678 1022 quis
1703 952 2101 1015 scandalizatur,
2125 960 2173 1005 et

581 1064 685 1102 non
705 1063 796 1120 ego
824 1063 945 1102 uror
971 1047 990 1118 (
1015 1046 1059 1101 ll
1080 1045 1197 1101 Cor.
1230 1060 1307 1112 ιι,
1334 1044 1404 1100 29
1428 1045 1481 1118 )?
1505 1044 1690 1100 Nullus
1716 1060 1845 1116 ergo
1865 1059 2050 1101 servus
2076 1043 2170 1099 Dei

538 1122 541 1125 λ
582 1140 700 1195 sine
729 1138 1138 1210 persecutione;
1167 1152 1459 1208 verumque
1487 1146 1569 1192 est
1611 1137 1736 1193 illud
1767 1136 1907 1207 quod
1943 1138 2171 1207 Aposto-

582 1229 668 1286 lus
692 1231 767 1284 a’it
793 1248 808 1284 :
838 1228 945 1284 Sed
970 1238 1018 1284 et
1048 1245 1218 1283 omnes
1243 1228 1331 1296 qui
1356 1227 1528 1282 volunt
1562 1228 1615 1281 in
1648 1226 1847 1283 Christo
1873 1230 1955 1300 pie
1986 1217 2166 1293 dicere,

584 1320 976 1390 persecutionem
1007 1319 1261 1389 patientur
1280 1317 1349 1389 (ll
1372 1316 1505 1372 Tim.
1528 1332 1607 1384 ιιι,
1638 1315 1746 1387 ιθ).
1770 1316 1980 1373 Videris
2007 1316 2164 1380 unde,

581 1410 783 1465 videris
812 1408 1116 1479 quomodo;
1148 1407 1394 1463 diabolus
1424 1406 1515 1462 ille
1543 1405 1787 1462 biformis
1813 1415 1917 1463 est.
1954 1406 2063 1461 Leo
2089 1418 2172 1463 est

581 1500 637 1555 in
668 1501 867 1571 impetu
889 1540 906 1563 ,
936 1498 1101 1555 draco
1131 1499 1186 1554 in
1215 1498 1446 1554 insidiis.
1474 1497 1585 1555 Leo
1626 1498 1877 1563 minetur,
1922 1498 2170 1554 inimicus

580 1600 697 1657 est;
725 1591 890 1646 draco
919 1589 1226 1654 insidietur,
1271 1590 1520 1645 inimicus
1548 1598 1653 1644 est.
1684 1587 1910 1656 Quando
1952 1604 2048 1645 nos
2078 1603 2169 1644 sc-

578 1683 734 1737 curi?
758 1683 893 1737 Ecce
924 1682 1056 1736 ﬁant
1092 1695 1281 1737 omnes
1306 1679 1633 1743 Christiani,
1668 1678 1926 1750 numquid
1962 1687 2016 1735 et
2050 1678 2167 1734 dia-

581 1770 739 1825 bolus
779 1772 1102 1826 christiauus
1149 1768 1295 1826 erit?
1337 1769 1569 1825 Tentare
1616 1784 1747 1839 ergo
1800 1784 1904 1824 non
1956 1779 2163 1832 cessat;

582 1861 820 1917 insidiari
863 1877 968 1916 non
1008 1870 1204 1917 cessat.
1232 1860 1529 1916 infrenatos
1557 1871 1641 1915 est
1668 1869 1827 1930 atquc
1854 1859 2085 1932 illigatus
2115 1861 2167 1916 in

578 1956 831 2011 cordibus
861 1956 1165 2025 impiorum,
1195 1958 1262 2008 ne
1289 1955 1473 2011 satviat
1500 1955 1549 2009 in
1577 1953 1871 2009 Ecclesiatn
1896 1995 1911 2020 ,
1954 1964 2007 2009 et
2047 1964 2165 2008 tan-

581 2055 697 2101 tum
729 2045 883 2100 faciat
910 2054 1168 2115 quantum
1210 2043 1341 2099 vult.
1376 2043 1632 2099 Frcutunt
1656 2043 1845 2099 dentes
1883 2043 2166 2114 impiorum

579 2136 837 2191 adversus
878 2136 1189 2205 dignitatem
1221 2134 1476 2191 Ecclesiae
1520 2144 1576 2190 et
1621 2148 1803 2204 pacem
1835 2133 2167 2190 Christiano-

578 2244 695 2283 rum
721 2269 737 2293 ,
764 2237 819 2285 ct
842 2229 965 2299 quia
998 2243 1104 2283 non
1136 2226 1334 2282 habent
1376 2225 1503 2298 quid
1548 2236 1705 2296 agant
1733 2226 2029 2292 saeviendo;
2062 2226 2167 2282 sal-

577 2320 781 2384 tando,
827 2319 1290 2389 blaSphemando,
1333 2318 1687 2380 luxuriando,
1737 2334 1844 2374 non
1887 2318 2168 2388 impellunt

576 2427 801 2482 corpora
834 2410 1278 2472 Christianorum,
1302 2409 1397 2465 sed
1426 2411 1659 2465 lacerant
1686 2408 1891 2465 animas
1912 2408 2168 2465 Christia-

579 2520 791 2559 norum.
813 2501 1119 2558 Clamemus
1138 2519 1271 2583 ~ergo
1299 2517 1402 2557 una
1433 2517 1565 2557 voce
1595 2516 1786 2558 nautes
1814 2501 1973 2558 rerba
2010 2502 2124 2558 lucc
2148 2521 2163 2557 :

580 2595 740 2661 Deus,
760 2596 812 2650 in
827 2594 1139 2664 adiutorium
1156 2612 1320 2651 meum
1348 2594 1564 2650 intende.
1580 2592 1725 2663 Opus
1743 2594 1886 2651 enim
1908 2593 2167 2667 habemus

578 2689 907 2758 sempiterno
952 2687 1216 2758 adjutorio
1255 2686 1306 2742 in
1351 2687 1456 2742 isto
1485 2687 1703 2743 srcculo.
1736 2686 1961 2756 Quando
1987 2698 2165 2743 autem

496 2798 499 2803 ’
579 2778 721 2835 nnnl
754 2777 911 2835 Modo
937 2787 1115 2834 tamen
1142 2780 1158 2810 ί
1188 2777 1242 2834 in
1270 2777 1610 2835 tribulatione
1635 2778 1795 2849 positi
1830 2778 2060 2835 maxime
2081 2778 2165 2833 di-

576 2886 761 2927 camus
786 2868 982 2937 :Deus,
1010 2871 1064 2924 in
1091 2869 1406 2942 adjutorium
1433 2887 1599 2925 mentm
1628 2870 1850 2925 intende.

648 2962 702 3017 3.
742 2959 893 3036 [vers.
923 2958 1003 3035 3.]
1042 2959 1436 3033 Confundantur
1482 2970 1530 3016 et
1558 2969 1877 3016 revereantur
1899 2961 1990 3031 qui
2021 2977 2165 3031 qure—

575 3063 694 3109 runt
717 3054 941 3109 animam
972 3069 1153 3109 meam.
1193 3049 1438 3110 Christus
1469 3052 1599 3108 dicit
1626 3070 1640 3107 :
1670 3052 1785 3108 sive
1809 3059 1968 3123 caput
2003 3052 2164 3121 dicat,

577 3145 692 3200 sive
712 3159 907 3215 corpus
934 3143 1113 3210 dicat;
1146 3142 1233 3199 ille
1262 3143 1409 3208 dicit,
1450 3144 1540 3214 qui
1577 3143 1710 3200 dixit
1742 3162 1756 3200 :
1783 3142 1917 3214 Quid
1945 3161 2024 3199 me
2050 3161 2168 3215 per-

576 3236 795 3308 sequeris
842 3236 977 3309 (Act.
1031 3251 1104 3299 Ix,
1138 3235 1237 3304 4)?
1280 3235 1368 3292 illo
1411 3235 1559 3303 dicit,
1590 3236 1679 3309 qui
1726 3234 1859 3293 dixit
1888 3253 1903 3294 :
1928 3235 2052 3294 Cum
2080 3240 2167 3293 uni

577 3344 641 3382 ea:
665 3328 884 3383 minimis
912 3327 1035 3383 meis
1053 3327 1828 3402 fecistis,mihifeeistisﬂlatth.
1877 3345 2006 3397 xxv,
2047 3330 2164 3403 40).

577 3418 711 3474 Nota
736 3429 970 3491 estergo
999 3435 1098 3473 vox
1140 3418 1297 3490 hujus
1321 3418 1573 3487 hominis,
1606 3419 1768 3475 totius
1792 3418 2042 3484 hominis,
2074 3436 2167 3477 ca-

491 3561 498 3569 .
580 3509 701 3580 pitis
726 3519 779 3564 et
798 3509 1039 3580 corporis
1062 3526 1076 3565 :
1105 3527 1209 3567 non
1236 3526 1379 3583 stupe
1398 3511 1840 3576 commendanda,
1870 3512 1991 3586 quia
2018 3522 2164 3570 nota.

577 3599 987 3671 Confundantur,
1020 3599 1209 3671 inquit,
1246 3613 1291 3656 et
1319 3612 1639 3657 recereantur
1674 3603 1757 3673 qui
1790 3600 2166 3674 quarunt'ani-

578 3707 714 3743 mam
755 3707 935 3744 meam.
992 3689 1049 3746 lu
1089 3691 1194 3747 alio
1237 3693 1443 3765 psalmo
1490 3692 2067 3752 dicit:Considerabam
2114 3697 2168 3752 in

578 3784 856 3849 dexteram,
885 3794 932 3838 et
969 3783 1219 3846 uidebam,
1244 3793 1292 3840 et
1318 3802 1419 3841 non
1448 3794 1554 3841 erat
1585 3787 1672 3858 qui
1689 3799 2019 3859 cognosceret
2055 3806 2167 3845 me:

580 3875 725 3947 periit
752 3880 872 3947 fuga
892 3893 923 3930 a
949 3893 1046 3941 me,
1076 3887 1125 3931 et
1150 3894 1251 3931 non
1282 3886 1355 3931 est
1377 3878 1464 3949 qui
1492 3878 1718 3945 exquirat
1738 3881 1961 3935 animam
2004 3896 2167 3935 meam

583 3963 753 4033 (Prol.
782 3981 922 4028 cxu,
950 3966 1026 4035 5).
1056 3966 1126 4020 Ihi
1148 3966 1215 4021 de
1241 3968 1664 4035 persecutoribus
1686 3968 1908 4042 aitquia
1931 3986 2035 4026 non
2055 3982 2166 4026 erat

579 4056 667 4125 qui
697 4057 1000 4126 exquireret
1027 4058 1257 4113 animam
1285 4056 1433 4126 ejus;
1461 4056 1548 4113 hic
1572 4071 1751 4115 autem
1784 4075 1799 4115 :
1832 4044 2168 4130 Confundan—

576 4154 684 4212 tur,
711 4153 759 4199 et
782 4158 1099 4201 rerercantur
1122 4149 1209 4215 qui
1236 4157 1470 4219 quterunt
1488 4149 1709 4203 animam
1737 4167 1921 4206 meam.
1945 4152 2171 4209 Dolebat

574 4251 637 4297 se
668 4252 772 4291 non
801 4239 965 4308 quaeri
997 4237 1062 4293 ad
1103 4238 1450 4306 imitandmn;
1492 4241 1739 4310 gemebat
1779 4257 1838 4299 se
1889 4245 2053 4316 quarrl
2102 4244 2167 4299 ad

580 4328 1010 4397 opprimendum.
1041 4328 1247 4396 Qumris
1272 4330 1501 4383 animam
1525 4330 1675 4400 justi,
1708 4346 1828 4386 cum
1859 4331 2051 4387 imitari
2080 4349 2171 4388 co-

579 4418 751 4487 gitas;
796 4418 992 4488 qumris
1034 4420 1264 4474 animam
1299 4419 1449 4488 justi,
1495 4435 1617 4475 cum
1663 4421 1907 4479 occidere
1946 4423 2167 4495 cogitas.

581 4508 841 4574 Quoniam
867 4507 1076 4564 duobus
1104 4509 1273 4570 modis
1299 4510 1556 4580 quaeritur
1575 4512 1749 4564 anima
1773 4512 2167 4581 bominisjusti,

582 4599 770 4670 singuli
816 4602 865 4653 in
894 4600 1115 4669 singulis
1142 4601 1358 4669 psalmis
1397 4601 1637 4671 expressi
1677 4612 1819 4657 sunt.
1850 4603 1958 4658 Illic
2001 4603 2167 4671 dolet,

582 4693 702 4762 quia
733 4707 837 4747 non
860 4702 941 4747 est
972 4692 1060 4761 qui
1091 4693 1325 4761 requirat
1352 4689 1582 4746 animam
1615 4694 1732 4761 ejus
1769 4694 1834 4749 ad
1858 4695 2171 4751 imitandum

584 4784 855 4851 passiones
880 4784 1034 4852 ejus:
1064 4784 1150 4837 hic
1173 4795 1350 4839 autem
1384 4802 1397 4838 :
1427 4783 1818 4856 Confundantur
1844 4797 1891 4839 et
1916 4803 2173 4842 revereari-

580 4888 657 4927 tur
689 4874 773 4942 qui
798 4884 1028 4944 quarunt
1046 4876 1269 4928 animam
1299 4892 1480 4928 meant.
1508 4877 1761 4944 Qumrunt
1780 4878 2010 4931 animam
2032 4879 2167 4947 ejus,

582 4979 686 5017 non
721 4975 777 5017 ut
811 4965 942 5018 duas
991 4964 1239 5019 habeant.
1267 4965 1382 5019 Non
1410 4966 1553 5021 enim
1594 4967 1671 5021 sic
1697 4968 2006 5037 quan-ebant
2057 4970 2173 5023 ani-

582 5071 724 5108 mam
771 5054 907 5124 ejus,
952 5055 1220 5126 quomodo
1248 5060 1441 5126 qumrit
1482 5057 1619 5111 latro
1655 5060 1885 5114 tunicam
1910 5062 2127 5117 viatoris
2156 5080 2169 5119 :

583 5153 647 5206 :d
696 5148 798 5202 hoc
824 5148 1039 5210 occidit,
1068 5158 1127 5202 ut
1171 5150 1461 5218 exspoliet,
1508 5160 1566 5203 ut
1604 5149 1818 5205 habent.
1849 5151 1950 5219 Qui
1994 5162 2169 5209 autem

584 5240 919 5307 persequitur
962 5249 1020 5294 ut
1074 5240 1302 5305 occidat,
1357 5241 1593 5298 excludit
1645 5242 1897 5310 animam,
1954 5260 2060 5300 non
2114 5259 2172 5302 sc

585 5331 759 5385 vestit.
798 5330 1056 5400 Qurerunt
1089 5332 1161 5387 illi
1191 5334 1419 5388 animam
1455 5332 1659 5392 uicani:
1687 5336 1933 5392 occidere
1962 5350 2060 5391 me~
2076 5352 2171 5389 vo-

585 5421 716 5478 lunt.
746 5422 880 5491 Quid
908 5438 1035 5492 ergo
1066 5431 1121 5479 tu
1143 5421 1249 5480 illis
1278 5423 1473 5495 optas?
1496 5423 1907 5498 Confundantur,
1956 5437 2003 5483 et
2032 5443 2172 5481 reve-

586 5522 808 5567 rrantnr.
845 5512 910 5569 Et
936 5513 1023 5570 ubi
1064 5522 1148 5569 cst
1172 5514 1315 5584 quod
1344 5514 1534 5569 audisti
1563 5529 1594 5568 a
1623 5516 1845 5571 Domino
1872 5526 2002 5571 tuo:
2036 5516 2171 5573 Dili—

586 5604 683 5674 gite
718 5603 947 5658 inimicos
990 5614 1195 5667 vestros,
1224 5604 1494 5670 benefarite
1522 5606 1600 5661 his
1626 5608 1713 5676 qui
1749 5607 1960 5664 oderunt
1987 5625 2093 5677 vos,
2124 5620 2172 5665 et

585 5706 724 5750 atate
746 5711 837 5767 pro
860 5696 935 5750 Itis
955 5697 1040 5767 qui
1062 5707 1422 5767 persequuntur
1446 5712 1531 5753 ros
1551 5694 1766 5767 (iluttlt.
1798 5713 1851 5765 ν,
1878 5700 1967 5770 44)
1987 5699 2011 5753 2
2034 5698 2170 5755 Ecce

643 5831 662 5866 ³
697 5828 885 5896 aliquot
907 5837 1032 5883 3153.:
1060 5829 1258 5895 ρυιιιείίο
1275 5838 1430 5885 autem
1454 5843 1546 5883 non
1568 5845 1711 5885 moao
1737 5846 1754 5884 :
1777 5840 1951 5895 tamen,
1978 5843 2071 5887 etc.

1819 387 1879 442 S.
1924 382 2288 440 ACGUSTiNl
2325 380 2626 439 EPISCOPI
3760 386 3854 461 868

2288 498 2706 566 persecutionem
2750 496 2968 566 pateris,
3002 509 3056 553 ct
3083 495 3350 553 maledicis
3378 499 3460 554 eis
3486 514 3514 548 τι
3554 498 3746 567 quibus
3771 516 3859 569 ιιι.

2283 587 2409 641 teris
2434 605 2447 641 :
2476 585 2745 656 quomodo
2795 588 3018 643 imitaris
3059 591 3333 658 passiones
3378 578 3736 657 pnttcetlcutes
3764 584 3861 643 llo-

2280 677 2409 732 miui
2465 678 2559 738 tui.
2616 678 2898 747 pendentis
2939 680 2990 734 in
3036 694 3216 741 cruce,
3269 690 3323 733 et
3363 680 3586 734 dicentis
3630 697 3646 735 :
3692 679 3856 743 Pater,

2280 771 2484 838 ignosce
2498 771 2621 833 illis,
2649 772 2769 839 quia
2794 771 3019 826 nesciunt
3043 772 3166 843 quid
3187 772 3378 837 ferirent
3403 772 3551 839 (Luc.
3573 788 3723 833 xxut.
3740 774 3862 831 3i)?

2279 859 2588 931 Reslmndet
2632 862 2755 917 talia
2783 861 3086 916 dicentibus
3130 874 3352 932 martyr.
3395 874 3448 917 ct
3477 863 3646 917 dicit:
3691 863 3863 915 Domi-

2281 968 2405 1006 num
2438 953 2565 1008 mihi
2600 952 2920 1025 preposuisti
2960 952 3246 1017 dicentem,
3283 953 3454 1017 Pater,
3500 955 3699 1025 ignosce
3743 955 3862 1022 illis,

2277 1044 2396 1107 quia
2421 1044 2648 1099 nesciunt
2691 1044 2815 1115 quid
2838 1045 3068 1117 faciunt;
3108 1055 3339 1115 agnosce
3363 1054 3416 1098 et
3447 1060 3629 1099 vocem
3669 1060 3858 1110 meam,

2277 1144 2337 1188 ut
2364 1135 2433 1191 sit
2456 1144 2510 1191 et
2540 1147 2649 1190 tua.
2691 1134 2827 1205 Quid
2853 1135 2995 1192 enim
3037 1135 3147 1192 dixi
3170 1136 3239 1191 de
3266 1136 3491 1192 inimicis
3511 1137 3688 1193 meis?
3731 1137 3861 1192 Coa-

2277 1226 2581 1296 fundantur,
2606 1236 2652 1281 et
2679 1236 3017 1281 rever-cantur.
3049 1225 3166 1282 Jam
3196 1227 3330 1282 facta
3370 1238 3454 1282 est
3480 1227 3601 1281 talis
3628 1227 3856 1283 vindicta

2276 1315 2342 1371 de
2372 1317 2602 1373 inimicis
2626 1327 2940 1387 martyrum.
2961 1316 3153 1372 Saulus
3180 1317 3268 1371 Ille
3289 1317 3379 1388 qui
3404 1315 3737 1385 Stephanum
3753 1333 3865 1387 pcr-

2275 1416 2491 1465 secutus
2516 1417 2619 1469 est.
2650 1407 2903 1465 confusus
2929 1416 3011 1464 est
3044 1416 3100 1464 et
3125 1408 3409 1464 reveritus.
3441 1407 3739 1464 Anhelabat
3764 1423 3865 1462 (οω-

2274 1501 2392 1567 des,
2449 1500 2725 1569 qumrcbat
2753 1515 2889 1571 quos
2932 1498 3227 1555 attrahcrct
3276 1506 3334 1555 et
3373 1507 3589 1571 necaret
3627 1514 3642 1553 :
3689 1497 3868 1554 audita

2218 1628 2231 1645 .
2273 1590 2505 1660 desuper
2533 1605 2684 1657 voce,
2708 1590 2886 1656 Saule,
2924 1588 3102 1655 Saule,
3128 1589 3252 1661 quid
3273 1606 3353 1644 me
3378 1588 3726 1660 persequeris!
3741 1603 3870 1644 con-

2277 1681 2423 1736 fusus
2453 1688 2507 1735 et
2528 1689 2829 1761 prostratus
2849 1691 2950 1748 est,
2973 1689 3028 1735 et
3062 1689 3273 1735 erectus
3299 1679 3367 1735 ad
3396 1678 3749 1735 obediendum
3768 1674 3865 1751 qui

2274 1770 2634 1825 inﬂammatus
2670 1777 2786 1827 erat
2824 1768 2890 1825 ad
2930 1768 3359 1841 persequendum
3403 1767 3539 1839 (Act.
3568 1783 3663 1837 vn,
3692 1769 3786 1835 57,
3816 1777 3867 1824 et

2254 1858 2350 1926 ιχ,
2381 1866 2433 1926 1.
2460 1862 2516 1926 4,
2535 1861 2612 1932 6).
2641 1859 2753 1917 lioc
2788 1874 2918 1933 ergo
2941 1869 3132 1931 optant
3158 1871 3419 1933 martyres
3442 1859 3673 1917 inimicis
3711 1860 3822 1917 suis
3846 1876 3866 1917 :

2272 1949 2683 2023 Confundantur,
2710 1960 2759 2006 et
2791 1962 3129 2009 revereantur.
3155 1952 3417 2021 Quamdiu
3443 1953 3585 2009 enim
3609 1967 3715 2011 non
3741 1968 3871 2009 cou-

2272 2039 2567 2098 i’nnduntur
2591 2047 2648 2098 et
2673 2054 3004 2109 reverentur,
3042 2058 3263 2100 necesse
3289 2052 3374 2101 est
3407 2044 3540 2100 laeta
3566 2059 3664 2101 sua
3688 2044 3873 2101 delen-

2272 2133 2399 2191 dant
2419 2149 2434 2198 ;
2456 2134 2675 2205 gloriosi
2701 2133 2801 2191 sibi
2831 2134 3099 2201 videntur,
3136 2135 3259 2205 quia
3288 2145 3491 2204 tenent,
3522 2135 3645 2208 quia
3682 2136 3868 2206 ligant,

2254 2224 2394 2297 ‘quia
2421 2225 2729 2291 verberant,
2766 2225 2887 2296 quia
2918 2225 3188 2289 occidunt,
3218 2226 3340 2297 quia
3371 2226 3586 2294 saltant,
3632 2229 3756 2299 quia
3785 2226 3865 2283 in-

2273 2317 2475 2373 sultant
2501 2334 2513 2371 :
2540 2316 2719 2393 dehis
2753 2316 3004 2373 omnibus
3034 2316 3188 2374 lactis
3207 2317 3494 2389 aliquando
3535 2314 3887 2392 conluntlan-'

2274 2418 2361 2463 tur
2380 2404 2408 2472 ,'
2459 2417 2514 2464 et
2568 2418 2932 2465 revereantur.
2987 2408 3045 2464 Si
3108 2408 3249 2463 enim
3317 2401 3747 2474 confundentur,
3816 2418 3872 2466 et

2272 2508 2684 2563 convertentur;
2708 2500 2829 2572 quia
2855 2501 3093 2556 converti
3116 2516 3221 2555 non
3248 2508 3490 2571 possunt,
3521 2501 3625 2557 nisi
3643 2502 3871 2556 confusi

2274 2589 2490 2654 iuerint,
2540 2599 2594 2645 et
2635 2589 2870 2647 rcveriti.
2900 2589 3158 2659 Optemus
3187 2606 3316 2663 ergo
3346 2590 3462 2647 ham
3494 2591 3740 2648 inimicis
3768 2606 3870 2646 uo-

2273 2680 2431 2745 stris;
2485 2680 2952 2751 securi'optemus.
2999 2680 3139 2737 Ecce
3194 2696 3296 2753 ego
3340 2679 3471 2748 dixi,
3505 2690 3560 2737 et
3595 2682 3871 2739 vobiscum

2271 2770 2498 2826 dixerim
2530 2785 2757 2827 :omnes
2785 2772 2874 2843 qui
2901 2770 3077 2829 adhuc
3097 2770 3297 2827 saltant
3338 2782 3393 2829 et
3420 2780 3642 2829 cantant
3674 2784 3732 2829 et
3786 2775 3873 2829 in-

2272 2861 2472 2917 sultant
2530 2861 2883 2936 Martyribus,
2937 2861 3360 2935 confundantur,
3411 2871 3461 2917 et
3514 2872 3874 2929 revereantur;

2270 2950 2558 3024 aliquando
2587 2952 2638 3007 in
2684 2952 2766 3008 his
2806 2950 3099 3025 parietibus
3145 2951 3371 3008 tundant
3401 2950 3610 3013 confusi
3650 2964 3870 3025 pectora

2270 3057 2387 3099 sua.
3626 3116 3631 3121 .
3676 3094 3739 3120 ιον

2341 3134 2397 3190 4.
2437 3131 2591 3208 [τετε.
2608 3121 2701 3207 1.]
2729 3136 3349 3201 Αυενιαιιιιιντειι-οηιιιη,
3382 3146 3431 3213 et
3457 3132 3755 3192 erubescant
3782 3137 3872 3209 qui

2271 3225 2491 3298 cogitant
2507 3223 2634 3279 mihi
2657 3225 2816 3279 mala.
2846 3225 3024 3281 Primo
3039 3224 3136 3281 iuit
3156 3225 3382 3296 impetus
3400 3228 3836 3297 persequentium
3856 3246 3873 3290 ;

2272 3315 2432 3372 modo
2455 3315 2713 3372 remansit
2730 3314 3101 3373 malevolentia
3116 3317 3477 3386 cogitantium.
3497 3315 3725 3373 Prorsus
3741 3309 3878 3372 teru-

2273 3422 2402 3479 pora
2426 3416 2552 3465 sunt
2578 3406 2630 3463 in
2661 3407 2897 3463 Ecclesia
2921 3406 3311 3479 persecutionis
3346 3407 3599 3464 distincta
3643 3422 3881 3479 sequen-

2272 3498 2344 3555 tia
2372 3498 2413 3555 ⁸.
2447 3498 2642 3558 Factus
2667 3508 2749 3553 est
2776 3497 3007 3569 impetus
3037 3498 3088 3553 in
3121 3498 3444 3565 Ecclesiam,
3476 3498 3692 3571 quando
3719 3515 3881 3571 reges

2272 3586 2731 3661 perscquebau‘tur
2763 3606 2777 3645 :
2806 3599 2860 3644 ct
2888 3589 3009 3662 quia
3037 3589 3278 3660 prtedicti
3310 3597 3467 3645 erant
3492 3605 3647 3662 reges
3674 3599 3731 3647 et
3751 3606 3884 3661 pcr-

2270 3680 2506 3738 secuturi
2554 3688 2612 3737 et
2656 3679 2937 3748 credituri,
2979 3680 3201 3751 impleto
3228 3695 3358 3747 uno,
3410 3680 3597 3753 utique
3638 3682 3879 3738 alterum

2271 3775 2615 3848 sequebatur.
2646 3774 2868 3830 Factum
2895 3782 2980 3830 est
3005 3784 3061 3831 et
3080 3773 3208 3829 illud
3224 3765 3366 3846 qu'od
3387 3786 3725 3847 consequens
3742 3776 3875 3839 fuit;

2271 3869 2613 3928 crediderunt
2636 3886 2810 3942 reges,
2833 3870 2954 3926 data
2977 3886 3075 3941 pax
3097 3879 3179 3927 est
3200 3871 3472 3938 Ecclesiae,
3492 3872 3655 3943 cmpit
3671 3889 3795 3929 esse
3822 3873 3877 3928 in

2272 3962 2503 4019 culmine
2531 3962 2805 4034 dignitatis
2837 3963 3098 4029 Ecclesia,
3120 3964 3279 4021 etiam
3317 3964 3368 4020 in
3392 3964 3493 4019 hac
3521 3974 3687 4031 terra,
3709 3966 3878 4023 etiam

2273 4054 2327 4112 in
2357 4054 2459 4112 hac
2483 4055 2590 4110 vita
2624 4073 2639 4109 :
2670 4054 2764 4111 sed
2802 4071 2908 4111 non
2946 4056 3096 4113 deest
3144 4056 3387 4113 fremitus
3433 4067 3876 4128 persecuturum;

2246 4147 2501 4222 impetus
2533 4164 2662 4204 suos
2700 4148 2765 4202 ad
2792 4150 3141 4220 cogitationes
3170 4159 3462 4207 verterunt.
3492 4148 3548 4205 in
3582 4150 3690 4205 illis
3716 4153 3873 4222 engi-

2276 4240 2563 4297 tationibus
2588 4248 2839 4313 tanquam
2880 4242 2931 4298 in
2964 4242 3159 4315 abysso
3179 4242 3371 4314 ligatus
3403 4255 3485 4299 cst
3526 4257 3544 4276 ⁸
3589 4244 3877 4306 diabolus:

2276 4330 2474 4399 fremit,
2502 4342 2557 4388 et
2580 4348 2683 4389 non
2711 4334 2964 4403 erumpit.
3000 4330 3207 4391 Dictum
3240 4345 3324 4392 est
3351 4337 3494 4392 enim
3522 4337 3591 4393 de
3620 4336 3709 4393 his
3731 4349 3877 4394 tem-

2276 4425 2495 4494 poribus
2537 4424 2831 4481 Ecclesim:
2869 4424 3108 4481 Pect'ator
3139 4428 3342 4493 videbit,
3392 4437 3441 4483 et
3485 4431 3756 4485 irascetur.
3813 4432 3881 4487 Et

2274 4516 2401 4586 quid
2451 4515 2643 4571 faciet?
2695 4516 2961 4588 Numquid
3005 4519 3147 4589 quod
3200 4519 3409 4590 primo?
3449 4502 3694 4586 Attrabe,
3740 4524 3881 4592 liga-

2222 4619 2229 4649 ῖ
2275 4616 2515 4675 percute.
2548 4606 2664 4662 Non
2692 4608 2816 4665 facit
2840 4608 2964 4664 hoc.
2988 4609 3124 4678 Quid
3152 4628 3278 4680 ergo
3293 4612 3319 4666 τ
3338 4610 3583 4666 Dentibus
3602 4617 3710 4670 suis
3730 4622 3877 4686 [rm-

2276 4693 2445 4759 dct,et
2471 4694 2685 4753 tabescet
2707 4695 2879 4771 (Psal.
2912 4714 3023 4761 cxr,
3054 4698 3165 4771 ill).
3202 4700 3267 4755 Et
3289 4701 3372 4756 his
3401 4710 3651 4773 tanquam
3682 4704 3881 4760 irasci-

2279 4797 2362 4842 tur
2386 4798 2620 4858 martyr;
2652 4798 2706 4845 et
2734 4800 2911 4844 tamen
2953 4805 3048 4859 pro
3075 4790 3159 4846 his
3187 4801 3310 4847 orat
3335 4804 3557 4865 martyr.
3590 4794 3885 4862 Quomodo

2276 4879 2418 4934 enim
2446 4878 2583 4937 bene
2618 4880 2821 4949 optavit
2868 4879 2971 4934 illis
3009 4880 3075 4936 de
3112 4882 3307 4953 quibus
3342 4882 3503 4947 dixit,
3531 4883 3879 4953 Confundet»

2278 4977 2390 5034 tur,
2443 4979 2492 5023 et
2550 4982 2871 5025 rever-cantur
2930 4972 3019 5042 qui
3085 4982 3317 5041 quierunt
3379 4975 3603 5028 cuiatem
3669 4994 3843 5031 meam
3863 4995 3883 5035 :

2276 5061 2354 5117 sic
2402 5068 2459 5117 et
2520 5074 2688 5125 nunc,
2743 5060 3051 5123 Avertantur
3094 5073 3405 5129 retrorsum,
3480 5075 3527 5119 et
3574 5066 3890 5121 erubescant

2276 5152 2372 5221 qui
2398 5152 2621 5224 cogitant
2658 5152 2784 5207 mihi
2818 5154 2975 5208 arata.
3007 5153 3222 5221 Quare?
3275 5154 3358 5212 Ut.
3390 5172 3493 5211 non
3541 5162 3885 5226 prtecedaut,

2279 5244 2372 5298 sed
2396 5254 2706 5316 sequantur.
2737 5244 2839 5314 Qui
2867 5246 3010 5302 enim
3043 5247 3385 5316 reprehendit
3408 5249 3758 5306 christianam
3794 5271 3901 5307 re—

2281 5332 2551 5405 ligionem,
2578 5346 2633 5391 ct
2657 5336 2882 5391 consilio
2912 5352 3010 5393 suc
3043 5337 3152 5392 vult
3188 5339 3385 5403 vivere,
3412 5341 3564 5411 quasi
3592 5357 3759 5412 prtect
3778 5340 3895 5399 de-

2343 5534 2469 5605 idsu:
2490 5532 2703 5605 metuaris
2725 5542 2853 5586 noue
2877 5543 2982 5605 3:53..
3002 5543 3054 5588 At
3070 5535 3205 5596 31.1.,
3227 5536 3278 5587 in
3302 5536 3527 5591 Ecclesia:
3548 5543 3903 5605 persecutia:

2277 5592 2517 5660 distutrta.
2541 5602 2747 5660 sequere
2768 5594 3032 5660 sequentia.

2343 5656 2361 5687 ⁸
2394 5664 2525 5727 tum,
2550 5668 2677 5727 tusco
2699 5656 2872 5727 ligatus
2894 5664 2979 5709 ea.
3007 5660 3171 5727 abest,
3187 5659 3337 5723 risco.
3362 5662 3424 5711 ab
3446 5669 3520 5727 Er,
3549 5671 3600 5727 et
3624 5664 3897 5727 picesque!

2277 5722 2405 5783 βεδε...
2428 5720 2515 5766 scd
2539 5718 2732 5783 quidam
2759 5719 2961 5783 habent.
2997 5718 3247 5783 relliquias
3287 5731 3356 5776 est
3395 5738 3413 5775 :
3456 5718 3687 5776 aliudititr
3712 5718 3901 5780 hic'ad

2278 5777 2767 5848 illiutnjxnailyrsms
2789 5779 2867 5837 '30,
2892 5780 2922 5829 ἒ
2946 5788 2959 5822 ε
2988 5789 3039 5833 Et
3066 5777 3228 5847 litjm'it
3254 5797 3361 5834 eum
3377 5796 3468 5846 per
3489 5800 3635 5837 anno:
3658 5790 3812 5848 nulla,
3832 5777 3901 5841 ei

2283 5845 2409 5889 nunt
2430 5852 2539 5890 curn
2562 5845 2611 5890 tu
2635 5848 2875 5904 arguunt,
2900 5855 2996 5893 etc.
