3990 6314
208 336 313 393 869

200 444 403 503 revnit
426 443 737 508 Christum;
773 452 826 495 ut
856 442 944 497 ille
972 442 1218 495 videlicet
1256 442 1532 500 erraverit,
1568 452 1619 491 et
1657 440 1805 493 iuva-

202 540 344 593 luitis
387 539 737 605 infirmusque
783 534 961 599 fuerit,
1008 537 1097 603 qui
1127 534 1213 587 vel
1244 533 1472 586 voluerit
1519 534 1625 601 pati
1666 533 1804 587 inter

200 643 395 682 manus
440 628 774 690 .ludteorum,
804 625 885 679 vel
914 625 1148 693 potuerit
1174 642 1186 676 :
1230 623 1318 677 ille
1349 631 1525 676 autem
1550 622 1804 676 cordatus

198 721 273 775 sit
327 735 528 776 caxeus
567 721 662 773 ista
690 719 890 783 omnia,
937 718 1213 771 declinans
1244 726 1493 781 mortem,
1538 718 1804 771 mentiens

200 814 366 865 etiam
397 812 576 879 inique
609 825 674 863 ne
715 810 991 871 moriatur,
1018 808 1342 862 interficiens
1378 808 1611 861 animam
1652 822 1802 861 suam

196 913 260 955 ut
290 902 434 957 vivat
458 902 705 971 corpore,
735 901 911 969 magni
939 900 1149 954 eunsilii
1179 888 1562 970 prudentisque
1587 900 1689 953 sibi
1722 902 1801 953 vi-

198 993 378 1047 detur.
415 992 677 1047 Prtet-edit
705 990 1103 1061 reprehendens
1124 990 1394 1044 Christum
1422 1006 1436 1055 ;
1460 991 1619 1045 veluti
1648 1002 1803 1045 ante-

198 1084 349 1137 cedit
393 1083 702 1138 Christum:
740 1083 928 1137 credat
981 1082 1033 1135 iu
1084 1079 1395 1146 Christum,
1443 1090 1496 1135 et
1550 1094 1804 1151 sequatur

197 1175 496 1229 Christum.
521 1173 653 1228 Nam
674 1172 814 1243 quod
831 1181 1069 1242 optatura
1091 1180 1173 1225 est
1192 1172 1351 1225 modo
1375 1173 1804 1242 persecutoribus

194 1266 560 1335 Cogitantibus
606 1264 768 1330 mala,
818 1263 952 1317 dixit
1001 1262 1103 1316 hoc
1152 1261 1266 1332 ipse
1327 1263 1582 1315 Dominus
1622 1262 1800 1316 Petro.

199 1354 521 1412 Prtecedere
548 1355 744 1425 quippe
779 1353 1009 1423 quodam
1050 1353 1175 1406 loco
1202 1353 1392 1407 Petrus
1424 1353 1587 1406 voluit
1620 1352 1801 1405 Durni-

198 1467 358 1505 num.
411 1450 752 1519 Loquebatur
798 1447 940 1501 enim
995 1432 1243 1501 safvator
1289 1446 1358 1499 de
1414 1446 1657 1514 passione
1682 1460 1797 1511 sua,

196 1558 364 1613 quam
396 1543 438 1596 si
469 1557 572 1595 non
605 1539 953 1610 suscepisset,
989 1553 1088 1592 nos
1125 1538 1254 1592 salvi
1289 1553 1391 1591 non
1427 1553 1704 1601 essemus;
1748 1550 1802 1591 et

198 1633 396 1687 l‘etrus
454 1631 541 1700 qui
591 1631 757 1700 paulo
796 1641 920 1685 ante
963 1645 1083 1684 eum
1131 1628 1411 1683 confessus
1450 1639 1567 1683 crat
1607 1629 1797 1683 Filium

198 1726 320 1788 Dei,
351 1734 405 1779 ct
434 1724 590 1778 iuilla
620 1724 961 1778 confessione
992 1722 1417 1794 appellatuserat
1442 1721 1798 1791 Petra,supra

194 1832 360 1887 quam
383 1814 730 1870 labricaretur
746 1813 1009 1881 Ecclesia,
1031 1813 1187 1882 paulo
1205 1821 1323 1881 post
1344 1812 1569 1866 Domino
1590 1812 1799 1866 dicente

195 1910 267 1964 de
292 1908 463 1963 futura
494 1909 741 1979 passione
769 1922 890 1971 sna,
915 1907 989 1960 ait
1020 1905 1217 1970 :Absit,
1248 1904 1501 1971 Domine;
1549 1906 1798 1975 propitius

195 2012 305 2055 esto
332 2000 441 2062 tibi,
476 2016 575 2053 non
603 2000 688 2067 ﬁet
713 1998 869 2053 istud.
902 1998 1067 2052 Paulo
1114 2007 1259 2063 ante,
1292 1995 1479 2051 Beatus
1506 2016 1577 2057 es.
1617 1998 1797 2053 Simon

196 2090 306 2145 Bar
351 2090 512 2157 Iona,
541 2091 659 2163 quia
706 2106 805 2142 non
847 2088 934 2141 tibi
972 2089 1207 2143 reuelauit
1234 2104 1352 2142 caro
1377 2099 1424 2142 et
1451 2089 1677 2158 sanguis,
1706 2088 1797 2142 scd

196 2183 361 2237 I’ater
390 2199 526 2236 meus
555 2181 640 2253 qui
665 2182 717 2235 in
744 2180 880 2235 caelis
900 2189 972 2233 est
997 2195 1017 2234 :
1039 2180 1200 2235 modo
1230 2190 1453 2249 repente
1474 2223 1489 2244 ,
1525 2180 1652 2234 Redi
1684 2188 1796 2249 post

194 2291 299 2341 me,
320 2274 532 2332 Satana.
588 2272 724 2340 Quid
782 2282 885 2335 est,
935 2271 1065 2326 Redi
1111 2280 1222 2341 post
1265 2273 1388 2325 me?
1426 2272 1661 2341 Sequere
1689 2287 1793 2326 me.

197 2367 519 2423 Prmcedere
588 2380 674 2419 me
747 2364 860 2428 vis,
928 2364 1208 2418 consilium
1284 2363 1413 2418 mihi
1487 2364 1615 2417 dare
1683 2364 1793 2428 vis;

196 2459 394 2513 melius
432 2467 512 2513 est
557 2463 616 2511 u't
658 2456 941 2511 consilium
995 2471 1170 2510 meum
1220 2455 1503 2527 sequaris:
1558 2456 1658 2510 hoc
1684 2465 1786 2518 est.

198 2551 334 2605 ltedi
375 2559 548 2615 retro,
608 2548 724 2603 redi
784 2559 904 2620 post
959 2564 1063 2603 me.
1114 2546 1534 2601 Antecedcntem
1580 2562 1798 2617 compe-

196 2643 337 2708 scit,
391 2656 447 2695 ut
494 2651 640 2695 retro
698 2639 915 2703 redeat;
969 2648 1025 2693 et
1065 2638 1301 2710 appellat
1330 2638 1622 2703 Satanam,
1674 2638 1795 2708 quia

164 2734 316 2786 ,vult
376 2730 682 2802 praecedere
744 2729 1049 2784 Dominum.
1109 2728 1275 2783 Paulo
1338 2739 1501 2791 ante,
1562 2726 1797 2782 Beatus:

194 2826 393 2891 modo,
446 2824 693 2881 Satanas.
731 2823 881 2880 Unde
936 2822 1094 2893 paulo
1140 2831 1305 2887 ante,
1358 2819 1599 2876 Beatus?
1664 2820 1797 2890 Quia

195 2936 302 2973 non
358 2918 467 2984 tibi,
525 2919 712 2989 inquit.
742 2916 977 2969 revelavit
1022 2931 1145 2968 caro
1186 2924 1231 2967 et
1274 2915 1503 2985 sanguis,
1556 2914 1645 2966 sed
1692 2911 1799 2967 Pa-

204 3021 282 3065 ter
303 3028 442 3064 meus
462 3012 545 3081 qui
567 3011 620 3063 in
664 3008 802 3063 uelis
838 3018 929 3061 est.
959 3007 1112 3063 [inde
1160 3006 1340 3070 modo,
1374 3004 1637 3061 Satanas?
1666 3005 1797 3073 Quia

193 3118 299 3155 non
327 3103 485 3171 sapis,
514 3102 702 3171 inquit,
728 3116 842 3171 qua:
870 3099 965 3153 Dei
993 3108 1129 3163 sunt,
1162 3098 1250 3152 sed
1268 3114 1382 3167 qute
1405 3108 1521 3152 sunt
1539 3098 1798 3153 hominum

193 3196 409 3266 (Matth.
444 3211 553 3259 xvi,
587 3195 790 3263 16-23).
815 3193 914 3261 Qui
943 3207 1069 3260 ergo
1096 3192 1340 3246 volumus
1361 3199 1505 3246 recte
1525 3191 1800 3247 celebrare

194 3289 438 3344 iiatalitia
464 3298 779 3359 martyrum,
803 3285 1176 3340 desideremus
1212 3284 1563 3340 imitationem
1601 3294 1799 3359 marty.

192 3398 313 3437 rum
339 3397 441 3445 ;ne
470 3381 693 3436 velimus
717 3378 1024 3449 prmcedere
1043 3388 1327 3448 martyres,
1345 3384 1397 3432 et
1413 3377 1651 3433 melioris
1671 3392 1799 3432 con-

190 3475 297 3530 silii
321 3474 475 3528 nobis
517 3472 685 3528 videri
724 3486 878 3536 esse,
911 3471 1032 3542 quia
1063 3471 1325 3524 evitamus
1369 3472 1644 3539 passiones
1700 3487 1818 3540 pro-

190 3566 397 3636 justitia
440 3573 496 3618 et
522 3580 619 3635 pro
654 3562 777 3619 fide.
820 3578 953 3633 quas
998 3561 1070 3615 illi
1126 3576 1232 3615 non
1275 3561 1627 3617 evitaverant.
1656 3560 1800 3632 Ergo

194 3658 273 3713 illi
318 3656 410 3729 qui
450 3656 688 3727 Cogitant
740 3655 899 3720 mala,
952 3654 1090 3708 etin
1134 3652 1340 3707 luxuria
1372 3652 1611 3709 nutriunt
1636 3654 1800 3709 corda

190 3761 315 3813 sua,
362 3745 653 3800 avertantur
696 3754 989 3809 retrorsum,
1034 3753 1080 3797 et
1110 3742 1420 3797 erubescant.
1455 3744 1688 3798 Audiant
1732 3745 1800 3797 ab

194 3839 460 3908 Apostolo
483 3848 665 3908 postea
692 3838 905 3892 dicente
926 3854 937 3889 :
964 3836 1120 3902 Quem
1135 3846 1302 3889 autem
1322 3835 1538 3904 fructum
1558 3835 1801 3889 habuistis

191 3931 471 4000 aliquando
496 3931 549 3986 in
574 3930 752 3999 quibus
782 3945 914 3983 nunc
938 3928 1225 3983 erubescitis
1251 3925 1426 3993 (Rom.
1455 3941 1529 3988 vt.
1558 3928 1695 3997 2i)?

267 4027 322 4079 5.
356 4023 493 4091 Quid
517 4022 800 4093 sequitur?
823 4022 1127 4075 Avertantur
1152 4021 1324 4073 statim
1348 4020 1688 4073 erubescentes
1716 4020 1801 4088 qui

194 4118 372 4171 dicunt
393 4115 516 4169 mihi
548 4130 565 4168 :
595 4112 760 4185 Euge,
790 4129 915 4183 euge
969 4111 1082 4166 Duo
1117 4119 1456 4180 suntgencra
1492 4119 1798 4178 persecuta.

193 4224 345 4272 rum;
377 4206 812 4276 vituperantium,
853 4216 908 4258 et
935 4200 1433 4256 adulantium.Plus
1469 4204 1803 4272 persequitur

195 4299 371 4369 lingua
415 4296 730 4361 adulatoris,
772 4310 927 4365 quam
961 4306 1150 4347 manus
1180 4291 1571 4355 interfectoris;
1602 4308 1721 4363 nam
1749 4302 1801 4347 et

194 4394 367 4464 ipsam
388 4390 656 4446 caminum
687 4389 820 4442 dixit
845 4386 1143 4455 Scriptura.
1174 4385 1334 4440 Certe
1361 4400 1483 4438 cum
1524 4384 1592 4438 de
1615 4400 1800 4454 perse-

196 4485 413 4539 cutione
439 4482 745 4552 loqueretur
776 4477 1087 4547 Scriptura,
1118 4476 1252 4531 dixit
1285 4493 1298 4528 :
1332 4474 1595 4546 Tanquam
1621 4492 1802 4529 autum

195 4578 250 4631 in
284 4576 490 4642 fornace
530 4571 755 4641 probavit
780 4572 917 4634 illos,
952 4571 1019 4625 de
1050 4567 1374 4641 martyribus
1411 4569 1724 4632 ititerfeCtis,
1754 4580 1802 4622 et

195 4670 325 4726 sicut
370 4665 652 4721 holocausti
703 4664 919 4718 hostiam
951 4663 967 4694 ¹
1008 4662 1198 4732 accepit
1250 4661 1365 4715 illos
1400 4659 1555 4732 (Sap.
1594 4676 1669 4724 Ill,
1720 4660 1799 4731 6).

199 4760 338 4818 Audi
378 4759 501 4831 quia
528 4768 583 4815 et
626 4758 802 4827 lingua
853 4754 1185 4808 adulantium
1220 4754 1340 4808 talis
1372 4763 1453 4808 est
1488 4771 1500 4807 :
1532 4751 1796 4817 Probmio,

200 4854 396 4924 inquit,
429 4854 621 4921 argenti
648 4859 695 4904 et
712 4850 825 4902 auri
856 4848 985 4919 ignis
1012 4863 1027 4909 ;
1058 4847 1133 4901 vir
1156 4857 1327 4901 autem
1352 4847 1595 4916 probatur
1630 4863 1717 4913 per
1746 4862 1829 4899 os'

199 4944 522 4999 laudantium
548 4957 661 4994 eum
694 4938 874 5011 (Prov.
916 4953 1081 5001 xxvu,
1104 4935 1219 5010 2t).
1252 4935 1392 5006 ignis
1433 4937 1540 5001 ille,
1586 4936 1720 5008 ignis
1750 4926 1803 4991 et

199 5030 337 5095 ista;
388 5033 457 5088 de
486 5040 710 5101 utroque
744 5039 794 5085 te
837 5028 1045 5083 salvum
1086 5036 1299 5098 oportet
1324 5028 1491 5082 exire.
1525 5026 1703 5097 Fregit
1751 5036 1803 5083 to

201 5125 584 5198 reprehensor,
640 5122 841 5179 fractus
893 5122 993 5177 es'
1043 5122 1094 5175 in
1148 5119 1367 5175 fornace
1406 5130 1657 5189 tanquam
1709 5133 1803 5173 vas

203 5219 386 5277 fictile.
413 5218 685 5274 Formavit
708 5226 759 5272 te
780 5217 1023 5279 verbum,
1059 5214 1286 5270 etvenit
1322 5213 1545 5269 tentatio
1585 5213 1803 5267 tribula-

203 5315 363 5368 tionis
386 5330 399 5366 :
422 5311 551 5367 illud
579 5310 720 5382 quod
753 5309 1036 5365 formatum
1059 5316 1162 5366 est.
1193 5314 1403 5376 oportet
1428 5314 1485 5359 ut
1509 5314 1798 5375 coquatur;

202 5407 245 5460 si
270 5407 405 5461 bene
427 5404 710 5460 formatum
729 5411 831 5467 est,
858 5398 1062 5456 accedit
1082 5398 1219 5470 ignis
1241 5407 1295 5452 ut
1323 5398 1513 5453 tirmct.
1542 5396 1692 5453 Unde
1714 5397 1803 5453 ille

266 5562 285 5592 ⁸
320 5559 484 5609 Proba:
508 5564 636 5607 noue
660 5562 788 5613 Mss,
827 5553 1155 5603 holocaustum
1192 5550 1395 5613 hostitnn
1424 5565 1440 5599 :
1469 5550 1551 5600 Alii
1581 5551 1801 5613 quidam.

202 5622 476 5672 holocausta
512 5616 730 5669 bestiam.
758 5611 901 5679 Porro
937 5616 1064 5679 apud
1105 5621 1213 5663 LXX
1261 5611 1459 5677 legitur,
1495 5612 1803 5676 ololtarpc'ma

201 5683 402 5745 unum,
427 5680 753 5745 holocaustum
776 5677 980 5728 hostiqu
1144 5736 1155 5745 _
1215 5738 1223 5745 _
1266 5734 1285 5745 Δ
1679 5734 1688 5744 ,

265 5748 285 5777 ι
320 5734 508 5805 Aliquot
525 5748 657 5800 Mss,
675 5742 831 5804 [artus
854 5752 903 5791 es
929 5750 945 5787 :
972 5747 1023 5790 et
1047 5736 1189 5800 paulo
1215 5734 1353 5798 intra,
1379 5735 1565 5788 accedit
1589 5734 1729 5801 ignis,
1759 5742 1805 5787 rt

194 5804 382 5866 ﬁrmat.

1324 326 1721 385 EN.\RR\TI()
1750 326 1812 381 IN
1854 326 2182 386 PSAMIUM
2222 330 2412 387 LXIX.

3413 346 3510 398 8⁸78

1919 440 2129 494 dicebat
2153 442 2202 494 in
2228 447 2472 511 passione
2509 465 2521 498 :
2550 447 2695 502 Aruit
2714 450 2841 504 sicut
2865 460 2989 506 testa
3006 452 3163 507 virtus
3195 472 3304 508 mea
3337 456 3507 525 (l'sal.

1916 547 2023 590 ut.
2056 533 2162 592 lli).
2192 532 2376 586 Passio
2404 537 2601 606 quippe
2635 546 2689 592 et
2712 541 2956 595 caminus
2984 544 3341 598 tribulationis
3372 547 3529 601 fecer

1914 634 1995 678 rat
2024 623 2321 679 fortiorem.
2349 627 2554 682 Rursus
2580 631 2625 684 sl
2653 630 2884 687 lauderis
2904 635 2971 688 ab
2996 636 3336 692 adulantibus
3355 649 3507 693 etas-

1912 717 2267 783 sentantibus,
2313 728 2367 773 et
2419 722 2672 776 annueris
2721 724 2820 787 eis,
2862 727 3023 780 veluti
3078 745 3263 785 etnens
3303 734 3507 795 oleum,

1913 822 2017 857 non
2042 818 2214 861 tecum
2250 818 2487 878 portans,
2520 813 2913 884 sientquiuqne
2940 818 3171 887 virgines
3197 821 3512 888 insipientes

1912 898 2126 968 (Matth.
2162 918 2288 967 xxv,
2319 904 2373 972 3)
2403 920 2416 969 ;
2450 905 2554 959 erit
2587 907 2831 960 caminus
2857 909 3102 963 fractura:
3129 922 3232 964 tum
3258 914 3419 965 etiam
3448 929 3512 967 os

1910 990 2243 1047 laudantium
2274 1004 2343 1047 te.
2388 993 2494 1049 Sed
2521 995 2637 1050 sine
2666 996 2749 1052 his
2789 1014 2894 1052 non
2922 1015 3204 1068 possumus
3230 1018 3245 1066 ;
3290 1018 3513 1058 necesse

1909 1094 1991 1137 est
2019 1095 2070 1137 ut
2096 1086 2426 1140 etintremus
2446 1086 2495 1140 in
2526 1084 2660 1151 hinc,
2685 1098 2739 1143 et
2766 1105 3021 1143 exeamus
3052 1091 3175 1147 inde
3208 1111 3220 1145 :
3253 1094 3514 1148 intremus

1910 1173 1961 1226 in
1990 1175 2433 1243 vituperationem
2460 1176 2692 1246 aliquam
2724 1180 2986 1234 malorum
3024 1192 3078 1236 et
3120 1184 3509 1252 improborum,

1909 1266 2173 1320 intremus
2201 1278 2255 1320 et
2304 1268 2354 1321 in
2386 1272 2806 1325 assentationem
2855 1272 3085 1340 aliquam
3131 1275 3504 1336 adulatorum;

1907 1357 2003 1410 sed
2027 1358 2175 1411 exire
2200 1359 2323 1413 inde
2350 1376 2484 1429 opus
2514 1372 2611 1416 est.
2646 1362 2913 1432 Rogemus
2943 1381 3062 1417 eum
3087 1366 3155 1419 de
3181 1368 3507 1436 quodictum

1905 1457 2010 1516 cst,
2041 1449 2306 1504 Custodiat
2337 1450 2580 1506 Dominus
2608 1454 2867 1508 introitum
2894 1468 3034 1508 tuum
3063 1467 3108 1511 et
3145 1458 3336 1510 exitum
3363 1468 3506 1510 tuum

1911 1538 2083 1612 (Psal.
2112 1558 2237 1607 cxx,
2268 1540 2355 1616 8);
2383 1551 2440 1597 ut
2479 1545 2684 1598 intrans
2722 1546 2949 1615 integer,
2986 1548 3065 1599 sic
3089 1562 3250 1601 exeas
3275 1549 3501 1617 integer.

1907 1634 1995 1688 Ait
2013 1635 2156 1688 enim
2184 1644 2239 1689 et
2266 1636 2553 1705 Apostolus
2578 1652 2591 1689 :
2627 1635 2820 1689 Fidelis
2848 1647 2920 1690 est
2949 1636 3105 1700 Deus,
3137 1638 3221 1707 qui
3267 1656 3366 1691 non
3415 1656 3505 1692 vos

1903 1728 2035 1782 sinat
2053 1727 2237 1781 tentari
2251 1745 2406 1797 supra
2421 1745 2573 1799 quam
2594 1730 2818 1798 potestis.
2840 1731 2978 1784 Ecce
2996 1730 3160 1784 habes
3183 1731 3501 1799 ingressum.

1904 1818 2019 1873 Non
2041 1818 2197 1885 dixit,
2224 1817 2339 1873 Non
2369 1819 2687 1874 tentcmini:
2712 1822 2800 1889 qui
2826 1822 2970 1875 enim
2997 1837 3100 1876 non
3131 1830 3366 1876 tentatur
3398 1838 3503 1877 non

1904 1908 2193 1977 probatur;
2238 1916 2292 1963 et
2339 1909 2430 1978 qui
2474 1924 2579 1963 non
2626 1910 2901 1979 probatur,
2956 1927 3060 1965 non
3107 1911 3337 1979 proﬁcit.
3365 1914 3503 1981 Quid

1902 2014 2032 2071 ergo
2054 1999 2302 2067 optavit?
2330 1998 2524 2054 Fidelis
2568 1999 2729 2063 Deus,
2757 2002 2841 2070 qui
2878 2017 2979 2055 non
3013 2017 3108 2055 vos
3154 2002 3287 2056 sinat
3320 2004 3504 2056 tentari

1900 2110 2056 2164 supra
2074 2109 2227 2163 quam
2259 2093 2487 2160 potestis.
2519 2092 2730 2145 Audisti
2780 2096 3117 2163 ingressurus;
3170 2093 3294 2146 audi
3330 2103 3384 2147 et
3410 2110 3505 2147 ex-

1902 2184 2031 2238 itum
2066 2201 2082 2238 :
2109 2182 2216 2239 Sed
2236 2183 2387 2253 faciet
2400 2201 2514 2236 cum
2532 2185 2803 2238 (eruatione
2821 2186 2970 2237 etiam
2998 2186 3208 2250 exitum,
3226 2196 3279 2237 ut
3300 2186 3504 2253 possitis

1901 2275 2117 2329 tolerare
2167 2273 2210 2339 (Ι
2236 2272 2357 2328 Cor.
2404 2290 2460 2339 ι,
2508 2274 2622 2343 15).
2648 2274 2789 2345 Ergo
2809 2283 2862 2329 et
2894 2274 2967 2329 illi
2994 2284 3285 2328 avertantur
3330 2276 3502 2328 statim

1900 2368 2241 2421 erubescentes
2265 2367 2351 2434 qui
2383 2367 2556 2419 dicunt
2581 2367 2707 2420 mihi
2732 2381 2753 2422 :
2779 2366 2950 2437 Euge,
2978 2383 3122 2438 euge.
3151 2367 3327 2433 Quare
3354 2369 3499 2420 enim

1899 2472 1987 2512 me
2016 2456 2269 2512 laudant?
2310 2455 2553 2511 Laudent
2580 2456 2767 2511 Deum.
2798 2456 2932 2523 Quis
2974 2457 3117 2512 enim
3141 2471 3240 2527 ego
3265 2472 3404 2521 sum,
3443 2465 3501 2510 ut

1899 2548 2085 2604 lauder
2114 2548 2167 2601 in
2194 2548 2313 2603 me?
2341 2557 2432 2602 aut
2458 2547 2581 2619 quid
2606 2563 2707 2618 ego
2732 2548 2869 2602 feci?
2888 2547 3013 2618 quid
3033 2547 3205 2601 habeo
3226 2548 3367 2619 quod
3392 2564 3499 2602 non

1900 2642 2117 2711 accepi?
2155 2641 2217 2696 Si
2237 2641 2505 2712 accepisti,
2535 2643 2724 2712 inquit,
2773 2642 2897 2712 quid
2946 2643 3183 2717 gloriaris
3212 2646 3355 2713 quasi
3398 2660 3501 2696 non

1901 2734 2152 2804 acceperis
2179 2732 2296 2804 (Id.
2325 2749 2396 2799 tv,
2428 2732 2522 2804 7)?
2540 2733 2843 2787 Avertantur
2867 2748 2995 2803 ergo
3023 2735 3191 2788 statim
3212 2734 3503 2788 erubescen-

1902 2835 1975 2878 tes
2020 2826 2107 2895 qui
2141 2825 2318 2880 dicunt
2360 2825 2720 2897 mihi:Euge,
2776 2842 2919 2897 euge.
2973 2827 3087 2881 Tali
3136 2828 3257 2881 oleo
3308 2828 3503 2897 pinguo

1903 2915 2103 2972 factum
2126 2927 2208 2973 est
2232 2929 2393 2989 caput
2419 2919 2794 2973 hzereticor'um
2819 2919 2992 2988 (Psal.
3025 2935 3148 2985 CIL,
3172 2920 3250 2989 ὅ),
3275 2935 3396 2975 cum
3421 2922 3503 2975 di-

1902 3016 2053 3072 cunt,
2079 3008 2194 3078 Ego
2220 3026 2359 3073 sum,
2383 3026 2483 3081 ego
2504 3025 2645 3075 sum,
2668 3021 2719 3065 et
2741 3010 2940 3065 dicitur
2968 3012 3072 3064 illis
3096 3010 3229 3075 :Tu,
3253 3012 3500 3066 Domine.

1903 3105 2244 3172 Acceperunt
2271 3102 2433 3174 Euge,
2457 3118 2614 3173 euge;
2641 3104 2808 3157 secuti
2838 3113 2963 3158 sunt
2997 3102 3156 3173 Euge,
3186 3121 3307 3174 euge
3339 3118 3358 3157 :
3380 3102 3503 3159 facti

1901 3205 2029 3251 sunt
2051 3197 2215 3252 duces
2239 3197 2365 3251 caeci
2396 3211 2660 3249 εςηοοτδιῐη
2682 3195 3016 3263 sequentium
3040 3193 3253 3261 (Matth.
3282 3212 3363 3256 av,
3388 3196 3505 3263 Η).

1903 3287 2275 3359 Apertissimis
2305 3285 2523 3341 vocibus
2562 3286 2766 3339 Donato
2795 3285 3045 3339 dicuntur
3070 3286 3170 3339 ista
3194 3295 3402 3339 cantata
3434 3288 3447 3316 ¹
3484 3303 3499 3339 ;

1906 3378 2072 3451 Euge,
2100 3395 2241 3451 euge,
2261 3377 2367 3434 dux
2400 3378 2558 3443 bone,
2583 3376 2687 3431 dux
2710 3377 2986 3447 prmclare.
3011 3376 3078 3429 Et
3105 3393 3211 3430 non
3233 3376 3366 3429 dixit
3388 3376 3499 3438 ille,

1907 3472 2211 3527 Avertantur
2236 3471 2427 3536 statim,
2460 3479 2505 3523 ct
2526 3470 2817 3523 erubescant
2838 3470 2925 3539 qui
2952 3470 3127 3523 dicunt
3150 3472 3271 3523 mihi
3294 3486 3311 3523 :
3334 3468 3501 3539 Euge,

1904 3579 2065 3633 euge;
2092 3578 2194 3618 nec
2239 3578 2332 3618 eos
2359 3563 2626 3631 corrigere
2646 3562 2834 3625 voluit,
2861 3572 2917 3615 ut
2958 3559 3173 3615 Christo
3214 3561 3456 3616 dicerent
3488 3579 3502 3615 :

1909 3654 2019 3707 Dux
2050 3654 2209 3719 bone,
2254 3652 2360 3707 dux
2382 3653 2657 3723 prteclare.
2694 3654 2762 3706 At
2784 3667 2910 3705 vero
2936 3652 3220 3720 Apostolus
3260 3652 3503 3706 reformi-

1904 3744 2041 3797 dans
2074 3744 2213 3815 Euge
2255 3744 2559 3807 hominum,
2594 3753 2651 3796 ut
2688 3759 2811 3797 vere
2840 3743 3147 3797 laudaretur
3179 3745 3229 3797 in
3267 3742 3505 3809 Christo,

1905 3837 2077 3890 noluit
2106 3850 2165 3889 se
2201 3836 2400 3888 laudari
2430 3850 2525 3902 pro
2553 3833 2802 3895 Christo;
2851 3833 3259 3901 dicentibnsque
3284 3835 3503 3902 quibus.

1906 3904 2058 3990 dant,
2083 3924 2193 3995 Ego
2214 3942 2326 3977 sum
2360 3924 2535 3986 Pauli,
2587 3924 2867 3993 reSpondit
2908 3925 2958 3975 in
2994 3924 3235 3976 libertate
3275 3925 3506 3984 llotinui,

1915 4015 2184 4085 Numquid
2214 4016 2408 4068 Paulus
2436 4016 2709 4082 cruciﬁxus
2730 4024 2802 4067 est
2831 4031 2921 4081 pro
2944 4015 3122 4067 vobis?
3150 4025 3237 4067 aut
3262 4017 3311 4067 in
3339 4019 3506 4069 nomi-

1907 4126 1970 4162 ne
1994 4107 2151 4161 Pauli
2181 4108 2421 4177 baptizuti
2445 4108 2563 4159 estis
2596 4106 2773 4177 (lCor.
2801 4100 2847 4169 I,‘
2879 4106 2965 4171 l2,
3010 4107 3138 4177 l3)?
3166 4107 3305 4175 Ergo
3331 4108 3511 4161 dicunt

1909 4212 2171 4271 martyres
2198 4199 2249 4252 in
2281 4199 2655 4267 persecutione
2678 4199 2837 4251 etiam
2860 4196 3214 4260 adulantium,
3258 4197 3509 4250 Avertan-

1907 4303 1991 4345 tur
2004 4292 2173 4343 statim
2199 4290 2540 4343 erubescentes
2568 4290 2654 4358 qui
2684 4290 2857 4341 dicunt
2885 4288 3007 4341 mihi
3036 4304 3054 4341 .'
3083 4288 3248 4357 Euge,
3276 4305 3419 4359 euge.

1979 4382 2029 4435 (ἶ.
2089 4379 2252 4450 [vers.
2285 4378 2375 4450 5.]
2419 4380 2481 4433 Et
2505 4378 2631 4448 quid
2680 4379 2735 4431 fit
2759 4418 2775 4443 ,
2807 4394 2930 4433 cum
2960 4379 3036 4432 illi
3077 4389 3389 4433 avertuntur
3413 4421 3427 4442 ,
3451 4389 3506 4433 ct

1906 4475 2228 4529 erubescunt
2248 4487 2468 4535 omnes;
2498 4472 2614 4526 sive
2651 4472 2738 4542 qui
2765 4480 3012 4541 quarunt
3044 4472 3275 4525 animam
3298 4489 3467 4525 meam
3490 4516 3505 4535 ,

1907 4568 2019 4621 sive
2048 4566 2135 4635 qui
2167 4565 2401 4633 cogitant
2445 4563 2572 4617 mihi
2606 4564 2739 4615 mala
2766 4605 2781 4627 ,
2810 4564 2922 4617 sive
2949 4566 3036 4632 qui
3071 4579 3315 4632 perversa
3347 4574 3399 4618 ct
3430 4565 3506 4617 εἰς
3580 4568 3587 4575 ’

1908 4658 2104 4711 mutata
2157 4655 2574 4717 benevolentia,
2618 4655 2793 4723 lingua
2846 4655 3031 4708 volunt
3079 4655 3321 4709 emollire
3364 4655 3506 4724 quod

1910 4750 2134 4812 feriant;
2166 4764 2287 4803 cum
2321 4747 2516 4801 fuerint
2543 4757 2598 4801 et
2645 4746 2743 4815 ipsi
2792 4745 2965 4800 aversi
3010 4754 3064 4801 et
3108 4746 3313 4800 (eat‘usi
3340 4789 3352 4805 .
3382 4746 3508 4815 quid

1911 4844 2039 4895 fiet?
2071 4839 2358 4900 Exsullent.
2392 4850 2437 4891 et
2458 4840 2806 4907 jucundentur
2835 4838 2886 4890 in
2918 4849 2965 4890 te
2988 4855 3006 4892 :
3043 4855 3146 4892 non
3177 4839 3227 4892 in
3260 4854 3366 4902 me,
3402 4854 3508 4892 non

1909 4936 1961 4988 in
1990 4934 2112 4997 illo,
2144 4942 2234 4985 aut
2264 4932 2315 4984 in
2349 4932 2465 4991 illo;
2499 4930 2593 4984 sed
2624 4936 2675 4984 in
2707 4946 2812 4999 quo
2841 4929 2961 4983 facti
2998 4941 3121 4983 sunt
3154 4932 3239 4984 lux
3271 4932 3361 5001 qui
3394 4930 3509 4984 fue-

1908 5037 2030 5083 runt
2060 5024 2316 5079 tenebras.
2353 5022 2619 5077 Exsultetu
2642 5064 2655 5086 ,
2690 5032 2738 5076 et
2768 5023 3119 5092 jacundeutur
3145 5024 3197 5077 in
3238 5034 3307 5089 te,
3338 5040 3512 5077 omnes

1908 5118 1995 5189 qui
2023 5125 2253 5187 qua’runt
2287 5126 2351 5169 te.
2380 5114 2538 5169 Aliud
2570 5123 2650 5168 est
2674 5130 2916 5184 quzcrere
2956 5116 3121 5169 iieum
3147 5158 3162 5181 ,
3191 5116 3331 5170 aliud
3359 5132 3510 5185 qua:-

1910 5224 2029 5265 rere
2056 5208 2348 5262 hominem.
2393 5203 2427 5257 J
2435 5208 2762 5275 mandentur
2784 5207 2867 5273 qui
2901 5218 3133 5276 quarrsml
3173 5218 3238 5261 te.
3267 5206 3382 5261 Non
3419 5208 3510 5276 jn-

1910 5299 2280 5357 cundabuntur
2305 5310 2432 5369 ergo
2469 5297 2558 5368 qui
2603 5306 2847 5368 quaerunt
2869 5312 2927 5351 se
2956 5298 3001 5362 ',
3032 5312 3166 5367 quos
3198 5299 3341 5366 prior
3366 5314 3512 5366 qiue-

1910 5392 2026 5448 sisti
2056 5398 2338 5461 antequam
2366 5397 2670 5461 quaererent
2708 5398 2778 5444 to.
2812 5388 3055 5445 Nondum
3099 5389 3373 5461 quaerebat
3396 5392 3512 5445 ovis

1912 5484 2003 5541 illa
2033 5494 2335 5555 pastorem;
2380 5481 2723 5538 abcrraverat
2752 5496 2779 5535 a
2824 5496 2985 5556 grege
3013 5498 3026 5534 :
3056 5492 3110 5537 ct
3136 5480 3413 5537 descendit
3440 5481 3511 5537 ad

1911 5592 2066 5641 eam;
2096 5575 2339 5648 qumsivit
2360 5590 2501 5640 eam,
2534 5574 2825 5646 reportavit
2854 5574 2906 5630 in
2939 5574 3174 5635 humeris
3203 5576 3313 5632 suis
3337 5574 3358 5648 (
3382 5572 3511 5631 Las.

1979 5734 1995 5764 ⁸
2032 5733 2106 5779 sic
2129 5736 2234 5780 Mss.
2261 5736 2315 5779 At
2333 5728 2469 5790 ωδ..
2487 5729 2689 5780 amnica.

1976 5794 1997 5827 ³
2033 5794 2207 5857 Regius
2230 5799 2331 5855 tts.,
2357 5790 2440 5856 qui
2461 5798 2684 5855 qua't'unt
2706 5804 2798 5845 non
2820 5796 2885 5844 ιε.
