3990 6330
539 316 632 378 871
1741 308 1797 362 S.
1841 306 2207 363 Αιιιῖυδτικι
2249 307 2555 364 Εριςιὶορι

535 447 626 497 διν,
654 429 709 497 4,
737 427 822 500 5).
854 427 1175 494 Contemnet
1203 432 1255 482 to
1278 464 1292 492 ,
1322 438 1354 477 ο
1395 422 1510 478 ovis
1535 463 1550 487 ,
1576 430 1906 490 qumrcntcm
1932 435 2016 485 se,
2045 422 2138 489 qui

538 523 681 590 prior
706 518 957 593 quaesivit
991 524 1425 574 contemnentem
1473 529 1566 579 se,
1598 522 1655 569 et
1680 529 1783 568 non
1810 521 2139 583 quaerentem

534 610 633 671 se?
660 612 778 668 tam
801 624 929 684 ergo
955 623 1200 681 quaerere
1231 624 1352 665 eum
1385 606 1580 677 incipe,
1608 605 1701 676 qui
1726 605 1875 676 prior
1898 604 2143 674 quazsivit

534 715 590 760 te
614 746 627 767 ,
657 714 710 760 et
754 702 1045 773 reportavit
1083 702 1136 757 in
1186 700 1424 757 humeris
1472 698 1604 752 suis.
1649 696 1757 752 Fac
1786 696 1927 767 quod
1971 696 2046 750 ait
2076 696 2092 730 ¹
2126 713 2140 751 ;

541 794 670 861 Qui:
690 803 803 848 sunt
830 806 943 846 oves
971 806 1113 854 mete,
1146 806 1317 845 vocem
1344 803 1507 843 meam
1535 786 1772 853 audiunt,
1801 794 1847 839 et
1867 798 2145 855 sequuntur

535 902 617 939 me
649 883 833 949 (Joan.
869 900 923 949 κ,
956 882 1045 951 ⁸5).
1091 881 1150 937 Si
1181 894 1308 950 ergo
1334 880 1529 948 qttwris
1560 892 1679 933 eum
1710 878 1797 947 qui
1830 877 1974 947 prior
2001 891 2147 946 qua:—

541 980 667 1033 Si‘il
694 988 765 1042 te,
796 988 851 1032 ct
875 978 991 1031 ovis
1017 974 1153 1030 facta
1182 989 1241 1029 es
1269 975 1404 1044 ejus,
1440 982 1489 1027 et
1516 972 1671 1027 audis
1698 986 1883 1026 vocem
1915 970 2144 1040 pastoris

536 1074 610 1125 ιιιὶ
640 1114 654 1132 .
684 1080 740 1126 et
772 1070 1014 1141 sequeris
1042 1084 1202 1133 eum;
1231 1067 1352 1121 vide
1394 1065 1519 1136 quid
1565 1065 1656 1120 tibi
1685 1064 1753 1120 de
1781 1080 1840 1120 se
1869 1065 2142 1129 ostendit,

536 1163 669 1233 quid
696 1164 764 1218 de
788 1176 1015 1231 corpore
1041 1175 1161 1220 suo.
1194 1176 1261 1213 ne
1293 1159 1342 1213 in
1378 1159 1493 1226 ipso
1519 1172 1749 1220 errares,
1782 1172 1849 1212 ne
1876 1156 1927 1208 in
1956 1156 2143 1209 Eccle-

542 1254 621 1308 sia
662 1268 872 1308 errares
897 1292 912 1316 ,
942 1268 1010 1306 ne
1048 1251 1166 1320 quis
1212 1251 1303 1303 tibi
1345 1250 1548 1302 diceret
1580 1265 1593 1300 :
1627 1247 1869 1302 Christus
1897 1256 1981 1300 est
2002 1286 2020 1311 ,
2051 1242 2140 1313 qui

540 1362 649 1400 non
690 1354 773 1400 est
796 1345 1076 1407 Christus;
1105 1352 1196 1396 aut
1237 1341 1472 1396 Ecclesia
1499 1349 1584 1394 est
1607 1382 1622 1402 ,
1650 1355 1768 1406 qum
1799 1354 1901 1392 non
1926 1345 2009 1391 est
2042 1336 2144 1390 Ec-

539 1438 723 1491 clesia.
771 1435 920 1491 Multi
971 1436 1114 1489 enim
1164 1433 1417 1487 dixerunt
1468 1446 1684 1483 carnem
1733 1444 1837 1483 non
1890 1428 2145 1483 habuisse

536 1530 834 1593 Christum,
863 1535 921 1582 ct
962 1542 1066 1579 non
1098 1528 1169 1585 in,
1195 1538 1421 1593 corpore
1457 1536 1555 1575 suo
1596 1521 1956 1577 resurrexiSsc
1981 1518 2144 1572 Chri-

538 1632 680 1677 stum
715 1639 728 1674 :
761 1619 869 1673 noli
910 1618 1058 1688 sequi
1108 1631 1269 1671 voces
1318 1629 1524 1668 eorum.
1572 1613 1709 1668 Audi
1752 1628 1935 1666 vocem
1976 1612 2142 1678 ipsius

548 1714 799 1784 pastoris,
822 1712 912 1781 qui
942 1710 1160 1764 indutus
1184 1716 1267 1762 est
1296 1722 1476 1769 carne,
1506 1714 1563 1759 ut
1590 1714 1853 1775 qtncreret
1880 1704 2139 1773 perditam

539 1817 779 1857 carnem.
817 1800 1125 1854 Resurrexit
1146 1840 1160 1859 ,
1208 1807 1264 1850 et
1290 1798 1364 1850 ait
1392 1812 1404 1848 :
1441 1794 1663 1865 Palpate
1685 1835 1701 1857 ,
1734 1803 1780 1849 et
1811 1793 1991 1851 ridete.
2022 1790 2143 1861 quia

538 1893 747 1960 spiritus
771 1907 975 1945 carnem
1001 1899 1045 1943 et
1087 1906 1202 1943 ossa
1229 1903 1329 1942 non
1370 1886 1517 1939 habet
1539 1926 1554 1947 ,
1583 1886 1711 1938 sicut
1738 1901 1818 1937 me
1843 1883 2018 1937 ridetis
2044 1884 2141 1935 Ita-

538 1983 672 2036 bere.
706 1979 952 2035 Ostendit
991 1994 1050 2034 se
1082 1978 1209 2041 tibi;
1242 1992 1427 2031 vocem
1467 1975 1585 2043 ejus
1612 1989 1860 2043 sequere.
1894 1972 2142 2027 Ostendit

539 2086 592 2128 et
637 2074 964 2135 lict-lesiant;
1010 2087 1076 2125 ne
1117 2071 1235 2139 quis
1278 2079 1329 2123 te
1374 2066 1521 2122 fallat
1564 2068 1781 2121 nomine
1826 2063 2079 2119 Ecclesia:
2122 2079 2136 2117 :

541 2165 851 2235 Oportebat,
882 2163 1053 2231 inquit
1072 2204 1086 2224 ,
1118 2161 1376 2216 Christum
1405 2160 1510 2227 pati
1534 2198 1551 2217 .
1579 2168 1624 2210 et
1649 2172 1909 2226 resurgere
1946 2172 1978 2208 a
2006 2170 2142 2207 mor-

540 2262 639 2311 tuis
666 2258 810 2311 tertia
839 2257 942 2319 die,
970 2265 1018 2308 et
1056 2252 1325 2322 prtedicari
1349 2252 1401 2304 in
1433 2250 1632 2304 nomine
1662 2248 1772 2319 ejus
1798 2246 2137 2316 ptenitentiam

538 2360 585 2403 et
614 2348 955 2400 mnissionem
985 2352 1307 2416 peccatorum
1351 2357 1439 2411 per
1468 2356 1639 2395 omnes
1667 2349 1857 2410 gentes,
1889 2337 2139 2407 incipien-

538 2440 675 2492 tibus
696 2436 760 2490 ab
799 2434 1087 2491 Jerusalem
1132 2432 1151 2505 (
1168 2434 1293 2485 Luc.
1325 2444 1455 2485 xxw
1478 2472 1494 2494 ,
1539 2429 1609 2484 59
1633 2471 1649 2494 ,
1678 2427 1746 2483 46
1766 2469 1782 2493 ,
1813 2428 1880 2482 47
1900 2430 1938 2494 ).
1965 2426 2140 2481 llabcs

540 2544 728 2584 vocem
779 2526 1009 2599 pastoris
1061 2528 1182 2591 tui;
1237 2524 1347 2578 noli
1398 2522 1548 2591 sequi
1600 2535 1789 2576 vocem
1841 2519 2137 2572 alienorum

532 2621 731 2691 (Joan.
764 2637 818 2684 ι,
848 2617 917 2688 5)
952 2635 967 2673 :
998 2626 1053 2672 et
1083 2615 1253 2671 iurem
1287 2630 1393 2668 non
1441 2611 1654 2667 timebis
1681 2612 1725 2675 ³,
1756 2610 1798 2665 si
1828 2625 2013 2665 vocem
2039 2624 2137 2679 pa-

540 2714 702 2767 storis
730 2712 894 2766 fueris
938 2719 1176 2765 secutus.
1208 2706 1361 2765 Unde
1403 2714 1581 2760 autem
1631 2704 1911 2774 sequeris?
1939 2702 1995 2759 Si
2039 2718 2140 2758 nec

535 2805 787 2873 cuiquam
818 2801 1091 2856 hominum
1122 2799 1345 2861 dixeris,
1393 2797 1544 2864 quasi
1573 2796 1690 2864 ejus
1720 2795 1931 2858 merito,
1968 2792 2136 2864 Euge,

538 2914 692 2967 euge.-
712 2910 810 2949 nec
822 2908 943 2950 eum
964 2877 1317 2963 gratulatione
1338 2889 1589 2949 audieris,
1617 2903 1682 2941 ne
1699 2888 1817 2942 oleo
1836 2888 2138 2957 peccatoris

537 2988 847 3057 pinguescat
866 2994 1027 3055 caput
1046 2994 1193 3038 tuum
1216 2982 1235 3052 (
1261 2979 1403 3034 Psat.
1426 2995 1549 3041 οκι..
1572 2976 1665 3051 5).
1692 2977 1978 3039 Εεειιιιιτηι,
1997 2988 2041 3031 et
2049 2980 2141 3047 ju-

525 3079 820 3133 mandentur
835 3080 886 3132 in
908 3087 974 3143 te,
993 3093 1166 3131 omnes
1184 3076 1271 3144 qui
1292 3082 1523 3144 quan-unt
1544 3081 1625 3134 te;
1648 3081 1694 3125 et
1709 3071 1896 3125 dicunt.
1915 3071 2051 3139 Quid
2067 3071 2141 3125 di-

530 3171 757 3239 Acantqui
770 3168 1031 3226 exsultant
1044 3168 1068 3221 ?
1080 3167 1294 3237 Semper
1306 3164 1657 3233 magni/iretur
1671 3161 1935 3216 Dominus.
1956 3163 2139 3217 Dicant

540 3264 641 3318 hoc
660 3276 847 3316 omnes
871 3261 963 3331 qui
987 3259 1256 3313 exsultant
1281 3266 1337 3309 et
1359 3264 1604 3324 quzerunt
1626 3261 1696 3307 te.
1727 3251 1898 3318 Quid?
1928 3251 2139 3318 Semper

530 3356 889 3427 magni/iectur
921 3353 1185 3417 Dominus,
1212 3352 1299 3419 qui
1327 3348 1546 3419 diligunt
1576 3346 1799 3402 salutare
1828 3356 1990 3399 tuum.
2020 3346 2137 3401 Non

528 3458 740 3503 «tantum
763 3447 1114 3517 nmgniﬁeetur
1137 3440 1383 3495 Dominus
1405 3482 1417 3504 ,
1441 3440 1533 3495 sed
1574 3441 1733 3493 etiam
1760 3454 1973 3508 seutper.
2001 3437 2137 3491 Eeec

530 3541 774 3604 eri-abas,
793 3549 845 3591 et
860 3551 1085 3593 aversus
1102 3536 1169 3588 ab
1198 3551 1263 3589 eo
1293 3549 1412 3587 cras
1431 3550 1445 3585 :
1465 3531 1672 3587 vocavit
1689 3540 1769 3595 te;
1789 3529 2139 3601 magni/iretur

541 3631 807 3685 Dominus.
853 3629 992 3684 Ecce
1030 3627 1307 3696 insliiravit
1340 3624 1433 3678 tibi
1461 3620 1852 3678 confessionem
1895 3631 2137 3690 peccato-

531 3740 655 3778 rum
681 3742 695 3777 :
718 3722 999 3778 confessus
1026 3734 1107 3782 es,
1129 3717 1276 3773 dedit
1295 3716 1503 3770 veniam
1531 3730 1547 3779 ;
1577 3712 1928 3784 magniﬁcetur
1956 3711 2135 3766 Domi-

536 3830 652 3867 nus.
672 3812 787 3869 iam
800 3810 1006 3880 cmpisti
1019 3810 1163 3879 juste
1181 3808 1361 3862 vivere
1377 3822 1392 3871 ;
1409 3806 1517 3873 jam
1535 3814 1663 3875 puto
1678 3803 1829 3873 quasi
1840 3803 2040 3870 justum
2055 3809 2139 3855 est

536 3920 594 3961 ut
618 3916 673 3961 ct
699 3916 755 3960 tu
794 3903 1174 3974 magniticeris.
1205 3898 1417 3955 Etenim
1461 3912 1584 3952 eum
1632 3905 1685 3951 te
1712 3902 1929 3949 vocaret
1953 3908 2137 3948 erran-

537 4010 645 4053 tem
668 4041 683 4062 ,
716 3994 1138 4066 magnilieaudus
1167 3999 1284 4048 erat
1330 3989 1627 4054 Dominus;
1672 4002 1791 4040 cum
1824 3985 1917 4040 tibi
1963 3986 2134 4039 conli-

537 4094 669 4149 tcnti
701 4101 917 4160 peccata
948 4086 1192 4149 dimisit,
1225 4079 1645 4152 magnilicaudus
1689 4087 1805 4134 erat
1837 4077 2088 4133 Dominus
2118 4092 2132 4127 :

537 4184 697 4238 modo
721 4183 827 4251 jam
853 4179 1077 4233 audiens
1098 4176 1257 4229 verba
1288 4174 1405 4242 ejus
1433 4169 1642 4240 coepisti
1668 4168 1948 4238 proﬁcere,
1977 4165 2135 4235 justi-

537 4278 725 4331 ﬁmtus
745 4287 845 4335 es,
878 4267 1166 4340 pervenisti
1214 4266 1279 4320 ad
1318 4262 1602 4333 quamdam
1628 4260 1835 4315 virtutis
1868 4258 2138 4314 excellen-

528 4368 694 4428 tiam;
737 4364 955 4434 dignum
1000 4370 1083 4416 est
1125 4369 1184 4415 ut
1228 4362 1284 4413 et
1330 4365 1385 4411 tu
1430 4353 1716 4424 aliquando
1757 4351 2133 4422 magniﬁceris.

532 4459 768 4514 Dieant;
802 4455 1016 4520 Semper
1058 4449 1410 4521 magniﬁcetur
1452 4445 1717 4498 Dominus.
1761 4443 2017 4497 Peccator
2043 4454 2134 4503 es;

526 4548 885 4619 ﬂmgttiﬁcﬂur
908 4552 965 4597 ut
991 4550 1143 4595 vocet
1168 4558 1181 4592 :
1203 4536 1505 4595 erzniiteris;
1529 4533 1879 4603 magni/icctur
1904 4541 1959 4584 ut
1988 4531 2137 4599 igno~

530 4650 647 4695 seat
680 4656 691 4692 :
730 4639 839 4704 jam
865 4635 1007 4705 justo
1047 4632 1209 4692 vivis;
1244 4627 1596 4699 magniﬁcetur
1627 4634 1685 4677 ut
1723 4631 1875 4692 regat
1907 4640 1919 4675 :
1952 4636 2133 4689 perse-

528 4746 687 4783 veras
745 4742 919 4797 usque
972 4726 1025 4778 in
1081 4722 1277 4781 ﬁnem;
1334 4718 1685 4789 maguiﬁretur
1736 4724 1791 4769 ut
1852 4713 2133 4784 glorificct.

536 4823 750 4888 Semper
779 4833 905 4887 ergo
937 4814 1285 4885 magni/icetur
1315 4808 1585 4862 Dominus.
1619 4808 1728 4860 lloc
1762 4806 1941 4859 dicant
1964 4803 2092 4872 justi
2118 4820 2133 4867 ;

534 4915 636 4965 hoc
666 4911 845 4963 dit-ant
868 4908 963 4977 qui
994 4913 1237 4975 quaerunt
1267 4918 1409 4957 cum.
1438 4900 1690 4969 Quisquis
1719 4897 1820 4951 hoc
1848 4914 1953 4951 non
1981 4896 2132 4960 dicit,

527 5022 639 5060 non
671 5001 860 5073 qnu‘rit
888 5015 1031 5054 eum.
1070 4998 1225 5058 Ecce,
1258 4995 1609 5064 magni/iretur
1640 4990 1903 5043 Dominus.
1942 4988 2134 5043 Exsul-

526 5108 634 5151 :eut
665 5105 709 5149 et
727 5092 1078 5163 juruudentur
1104 5104 1275 5141 omnes
1304 5087 1387 5153 qui
1411 5094 1640 5155 quterunt
1671 5098 1793 5137 cum
1820 5100 1833 5145 ;
1864 5092 1910 5133 et
1938 5082 2131 5143 dicunt,

533 5189 747 5255 Semper
788 5180 1136 5252 magni/icetur
1184 5176 1472 5240 Dominus,
1512 5175 1597 5245 qui
1647 5174 1865 5243 diligunt
1912 5174 2134 5225 salutare

522 5281 663 5343 s'jtts.
699 5278 779 5329 Ab
815 5275 907 5327 illo
932 5281 1016 5327 cst
1045 5271 1186 5323 enim
1233 5269 1335 5321 illis
1365 5268 1506 5321 salus
1528 5309 1542 5329 .
1579 5281 1683 5319 non
1716 5281 1743 5318 ιι
1775 5280 1853 5319 se.
1889 5263 2132 5318 Salutare

534 5369 744 5423 ιὶιιιιιίιιί
779 5365 869 5419 Dei
918 5360 1123 5421 nostri,
1155 5359 1398 5414 Salvator
1450 5357 1703 5412 Dominus
1753 5366 1934 5409 noster
1976 5353 2130 5407 Jesns

526 5460 774 5513 Christus
803 5475 815 5508 :
846 5452 1087 5523 quisquis
1130 5449 1301 5518 diligit
1350 5449 1678 5503 Salvatorcm
1701 5487 1716 5512 ,
1750 5446 2033 5501 conlilctur
2070 5460 2129 5497 se

593 5595 609 5627 ι
642 5600 821 5639 Omnes
845 5598 997 5649 tropo
1034 5593 1159 5633 Mss:
1198 5586 1470 5649 (antemna
1504 5578 2015 5649 ιβμίαιιιρσιιωνειιιίιῃι
2037 5591 2086 5627 se
2106 5578 2130 5626 ἐ

522 5665 637 5703 Jam
652 5664 767 5715 ergo
790 5640 977 5709 maeres
997 5659 1107 5697 cum
1126 5643 1210 5705 qui
1228 5658 1275 5715 ηρ
1288 5643 1361 5691 ior
1377 5640 1590 5715 qutesit‘it
1607 5649 1671 5698 te,
1688 5640 1765 5702 [ac
1780 5642 1906 5702 quod
1927 5640 2010 5715 tit,
2024 5649 2107 5715 etc

594 5720 613 5747 ⁸
634 5701 737 5763 διιεῖ,
761 5701 937 5774 magno
967 5701 1209 5774 mnseiisu
1230 5701 1399 5754 terunt
1423 5718 1435 5752 :
1474 5702 1578 5772 Noli
1610 5701 1771 5774 mecm
1794 5701 1945 5764 sequi
1970 5702 2119 5751 tatro-

517 5790 641 5831 num
658 5784 703 5826 et
717 5768 899 5840 furum.
922 5770 1135 5829 Cauchis,
1154 5768 1194 5819 si
1219 5779 1377 5816 vocem
1402 5768 1621 5825 uastatis,
1649 5772 1746 5813 etc.

3732 306 3837 366 872

2251 432 2526 485 sanatum;
2565 422 2801 492 quisquis
2849 438 2907 478 sc
2946 422 3230 479 eontitetur
3271 434 3548 491 sanatum,
3588 418 3749 483 fuisse
3784 441 3843 483 se

2249 517 2533 566 conlilctur
2559 524 2839 583 a‘grotum.
2879 515 3057 568 Dicant
3085 531 3232 585 ergo.
3261 515 3474 586 Semper
3500 518 3846 589 magnificum

2250 602 2534 665 Dominus,
2566 606 2651 675 qui
2693 607 2906 676 diiigunt
2948 607 3169 661 salutare
3214 616 3354 660 tuum
3399 623 3418 661 :
3465 621 3568 661 non
3611 608 3847 663 salutare

2249 712 2405 752 sntnn
2432 741 2444 760 ,
2478 698 2627 764 quasi
2672 714 2728 752 διε
2760 700 2857 767 ipsi
2901 699 3145 763 salvcnt;
3178 715 3282 763 non
3310 701 3456 768 quasi
3485 699 3721 753 salutare
3751 699 3838 752 hn-

2248 791 2434 850 miais,
2476 803 2723 861 tanquam
2748 794 2815 845 ab
2842 793 2930 845 illo
2954 794 3241 849 salventnr.
3276 790 3474 856 Nolite,
3504 791 3691 860 inquit,
3727 809 3819 846 con

2250 884 2406 951 ﬁdere
2432 885 2483 935 in
2505 885 2778 953 print-ipes,
2811 894 2854 935 et
2882 886 2935 937 in
2972 886 3103 951 ﬁlios
3132 885 3391 937 hominum
3418 927 3430 944 .
3461 886 3513 937 in
3543 885 3722 955 quibus
3752 900 3847 937 non

2250 984 2319 1029 est
2351 977 2491 1030 salus
2517 978 2535 1045 (
2567 974 2709 1029 Psal.
2737 992 2878 1031 CXLV
2899 1017 2913 1036 .
2944 976 3011 1039 ἓ,
3045 978 3077 1031 5
3098 977 3135 1047 ).
3166 976 3341 1044 Quare
3371 976 3506 1030 hoc?
3540 975 3744 1030 Domini
3783 986 3852 1028 est

2248 1067 2408 1131 salus,
2438 1077 2484 1119 et
2507 1082 2661 1136 super
2697 1067 2941 1136 populum
2968 1076 3107 1119 tuum
3146 1067 3422 1121 benedictio
3449 1076 3535 1120 tua
3566 1066 3735 1137 (Psal.
3773 1080 3851 1130 ut,

2249 1156 2282 1209 9
2304 1158 2342 1226 ).
2380 1159 2516 1227 Ergo
2541 1198 2554 1218 ,
2587 1157 2799 1228 Semper
2830 1158 3179 1227 magni/iretur
3211 1157 3480 1212 Dominus.
3508 1157 3611 1225 Qui
3638 1160 3740 1213 hoc
3766 1158 3849 1213 di-

2249 1249 2417 1301 cunt?
2448 1248 2547 1313 Qui
2577 1248 2790 1319 diligunt
2817 1250 3040 1304 salutare
3064 1258 3225 1301 tuum.
3424 1314 3425 1317 η

2320 1341 2369 1393 7.
2404 1338 2572 1412 [ναῖε.
2603 1338 2696 1411 6.]
2738 1339 2875 1394 Ecce
2897 1340 3248 1410 magni/iretur
3276 1338 3847 1411 Dominusmnnquam

2251 1439 2326 1493 tu,
2352 1445 2610 1498 nusquam
2635 1430 2734 1484 tu?
2763 1430 2817 1483 ln
2848 1429 2939 1482 illo
2964 1429 3184 1498 aliquid,
3211 1430 3262 1484 in
3292 1446 3373 1483 me
3400 1430 3528 1484 nihil
3561 1449 3575 1485 :
3602 1431 3845 1502 siautem

2249 1520 2300 1574 in
2324 1520 2415 1573 illo
2434 1518 2689 1589 quidquid
2712 1534 2847 1590 ego;
2877 1519 2986 1583 ille,
3011 1535 3115 1573 non
3144 1535 3263 1589 ego.
3286 1520 3363 1574 Tu
3388 1536 3516 1591 ergo
3539 1522 3704 1591 quid?
3736 1522 3846 1593 Ego

2247 1628 2363 1664 rero
2389 1627 2574 1679 egenus
2613 1621 2660 1664 et
2689 1627 2882 1682 pauper
2908 1627 3042 1666 sum.
3076 1611 3169 1665 llic
3197 1613 3347 1667 dives
3371 1653 3386 1679 ,
3422 1614 3508 1669 ille
3532 1614 3807 1669 abundans
3827 1656 3845 1680 ,

2248 1702 2336 1757 ille
2368 1703 2564 1756 nullius
2603 1700 2869 1773 indigens.
2913 1702 3050 1758 Ecce
3093 1704 3268 1757 lumen
3300 1719 3476 1757 meum
3502 1745 3519 1770 ,
3548 1719 3673 1760 cccc
3706 1706 3846 1761 unde

2248 1793 2838 1861 illuminorrquoniam
2879 1793 3054 1848 clamo
3085 1812 3099 1848 :
3133 1791 3212 1847 Tn
3238 1795 3548 1850 illuminabis
3588 1796 3846 1853 turmam

2246 1901 2432 1951 meam,
2465 1884 2712 1948 Domine,-
2742 1885 2877 1941 Deus
2902 1903 3062 1953 meus,
3095 1887 3404 1941 illuminabis
3443 1889 3668 1944 tenebras
3708 1907 3847 1944 meas

2250 1977 2269 2047 (
2293 1976 2431 2031 Psat.
2468 1993 2595 2040 xvu,
2622 1977 2746 2047 29).
2780 1978 3026 2034 Dominus
3052 1980 3199 2033 solvit
3222 1981 3569 2049 compeditos;
3596 1981 3857 2039 Dominus

2245 2070 2391 2138 erigit
2423 2068 2610 2131 elisos;
2636 2069 2885 2123 Dominus
2924 2074 3174 2137 sapientes
3212 2072 3335 2141 facit
3364 2089 3563 2133 cacas:
3595 2072 3848 2130 Dominus

2245 2160 2459 2213 custodit
2482 2162 2760 2230 proselytos
2788 2160 2961 2229 (Psal.
2992 2176 3144 2224 cur,
3172 2162 3260 2233 7).
3295 2163 3427 2230 Quid
3454 2179 3581 2232 ergo
3612 2165 3706 2219 tu?
3730 2163 3848 2237 Ego

2245 2267 2360 2305 vero
2387 2268 2569 2322 egenus
2606 2262 2651 2305 et
2681 2268 2892 2321 panper.
2941 2253 3052 2323 Ego
3082 2263 3330 2324 tanquam
3378 2254 3636 2323 popilius;
3665 2256 3848 2312 anima

2246 2362 2362 2401 mea
2396 2356 2642 2417 tamquam
2672 2347 2828 2401 vidua
2872 2347 3126 2401 destituta
3175 2356 3230 2401 ct
3271 2347 3506 2401 desolata
3541 2349 3845 2404 :ausilium

2244 2455 2460 2508 quaero;
2484 2456 2696 2511 semper
2716 2440 3074 2503 inﬁrmitatem
3095 2456 3268 2496 meam
3290 2440 3570 2497 conﬁteor.
3597 2441 3705 2514 Ego
3725 2459 3847 2497 vero

2244 2548 2428 2601 egenus
2450 2542 2494 2586 et
2518 2550 2710 2601 pauper
2760 2534 2959 2588 Donata
2987 2544 3109 2589 sunt
3136 2533 3266 2588 mihi
3296 2545 3506 2603 peccata
3531 2550 3547 2599 ;
3568 2533 3677 2603 jam
3699 2536 3844 2604 (ωιιί

2243 2618 2397 2695 ἐθαυὶ
2429 2637 2689 2696 prmi-cpta
2732 2626 2830 2699 Dei
2864 2644 2876 2678 :
2907 2626 3084 2681 adhuc
3125 2637 3300 2683 tamen
3330 2643 3514 2698 egenus
3537 2638 3585 2680 et
3623 2645 3840 2701 pauper.

2246 2713 2397 2771 [inde
2426 2717 2601 2772 adhuc
2624 2735 2809 2788 egenus
2832 2726 2882 2773 et
2908 2735 3103 2789 pauper
3121 2718 3148 2772 .9
3172 2717 3307 2785 Quia
3337 2719 3480 2773 video
3504 2718 3661 2774 aliam
3680 2720 3842 2791 legerit

2242 2808 2295 2859 in
2330 2808 2561 2862 membris
2590 2811 2710 2864 meis
2756 2820 3119 2881 repugnantem
3146 2810 3246 2881 legi
3275 2811 3453 2864 mentis
3492 2825 3616 2865 mea:
3646 2809 3667 2881 (
3684 2809 3837 2877 lieni.

2242 2912 2335 2961 vn,
2363 2897 2437 2953 9.3
2456 2897 2490 2968 ).
2530 2899 2683 2955 Unde
2707 2917 2892 2972 egenus
2919 2910 2963 2954 et
2991 2900 3227 2970 pauper?
3251 2899 3406 2967 Quia,
3438 2898 3581 2953 Beati
3604 2902 3690 2972 qui
3717 2918 3834 2955 esu-

2241 2989 2401 3054 riunt,
2423 3000 2468 3043 et
2487 2990 2662 3045 sitiunt
2672 2991 2927 3060 justitiam
2955 2990 3177 3065 (Matth.
3204 3007 3258 3054 ν,
3291 2992 3379 3063 6).
3410 2991 3599 3047 Adhuc
3623 2994 3801 3049 esurio
3818 3035 3836 3058 .

2242 3081 2416 3138 adhuc
2435 3084 2557 3139 sitio
2580 3102 2597 3140 :
2618 3085 2872 3139 saturitas
2899 3101 3017 3140 mea
3043 3086 3202 3141 dilata
3232 3101 3347 3151 est;
3378 3102 3482 3140 non
3504 3085 3697 3141 ablata.
3727 3085 3840 3159 Ego

2242 3191 2357 3229 vero
2382 3193 2567 3247 egenus
2589 3188 2634 3231 et
2662 3176 2895 3249 pauper;
2922 3176 3057 3233 Deus
3075 3218 3091 3243 ,
3123 3178 3311 3249 adjuva
3335 3196 3428 3233 me.
3464 3177 3614 3234 Unde
3633 3181 3798 3249 cuspis
3815 3220 3836 3243 ,

2242 3265 2379 3321 Deus
2416 3268 2469 3321 in
2495 3268 2809 3338 adjutorium
2837 3285 3000 3322 meum
3045 3270 3278 3332 intende;
3308 3268 3442 3325 Deus
3461 3311 3478 3336 ,
3506 3270 3695 3335 adiuva
3734 3287 3836 3325 me.

2246 3362 2557 3417 Rectissime
2583 3371 2639 3417 et
2678 3361 2910 3417 Lazarus
2952 3361 3177 3431 Adjutus
3224 3362 3561 3432 interpretari
3598 3361 3835 3425 dicitur;

2243 3455 2331 3509 ille
2352 3469 2555 3525 egenus
2577 3464 2628 3511 et
2648 3470 2870 3526 panper.
2890 3456 2979 3525 qui
3005 3456 3210 3510 ablatus
3228 3464 3310 3510 est
3331 3454 3382 3508 in
3408 3455 3582 3510 sinum
3604 3453 3839 3509 Abrahae

2241 3547 2401 3620 (Luc.
2446 3564 2536 3605 ενι
2557 3591 2571 3611 ,
2614 3548 2720 3617 22)
2754 3565 2766 3601 :
2795 3557 2851 3603 et
2878 3550 3017 3619 gerit
3063 3558 3241 3620 typum
3273 3546 3525 3603 Ecclesia:
3559 3545 3687 3608 Dei,
3714 3563 3839 3617 quae.

2240 3655 2452 3709 semper
2481 3639 2722 3695 conﬁteri
2752 3640 2909 3695 debet
2952 3639 3221 3706 adiutorio
3248 3637 3347 3693 sibi
3387 3653 3522 3709 opus
3552 3653 3692 3694 esse.
3723 3638 3841 3692 [ioc

2240 3742 2322 3787 ρει
2346 3747 2552 3789 verum.
2577 3731 2681 3787 hoc
2709 3741 2786 3787 est
2816 3731 2981 3801 piunt.
3012 3730 3133 3785 Dixi
3161 3730 3377 3784 Domino
3404 3745 3424 3785 :
3452 3728 3587 3785 Deus
3615 3746 3759 3783 incus
3786 3747 3839 3783 es

2240 3833 2313 3877 tu.
2344 3823 2517 3890 Quare
2537 3823 2559 3860 ’ν
2589 3823 2840 3890 Quoniam
2860 3824 3103 3877 bonorum
3133 3838 3353 3876 meorum
3377 3838 3477 3875 non
3504 3838 3617 3891 eges
3645 3824 3664 3891 (
3688 3820 3833 3875 Psal.

2241 3929 2335 3977 xv,
2360 3913 2396 3966 ξ..)
2415 3912 2455 3983 ).
2486 3913 2578 3967 Ille
2605 3929 2710 3966 non
2739 3922 2858 3982 eget
2884 3912 3048 3967 nostri
3072 3927 3088 3975 ;
3121 3926 3220 3966 nos
3243 3926 3464 3981 egemus
3486 3911 3653 3979 ipsius
3675 3928 3689 3963 :
3715 3911 3840 3966 ideo

2240 4020 2399 4058 wrus
2448 4005 2724 4058 Dominus.
2771 4003 2901 4057 Nam
2951 4012 3005 4057 tu
3038 4017 3142 4057 non
3189 4003 3343 4057 valde
3384 4016 3543 4056 verus
3583 4001 3839 4055 dominus

2241 4098 2380 4150 servi
2410 4097 2513 4160 tui;
2535 4096 2690 4150 ambo
2708 4095 2974 4159 homines,
2997 4096 3157 4149 ambo
3171 4102 3389 4165 egentes
3421 4093 3549 4147 Deo.
3578 4093 3633 4147 Si
3654 4104 3836 4147 autem

2249 4201 2403 4259 putas
2432 4202 2592 4258 cgere
2618 4188 2693 4241 tui
2725 4200 2939 4240 servum
2964 4196 3137 4251 tuum,
3164 4194 3219 4239 ut
3246 4185 3340 4240 des
3370 4199 3590 4254 panem;
3620 4199 3751 4255 eges
3778 4196 3839 4238 et.

2243 4295 2298 4334 tu
2319 4282 2454 4333 servi
2480 4281 2588 4344 tui,
2616 4290 2671 4333 ut
2692 4279 2906 4347 adjuvet
2933 4278 3144 4332 labores
3172 4287 3290 4331 tuos
3314 4293 3327 4327 :
3352 4285 3575 4345 uterque
3595 4287 3834 4330 vestrum

2241 4375 2411 4424 altero
2453 4382 2687 4425 vestrum
2731 4369 2951 4440 indiget.
3001 4369 3181 4438 Itaque
3222 4366 3397 4422 nullus
3441 4376 3671 4422 vestnnn
3709 4382 3838 4421 vom

2242 4462 2507 4521 dominus.
2539 4469 2593 4515 ct
2621 4461 2796 4515 nullus
2822 4469 3056 4513 vestrum
3090 4474 3215 4512 vero
3242 4467 3449 4512 servus.
3481 4458 3615 4511 Audi
3646 4474 3834 4513 verum

2247 4552 2560 4614 Dominum,
2612 4550 2765 4619 cujus
2813 4542 2977 4604 uerus
3028 4565 3087 4604 cs
3133 4563 3363 4613 servus:
3396 4548 3517 4602 Dixi
3565 4547 3786 4603 Domino
3813 4567 3833 4607 .'

2245 4642 2380 4698 Deus
2408 4662 2547 4698 meus
2572 4660 2625 4697 es
2660 4655 2733 4697 tu.
2761 4644 2937 4713 Quare
2980 4655 3032 4697 tu
3065 4642 3363 4697 Dominus?
3392 4644 3643 4708 Quoniam
3670 4644 3835 4697 bono-

2240 4753 2355 4789 rum
2377 4751 2602 4790 meorum
2629 4750 2728 4788 non
2755 4751 2885 4805 eges.
2915 4734 3048 4800 Quid
3072 4742 3249 4788 autem
3273 4733 3365 4786 tu?
3389 4733 3496 4803 Ego
3515 4748 3629 4788 vero
3650 4751 3834 4805 egenus

2241 4837 2287 4880 et
2309 4844 2519 4897 pauper.
2556 4827 2692 4881 Ecce
2716 4843 2902 4896 egenus
2926 4836 2973 4879 et
3001 4842 3230 4894 pauper;
3260 4836 3440 4897 pascit
3464 4826 3625 4890 Deus,
3653 4825 3835 4882 suble-

2240 4927 2331 4973 vet
2360 4919 2502 4972 Deus
2521 4958 2535 4980 .
2562 4916 2777 4989 adjuvet
2804 4917 2943 4971 Deus
2976 4934 2989 4969 :
3024 4915 3177 4987 Deus,
3208 4915 3394 4986 inquit,
3426 4915 3615 4987 adjuva
3638 4932 3739 4971 me.

2311 5012 2364 5065 8.
2404 5010 2623 5081 Adjutor
2667 5018 2711 5063 et
2757 5021 2926 5064 emtor
2954 5026 3095 5064 meus
3125 5026 3176 5063 es
3208 5020 3297 5071 tu,
3325 5007 3582 5070 Domine;
3624 5024 3690 5061 ne
3720 5018 3832 5061 tar-

2239 5104 2457 5159 daveris.
2479 5105 2557 5158 Tu
2581 5102 2789 5173 adjutor
2805 5111 2859 5158 et
2878 5113 3098 5158 erutor:
3126 5102 3334 5172 indigeo
3359 5100 3576 5164 auxilio,
3600 5100 3789 5170 adjnva
3813 5119 3831 5165 ;

2241 5198 2539 5266 implicatus
2564 5211 2680 5251 sum
2705 5238 2723 5262 ,
2753 5212 2898 5250 erue.
2931 5195 3098 5249 Nemo
3140 5197 3279 5249 enim
3311 5204 3459 5248 eruet
3487 5192 3553 5247 de
3585 5192 3827 5263 implica-

2240 5287 2470 5343 tionibus
2490 5329 2505 5352 ,
2535 5288 2634 5341 nisi
2669 5296 2745 5342 tu.
2777 5287 3129 5341 Circumstant
3176 5302 3273 5339 nos
3302 5299 3467 5337 nexus
3495 5283 3826 5338 diversarum

2237 5394 2519 5438 curarum:
2553 5379 2675 5432 hinc
2699 5388 2861 5446 atque
2888 5377 3009 5430 inde
3038 5377 3357 5430 dilaniamur
3382 5373 3533 5446 quasi
3560 5374 3728 5443 spinis
3772 5387 3827 5425 et

2236 5474 2480 5541 senibus,
2508 5470 2843 5526 ambulamus
2871 5480 3148 5539 angustam
3195 5469 3363 5533 viam;
3406 5466 3631 5522 fortasse
3669 5463 3823 5519 [msi-

2235 5580 2358 5621 mus
2384 5566 2435 5619 in
2464 5565 2676 5635 sepibus
2703 5563 2976 5617 :dieamns
3004 5563 3129 5622 Deo,
3162 5559 3237 5613 Tu
3262 5576 3314 5613 es
3340 5567 3513 5612 erutor
3532 5571 3691 5610 meus.
3722 5556 3821 5624 Qui

2235 5657 2467 5713 ostendit
2510 5668 2789 5726 angustam
2832 5656 2972 5708 viam
3018 5652 3243 5724 (Matth.
3297 5667 3369 5706 vu
3395 5693 3410 5715 ,
3442 5649 3583 5718 ιι),
3615 5647 3737 5703 fecit
3768 5659 3821 5701 ut

2235 5764 2600 5821 sequeremur.
2636 5748 2759 5803 [hec
2807 5762 2906 5800 vos
2954 5754 3259 5816 perseveret
3301 5743 3351 5796 in
3384 5740 3537 5796 nobis
3562 5782 3576 5808 ,
3611 5738 3820 5801 fratres,
