3990 6328
171 440 274 496 88!

167 563 352 606 autem
380 549 524 620 quod
560 565 664 603 non
706 548 947 600 videmus
975 559 1288 613 speramus,
1322 559 1417 613 per
1463 545 1768 612 [audentiam

167 640 740 710 tzxsrmctatriusmom.
772 653 884 698 vnt.
913 636 1029 707 24).
1060 635 1215 690 Modo
1244 651 1371 704 ergo
1392 634 1580 704 gemis,
1612 633 1771 688 modo

166 734 220 788 in
257 734 435 786 loeum
465 731 651 800 refogii
681 732 875 793 curris,
910 740 965 782 ut
993 729 1171 782 salvus
1211 728 1342 791 llas;
1374 726 1536 781 modo
1576 726 1628 779 in
1675 725 1758 778 iu-

168 824 430 878 tirmitate
469 822 674 890 positus
721 821 982 875 medicum
1029 833 1186 887 rogas
1219 835 1232 874 :
1263 820 1388 886 quid
1413 859 1430 883 ,
1456 833 1578 871 cum
1609 831 1766 871 arce-

169 917 318 982 peris
347 913 636 983 perfectam
680 914 838 967 etiam
880 910 1202 966 sanitatem?
1229 910 1376 978 quid,
1399 923 1519 962 cum
1547 907 1770 963 eﬂ'ectus

165 1005 338 1059 tueris
379 1005 599 1074 aequalis
644 1003 860 1072 Angelis
894 1003 988 1056 Dei
1019 1002 1038 1070 (
1073 999 1260 1054 Matth.
1291 1014 1430 1062 xxn,
1457 998 1527 1053 30
1560 997 1619 1065 ΥΡ
1657 996 1766 1066 jam

165 1100 309 1153 forte
338 1098 491 1152 istam
520 1099 744 1166 gratiam
774 1109 875 1166 qua
907 1093 1158 1150 liberatus
1181 1107 1240 1146 es
1259 1090 1630 1146 obliviscaris?
1659 1089 1765 1141 Ah-

165 1190 258 1242 sit.
293 1187 358 1242 In
385 1199 432 1240 te
454 1187 675 1241 cantatio
700 1203 809 1239 mea
837 1201 1053 1253 semper.

239 1280 299 1334 9.
342 1277 490 1350 [υεη.
528 1276 605 1349 7.]
632 1276 896 1346 Tanquam
925 1274 1212 1345 prodigium
1238 1275 1404 1345 [actus
1430 1289 1542 1326 sum
1573 1271 1762 1324 multis.

164 1367 267 1425 llic
300 1379 539 1436 tempore
569 1367 680 1435 spei
707 1406 720 1428 .
753 1377 995 1433 tempore
1025 1365 1254 1433 gemitus
1273 1402 1289 1426 ,
1319 1371 1558 1429 tempore
1587 1359 1762 1413 humi-

170 1462 360 1523 litatis,
385 1469 625 1527 tetnpore
648 1458 870 1518 doloris,
893 1465 1134 1522 tempore
1162 1454 1506 1515 inﬁrmitatis,
1525 1460 1763 1518 tempore

169 1553 323 1605 vocis
350 1566 379 1603 a
409 1550 754 1618 compedibus
780 1591 791 1609 ,
820 1549 904 1601 hic
938 1562 1066 1614 ergo
1092 1545 1216 1614 quid
1242 1544 1262 1597 ?
1294 1543 1557 1609 Tanquam
1587 1541 1764 1609 prodi-

169 1646 313 1714 gium
343 1647 507 1715 factus
547 1659 657 1694 sum
710 1640 900 1693 multis.
936 1637 1106 1701 Unde,
1152 1648 1394 1705 tanquam
1435 1633 1766 1705 prodigium?

171 1735 319 1789 unde
347 1733 476 1788 mihi
507 1733 768 1786 insultant
791 1731 882 1800 qui
924 1744 1012 1784 me
1038 1728 1326 1798 prodigium
1369 1725 1592 1795 putant?
1630 1723 1762 1791 Quia

169 1825 340 1880 credo
362 1825 504 1893 quod
537 1839 640 1878 non
669 1822 842 1876 video.
873 1821 950 1877 llli
981 1821 1144 1882 enim,
1180 1819 1321 1873 beati
1346 1819 1397 1871 in
1428 1817 1510 1871 his
1534 1831 1654 1887 qua:
1682 1818 1761 1868 vi-

169 1919 328 1980 dent,
356 1917 622 1973 exsultant
651 1915 704 1970 in
731 1922 878 1984 potu.
911 1914 964 1969 in
992 1914 1220 1978 luxuria,
1244 1912 1298 1965 in
1325 1910 1760 1971 scortationihos.

172 2011 224 2064 in
249 2009 496 2074 avaritia,
531 2009 582 2062 in
614 2007 832 2068 divitiis.
862 2007 914 2060 in
944 2004 1162 2074 rapinis,
1206 2004 1260 2058 in
1309 2002 1658 2058 szncularibus
1681 2003 1764 2055 di-

170 2100 485 2170 gnitatibus.
520 2100 570 2153 in
599 2099 937 2152 dealbatione
986 2097 1112 2151 lutei
1161 2095 1411 2162 parietis;
1471 2095 1523 2150 in
1566 2094 1647 2147 his
1671 2110 1764 2147 ex-

173 2191 380 2246 sultant
405 2208 420 2242 :
452 2189 668 2243 ambulo
695 2196 870 2242 autem
899 2201 998 2256 ego
1029 2189 1080 2240 in
1104 2187 1242 2239 viam
1270 2185 1606 2256 dissimilem,
1635 2199 1764 2238 con-

173 2289 422 2336 temnens
466 2295 530 2334 ea
577 2294 696 2349 qum
740 2279 1022 2347 praesentia
1051 2284 1214 2342 sunt,
1263 2285 1318 2330 et
1366 2276 1559 2330 timens
1603 2277 1763 2328 etiam

171 2387 430 2442 prospera
459 2370 661 2434 saeculi,
693 2385 790 2424 nec
819 2368 1012 2424 alicubi
1039 2383 1262 2423 securus
1287 2367 1387 2422 nisi
1419 2368 1470 2422 in
1489 2368 1763 2437 promiSsis

174 2462 290 2517 llei.
316 2462 384 2516 Et
410 2462 514 2515 illi:
543 2460 909 2515 Mandueemus
929 2469 976 2514 et
1003 2459 1229 2514 bibamus
1249 2476 1268 2523 ;
1289 2476 1404 2512 cras
1423 2460 1554 2511 enim
1584 2459 1765 2511 morie-

171 2573 289 2610 mur
314 2559 333 2626 (
361 2555 377 2607 Ι
405 2556 520 2609 Cor.
552 2569 644 2620 xv,
669 2553 738 2608 52
763 2552 807 2623 ).
835 2553 972 2622 Quid
1005 2551 1120 2606 ais?
1143 2563 1342 2620 repete.
1375 2551 1760 2616 Mandncemus,

171 2647 366 2717 inquit,
411 2657 459 2700 et
489 2647 733 2701 bibamus.
765 2648 912 2714 Age;
963 2645 1088 2715 quid
1142 2653 1322 2714 postea
1371 2643 1594 2698 dixisti?
1635 2643 1763 2698 Cras

170 2739 305 2792 enim
351 2738 642 2792 moriemur.
691 2736 982 2802 'l‘erruisti;
1011 2751 1116 2790 non
1148 2735 1423 2789 seduxisti.
1453 2735 1615 2790 Plane
1663 2736 1764 2790 hoc

172 2829 291 2899 ipso
320 2828 461 2897 quod
506 2837 692 2899 postea
743 2827 961 2892 dixisti,
1020 2827 1289 2881 incussisti
1340 2827 1466 2879 mihi
1515 2827 1759 2880 timorem

169 2934 238 2976 ne
293 2920 384 2974 tibi
436 2921 787 2976 consentiam.
826 2918 961 2973 Cras
999 2918 1142 2972 enim
1189 2917 1478 2971 moriemur
1502 2959 1516 2980 ,
1545 2917 1757 2983 dixisti;

166 3020 223 3067 et.
275 3012 583 3080 prmcessit,
640 3009 1008 3064 blanducemus
1045 3019 1091 3062 et
1140 3009 1384 3063 bibamus.
1435 3009 1569 3063 Cum
1616 3011 1757 3064 enim

165 3102 417 3164 dixisses,
463 3100 835 3156 blanducemus
883 3111 930 3156 et
975 3100 1226 3163 bibamus;
1276 3100 1584 3171 adjnnxisti,
1631 3099 1760 3156 Cras

163 3193 302 3247 enim
341 3193 632 3248 moriemur.
673 3192 812 3247 Audi
857 3201 1041 3246 contra
1093 3207 1120 3245 a
1152 3209 1274 3245 me:
1313 3193 1422 3246 lmo
1457 3192 1759 3261 jejunemns

167 3295 226 3342 et
288 3301 540 3349 oremus;
621 3300 739 3340 cras
813 3285 956 3340 enim
1031 3286 1340 3340 morienmr.
1402 3285 1549 3340 llaue
1616 3287 1755 3340 viam

164 3380 354 3426 tenens
373 3382 573 3424 aretam
599 3379 653 3424 et
686 3378 985 3438 augustam,
1019 3378 1258 3438 tanquam
1287 3368 1572 3441 prodigium
1595 3373 1758 3439 [actus

163 3477 278 3514 sum
320 3461 526 3526 multis;
553 3459 643 3514 sed
689 3469 742 3514 tu
768 3460 974 3528 adiutor
1002 3460 1168 3530 fortis.
1217 3457 1438 3523 Adesto.
1469 3474 1502 3512 0
1533 3460 1756 3515 Domine

163 3551 292 3608 Jesu
313 3593 329 3614 ,
373 3552 461 3620 qui
493 3549 624 3606 mihi
665 3550 850 3606 dicas:
877 3549 993 3604 Noli
1028 3550 1257 3604 deiicere
1304 3549 1356 3605 iu
1386 3554 1468 3604 via
1497 3561 1752 3620 angusta;

165 3658 268 3714 ego
296 3642 440 3710 prior
469 3643 676 3705 transii,
710 3657 811 3711 ego
852 3657 969 3694 sum
1009 3641 1120 3708 ipsa
1153 3640 1234 3694 via
1262 3640 1284 3707 (
1309 3639 1468 3694 Joan.
1499 3657 1613 3706 xw,
1644 3643 1678 3696 6
1707 3641 1750 3712 ),

165 3749 266 3804 ego
293 3733 454 3800 duco,
486 3733 539 3789 iu
563 3747 649 3787 me
672 3731 828 3796 duco,
861 3732 929 3786 ad
959 3747 1044 3785 me
1075 3731 1327 3801 perduco.
1361 3731 1500 3801 Ergo
1515 3733 1756 3800 quamvis

166 3827 453 3898 prodigium
499 3827 662 3895 factus
714 3841 828 3879 sum
883 3822 1090 3886 multis;
1144 3833 1318 3878 tamen
1360 3839 1464 3876 non
1515 3824 1751 3888 timebo,

164 3919 287 3990 quia
308 3927 362 3971 tu
388 3918 592 3987 adjutor
614 3916 777 3988 fortis.

236 4009 327 4066 10.
366 4006 386 4082 [
412 4025 541 4062 vers.
566 4013 617 4063 8.
646 4005 667 4079 ]
698 4007 971 4075 liepleatur
997 4023 1053 4060 os
1076 4022 1241 4058 meum
1267 4006 1417 4058 laude
1435 4046 1450 4070 ,
1483 4016 1536 4057 ut
1567 4007 1754 4075 hymno

165 4103 333 4158 dicam
371 4098 586 4171 gloriam
641 4111 818 4164 tuam;
857 4109 961 4151 tota
1002 4098 1084 4152 die
1138 4097 1560 4166 magniﬁcentiam
1593 4107 1750 4150 luant.

167 4191 303 4261 Quid
330 4201 428 4256 est,
459 4200 563 4244 tota
600 4189 724 4245 die?
751 4188 878 4243 Sine
926 4184 1340 4244 intermiSsione.
1376 4187 1428 4239 In
1461 4191 1749 4256 prosperis,

169 4283 287 4354 quia
314 4281 642 4344 consolaris;
675 4279 726 4334 in
749 4278 1006 4336 adversis.
1029 4277 1150 4348 quia
1177 4276 1438 4344 corrigis;
1469 4285 1751 4347 antequam

169 4389 380 4440 essem,
408 4373 530 4442 quia
571 4371 780 4436 fecisti;
809 4385 930 4424 cum
963 4384 1160 4435 essem,
1187 4368 1309 4437 quia
1347 4369 1571 4423 salutem
1600 4369 1751 4422 dedi-

168 4466 236 4520 sti
261 4482 275 4516 :
305 4479 426 4518 eum
465 4476 768 4532 peccassem
790 4501 805 4525 ,
836 4461 960 4528 quia
1010 4461 1288 4529 ignovisti;
1315 4476 1434 4513 cum
1464 4476 1753 4516 conversus

179 4569 375 4618 essem,
403 4553 522 4623 quia
569 4551 813 4622 adjuvisti
836 4566 851 4615 ;
876 4567 994 4604 eum
1031 4566 1480 4619 perseverassem,
1519 4553 1639 4620 quia
1663 4568 1752 4601 (ιυ-

170 4644 391 4702 ronasti.
418 4642 490 4697 Ita
519 4642 673 4711 plane
693 4640 952 4712 repleatur
991 4657 1046 4694 os
1085 4658 1247 4694 incinit
1275 4641 1444 4704 limite,
1487 4652 1542 4693 ut
1567 4642 1753 4710 hymno

167 4737 336 4792 dicam
365 4735 579 4805 gloriam
605 4742 744 4786 tuam
766 4749 786 4798 ;
816 4742 920 4786 tota
947 4732 1028 4784 die
1055 4733 1474 4800 magniﬁcentiam
1499 4743 1656 4784 tuam.

242 4828 330 4882 il.
359 4825 508 4899 [cem
529 4821 608 4896 9.]
642 4822 723 4876 Ne
746 4823 987 4894 projicias
1015 4839 1094 4876 me
1121 4823 1173 4874 in
1195 4822 1446 4890 tempore‘
1466 4822 1752 4875 senectutis.

171 4919 303 4990 Spes
331 4934 439 4971 mea
457 4934 490 4969 a
510 4917 773 4986 juventute
813 4929 943 4976 mea,
973 4929 1035 4965 ne
1074 4912 1312 4981 projicias
1337 4927 1414 4963 me
1457 4912 1508 4964 in
1537 4920 1758 4980 tempore

170 5010 454 5066 senectutis.
485 5006 634 5074 Quod
665 5018 746 5059 est
779 5005 881 5058 hoc
910 5015 1116 5071 tempus
1144 5001 1468 5057 senectutis?
1511 5003 1635 5056 Cum
1663 5004 1755 5056 de-

173 5103 305 5171 ﬁciet
332 5102 484 5155 virtus
528 5114 659 5164 mea,
709 5112 773 5150 ne
813 5095 1132 5164 derelinquas
1183 5111 1283 5147 me.
1314 5093 1621 5163 Respondet
1671 5093 1758 5149 hic

175 5193 270 5250 tibi
295 5193 434 5246 Deus
465 5205 480 5242 :
509 5189 620 5243 Ιηιο
650 5201 778 5242 vero
804 5185 1012 5240 deﬁciat
1045 5186 1210 5238 virtus
1240 5195 1348 5247 tua,
1382 5195 1438 5237 ut
1461 5185 1512 5236 in
1546 5193 1597 5238 te
1639 5201 1758 5237 tua-

177 5292 298 5340 ncat
327 5296 475 5344 mea;
509 5288 565 5334 ut
603 5279 751 5334 dicas
779 5292 900 5332 cum
933 5275 1226 5344 Apostolo:
1260 5275 1478 5340 Quando
1503 5276 1756 5342 inﬁrmor,

178 5389 293 5431 tunc
320 5384 492 5445 potens
511 5389 620 5426 sum
644 5371 663 5444 (
688 5369 728 5424 ll
757 5367 873 5424 Cor.
901 5384 995 5426 xu.
1023 5367 1088 5422 10
1114 5370 1154 5437 ).
1177 5366 1295 5421 Noli
1322 5366 1510 5420 timere
1536 5381 1604 5419 ne
1631 5383 1758 5434 pro-

175 5467 372 5540 jiciaris
396 5466 447 5520 in
466 5464 792 5527 inﬁrmitate,
839 5459 893 5514 in
921 5459 1018 5512 ista
1054 5465 1329 5512 senectute
1357 5459 1397 5510 ³.
1429 5457 1563 5524 Quid
1591 5457 1754 5520 enim,

179 5558 434 5615 Dominus
475 5566 593 5610 tuus
637 5568 744 5609 non
794 5561 878 5608 est
921 5551 1218 5606 infirmatus
1265 5551 1317 5604 in
1348 5549 1548 5604 cruce?
1578 5562 1760 5602 nonne

177 5649 488 5714 anteiilum,
521 5656 771 5717 tanquam
804 5653 928 5698 ante
970 5641 1237 5699 hominem
1283 5640 1413 5694 nihil
1455 5640 1718 5692 valentem
1740 5678 1756 5702 ,

187 5765 437 5882 “agor-te,
472 5761 526 5812 in
549 5766 768 5824 tempus;
789 5763 845 5807 ut
876 5753 1136 5818 aliquoties
1177 5751 1316 5812 intra,
1344 5751 1761 5814 juxta'crzec.,eis

289 5839 369 5877 on.
785 5875 807 5882 _
891 5877 902 5882 _
1098 5874 1108 5882 .
1170 5873 1182 5882 .
1527 5881 1531 5882 ν

289 5839 369 5877 on.

243 5873 471 5948 ivitvliquot
494 5890 621 5940 Mss,
649 5881 698 5931 in
720 5875 1065 5942 inﬁmitatem,
1091 5874 1139 5926 in
1164 5873 1303 5925 istam
1326 5881 1629 5925 senectutem.

1200 429 1593 484 ENARRATIO
1633 428 1701 482 iN
1741 429 2060 485 PSALMUM
2107 432 2268 486 LXX.

3361 446 3466 503 889

1881 546 2201 609 captivattnu
2243 556 2298 600 et
2341 564 2676 615 oppressum,
2724 563 2882 622 caput
2921 556 3254 626 agitaverant
3283 559 3461 616 fortis~

1880 634 2023 698 simi,
2055 644 2110 690 et
2139 636 2274 691 tauri
2305 639 2544 707 pingues,
2574 651 2628 696 et
2652 642 2898 699 dixerunt
2927 663 2941 699 :
2967 647 3030 702 8"
3056 648 3222 703 Filius
3250 650 3342 705 Dei
3367 665 3459 716 est,

1879 725 2148 779 descmdat
2167 727 2232 780 de
2256 745 2402 782 cruce
2430 730 2450 801 (
2479 730 2663 785 Matth.
2697 749 2842 789 xxvn
2860 777 2874 799 ,
2897 737 2985 801 39,
3008 739 3078 793 40
3104 739 3122 809 )
3148 741 3171 793 ?
3198 742 3462 812 Numquid

1878 816 1988 878 ille.
2017 818 2140 887 quia
2167 821 2410 875 inlirmus
2434 831 2569 889 erat,
2604 824 2842 880 desertus
2873 837 2983 894 est;
3010 832 3097 901 qui
3148 835 3328 888 maluit
3355 853 3460 890 non

1876 906 2204 963 descendere
2243 910 2309 965 de
2355 928 2534 977 cruce,
2566 929 2632 968 ne
2678 931 2783 969 non
2831 919 3113 984 potentiam
3141 924 3456 988 ostendisse.

1875 996 1969 1051 sed
2013 998 2388 1056 insultantibus
2414 1005 2641 1060 cessisse
2682 1006 2995 1062 videretur?
3023 1010 3156 1076 Quid
3202 1024 3252 1067 te
3281 1015 3460 1072 docuit

1875 1090 2135 1157 pendens,
2167 1093 2254 1162 qui
2284 1094 2610 1152 discendere
2639 1099 2829 1162 noluit,
2861 1100 2962 1154 nisi
2990 1104 3293 1170 patientiam
3322 1106 3462 1162 inter

1874 1180 2213 1251 insultantes,
2240 1185 2341 1239 nisi
2369 1194 2424 1240 ut
2459 1187 2534 1241 sis
2570 1189 2721 1241 fortis
2761 1190 2812 1242 in
2841 1190 2954 1246 Deo
2983 1193 3109 1246 tuo?
3134 1192 3294 1248 Forte
3320 1207 3372 1248 et
3395 1211 3459 1250 ex

1873 1271 1990 1340 ejus
2038 1288 2262 1342 persona
2293 1276 2490 1330 dictum
2541 1279 2642 1337 sit.
2681 1277 2942 1349 Tanquam
2975 1282 3266 1354 prodigium
3295 1287 3462 1354 {actus

1874 1381 1986 1418 sum
2015 1366 2217 1431 multis,
2242 1377 2286 1419 et
2313 1377 2366 1422 tu
2394 1368 2602 1437 adjutor
2633 1371 2777 1439 fortis
2798 1386 2819 1426 :
2847 1387 2913 1426 ex
2955 1389 3178 1442 persona
3209 1375 3325 1444 ejus
3369 1393 3458 1430 sc~

1869 1455 2104 1510 cundum
2149 1458 2553 1524 inﬁrmitatem,
2605 1476 2711 1515 non
2757 1463 3048 1517 secundum
3103 1476 3453 1534 potestatem;

1871 1548 2163 1602 secundum
2195 1549 2244 1602 id
2276 1551 2416 1618 quod
2461 1565 2557 1605 nos
2595 1552 2646 1606 in
2692 1567 2752 1606 se
2801 1554 3306 1619 transtignraverat,
3348 1572 3452 1610 non

1871 1639 2163 1692 secundum
2196 1639 2246 1693 id
2273 1640 2413 1710 quod
2447 1642 2560 1708 ipse
2586 1641 2950 1696 descenderat.
2980 1643 3173 1699 Factus
3195 1656 3278 1698 est
3311 1648 3452 1699 enim

1870 1727 2054 1782 multis
2095 1729 2414 1799 prodigium.
2452 1731 2516 1784 Et
2561 1731 2696 1786 forte
2730 1733 2843 1801 ipsa
2888 1745 3005 1786 erat
3029 1748 3275 1789 senectus
3302 1737 3450 1804 ejus;

1865 1820 1990 1888 quia
2018 1834 2084 1874 ex
2114 1831 2379 1876 vetustate
2402 1839 2507 1876 non
2538 1826 2824 1894 incongrue
2858 1837 3108 1880 senectus
3134 1838 3373 1887 vocatur.
3401 1839 3459 1882 et

1869 1908 1944 1962 ait
1979 1910 2266 1979 Apostolus
2294 1928 2310 1964 ε
2355 1910 2504 1966 Vetus
2530 1914 2682 1967 homo
2712 1924 2881 1967 noster
2903 1915 3059 1968 simul
3080 1917 3355 1982 cruci/ints
3385 1932 3461 1973 est

1868 2015 1986 2052 cum
2009 2000 2099 2053 illo
2118 1999 2297 2071 (Rom.
2331 2018 2402 2066 vr,
2436 2003 2515 2074 6).
2553 2003 2607 2057 Si
2644 2004 2713 2058 ibi
2743 2013 2858 2058 erat
2890 2016 3037 2059 vetus
3063 2006 3221 2060 homo
3250 2020 3450 2068 noster,

1867 2101 2121 2145 senectus
2149 2093 2219 2146 ibi
2245 2103 2396 2154 erat;
2438 2094 2560 2162 quia
2591 2104 2742 2148 vetus
2765 2135 2782 2157 ,
2812 2105 3077 2150 senectus.
3105 2095 3304 2150 Tamen
3331 2100 3450 2165 quia

1869 2198 2054 2238 verum
2075 2193 2178 2247 est,
2209 2185 2550 2240 Renovabitur
2569 2187 2696 2240 sicut
2723 2188 2907 2255 aquilae
2920 2189 3159 2258 juventus
3175 2200 3261 2240 tua
3279 2190 3449 2258 (I-‘sat.

1867 2289 1964 2334 cn.
1982 2275 2038 2342 5)
2058 2293 2072 2338 ς
2100 2277 2394 2330 resurrexit
2409 2277 2521 2343 ipse
2537 2277 2624 2331 die
2641 2279 2822 2343 tertio,
2848 2278 3088 2346 promisit
3103 2282 3453 2335 resurrectio-

1870 2381 1994 2419 nem
2010 2366 2158 2419 linito
2176 2366 2394 2420 saeculo.
2413 2366 2532 2421 Jam
2555 2369 2824 2436 prtecessit
2848 2378 3026 2436 caput;
3046 2370 3280 2422 membra
3302 2385 3449 2424 scen-

1871 2467 1986 2510 tura
2012 2465 2154 2511 sunt.
2175 2437 2313 2523 Quid
2345 2458 2498 2512 times
2521 2473 2589 2512 ne
2605 2457 2938 2527 derelinquat
2959 2469 3028 2524 te,
3061 2475 3127 2514 ne
3154 2461 3367 2527 abjieiat
3399 2463 3450 2522 in

1869 2559 2079 2617 tempus
2106 2549 2417 2614 senectutis,
2448 2562 2569 2601 cum
2587 2547 2843 2603 defecerit
2868 2549 3033 2603 virtus
3049 2560 3135 2603 tua
3153 2552 3177 2604 ’ρ
3202 2550 3312 2605 lino
3330 2561 3451 2606 tunc

1867 2638 1920 2692 in
1953 2647 2006 2692 le
2035 2639 2138 2694 erit
2165 2639 2332 2693 virtus
2360 2638 2496 2708 ejus,
2521 2638 3009 2707 quando-defecerit
3032 2641 3196 2695 virtus
3224 2651 3330 2696 tua.

1939 2728 2028 2783 19..
2053 2727 2203 2802 [υριοε.
2237 2729 2326 2791 10,
2362 2726 2471 2801 11.]
2499 2729 2675 2798 Quare
2697 2729 2797 2784 hoc
2820 2728 2976 2785 dico?
3005 2750 3022 2784 ι
3053 2733 3183 2800 Quia
3206 2733 3452 2790 dixerunt

1866 2822 2066 2876 inimici
2099 2821 2202 2876 mei
2232 2820 2383 2888 mihi,
2408 2831 2462 2875 et
2481 2822 2570 2890 qui
2591 2821 2964 2876 custodiebant
2985 2823 3214 2878 auinnun
3244 2841 3412 2880 meam
3433 2868 3448 2889 ,

1863 2913 2144 2967 consilium
2174 2912 2418 2968 fecerunt
2448 2914 2499 2968 in
2543 2930 2730 2980 unum,
2770 2913 3006 2969 dicentes
3038 2934 3052 2968 :
3087 2917 3224 2972 Deus
3261 2920 3450 2973 dereli-

1862 3005 1979 3074 quit
1995 3020 2156 3068 eum;
2190 3005 2572 3074 persequimini
2600 3013 2654 3060 et
2680 3007 3119 3075 comprehendite
3160 3026 3304 3075 eum,
3328 3014 3450 3073 quia

1862 3103 2073 3175 nonest
2093 3095 2183 3164 qui
2203 3104 2356 3148 eruat
2383 3109 2530 3149 eum.
2570 3113 2590 3147 ο
2624 3095 2829 3150 Dicttnn
2855 3107 2936 3150 est
2963 3095 3066 3151 hoc
3096 3098 3162 3152 de
3187 3100 3402 3154 Chrile
3435 3121 3446 3153 :

1861 3187 1952 3243 ille
1978 3191 2121 3243 enim
2167 3190 2258 3258 qui
2289 3177 2542 3257 potentia
2587 3204 2776 3259 magna
2815 3191 3138 3252 divinitatis,
3171 3207 3270 3261 qua
3306 3193 3448 3249 Patri

1860 3279 2082 3348 aequalis
2099 3288 2204 3343 est,
2233 3279 2645 3333 resuscitaverat
2670 3289 2932 3345 mortuos,
2965 3283 3140 3336 subito
3164 3283 3301 3338 inter
3332 3303 3447 3338 lna-

1860 3385 1962 3424 nus
2011 3370 2346 3424 inimicorum
2392 3370 2636 3424 inﬁrmus
2685 3369 2855 3425 factus
2889 3383 2991 3435 est,
3039 3382 3093 3428 et
3121 3376 3268 3444 quasi
3316 3377 3448 3430 nihil

1859 3460 2046 3515 valens
2094 3460 2395 3530 prehensus
2436 3469 2539 3516 est.
2584 3457 2808 3528 Quando
2847 3463 3299 3532 prehenderetur,
3347 3468 3446 3520 nisi

1860 3550 1935 3604 illi
1986 3550 2159 3619 primo
2213 3550 2267 3605 in
2315 3551 2482 3606 corde
2526 3567 2626 3606 suo
2676 3552 2963 3608 dicerent:
3004 3550 3137 3607 Deus
3186 3558 3446 3626 dereliquit

1859 3642 2015 3697 eum?
2039 3640 2192 3698 Unde
2221 3641 2312 3696 illa
2359 3658 2461 3696 vox
2496 3652 2580 3696 est
2607 3644 2659 3697 in
2687 3655 2884 3698 cruce:
2918 3645 3050 3697 Deus
3089 3663 3224 3699 meus
3243 3686 3258 3711 ,
3314 3648 3446 3701 tiens

1857 3750 2016 3798 meus,
2045 3733 2225 3802 utquid
2245 3733 2553 3802 dereliquiui
2577 3750 2654 3786 me
2683 3732 2850 3802 (Psat.
2881 3750 2996 3792 ιιι,
3025 3735 3124 3801 9.)?
3154 3739 3288 3806 lirgo
3309 3738 3446 3791 Deus

1856 3825 2143 3894 dereliquit
2162 3825 2455 3888 Cbristtun,
2485 3841 2605 3879 cum
2638 3825 2778 3879 Dens
2794 3838 2934 3880 esset
2965 3829 3014 3880 in
3049 3829 3262 3885 Christo
3289 3847 3445 3883 mun-

1859 3911 1982 3969 dum
2015 3918 2366 3970 reconcilians
2395 3918 2490 3970 sibi
2517 3917 2536 3986 (
2569 3913 2610 3970 ll
2656 3916 2776 3975 Cor.
2801 3933 2852 3983 v,
2879 3919 2946 3972 l9
2977 3917 3031 3988 ).
3077 3934 3195 3972 cum
3219 3932 3359 3975 esset
3390 3932 3445 3975 et

1857 4003 2103 4060 tlhristus
2120 4005 2282 4070 Deus,
2305 4020 2371 4061 ex
2392 4003 2592 4060 Jnd.eis
2627 4007 2840 4074 quidem
2888 4009 3176 4061 secundum
3206 4025 3441 4074 carnem,

1857 4101 1947 4168 qui
1978 4109 2059 4154 est
2083 4113 2245 4168 super
2269 4098 2446 4152 omnia
2478 4098 2616 4152 Deus
2634 4098 2946 4153 benedictus
2970 4099 3020 4153 iu
3041 4101 3231 4155 secula
3260 4101 3417 4171 (Rom

1861 4208 1932 4256 ix,
1957 4190 2054 4261 5)?
2086 4191 2228 4244 Deus
2257 4189 2469 4258 reliquit
2512 4189 2692 4242 illtnn?
2716 4190 2887 4243 Absit.
2927 4190 3030 4243 Sed
3062 4191 3113 4244 in
3143 4202 3323 4246 vetere
3353 4211 3446 4246 no-

1859 4295 1974 4336 stro
2001 4298 2104 4336 vox
2131 4292 2310 4335 nostra
2333 4288 2470 4346 erat,
2500 4280 2621 4349 quia
2643 4281 2798 4334 simul
2831 4281 3116 4336 crucilisus
3154 4293 3266 4336 erat
3295 4295 3444 4337 vetus

1860 4375 2020 4428 homo
2047 4383 2228 4427 noster
2247 4387 2368 4427 cum
2395 4370 2484 4425 illo
2502 4388 2517 4437 ;
2546 4383 2598 4424 et
2624 4370 2691 4425 de
2723 4372 2836 4440 ipso
2855 4383 3032 4426 vetere
3047 4382 3231 4426 nostro
3251 4389 3443 4441 corpus

1858 4476 2170 4533 acceperat,
2199 4463 2322 4534 quia
2350 4463 2510 4518 Maria
2555 4462 2624 4515 de
2652 4463 2819 4516 Adam
2848 4474 2982 4516 erat.
3027 4461 3166 4533 Ergo
3199 4464 3337 4530 quod
3370 4464 3436 4516 illi

1861 4567 2198 4626 putaverunt,
2231 4558 2331 4608 hoc
2359 4555 2428 4608 de
2459 4569 2616 4608 cruce
2645 4553 2776 4607 dixit
2807 4571 2820 4606 :
2853 4554 3024 4618 Quare
3062 4573 3139 4607 me
3173 4556 3440 4618 dereliqui-

1857 4651 1921 4703 sti
1946 4648 2154 4720 (Matth.
2185 4661 2352 4710 xxvn,
2383 4645 2519 4714 46)?
2542 4645 2719 4712 Quare
2749 4659 2833 4699 me
2877 4645 2961 4698 isti
3006 4645 3314 4699 derelictum
3346 4661 3441 4712 pu-

1859 4738 2130 4792 lantmalo
2156 4735 2440 4803 suo?Qnid
2471 4744 2572 4798 est,
2601 4734 2913 4802 derelictum
2945 4745 3129 4801 putant
3153 4736 3445 4788 tnalosuo?

1859 4829 1914 4882 Si
1966 4830 2108 4880 enim
2164 4829 2584 4896 cognovissmtt,
2631 4842 2898 4893 nunquam
2946 4826 3222 4879 hominum
3264 4827 3443 4895 gloria:

1860 4919 2249 4972 crttcilixissent
2276 4915 2296 4980 (
2319 4917 2336 4969 Ι
2367 4914 2486 4969 Cor.
2519 4930 2576 4978 lt,
2607 4912 2695 4986 8).
2731 4913 3118 4984 I’crs'equimint',
3145 4929 3189 4967 et
3213 4933 3441 4981 compre-

1863 5009 2063 5061 hrndite
2082 5024 2215 5060 eunt.
2258 5006 2595 5060 Fatniiiarius
2621 5016 2795 5058 tamen
2826 5005 2858 5058 h
2886 5020 2954 5069 1c,
2989 5007 3192 5068 fratres,
3221 5009 3445 5072 arripui.

1865 5116 1983 5151 Inus
2027 5113 2092 5153 cx
2137 5096 2392 5151 membris
2426 5095 2645 5159 Christi,
2694 5105 2749 5149 et
2778 5112 2960 5147 vorem
2993 5105 3224 5148 nostram
3269 5099 3317 5149 in
3368 5099 3444 5147 his

1864 5189 2041 5240 verbis
2059 5202 2410 5256 agnoscamus
2432 5201 2444 5237 :
2469 5186 2589 5254 quia
2622 5195 2674 5238 et
2700 5185 2786 5238 ille
2806 5186 2934 5237 tales
2953 5200 3112 5236 voces
3136 5199 3197 5236 ex
3222 5201 3444 5253 persona

1866 5289 2042 5335 nostra
2075 5279 2275 5342 habuit,
2308 5293 2411 5331 non
2442 5293 2506 5330 ex
2546 5278 2776 5346 potentia
2805 5287 2859 5328 et
2888 5278 3163 5343 majestate
3202 5293 3324 5339 sua;
3355 5279 3444 5328 sed

1865 5389 1927 5425 ex
1953 5388 2017 5424 eo
2039 5371 2179 5439 quod
2215 5369 2384 5422 factus
2421 5378 2503 5423 est
2535 5379 2754 5436 prepter
2783 5385 2904 5432 nos,
2939 5385 3041 5421 non
3071 5368 3366 5421 sccundmn
3398 5370 3444 5423 id

1865 5463 2004 5532 quod
2029 5471 2151 5515 erat
2177 5462 2264 5529 qui
2296 5460 2419 5513 fecit
2448 5474 2572 5512 nos.

1941 5591 2027 5647 l3.
2054 5589 2204 5664 [vers.
2243 5588 2352 5661 19η]
2381 5588 2598 5642 Domine
2627 5588 2760 5642 Deus
2791 5606 2946 5649 utens,
2978 5605 3038 5641 ne
3062 5589 3260 5658 elougvs
3289 5606 3320 5640 a
3353 5606 3446 5644 uie.

1867 5683 1941 5739 Ila
1974 5685 2051 5748 lit,
2080 5691 2135 5734 ιιι
2164 5699 2268 5736 non
2311 5681 2787 5750 elongatomnino.
2837 5682 3006 5748 l‘rope
3044 5696 3125 5733 εει
3173 5681 3314 5733 enim
3350 5682 3444 5734 Uo-

1868 5776 2044 5828 tninus
2071 5773 2153 5826 his
2177 5773 2264 5840 qui
2295 5773 2622 5825 obtriverunt
2649 5785 2742 5822 cor
2763 5769 2932 5833 (Paul.
2962 5786 3144 5835 sunt,
3184 5772 3289 5840 ιιι).
3317 5767 3451 5829 Dea:

1869 5882 2028 5931 meus,
2059 5865 2110 5918 in
2137 5864 2444 5932 adjutorium
2471 5879 2635 5915 meatu
2663 5865 2868 5929 respice.
