3990 6332
567 434 680 490 88¹1

573 546 796 608 tinntur,
830 539 1140 613 periuram:
1187 551 1290 591 non
1319 550 1400 591 est
1429 536 1678 592 cuntinua
1712 535 1803 591 Dei
1836 537 1948 591 laus
1979 532 2031 591 in
2064 531 2164 592 eis.

571 637 851 703 Quomodo
877 649 1003 701 ergo
1026 647 1244 687 revocas
1271 649 1297 681 a
1330 629 1726 700 negodatione?
1757 630 1837 683 An
1860 638 1916 684 ut
1935 630 2166 699 agricoia

570 729 692 780 sim.
741 738 794 779 et
843 726 1104 778 adversus
1149 725 1314 776 Deum
1355 729 1639 775 scitantem
1696 735 2061 785 murmurem,
2113 732 2167 773 ut

569 819 881 888 grandinem
907 817 1099 870 timens
1126 814 1439 880 sortilegmn
1463 813 1480 847 ¹
1506 812 1780 867 consulam
1799 851 1814 876 ,
1847 822 1905 867 ut.
1931 827 2166 882 quaeram

571 911 696 981 quid
725 911 914 965 faciam
945 919 1131 961 eontra
1163 907 1394 966 eti-lum:
1426 915 1483 959 ιιι
1513 916 1692 974 οιιιιιιη
1722 905 2046 975 pauperibus
2085 903 2167 958 fa-

572 1019 750 1066 mem,
781 1018 886 1068 que
921 1001 1117 1070 possim
1147 1000 1376 1054 vendere
1402 997 1541 1069 quod
1580 996 1824 1052 servavi?
1857 997 1919 1050 ad
1953 997 2054 1052 hoc
2084 1011 2170 1050 me

571 1092 832 1145 adducis?
861 1093 966 1145 Sed
1002 1107 1103 1142 non
1135 1090 1196 1144 ea
1232 1089 1448 1152 faciunt,
1496 1089 1692 1157 inquis,
1740 1086 1987 1157 agricolu-
2019 1087 2163 1141 boni.

575 1181 685 1235 Nec
713 1181 800 1235 illa
832 1184 1190 1250 negotiatores
1219 1180 1363 1235 boui.
1395 1177 1531 1247 Quitl
1559 1181 1720 1241 enim,
1757 1183 1915 1232 etiam
1943 1190 1998 1232 et
2029 1180 2166 1233 tilios

572 1271 771 1326 habere
803 1275 998 1325 malum
1021 1281 1122 1336 est,
1149 1272 1268 1340 quia
1295 1270 1508 1341 quando
1532 1271 1612 1324 eis
1635 1281 1791 1338 eapttt
1810 1272 1976 1334 dolet,
2011 1275 2166 1326 ntaltc

568 1367 622 1419 et
669 1365 908 1419 inﬁdeles
949 1375 1147 1418 manes
1191 1364 1444 1431 ligatums
1492 1363 1780 1434 sacrilegas
1822 1373 1876 1417 et
1928 1365 2167 1418 incanta-

570 1456 746 1511 tiones
773 1454 1058 1526 quzerttut?
1105 1453 1204 1508 Ista
1255 1453 1528 1508 hominum
1552 1495 1566 1513 .
1597 1469 1704 1507 non
1735 1469 1916 1507 rerum
1949 1462 2164 1521 peccata

569 1556 714 1600 sunt.
745 1545 921 1600 Potest
950 1545 1077 1600 mibi
1111 1544 1213 1599 hoc
1238 1548 1420 1599 dieere
1449 1545 1767 1613 negotiator.
1792 1544 1983 1611 Quaere
2013 1558 2161 1611 ergo,

569 1614 877 1707 Episcopo,
935 1636 1385 1705 quemadmodum
1445 1634 1710 1704 intelligas
1775 1627 2164 1702 negotiationes

564 1745 699 1798 quas
737 1713 907 1798 legisti
939 1729 992 1782 in
1026 1727 1318 1790 Psalterio;
1370 1742 1435 1781 ne
1463 1726 1600 1780 forte
1629 1733 1684 1780 tu
1717 1741 1822 1779 non
1856 1725 2121 1794 intelligas
2141 1767 2156 1789 .

561 1827 617 1872 et
649 1835 732 1874 me
761 1835 791 1873 a
821 1817 1180 1889 negotiatione
1211 1819 1514 1889 prohibeas.
1548 1815 1705 1871 Mone
1743 1831 1874 1887 ergo
1904 1817 2159 1886 quemad-

565 1907 780 1964 inodum
805 1910 977 1963 vivam
1003 1925 1016 1963 :
1042 1909 1086 1962 si
1117 1908 1255 1962 bene
1275 1949 1290 1970 .
1319 1909 1456 1961 bene
1483 1905 1611 1961 milii
1637 1905 1769 1969 erit;
1796 1923 1957 1961 unum
1983 1904 2158 1961 tamen

563 2002 675 2055 ‘scio
698 2045 710 2059 .
751 2001 871 2071 quia
910 2001 953 2056 si
993 2001 1166 2056 malus
1188 2000 1361 2065 fuero,
1392 2016 1494 2055 non
1527 2003 1817 2071 negotiatio
1845 1999 1977 2055 mibi
2007 2002 2153 2064 facit,

557 2095 656 2146 Sed
689 2094 940 2164 iniquitas
970 2107 1109 2147 mea.
1154 2093 1378 2161 Quando
1429 2107 1612 2145 verum
1651 2092 1878 2154 dicitur,
1927 2094 2030 2146 non
2077 2091 2159 2144 est

562 2187 700 2255 quod
726 2185 1145 2240 contradicatur.

640 2278 718 2330 18.
753 2280 1068 2341 Quaeramus
1119 2291 1248 2344 ergo
1301 2277 1435 2346 quas
1485 2275 1679 2329 dixerit
1732 2275 2154 2343 negotiationes,

559 2369 693 2450 quas
721 2383 843 2422 vere
867 2365 956 2434 qui
985 2382 1090 2421 non
1135 2368 1424 2437 cognovit,
1475 2374 1584 2418 tota
1629 2365 1716 2420 die
1759 2365 1939 2419 laudat
1967 2366 2153 2420 Deum.

559 2451 858 2528 Negotiatio
885 2466 939 2512 ct
982 2457 1033 2510 in
1063 2471 1237 2527 graeca
1272 2457 1448 2523 lingua
1493 2455 1561 2511 ab
1591 2465 1713 2510 actu
1739 2456 1931 2511 dicitur
1951 2498 1967 2524 ,
2008 2462 2063 2510 'et
2104 2458 2154 2510 in

561 2536 718 2605 latina
750 2565 777 2602 a
811 2559 1002 2620 negato
1028 2552 1137 2604 otio
1161 2565 1176 2602 :
1200 2549 1294 2603 sed
1323 2543 1436 2603 sive
1462 2548 1530 2603 ab
1556 2559 1675 2603 actu
1702 2589 1716 2612 ,
1765 2549 1878 2603 sive
1906 2563 1936 2602 a
1965 2560 2155 2619 negato

560 2644 692 2707 otio,
733 2641 1049 2696 discutiatur
1094 2641 1218 2713 quid
1265 2642 1334 2696 sit
1357 2643 1398 2693 ³.
1446 2637 1549 2709 Qui
1597 2643 1743 2698 enim
1796 2644 2156 2711 negotiatores

560 2733 786 2796 actuosi,
835 2733 988 2803 quasi
1033 2749 1098 2788 ev
1130 2748 1198 2787 eo
1243 2733 1386 2802 quod
1415 2742 1578 2802 agunt
1608 2744 1957 2802 prtesumunt.
1989 2742 2148 2804 Opera

558 2839 651 2878 sua
686 2823 936 2886 laudant,
969 2838 1076 2877 non
1108 2824 1424 2892 perveniunt
1467 2823 1532 2876 ad
1575 2825 1799 2892 gratiam
1850 2824 1960 2877 Dei.
2014 2824 2155 2895 Ergo

558 2928 742 2968 oontta
787 2912 931 2968 illam
959 2915 1184 2984 gratiam
1217 2924 1343 2969 sunt
1370 2929 1729 2983 negotiatores
1751 2955 1766 2978 ,
1813 2930 1971 2983 quam
1999 2930 2151 2968 com-

560 3003 778 3060 tnendat
809 3004 894 3058 hic
923 3002 1178 3073 psalinus.
1205 3005 1350 3058 Illam
1376 3006 1517 3058 enim
1539 3005 1764 3074 gratiam
1789 3006 2149 3076 commendat,

559 3099 611 3149 ut
648 3112 804 3152 nemo
839 3101 907 3152 de
934 3099 1046 3151 suis
1087 3095 1341 3166 operibus
1380 3094 1657 3165 glorietur.
1696 3091 1976 3162 Quemodo
2011 3111 2153 3166 quo.

553 3172 677 3242 item
725 3190 842 3242 loeti
885 3189 1116 3253 dicitur,
1166 3188 1353 3242 Medici
1404 3204 1505 3241 non
1559 3189 1927 3242 resuscitabuut
1976 3186 2144 3256 (Psai.

557 3295 770 3334 Lxxxvu
790 3324 802 3344 .
835 3282 961 3349 ll);
1004 3281 1257 3335 deserere
1283 3279 1479 3334 debent
1506 3273 1754 3334 homines
1785 3276 2151 3335 medicinam?

553 3358 655 3426 Sed
688 3367 812 3441 quid
854 3383 936 3427 est
980 3371 1121 3427 bne?
1144 3371 1253 3427 Sub
1283 3372 1386 3426 isto
1414 3372 1630 3427 nomine
1663 3368 2028 3440 intelliguntur
2056 3387 2144 3427 suo

553 3464 732 3531 perbi,
781 3466 1096 3534 pollicentes
1128 3457 1725 3528 salutem'ltominibus,
1771 3457 1894 3518 cum
1940 3464 2146 3518 Domini

553 3560 617 3613 sit
648 3562 812 3613 salus.
856 3557 1135 3625 Quomodo
1164 3573 1292 3624 ergo
1317 3568 1504 3614 contra
1543 3558 1780 3611 medicos
1803 3598 1817 3620 ,
1861 3556 1912 3610 id
1941 3549 2024 3612 esi
2053 3558 2144 3612 'su-

552 3655 744 3718 perbos
771 3652 958 3705 salutis
987 3651 1399 3718 pollicitatores,
1431 3650 1614 3720 vigilat
1643 3649 1744 3705 hoc
1773 3650 1914 3720 quod
1941 3651 2142 3704 dictum

548 3739 629 3795 'est
648 3782 665 3806 ,
717 3740 843 3795 Tota
887 3739 966 3794 dic
991 3752 1206 3796 salutem
1233 3752 1374 3795 tuam
1403 3757 1421 3795 :
1446 3742 1523 3796 sic
1549 3752 1730 3795 contra
1761 3742 2139 3811 negotiatores,

549 3835 597 3890 id
629 3850 708 3890 εει
731 3877 748 3898 ,
794 3836 883 3904 qui
930 3835 999 3890 de
1027 3844 1145 3889 artu
1178 3851 1276 3888 suo
1304 3845 1358 3887 et
1385 3833 1639 3905 operibus
1667 3833 1894 3904 gaudent
1919 3874 1933 3897 ,
1964 3833 2144 3900 vigilat

550 3927 648 3979 hoc
678 3927 818 3995 quod
857 3926 1054 3982 dictmn
1089 3935 1170 3981 est
1195 3969 1208 3990 ,
1259 3911 1330 3979 0s
1367 3943 1532 3979 meum
1580 3924 1857 3978 enuntiabit
1888 3926 2141 3995 justitiam

545 4029 704 4080 tuam,
750 4019 797 4070 id
847 4027 928 4072 est
970 4034 1073 4074 non
1107 4033 1298 4071 meam.
1339 4003 1438 4084 Qui
1484 4027 1607 4071 sunt
1646 4018 2038 4084 negotiatores,
2092 4019 2139 4068 id

546 4121 623 4166 est
656 4111 805 4178 quasi
837 4112 902 4163 de
933 4119 1052 4165 actu
1086 4125 1183 4163 suo
1213 4110 1309 4164 sibi
1354 4110 1659 4180 placentes?
1689 4111 1786 4176 Qui
1833 4111 2142 4179 ignorantes

545 4201 636 4254 Dei
659 4201 939 4272 justitiam.
972 4209 1024 4256 et
1068 4217 1216 4254 suam
1249 4196 1488 4256 volentes
1519 4204 1877 4263 constituere.
1919 4199 2137 4269 inslilit"

543 4291 634 4348 Dei
686 4308 789 4343 non
829 4300 954 4344 sntit
998 4291 1221 4362 subjecti
1271 4290 1446 4362 (Rom.
1481 4307 1536 4356 χ,
1570 4292 1648 4361 ὅ).
1680 4292 1865 4343 Merito
1894 4301 1947 4371 et
1976 4308 2135 4361 nego-

541 4387 672 4438 tium
697 4382 893 4436 dictum
919 4397 1020 4448 est,
1044 4383 1163 4452 quia
1188 4393 1342 4452 negat
1367 4382 1557 4439 otium.
1583 4384 1851 4448 Quantum
1882 4384 2003 4435 mall
2031 4391 2133 4446 est,

542 4474 684 4540 quod
714 4483 871 4543 negat
896 4475 1105 4527 otium?
1131 4475 1317 4529 Merito
1341 4474 1596 4528 Dominus
1619 4473 1819 4541 expulit
1844 4462 1910 4527 de
1938 4483 2137 4542 tempto

559 4570 658 4621 llos
691 4568 883 4635 quibus
924 4567 1085 4629 dixit,
1137 4566 1397 4636 Scriptum
1434 4577 1536 4627 est,
1586 4568 1779 4618 Domus
1815 4580 1926 4617 mea
1955 4568 2137 4618 domus

540 4659 786 4713 omiouis
817 4658 1071 4711 vocabitur
1088 4675 1106 4723 ;
1136 4675 1222 4711 ros
1250 4667 1420 4711 autent
1458 4657 1646 4727 fecistis
1672 4674 1782 4710 eam
1811 4659 2016 4710 domum
2042 4674 2133 4710 ue-

536 4751 826 4822 gotiau’out's
876 4751 1084 4818 (Matth.
1141 4767 1257 4816 xst,
1307 4749 1427 4820 f5);
1480 4750 1529 4804 id
1579 4761 1682 4815 est,
1736 4753 2025 4821 gloriantes
2066 4751 2133 4805 de

535 4844 790 4912 operibus
817 4844 1029 4910 vestris,
1060 4845 1227 4898 otium
1253 4859 1358 4898 non
1381 4855 1704 4914 qumrentes,
1735 4861 1833 4899 nec
1857 4845 2133 4899 audientes

540 4947 724 4990 contra
766 4938 1184 5007 inquietudinem
1236 4949 1293 4994 et
1337 4937 1750 5010 negotiationem
1782 4936 2012 4994 vestram
2053 4939 2132 5008 di-

536 5040 744 5082 centem
788 5029 1160 5095 Scriptorum:
1199 5028 1420 5094 Vacnte,
1466 5042 1512 5084 et
1556 5032 1718 5083 videte
1759 5033 1994 5100 quoniam
2038 5043 2131 5101 eg‘o

533 5127 640 5172 sum
691 5119 936 5172 Dominus
983 5119 1154 5190 (Psal.
1189 5135 1330 5188 XLV,
1381 5123 1493 5190 Η).
1522 5121 1661 5190 Quid
1693 5133 1794 5184 cst,
1847 5121 2050 5183 Vacute.
2081 5134 2129 5176 ct

533 5210 691 5262 valete
714 5211 952 5279 quoniam
982 5228 1071 5282 ego
1097 5229 1210 5266 sum
1239 5209 1524 5279 Dominus;
1555 5212 1678 5274 nisi.
1709 5220 1768 5266 ut
1797 5213 1979 5268 sciatis
2004 5230 2128 5284 quxa

532 5302 669 5356 Deus
708 5313 789 5358 est
833 5307 919 5373 qui
970 5317 1222 5374 operatur
1270 5305 1321 5360 in
1364 5313 1534 5367 vobis.
1578 5317 1632 5360 et
1683 5322 1788 5359 non
1827 5305 1894 5360 de
1937 5308 2129 5361 vestris

528 5393 782 5462 operibus
826 5395 1197 5448 extollamini?
1246 5395 1361 5449 Non
1411 5396 1564 5450 audis
1614 5410 1802 5450 vocem
1851 5395 2125 5449 dicentis:

539 5482 712 5536 Venite
742 5485 810 5536 ad
851 5502 944 5548 me,
981 5495 1156 5540 omnes
1191 5487 1279 5556 qui
1305 5487 1545 5541 laboratis
1575 5497 1623 5541 et
1651 5490 1846 5541 Onerati
1886 5489 2002 5541 estis
2021 5531 2035 5553 ,
2081 5498 2130 5541 et

523 5589 616 5644 ego
657 5590 744 5627 vos
792 5575 1036 5644 reﬁciant.
1083 5575 1268 5630 Tollite
1301 5577 1486 5649 jugum
1533 5596 1702 5632 meum
1733 5595 1884 5646 super
1909 5595 1996 5632 vos
2022 5620 2035 5638 .
2082 5589 2127 5632 et

522 5656 699 5720 discite
722 5685 752 5719 a
778 5684 857 5722 mc
879 5710 893 5733 ,
925 5671 1046 5738 quia
1072 5671 1206 5724 mitis
1232 5688 1345 5724 sum
1371 5682 1416 5725 et
1449 5672 1658 5726 humilis
1686 5673 1868 5733 cardo;
1916 5684 1960 5724 ct
1992 5673 2125 5724 inre-

587 5782 601 5844 ξ
630 5785 769 5844 3158..
782 5783 1079 5842 sortitogtrm.
2081 5840 2084 5844 .

512 5841 696 5916 ,λεία
733 5843 910 5909 aliquot
944 5841 1055 5916 loss.
1096 5853 1143 5916 at
1177 5845 1308 5916 Rud.
1343 5854 1389 5895 at
1428 5847 1689 5916 ἱιιμιιίιιτ.
1721 5845 1990 5911 negotiatio
2028 5841 2125 5899 sire

516 5907 667 5962 υαω,
699 5907 791 5954 sive
814 5912 1052 5968 negotium
1074 5907 1360 5958 discutiatur
1384 5910 1502 5971 quid
1527 5919 1605 5959 κει.

1802 425 1842 481 S
1911 421 2273 483 Λυιῑυςτικι
2320 431 2616 486 1ἐ1ῚΞΕΟΡ1

3767 438 3858 501 888

2287 543 2434 597 uictis
2459 545 2679 614 requiem
2705 547 2969 604 animabus
3013 551 3188 606 nostris
3220 551 3429 619 (Matth.
3463 570 3548 619 st,
3593 553 3698 621 28.
3736 558 3861 624 29)?

2284 631 2407 687 ll:ec
2451 639 2663 704 requies
2711 649 2894 692 centra
2944 643 3301 709 negotiatores
3353 639 3704 714 praedicatur,
3758 649 3861 700 ba-c

2282 727 2492 797 requies
2533 732 2718 784 eontra
2755 747 2851 787 eos
2890 735 2978 803 qui
3027 736 3255 790 oderunt
3295 740 3461 793 otium
3511 742 3858 811 prtedieatur,

2278 818 2485 886 agendo
2521 831 2575 873 et
2612 821 2862 888 iactando
2886 840 2945 879 se
2972 825 3040 880 tle
3069 830 3320 896 operibus
3346 833 3492 893 suis.
3541 843 3596 886 ut
3642 850 3745 886 non
3779 850 3852 887 re-

2279 909 2554 974 quiescant
2583 911 2636 964 in
2665 913 2806 976 Deo;
2834 925 2888 968 et
2915 924 3064 969 tanto
3095 918 3300 987 longius
3329 938 3356 972 a
3389 924 3553 990 gratia
3587 926 3821 979 resiliunt
3842 966 3859 990 ,

2275 1009 2474 1066 quanto
2501 1002 2668 1069 magis
2693 995 2760 1056 de
2790 1005 2902 1057 suis
2930 1009 3181 1075 operibus
3208 1012 3555 1065 extolluntur.

2349 1088 2436 1142 19.
2463 1091 2566 1144 Sed
2593 1103 2676 1146 est
2716 1092 2767 1147 in
2807 1096 3122 1162 quibusdam
3151 1102 3575 1170 CXtEtttplztriilttS,
3611 1106 3854 1172 Quoniam

2275 1194 2376 1231 nou
2423 1184 2631 1249 cognovi
2669 1184 3028 1240 litteraturam.
3082 1189 3178 1245 Ubi
3227 1193 3314 1246 alii
3366 1194 3580 1249 codices
3625 1197 3813 1250 habent
3840 1241 3853 1259 .

2273 1273 2689 1340 negotiationem;
2717 1275 2784 1328 ibi
2807 1277 2917 1340 alii,
2945 1277 3278 1334 litteraturam
3304 1299 3320 1336 :
3340 1287 3611 1353 quomodo
3634 1302 3854 1342 concor-

2271 1359 2420 1426 dent,
2451 1363 2690 1419 invenire
2717 1366 2932 1424 diﬂicile
2959 1380 3069 1434 est;
3098 1381 3152 1426 et
3186 1383 3364 1430 tamen
3405 1374 3753 1445 interpretum
3779 1380 3854 1434 di-

2271 1454 2499 1506 versilas
2525 1453 2659 1510 forte
2687 1472 2903 1512 sensum
2934 1462 3196 1522 ostendit.
3225 1479 3330 1518 non
3357 1481 3594 1521 errorem
3638 1469 3851 1526 inducit.

2270 1543 2584 1629 Quart-amns
2604 1561 2731 1616 ergo
2755 1557 2811 1604 et
2830 1551 3165 1606 litteraturam
3185 1555 3455 1624 quomodo
3478 1558 3850 1629 intelligamus.

2261 1620 2337 1688 ite
2366 1635 2444 1689 sic
2473 1636 2804 1694 oll'endatnus
2829 1645 3228 1711 grammaticos,
3255 1649 3526 1715 qudmddo
3553 1650 3711 1720 paulo
3734 1664 3853 1705 ante

2268 1725 2660 1793 negotiatores:
2681 1730 2806 1798 quia
2834 1741 2889 1785 et
2925 1735 3305 1802 grammaticus
3334 1744 3511 1806 patcst
3537 1738 3589 1792 in
3617 1746 3730 1794 arte
3760 1757 3852 1795 sua

2267 1813 2492 1872 honeste
2522 1815 2734 1885 vivere;
2764 1837 2869 1877 non
2899 1826 3141 1893 pejorare
3165 1868 3179 1891 ,
3228 1844 3332 1883 non
3376 1832 3612 1886 mentiri.
3638 1832 3852 1899 Quaera-

2265 1923 2385 1961 nms
2428 1926 2555 1978 ergo
2603 1912 2954 1970 litteraturam
2999 1918 3158 1987 quam
3206 1936 3310 1973 non
3360 1924 3609 1991 cognovit
3637 1925 3770 1989 iste,
3801 1926 3851 1979 in

2264 1999 2415 2067 enjus
2444 2018 2538 2056 ore
2577 2004 2685 2056 tota
2715 2001 2805 2059 die
2844 2005 2960 2061 laus
2991 2008 3079 2062 Dei
3112 2021 3214 2063 cst.
3250 2009 3346 2064 Est
3371 2012 3614 2079 quzrdam
3647 2014 3845 2068 litterae

2223 2117 2225 2119 ι
2266 2099 2380 2145 tura
2408 2090 2717 2148 Jutla'orttm
2748 2115 2760 2149 :
2790 2097 2856 2150 ad
2887 2095 3004 2152 illas
3031 2101 3174 2154 enim
3213 2111 3268 2156 et
3303 2102 3403 2155 hoc
3430 2102 3751 2169 referamus;
3782 2107 3848 2158 ibi

2265 2182 2601 2240 inveniemus
2643 2185 2786 2256 quod
2825 2188 3026 2244 dictum
3069 2194 3171 2246 est.
3201 2192 3480 2258 Quomodo
3505 2209 3624 2248 cum
3665 2197 3731 2250 de
3763 2215 3850 2251 ne-

2261 2272 2613 2340 gotiatoribus
2656 2285 3055 2344 quaereremus,
3105 2290 3322 2350 propter
3364 2295 3512 2338 actus
3554 2294 3606 2338 et
3648 2300 3846 2354 Opera,

2264 2363 2564 2421 invenimus
2617 2359 2762 2422 illam
2811 2368 2914 2424 dici
2973 2373 3386 2442 negotiationem
3440 2374 3844 2442 detestandam;

2262 2453 2419 2524 quam
2454 2460 2654 2513 notavit
2691 2457 2983 2529 Apestolus
3010 2463 3235 2520 dicens:
3260 2465 3563 2538 Ignaratttes
3591 2471 3722 2524 enim
3757 2472 3847 2527 Dei

2252 2547 2525 2616 justitiam,
2551 2561 2598 2604 et
2617 2568 2762 2606 suam
2789 2556 3006 2610 volentes
3043 2559 3364 2628 constituere,
3381 2555 3600 2631 justitia:
3630 2563 3722 2618 Dei
3749 2581 3844 2619 nou

2259 2641 2373 2693 sunt
2409 2643 2620 2711 subjecti
2668 2643 2848 2713 (liam.
2884 2662 2912 2700 κ
2936 2689 2951 2711 ,
3001 2649 3077 2717 5).
3109 2649 3304 2705 Contra
3336 2668 3496 2721 quam
3541 2653 3668 2708 dicit
3710 2657 3844 2710 idem

2259 2732 2548 2801 Apostolus
2573 2754 2585 2786 :
2615 2735 2736 2790 Non
2768 2755 2833 2792 ex
2856 2741 3123 2807 operibus,
3171 2759 3233 2795 ne
3265 2747 3397 2812 forte
3419 2747 3531 2810 quis
3554 2749 3843 2804 attollatur.

2259 2824 2538 2889 Quomodo
2569 2828 2735 2894 ergo?
2775 2829 3041 2898 Numquid
3088 2847 3193 2885 non
3233 2835 3576 2902 operabimur
3615 2839 3842 2893 bonum?

2256 2917 2643 2984 Uperabimur;
2677 2919 2768 2972 sed
2793 2922 2910 2990 ipso
2937 2923 2987 2974 in
3019 2924 3170 2977 nobis
3198 2939 3455 2994 operante
3480 2945 3493 2980 :
3519 2925 3694 2995 Ipsius
3718 2933 3841 2984 cuiu:

2253 3023 2429 3061 sumus
2472 3010 2795 3078 ﬁgtitcittttm,
2834 3014 2992 3066 creati
3031 3015 3086 3067 iu
3132 3015 3332 3071 Christo
3365 3016 3490 3072 Jesu
3530 3021 3582 3074 in
3619 3023 3847 3090 operibus

2259 3099 2401 3154 bonis
2432 3099 2646 3170 (Ep/tes.
2681 3115 2738 3170 ιι,
2770 3102 2836 3168 9,
2890 3104 2993 3175 10).
3037 3105 3318 3172 Quomodo
3348 3109 3450 3164 hoc
3488 3127 3616 3182 ergo
3647 3114 3855 3169 inveni-

2256 3206 2376 3246 mus
2399 3202 2585 3247 contra
2634 3196 2992 3264 negotiatores
3019 3238 3034 3262 ,
3082 3197 3133 3253 id
3165 3208 3246 3255 est
3275 3200 3342 3256 de
3367 3211 3486 3256 actu
3515 3205 3842 3273 gloriantes.

2255 3282 2321 3338 tle
2344 3286 2558 3354 negotio
2578 3287 2717 3356 quod
2743 3300 2900 3358 neget
2921 3290 3091 3345 otiilm
3112 3294 3125 3323 ¹
3149 3304 3209 3346 se
3226 3293 3563 3361 extollentes,
3584 3283 3848 3368 inquietos

2258 3377 2433 3445 potius
2458 3392 2616 3446 quam
2649 3379 2822 3433 bonos
2851 3387 3196 3449 operatores;
3228 3381 3350 3455 qitia
3383 3385 3507 3441 boni
3538 3396 3849 3456 operatores

2255 3467 2327 3522 illi
2355 3478 2480 3523 sunt
2501 3469 2553 3522 in
2584 3470 2776 3540 quibus
2811 3471 2952 3526 Deus
2977 3483 3233 3541 apemtur
3255 3491 3268 3530 :
3292 3475 3370 3530 sic
3393 3485 3448 3530 et
3477 3481 3661 3532 nescio
3687 3496 3844 3548 quant

2252 3554 2602 3607 litteraturam
2630 3555 2930 3610 invenimus
2948 3557 3086 3626 apud
3105 3557 3338 3616 Judaros.
3357 3561 3615 3617 Dominus
3635 3564 3778 3620 adsit
3795 3574 3843 3618 ut

2251 3645 2511 3714 explicent
2541 3645 2740 3709 verbis,
2771 3647 2914 3716 quod
2959 3647 3206 3716 dignatus
3235 3661 3315 3704 est
3359 3651 3562 3707 donare
3600 3663 3656 3707 ιιι
3684 3656 3846 3712 corde

2249 3737 2634 3806 conspicerem.
2654 3736 2912 3807 Superbia
2937 3739 3242 3793 Judu‘orum
3266 3744 3700 3810 przesuinchtium
3725 3753 3838 3799 tan-

2250 3843 2406 3896 qoam
2437 3814 2504 3881 de
2532 3827 2732 3882 viribus
2763 3829 2877 3883 suis
2909 3838 2963 3882 et
2989 3831 3057 3885 de
3083 3833 3288 3896 iustitia
3315 3846 3538 3901 Operam
3575 3850 3801 3888 suorum
3828 3880 3842 3899 ,

2247 3917 2574 3982 gloriabatur
2599 3917 2666 3972 de
2687 3917 2846 3988 Lege,
2873 3920 3013 3989 quod
3039 3921 3136 3989 ipsi
3160 3920 3352 3990 Legem
3376 3923 3696 3991 acceperint,
3725 3929 3842 3981 aliu-

2247 4019 2432 4070 gontes
2461 4024 2566 4062 non
2610 4010 2945 4078 acceperint;
2989 4010 3040 4063 in
3085 4028 3188 4081 qua
3231 4011 3396 4081 Lege.
3445 4015 3646 4069 nonde
3672 4021 3838 4085 gratia

2243 4100 2640 4168 gloriabantur,
2672 4100 2765 4155 sed
2800 4101 2868 4157 de
2925 4099 3121 4158 littera.
3158 4103 3266 4158 Lex
3306 4105 3447 4160 enim
3484 4107 3600 4160 sine
3646 4112 3835 4178 gratia,

2247 4193 2420 4245 littera
2443 4192 2556 4245 sola
2581 4200 2666 4246 est.
2695 4209 2708 4244 :
2735 4202 2914 4248 manet
2936 4193 3003 4247 ad
3034 4195 3450 4250 convincendum
3484 4197 3835 4268 iniqttitatcm,

2247 4297 2350 4336 non
2376 4281 2440 4335 ad
2467 4282 2696 4336 dandam
2724 4282 2973 4338 salutem.
3002 4283 3137 4351 Quid
3167 4286 3309 4338 enim
3332 4285 3406 4339 ait
3433 4287 3754 4356 Apostolus?
3777 4291 3838 4344 Si

2241 4375 2376 4428 enim
2405 4375 2527 4428 data
2550 4387 2677 4430 esset
2698 4376 2780 4430 lca:
2802 4392 2918 4448 qua:
2943 4388 3108 4443 posset
3128 4379 3400 4445 vivi/icore,
3425 4380 3630 4435 omnino
3652 4382 3838 4452 exlegc

2241 4476 2366 4519 esset
2392 4467 2638 4534 justitia:
2667 4468 2758 4520 sed
2798 4468 3044 4521 conclusit
3094 4467 3361 4537 Scriptura
3399 4467 3565 4523 omnia
3591 4474 3681 4525 sub
3725 4484 3838 4541 pec-

2240 4566 2371 4615 cato.
2400 4568 2452 4608 ut
2477 4559 2744 4626 promissio
2775 4573 2840 4611 ea:
2861 4558 2963 4625 ﬁde
2989 4557 3115 4611 Jesu
3148 4558 3335 4612 Christi
3357 4560 3564 4614 daretur
3587 4563 3835 4617 ert-“tienti-

2241 4641 2332 4703 ltus
2359 4644 2501 4718 (Cal.
2539 4667 2613 4710 ut,
2652 4652 2747 4712 9.1.
2781 4650 2896 4720 2'1).
2939 4651 3011 4704 De
3039 4650 3140 4706 huc
3179 4652 3352 4707 littera
3383 4651 3509 4706 dicit
3547 4655 3652 4708 alio
3674 4652 3833 4711 loco:

2240 4735 2432 4798 Littera
2457 4747 2679 4807 occidit;
2709 4745 2920 4813 spiritus
2958 4757 3124 4797 autem
3164 4745 3383 4813 viaiﬁcat
3409 4745 3476 4815 (ΙΙ
3498 4746 3617 4801 Cor.
3647 4761 3725 4812 ιιι,
3753 4748 3833 4816 6).

2239 4825 2414 4892 [iubes
2439 4837 2689 4899 litteram,
2720 4838 2764 4889 si
2787 4838 3158 4906 praevaricator
3176 4837 3306 4906 legis
3332 4851 3426 4890 cs:
3455 4837 3554 4904 Qui
3580 4855 3670 4906 per
3699 4840 3823 4892 litte-

2238 4931 2370 4991 rani,
2412 4930 2604 4999 inquit.
2651 4941 2696 4981 et
2736 4930 3167 4982 circumcisiouem
3200 4929 3559 4995 prmvaricator
3603 4932 3729 5002 legis
3758 4951 3831 4987 cs.

2237 5010 2427 5075 Nonne
2455 5020 2591 5075 bene
2613 5031 2859 5074 cantatur
2875 5031 2926 5073 et
2956 5021 3188 5073 dicitur;
3221 5020 3356 5075 Erue
3380 5038 3456 5073 me
3486 5023 3549 5074 de
3577 5040 3730 5075 unum
3759 5025 3831 5077 le-

2237 5128 2348 5182 gem
2379 5114 2729 5180 pra’tereuutis
2772 5122 2820 5165 et
2858 5113 3059 5183 iniqui?
3087 5113 3262 5166 Habes
3295 5112 3556 5177 litteram;
3598 5117 3690 5169 sed
3728 5135 3832 5170 non

2236 5202 2428 5272 imples
2457 5202 2708 5256 litteram.
2744 5197 2895 5258 Unde
2925 5219 3028 5255 non
3062 5203 3249 5270 imples
3285 5204 3832 5270 litteram?Quouiam

2235 5295 2321 5363 qui
2353 5294 2600 5362 praedicas
2622 5311 2722 5347 non
2745 5299 3039 5366 fut-mittunt,
3065 5297 3287 5363 furoris;
3312 5297 3398 5366 qui
3417 5296 3542 5349 dicis
3562 5315 3664 5351 non
3684 5302 3839 5352 adul-

2237 5388 2525 5452 tecandunt,
2557 5387 2854 5451 adulteras;
2879 5388 2966 5456 qui
2990 5387 3297 5442 abominaris
3325 5390 3482 5454 idola,
3509 5393 3833 5459 sacrilegium

2237 5479 2385 5548 facis.
2415 5478 2616 5532 Nomen
2648 5494 2778 5532 enim
2812 5478 2904 5533 Dei
2941 5497 3030 5546 per
3056 5496 3138 5532 vos
3169 5480 3544 5549 blasphematur
3568 5483 3620 5534 in
3653 5482 3832 5536 Genti-

2237 5570 2346 5632 bus,
2401 5569 2528 5622 sicut
2571 5570 2819 5636 scriptum
2873 5582 2944 5622 est
2995 5567 3167 5638 (Rom.
3198 5587 3254 5632 tt.
3281 5570 3499 5640 21-27).
3547 5573 3683 5634 Quid
3740 5575 3830 5626 tibi

2234 5678 2363 5731 ergo
2397 5661 2591 5731 profuit
2621 5663 2790 5716 littera
2833 5678 2992 5732 quam
3035 5680 3137 5716 non
3177 5662 3404 5733 imples?
3431 5663 3610 5730 Quare
3651 5678 3829 5721 autem

2237 5753 2588 5820 nonimples?
2614 5754 2745 5820 Quia
2775 5753 2842 5808 de
2872 5764 2922 5807 te
2953 5755 3442 5823 prmsmnis.Quare
3465 5774 3570 5812 non
3601 5759 3828 5827 imples!

2300 5851 2315 5877 ³
2346 5850 2452 5893 Mss.
2492 5845 2684 5955 quidam
2731 5846 2955 5894 omittunt
2994 5845 3098 5894 lucc
3121 5847 3288 5899 verba.
3323 5849 3452 5911 quod
3475 5859 3611 5911 neget
3635 5853 3783 5901 otium
3808 5893 3822 5904 .

2319 5920 2489 5955 eorum
2530 5922 2618 5955 oro
2636 5907 2850 5955 aomutlli
2874 5909 3072 5955 habent.
3097 5909 3221 5955 «uad
3244 5909 3529 5955 orantium;
3548 5949 3562 5955 -

2238 5916 2291 5954 et
2319 5920 2489 5956 rot‘trn
2514 5907 2618 5956 loco
2636 5907 2850 5957 noxmulli
2874 5909 3072 5967 habent,
3097 5909 3221 5971 quod
3244 5907 3563 5973 negotiantur.
