3990 6350
312 445 417 501 889

310 566 444 628 Quia
475 559 768 629 negotiator
795 572 886 624 es;
916 571 1076 629 opera
1100 566 1185 610 tua
1217 556 1426 610 extollis
1458 574 1471 608 :
1507 557 1681 609 nescis
1709 570 1894 608 neces-

315 656 507 707 Sariain
539 667 657 706 esse
683 652 907 721 gratiam
945 648 1262 718 adjuvantis,
1295 657 1353 700 ut
1384 647 1668 716 impleatur
1695 662 1897 714 pra-ee-

317 759 463 814 ptom
485 744 741 814 jubentis.
776 742 1088 811 Eccejussit
1121 739 1292 803 Deus;
1317 756 1414 809 age
1439 740 1580 810 quod
1606 739 1781 808 jussit.
1818 740 1900 790 ln-

315 839 448 904 cipis
473 851 630 906 agere
666 835 814 904 quasi
848 849 911 887 ex
953 833 1150 885 viribus
1188 832 1312 894 tuis,
1355 840 1408 883 et
1433 830 1612 893 cadis;
1641 840 1694 883 et
1723 840 1901 882 [tumet

314 943 477 999 super
517 938 568 982 te
595 929 765 980 littera
793 927 1034 995 puniens,
1065 939 1168 977 non
1199 924 1430 975 salvans.
1469 921 1656 974 Merito
1683 919 1789 973 Lex
1814 936 1903 989 per

321 1021 528 1092 Moysen
558 1020 676 1072 data
704 1027 774 1070 est
796 1032 814 1080 ;
840 1015 1016 1068 Gratia
1044 1025 1087 1067 et
1114 1014 1294 1066 veritas
1320 1030 1409 1080 per
1443 1010 1622 1065 Jesum
1645 1009 1900 1065 Christum

315 1116 453 1178 facta
473 1119 544 1164 est
567 1107 743 1181 (Joan.
776 1123 813 1172 t,
845 1105 955 1176 Π).
985 1105 1193 1174 Moyses
1209 1103 1443 1172 quinque
1465 1102 1630 1154 libros
1655 1100 1896 1170 scripsit:

315 1203 413 1256 sed
443 1203 493 1255 in
524 1203 757 1271 quinque
801 1198 1096 1270 porticibus
1127 1197 1380 1266 piscinam
1421 1193 1755 1262 cingentibus
1785 1191 1894 1244 lan-

313 1293 457 1363 guidi
484 1294 761 1361 jaeebant;
811 1289 902 1343 scd
947 1289 1120 1344 Curari
1162 1304 1267 1341 non
1315 1295 1561 1355 poterant
1597 1283 1707 1356 (Id.
1743 1301 1794 1349 v,
1821 1284 1898 1353 ἓ).

324 1386 448 1438 Vide
480 1386 745 1455 quomodo
786 1394 962 1436 manet
1003 1383 1196 1442 littera,
1237 1379 1558 1434 courinceus
1594 1393 1764 1436 reum,
1796 1392 1901 1427 non

314 1485 530 1533 salvans
559 1479 816 1547 iniquum.
848 1476 952 1529 lllis
979 1477 1118 1528 enini
1150 1473 1382 1540 quinque
1415 1469 1726 1539 porticibus.
1759 1469 1808 1522 in
1840 1470 1902 1519 ti-

315 1585 446 1638 gura
473 1569 705 1638 quinque
735 1567 1014 1629 libroruin,
1049 1564 1405 1631 prodebantur
1435 1563 1609 1630 potius
1633 1575 1790 1628 quam
1821 1572 1904 1610 sa-

317 1661 580 1712 nabautur
620 1658 826 1726 a-groti.
856 1656 989 1723 Quid
1024 1670 1151 1722 ergo
1192 1654 1259 1706 ibi
1307 1663 1432 1706 tunc
1478 1650 1698 1704 sanabat
1736 1664 1904 1717 :rgro-

321 1751 468 1808 tum?
529 1751 699 1803 Motus
742 1764 914 1819 aquai.
959 1747 1163 1800 l‘iseiua
1219 1743 1306 1798 illa
1359 1753 1501 1797 mota
1547 1740 1904 1796 descendebat

317 1856 574 1910 :rgrotus,
620 1849 674 1893 et
714 1838 997 1893 sanabatur
1043 1847 1200 1897 unus,
1245 1835 1364 1903 quia
1423 1831 1904 1899 unitaszquisquis

319 1933 456 1986 alius
485 1932 550 1983 ad
584 1933 754 1998 ipSum
796 1929 1029 1981 iuotum‘
1061 1925 1430 1984 descenderet.
1461 1938 1568 1976 non
1594 1921 1900 1974 sanabatur.

317 2024 599 2090 Qu‘timodo
623 2020 1096 2074 (anmnemlabatur
1135 2018 1308 2070 unitas
1346 2015 1589 2084 corporis
1627 2013 1904 2066 clamantis

318 2132 348 2170 a
395 2116 588 2168 linibus
631 2114 829 2168 terrm?
867 2113 1015 2166 Alius
1065 2115 1170 2162 n'on
1217 2106 1521 2170 satiabatur,
1577 2103 1678 2158 nisi
1720 2117 1904 2156 rursus

319 2220 460 2261 mota
492 2207 674 2259 fuisset
700 2204 922 2274 piscina.
958 2199 1296 2270 Signiﬁcabat
1321 2212 1448 2267 ergo
1488 2195 1704 2266 piscina:
1730 2204 1904 2249 motus

322 2298 773 2366 perturbationem
818 2295 993 2362 populi
1019 2291 1352 2355 Jodieorutu,
1391 2287 1603 2356 quando
1628 2286 1770 2340 venit
1797 2276 1901 2338 Do-

320 2395 496 2445 minus
517 2391 669 2444 Jesns
699 2389 963 2440 libris-tus.
997 2384 1182 2454 Angeii
1206 2384 1350 2437 enim
1380 2381 1609 2433 adventu
1641 2375 1906 2446 intellige-

324 2483 479 2534 batur
501 2496 698 2531 moveri
723 2494 854 2547 aqua
890 2478 939 2528 in
967 2475 1188 2544 piscina.
1215 2474 1364 2540 Aqua
1395 2485 1522 2537 ergo
1545 2469 1716 2522 uineta
1741 2465 1905 2534 porti-

317 2573 472 2626 cibus
513 2572 764 2640 quinque,
811 2581 940 2636 gens
976 2575 1092 2618 erat
1117 2563 1298 2617 Judzea
1327 2561 1498 2614 cincta
1544 2557 1702 2625 Lege.
1755 2556 1820 2609 Et
1851 2557 1901 2608 in

322 2665 610 2733 porticibus
640 2661 821 2729 a-groti
843 2658 1111 2728 iacebant,
1149 2666 1199 2709 et
1228 2655 1280 2708 in
1307 2654 1418 2707 sola
1457 2667 1590 2720 aqua
1619 2650 1823 2703 turbata
1849 2657 1904 2702 et

321 2771 464 2810 muta
495 2745 841 2808 sanaliantur.
896 2752 1049 2804 Venit
1078 2748 1349 2810 Dominus,
1395 2745 1599 2797 turbata
1634 2753 1711 2795 est
1742 2749 1898 2808 aqua,

318 2849 607 2901 ei'tteitixus
638 2856 746 2904 cst;
790 2840 1075 2894 descendat
1117 2849 1171 2891 ut
1221 2845 1440 2890 sanetur
1469 2841 1720 2902 mgrotus.
1765 2832 1901 2895 Quid

318 2953 347 2988 θ
382 2949 418 2999 ι,
451 2934 775 2990 ἀυδουιιύιιιῖ
804 2930 1053 2985 llutniliet
1086 2945 1163 2982 se.
1195 2927 1334 2994 Ergo
1367 2926 1685 2995 quicumque
1713 2921 1904 2973 amatis

316 3030 548 3084 litteram
579 3027 693 3079 sine
729 3025 918 3095 gratia,
959 3025 1010 3076 iu
1044 3020 1332 3091 porticibus
1360 3016 1736 3079 remanebitis;
1765 3013 1893 3080 aegri

318 3121 488 3181 eritis,
516 3117 781 3187 jacentes,
817 3130 922 3170 non
951 3113 1424 3167 convalescentes:
1453 3108 1518 3161 de
1549 3107 1722 3161 littera
1752 3107 1896 3158 enim

320 3208 661 3281 praesumitis.
698 3206 760 3262 Si
797 3207 928 3260 enim
966 3204 1087 3256 data
1125 3213 1248 3257 esset
1287 3202 1369 3255 lca:
1393 3213 1505 3270 quae
1528 3209 1696 3269 posset
1736 3197 1900 3265 riviﬁ.

316 3317 455 3364 care,
477 3300 680 3354 omnino
704 3315 765 3352 ex
785 3297 892 3367 lege
918 3305 1041 3349 esset
1058 3295 1279 3364 ἀκμαία.
1309 3292 1413 3347 Sed
1443 3291 1566 3344 data
1595 3300 1680 3344 est
1706 3289 1812 3353 lex,
1848 3292 1905 3343 ut

319 3407 443 3447 reos
487 3407 581 3444 vos
612 3395 830 3456 taceret,
871 3388 948 3442 rei
994 3387 1115 3440 lacti
1148 3387 1426 3449 timeretis,
1460 3381 1706 3436 timentes
1731 3381 1904 3434 indol-

315 3486 548 3554 gentiam
589 3481 860 3553 peteretis,
884 3480 991 3548 jam
1019 3478 1086 3533 de
1118 3477 1318 3530 viribus
1345 3476 1536 3527 vestris
1573 3488 1678 3525 non
1703 3485 1904 3541 pra-su-

321 3575 559 3639 rnerctis,
591 3573 656 3626 de
687 3572 860 3625 littera
892 3584 989 3622 vos
1024 3585 1128 3622 non
1156 3565 1503 3621 extolleretis.
1532 3563 1662 3618 Nam
1695 3560 1806 3632 ipsa
1841 3562 1904 3614 ti—

319 3682 450 3738 gura
478 3676 559 3718 est
586 3665 771 3726 etiam,
800 3661 941 3729 qttod
974 3660 1179 3712 Eliseus
1211 3657 1382 3725 primo
1420 3653 1487 3708 ad
1523 3663 1791 3707 mortuum
1821 3667 1906 3704 re-

321 3756 681 3811 suscitandum
709 3754 953 3807 baculum
982 3752 1126 3803 misit
1155 3766 1248 3818 per
1269 3763 1504 3802 servum.
1528 3745 1766 3799 Mortuus
1791 3753 1906 3796 erat

321 3851 462 3904 tilius
487 3849 656 3901 vidua:
702 3847 922 3914 hospita:
954 3846 1153 3914 ipsius;
1185 3842 1483 3895 ntuitiatuni
1514 3846 1596 3891 est
1634 3837 1706 3902 ei,
1747 3851 1902 3889 servo

323 3959 420 3993 suo
446 3940 593 3993 dedit
634 3938 878 3992 baculum
919 3951 1073 3987 suum
1106 3951 1120 3986 :
1157 3931 1312 3996 l’ade,
1345 3929 1534 3998 inquit,
1584 3944 1709 3995 pone
1749 3943 1902 3997 super

325 4042 574 4085 mortuum
612 4027 700 4096 (ιγ
735 4028 862 4097 Reg.
889 4041 966 4089 tv,
991 4024 1108 4094 29).
1158 4020 1435 4097 Nesciebat
1466 4018 1729 4087 Propheta
1778 4017 1902 4084 quid

325 4121 545 4190 ageret?
570 4119 852 4173 Ριπιεςθεμίι
875 4121 1081 4176 servus,
1106 4113 1282 4181 pes-uit
1309 4111 1551 4164 baculum
1578 4123 1740 4178 super
1760 4125 1903 4160 titur-

327 4223 496 4274 tuum,
542 4226 645 4262 non
687 4209 919 4262 surrexit
958 4216 1216 4259 mortuus.
1251 4203 1311 4256 Si
1354 4204 1486 4254 enim
1512 4202 1630 4253 data
1671 4209 1794 4253 esset
1828 4199 1909 4250 lea:

324 4321 436 4376 qua:
460 4313 620 4373 posset
671 4301 941 4367 rivi/icere,
987 4312 1098 4350 vere
1125 4311 1186 4348 ea:
1232 4295 1339 4364 lege
1385 4303 1508 4349 esset
1526 4291 1751 4361 justitia.
1793 4289 1906 4342 Non

325 4396 610 4450 viviticavit
652 4393 736 4446 lex
765 4407 857 4461 per
879 4405 1088 4444 servum
1119 4387 1312 4449 missa;
1345 4395 1400 4439 et
1439 4393 1616 4437 tamen
1649 4383 1737 4436 ille
1767 4385 1866 4435 mis
1893 4393 1909 4433 t

324 4488 573 4543 baculum
605 4501 758 4539 suum
787 4499 879 4552 per
904 4497 1137 4544 servum,
1169 4479 1256 4548 qui
1286 4487 1465 4546 postea
1497 4485 1711 4530 secutus
1743 4474 1908 4528 viviti-

326 4583 487 4638 cavit.
519 4580 753 4646 Namque
778 4593 897 4630 cum
929 4575 1019 4628 ille
1047 4574 1220 4625 iulans
1254 4587 1358 4624 non
1388 4569 1789 4630 resurrexi‘Ssct,
1821 4583 1910 4618 νς-

325 4688 406 4729 nt
449 4676 559 4741 ipse
606 4672 834 4734 Eliseus,
876 4668 985 4738 jam
1036 4657 1254 4735 ligarant
1300 4673 1513 4731 portans
1557 4660 1786 4724 Domini,
1823 4659 1910 4726 qui

328 4781 543 4818 servum
574 4777 726 4815 somn
756 4775 875 4813 cuni
905 4757 1116 4820 bat-nlo,
1151 4765 1399 4822 tanquam
1427 4767 1546 4806 cum
1573 4748 1734 4820 Lege,
1773 4765 1910 4819 pra--

329 4855 582 4918 miscrat;
611 4853 757 4906 venit
780 4850 844 4904 ad
865 4850 1127 4918 jacentetu
1154 4856 1442 4908 mortuum,
1473 4843 1650 4912 posuit
1677 4841 1912 4894 tuetnbra

329 4958 424 5001 sua
451 4961 612 5014 super
645 4943 810 4995 illum.
854 4939 947 4993 ltle
989 4936 1160 4992 infans
1191 4947 1338 4998 erat;
1373 4936 1460 4989 ille
1492 4933 1710 5001 juvenis
1753 4940 1867 4984 erat
1900 4948 1912 4984 :

327 5035 594 5091 contraxit
641 5041 694 5086 et
739 5030 995 5085 breviavit
1033 5025 1438 5096 quodammodo.
1462 5023 1758 5093 juventutis
1806 5037 1916 5075 sine

332 5126 772 5196 magnitudinem,
797 5122 1048 5191 parvulus
1077 5120 1245 5173 laetus
1266 5128 1324 5172 ut
1349 5128 1558 5172 mortuo
1576 5125 1912 5185 congrueret.

333 5218 570 5270 Mortuus
615 5229 743 5284 ergo
771 5211 1020 5274 surrexit,
1054 5225 1172 5262 cum
1202 5225 1259 5263 se
1290 5211 1437 5261 rivus
1469 5217 1680 5260 mortuo
1712 5217 1920 5275 coapta-

336 5314 449 5363 vlt:
485 5319 536 5363 et
583 5307 706 5361 fecit
742 5305 994 5359 Dominus
1021 5303 1158 5370 quod
1203 5317 1306 5352 non
1338 5299 1460 5352 fecit
1493 5299 1745 5361 baculus;
1789 5296 1915 5350 fecit

333 5401 503 5472 gratia
534 5399 675 5468 quod
720 5413 823 5449 non
871 5394 992 5450 fecit
1025 5395 1219 5446 littera.
1254 5391 1329 5445 llli
1358 5406 1486 5459 ergo
1511 5390 1600 5458 qui
1643 5391 1692 5442 in
1729 5390 1918 5442 baculo

335 5501 725 5552 rctuans‘eruut,
768 5489 819 5541 iu
851 5488 1024 5540 littera
1060 5486 1374 5554 gloriantur,
1423 5493 1477 5536 et
1507 5484 1624 5536 ideo
1654 5500 1756 5534 non
1787 5483 1914 5533 vivi-

337 5584 585 5650 licantur.
617 5579 731 5648 Ego
757 5589 933 5630 autem
966 5576 1033 5628 de
1063 5575 1226 5643 gratia
1259 5585 1342 5626 tua
1369 5576 1486 5627 volo
1515 5573 1752 5643 gloriari.
1789 5573 1920 5627 Μϋιὶ

336 5686 525 5734 autem,
553 5672 627 5723 ait
655 5671 960 5738 Apostolus,
994 5667 1118 5718 absit
1160 5666 1365 5735 gloriari
1406 5666 1502 5718 nisi
1545 5666 1596 5716 in
1635 5680 1782 5716 cruce
1811 5663 1919 5715 Do-

402 5786 417 5816 ί
443 5785 516 5832 sic
549 5779 781 5830 meliores
816 5785 920 5826 Mss.
963 5786 1014 5824 At
1039 5776 1169 5833 md"
1197 5783 1306 5824 ante
1329 5775 1486 5834 ipsum
1517 5782 1694 5823 motum
1724 5787 1742 5823 :
1767 5775 1924 5822 minus

337 5850 488 5896 bene.
526 5846 861 5908 niuem-time
902 5847 1066 5906 contra
1114 5844 1377 5886 [nuntiatus
1419 5840 1652 5886 unitatem
1697 5836 1922 5886 Ecclesia:

335 5905 667 5957 eununenoari
695 5902 1128 5965 vultaugustinus.

1392 441 1788 495 ENARIlATlO
1830 442 1892 495 lN
1937 435 2258 496 PSALNIUM
2295 443 2452 497 L.\X.

3490 447 3590 503 890

2017 560 2138 611 mini
2165 562 2322 612 nostri
2348 561 2468 612 Jestt
2507 557 2694 613 Christi
2736 559 2873 625 (Cal.
2909 577 2980 626 \‘t;
3019 555 3124 631 Μ),
3157 561 3256 616 nisi
3296 563 3348 616 in
3376 561 3468 617 illo
3496 582 3585 632 qm

2008 665 2066 703 se
2098 653 2223 704 mihi
2254 668 2403 704 VtVllS
2432 661 2660 715 mortuo,
2707 663 2760 705 ut
2804 669 3156 723 resurgerem,
3193 657 3494 724 eoaptavit;
3528 669 3580 709 ut

2003 743 2112 809 jam
2142 758 2246 795 no"
2279 759 2378 812 ego
2403 741 2654 812 viverem,
2681 738 2887 797 diveret
2933 754 3108 798 autem
3138 746 3189 798 in
3230 761 3315 800 tne
3338 745 3581 800 Christus

2011 833 2120 899 (Id.
2157 851 2208 884 ι’.
2253 834 2365 902 20).
2399 834 2454 887 lu
2487 838 2597 901 ipsa
2642 836 2808 902 gratia
2839 835 3087 904 glorians.
3119 837 3450 892 litteraturam
3479 855 3578 891 non

2008 927 2218 995 cognovi
2248 942 2266 979 :
2297 926 2346 979 id
2375 935 2479 990 est,
2514 925 2756 980 homines
2786 926 2852 980 de
2878 927 3052 982 littera
3092 939 3500 996 praesumentes,
3530 937 3584 983 et

2007 1034 2033 1068 a
2065 1017 2227 1082 gratia
2261 1017 2578 1078 resilientes,
2609 1027 2721 1071 toto
2749 1019 2912 1071 corde
2936 1017 3235 1086 reprobavi.

2077 1110 2166 1162 ΩΟ.
2209 1109 2358 1180 [vers.
2391 1106 2503 1181 16.]
2543 1105 2729 1164 Merito
2777 1110 3041 1178 sequitur,
3071 1109 3302 1163 lntroibo
3329 1109 3379 1162 in
3410 1120 3587 1177 poten-

2007 1204 2128 1254 tiam
2155 1200 2358 1254 Domini
2381 1217 2400 1255 :
2425 1217 2528 1255 non
2560 1218 2752 1266 meum,
2777 1201 2869 1255 sed
2902 1201 3124 1255 Domini.
3156 1202 3287 1256 Nam
3315 1201 3389 1255 illi
3420 1203 3471 1255 in
3500 1217 3588 1270 ρος

2009 1296 2168 1347 tentia
2217 1310 2309 1347 sua
2340 1293 2408 1348 de
2450 1295 2620 1348 littera
2666 1293 2875 1362 gloriati
2920 1304 3078 1356 sunt;
3123 1293 3243 1347 ideo
3284 1293 3587 1360 adjunCtam

2009 1387 2198 1439 litterae
2217 1387 2440 1455 gratiam
2461 1401 2564 1439 non
2586 1394 2964 1454 cognoverunt.
2989 1385 3119 1440 Nam
3147 1384 3254 1439 Lex
3270 1401 3359 1454 per
3375 1384 3586 1453 Moysen

2006 1479 2126 1532 data
2145 1487 2216 1532 est
2237 1495 2254 1541 ;
2283 1479 2447 1549 gratia
2477 1487 2524 1530 et
2542 1477 2721 1530 veritas
2743 1493 2830 1544 per
2852 1474 3027 1528 Jesum
3053 1473 3306 1528 Christum
3333 1474 3469 1542 facta
3489 1484 3583 1527 est.

2009 1567 2123 1640 Ipse
2147 1570 2290 1624 enim
2319 1569 2463 1622 venit
2492 1576 2549 1622 ut
2577 1567 2772 1636 Legem
2801 1567 3068 1633 impleret,
3105 1564 3317 1632 quando
3349 1563 3583 1616 Charita-

2008 1673 2113 1716 tem
2142 1661 2380 1725 donavit,
2407 1676 2503 1728 per
2529 1674 2683 1727 quam
2708 1656 2814 1710 Lex
2847 1666 3028 1725 posset
3051 1655 3276 1723 impleri.
3308 1652 3584 1708 Plenitudo

2007 1753 2139 1805 enim
2168 1751 2318 1821 Legis
2344 1751 2562 1804 charitas
2589 1750 2607 1813 (
2622 1747 2772 1801 Rout.
2800 1762 2914 1806 xui.
2943 1746 3053 1813 10).
3089 1745 3163 1798 Illi
3195 1760 3299 1798 non
3329 1742 3586 1798 habentes

2008 1843 2343 1902 cbaritatem.
2386 1839 2436 1895 id
2473 1848 2575 1902 est,
2619 1854 2724 1892 non
2774 1837 3028 1890 habentes
3071 1836 3326 1904 Spiritum
3376 1833 3582 1905 gratim,

2007 1937 2125 2004 qtiia
2166 1934 2386 1988 cltaritas
2428 1931 2521 1986 Dei
2553 1929 2744 1995 dill'usa
2785 1938 2858 1982 est
2899 1928 2949 1980 in
2987 1925 3218 1978 cordibus
3254 1925 3456 1988 nostris,
3496 1937 3582 1993 per

2010 2027 2261 2096 Spiritum
2297 2033 2526 2078 sanctum
2563 2023 2646 2094 qui
2688 2023 2837 2072 datus
2877 2028 2951 2072 est
2990 2013 3130 2072 nobis
3161 2015 3272 2090 (Id.
3302 2031 3358 2079 v,
3384 2014 3458 2086 5).
3491 2032 3579 2068 re-

2012 2126 2322 2173 manserunt
2347 2116 2636 2186 gloriantes
2663 2113 2715 2166 in
2751 2112 2944 2166 littera.
2976 2110 3078 2165 Sed
3109 2109 3228 2177 quia
3259 2110 3423 2161 littera
3454 2109 3582 2160 oeci--

2007 2212 2119 2274 dit;
2143 2209 2352 2279 spiritus
2384 2214 2550 2261 autem
2579 2204 2795 2272 vivi/ient
2817 2219 2838 2265 ;
2873 2217 2971 2254 non
3001 2199 3210 2269 cognovi
3232 2199 3582 2258 litteraturam,

2007 2305 2060 2354 et
2089 2299 2303 2353 intraibo
2331 2298 2386 2351 in
2427 2296 2701 2368 potentiam
2745 2291 2971 2346 Domini.
3002 2291 3122 2344 Ideo
3155 2303 3344 2343 versus
3371 2290 3470 2341 iste
3500 2303 3582 2340 sc-

2007 2407 2178 2459 queus
2214 2388 2494 2445 conﬁrmat
2534 2385 2848 2455 perlicitque
2892 2380 3238 2441 sententiam.
3281 2381 3351 2434 ita
3383 2389 3436 2431 ut
3467 2393 3583 2430 eam

2010 2489 2132 2556 ligat
2186 2485 2239 2538 in
2283 2480 2534 2536 cordibus
2584 2478 2894 2538 hominum.
2953 2489 3052 2529 nec
3099 2473 3260 2527 alium
3318 2471 3587 2540 permittat

2009 2580 2225 2632 omnino
2254 2577 2493 2645 irrepere
2535 2573 2642 2628 nlla
2681 2587 2750 2625 ex
2781 2579 2930 2638 parte
2971 2567 3319 2622 intellectum.
3349 2562 3584 2624 Domine,

2007 2670 2322 2722 iiirinorabor
2335 2667 2553 2737 iustitia:
2577 2677 2678 2718 tua:
2709 2661 2884 2717 solius.
2915 2660 2960 2714 0
2983 2657 3180 2714 solius!
3205 2654 3343 2725 Quid
3364 2652 3584 2716 addidit,

2007 2760 2205 2814 satius?
2241 2774 2370 2829 rogo
2399 2773 2511 2811 vos.
2542 2756 2850 2818 Sufllccret,
2876 2747 3192 2806 memorabor
3208 2746 3426 2820 justitic
3465 2756 3583 2797 tum.

2011 2851 2201 2913 Solius,
2242 2849 2430 2919 inquit.
2461 2851 2681 2916 prorsus
2715 2860 2728 2899 :
2759 2845 2829 2899 ibi
2872 2858 3044 2897 meam
3094 2855 3198 2894 non
3225 2838 3418 2908 cogito.
3451 2833 3586 2901 Quid

2009 2944 2141 2996 enim
2165 2942 2316 2996 habes
2347 2939 2481 3006 quod
2519 2956 2622 2993 non
2656 2937 2929 3008 accepisti?
2978 2934 3040 2989 Si
3065 2943 3229 2986 autent
3257 2939 3302 2985 et
3329 2928 3582 2998 accepisti,

2007 3032 2129 3096 quid
2156 3031 2392 3103 glariaris
2415 3030 2560 3100 quasi
2583 3045 2684 3083 non
2711 3026 2964 3096 acceperis
2988 3024 3032 3096 (1
3060 3026 3178 3078 Cor.
3204 3036 3280 3088 Iv,
3309 3018 3403 3093 7)?
3425 3019 3588 3075 Justi-

2011 3125 2083 3179 ua
2112 3133 2198 3177 tua
2233 3122 2344 3177 sola
2373 3138 2459 3176 me
2501 3119 2726 3183 liberat;
2758 3125 2875 3173 mea
2903 3117 3012 3171 sola
3051 3132 3155 3170 non
3183 3122 3306 3168 sunt
3334 3112 3431 3168 nisi
3461 3127 3584 3180 pec'

2007 3224 2148 3270 (sua.
2176 3213 2290 3268 Non
2319 3212 2519 3282 glorier
2541 3226 2670 3279 ergo
2693 3210 2761 3264 de
2782 3208 2980 3262 viribus
3006 3209 3175 3271 meis;
3205 3221 3311 3260 non
3334 3205 3384 3257 in
3414 3203 3585 3258 littera

2010 3320 2312 3362 remaneant
2338 3323 2353 3361 :
2380 3304 2659 3372 reprobem
2708 3302 3080 3363 litteraturam,
3129 3298 3180 3351 id
3223 3308 3306 3354 est
3346 3296 3589 3350 homines

2009 3399 2075 3467 de
2122 3396 2296 3451 littera
2343 3395 2654 3468 gloriantes,
2697 3401 2753 3447 et
2791 3391 2859 3446 de
2907 3391 3021 3445 suis
3065 3388 3268 3443 viribus
3311 3401 3585 3456 perverse,

2013 3502 2258 3558 tanquam
2283 3487 2638 3558 pltreueticos,
2666 3491 3088 3556 praesumentes;
3114 3480 3397 3550 reprobeni
3429 3479 3584 3542 tales,

2011 3584 2198 3636 intrem
2224 3583 2273 3633 in
2306 3579 2590 3648 potentiam
2620 3575 2845 3640 Domitii,
2874 3584 2929 3627 ut
2949 3572 3161 3644 quando
3183 3571 3424 3626 infirmus
3443 3584 3583 3632 srnn,

2013 3689 2136 3728 tunc
2166 3680 2351 3742 pilleus
2390 3672 2524 3733 sim;
2571 3681 2626 3720 ttt
2669 3678 2724 3720 tu
2756 3667 2807 3720 in
2850 3681 2937 3720 me
2980 3665 3054 3720 sis
3097 3670 3310 3734 potens,
3338 3659 3590 3731 quoniam

2009 3763 2321 3821 ntemoralzor
2341 3752 2556 3834 iustitia:
2580 3774 2679 3815 tuae
2703 3762 2881 3814 solius.

2675 3908 2843 3947 επιεικο
2873 3907 2931 3945 Il.

2441 4014 2514 4068 De
2541 4014 2758 4067 secunda
2781 4021 2924 4082 parte
2955 4006 3166 4061 Psalmi.

2087 4156 2137 4208 l.
2178 4153 2411 4207 Gratiam
2443 4149 2556 4210 Dei,
2586 4163 2688 4216 qua
2715 4144 2879 4214 gratis
2917 4143 3050 4197 salvi
3083 4141 3205 4195 facti
3239 4154 3442 4202 sumus,
3476 4135 3596 4189 titil-

2015 4249 2077 4301 lis
2117 4245 2310 4300 nostris
2340 4241 2543 4298 meritis
2567 4237 3006 4310 prmcedentibus,
3040 4232 3142 4287 nisi
3165 4229 3358 4302 quibus
3386 4226 3560 4296 suppli
3581 4255 3595 4265 -

2014 4342 2152 4392 cium
2195 4337 2508 4402 debebatur,
2558 4333 2660 4387 isto
2691 4328 3055 4386 commendari
3086 4326 3312 4396 psalmo,
3348 4323 3596 4376 hesterna

2014 4432 2100 4485 die
2127 4428 2507 4483 insinuavimus
2524 4423 2780 4478 Charitati
2806 4421 3006 4475 Vestra:
3029 4431 3294 4487 :eumque
3323 4413 3599 4470 tractando

2015 4520 2263 4588 quoidam
2292 4517 2443 4570 linire
2472 4515 2830 4582 nequivimus,
2857 4518 3153 4565 extremam
3174 4506 3290 4576 ejus
3315 4513 3517 4573 partem
3543 4503 3596 4556 in

2019 4610 2326 4662 bcrliernam
2356 4605 2495 4660 diem
2527 4602 2850 4666 distulimus,
2897 4598 3270 4669 promittentes
3299 4595 3350 4649 in
3380 4592 3600 4646 nomine

2023 4684 2227 4752 homini
2261 4711 2360 4750 nos
2393 4695 2630 4748 debitum
2675 4692 2962 4746 soluturos.
3003 4685 3156 4756 Quod
3191 4682 3429 4740 solvendi
3467 4696 3604 4747 quo-

2023 4791 2160 4843 niam
2193 4799 2402 4856 tempus
2427 4795 2528 4850 est,
2563 4784 2804 4837 adestote
2830 4781 3031 4840 animo,
3068 4785 3316 4844 tanquam
3343 4788 3472 4843 agro
3502 4773 3606 4825 ler-
3638 4824 3640 4826 _

2025 4879 2119 4938 uti,
2153 4870 2239 4930 ubi
2263 4888 2314 4930 et
2351 4889 2531 4928 semen
2562 4870 2945 4939 nndtiplicctis,
2977 4878 3031 4922 et
3061 4867 3252 4936 plusne
3279 4862 3467 4932 ingrati
3499 4877 3603 4915 non

2022 4971 2157 5025 sitis.
2186 4966 2688 5024 Cornun-mlavimus
2709 4965 2960 5018 hesterno
2981 4960 3069 5013 die
3104 4959 3310 5012 titulum
3333 4955 3482 5026 ejus;
3513 4954 3603 5007 sed

2027 5071 2242 5131 propter
2274 5057 2629 5113 renovandam
2660 5055 3008 5108 intentionem
3039 5059 3292 5107 vestram,
3322 5057 3375 5100 et
3419 5048 3502 5099 his
3533 5049 3606 5098 in-

2029 5152 2319 5208 timandum
2346 5151 2434 5219 qui
2467 5151 2578 5202 beri
2631 5148 2879 5200 absentes
2925 5144 3156 5197 luerunt.
3189 5141 3416 5195 breviter
3454 5155 3603 5190 cmu-

2029 5257 2390 5298 nn-moramus
2413 5240 2553 5308 quod
2581 5240 2814 5292 recolant
2841 5237 2928 5305 qni
2953 5237 3251 5295 audierunt,
3275 5233 3487 5284 audiant
3519 5230 3605 5296 qui

2031 5338 2350 5389 ne-t‘iet'unt.
2380 5316 2636 5387 Filiorum
2662 5329 2904 5384 Jouadab
2923 5327 3169 5384 Psahnus
3195 5331 3312 5387 est;
3339 5320 3478 5392 quod
3510 5338 3608 5372 no-

2033 5425 2152 5482 iuen
2208 5429 2588 5496 interpretatur
2640 5421 2848 5477 Domini
2901 5419 3238 5490 Spontaneus
3287 5429 3305 5472 :
3355 5411 3607 5483 quoniam

2032 5531 2345 5587 Spontanea,
2374 5519 2472 5571 hoc
2494 5525 2577 5570 est
2599 5513 2758 5579 bona,
2781 5529 2936 5585 pura,
2963 5512 3168 5565 sincera
3195 5518 3246 5560 et
3273 5503 3505 5574 perlecta
3529 5517 3611 5553 vo-

2035 5615 2256 5675 luntate,
2319 5625 2424 5664 non
2467 5609 2590 5660 ﬁcto
2636 5606 2798 5660 corde
2847 5604 3069 5657 Domino
3114 5597 3451 5654 serviendum
3492 5603 3612 5657 est;

2033 5702 2174 5772 quod
2203 5702 2363 5756 etiam
2405 5698 2535 5752 illud
2581 5697 2778 5750 indicat
2817 5694 2906 5748 ubi
2935 5693 3134 5747 dictum
3181 5697 3286 5755 est,
3326 5684 3614 5742 Voluntaria

2033 5793 2327 5862 sacriﬁcabo
2359 5791 2444 5843 tibi
2469 5788 2640 5859 (Psal.
2675 5803 2787 5852 LIII,
2828 5788 2907 5854 8).
2939 5783 3090 5838 Filiis
3124 5780 3301 5851 hujus,
3341 5775 3393 5833 id
3421 5787 3524 5839 est,
3552 5780 3616 5827 tn-

2039 5887 2125 5942 lhs
2170 5882 2484 5939 obedientiie
2531 5888 2770 5935 mutatur
2794 5877 3056 5944 Psalmus,
3100 5881 3155 5928 et
3204 5871 3286 5926 uis
3329 5868 3418 5939 qui
3461 5865 3615 5937 pruni
