3990 6304
291 455 399 511 8οὸ

1402 455 1798 514 εκληηλτιο
1839 458 1903 511 tN
1946 443 2264 516 PSALMUM
2308 460 2471 516 Lxx.

3476 479 3575 531 891

285 575 438 642 Quod
463 585 638 632 autem
658 575 794 628 viam
816 573 1086 644 ingressus
1113 587 1193 635 es,
1229 572 1479 645 juventus
1516 573 1619 636 est,
1645 570 1757 644 ipsa
1789 589 1876 629 rc-
1945 643 1948 648 _
1985 587 2104 626 eum
2157 589 2362 629 mecum
2407 589 2467 629 cs
2517 577 2675 639 vivo.
2721 588 2771 633 et
2825 583 3016 639 animle
3066 602 3200 642 meae
3243 589 3346 642 vita
3400 600 3452 643 tu
3495 605 3574 650 es.

288 666 589 728 nm~atio,ct
612 665 816 720 initium
869 664 1010 719 ﬁdei.
1053 666 1230 721 ,Antea
1267 665 1411 718 enim
1449 663 1758 719 ambulabas
1785 679 1878 734 per

287 758 404 812 viss
431 769 547 811 tuas
571 758 909 826 vagalumdus
935 775 950 820 ;
977 772 1163 812 errans
1190 773 1280 826 per
1303 757 1516 820 silvosa,
1539 773 1634 826 per
1656 771 1869 826 aspera,

285 849 548 904 laceratus
577 849 824 907 otnuihté"
845 849 1098 911 membris
1129 863 1143 902 :
1197 849 1416 923 patriam
1443 848 1744 918 querebas,
1767 844 1885 905 hoc

280 951 361 1006 est
395 940 738 997 stabilitatem
777 938 1060 1010 quamdam
1106 937 1326 1006 Spiritus
1367 937 1462 1000 tui,
1510 937 1596 992 ubi
1641 938 1870 1007 diceres,

281 1031 429 1100 Belle
453 1041 573 1093 est;
602 1041 658 1102 et
682 1043 907 1091 securus
951 1031 1186 1106 diceres.
1227 1030 1435 1098 quietus
1479 1029 1547 1087 ab
1575 1029 1717 1090 omni
1745 1038 1866 1083 mo-

280 1121 457 1189 lqstia,
487 1122 557 1178 ab
581 1123 726 1178 ornui
755 1120 1063 1184 tcntationc.
1094 1121 1161 1179 ab
1208 1120 1350 1173 omni
1388 1128 1655 1188 postremo
1695 1120 1869 1189 capti-

275 1211 554 1274 vitatc;et
586 1209 1042 1269 nouinvcuiebas.
1083 1208 1220 1275 Quid
1275 1210 1483 1268 dicam?
1528 1208 1680 1268 Venit
1703 1209 1769 1263 ad
1817 1219 1869 1264 te

274 1301 367 1371 qui
412 1299 502 1354 tibi
557 1300 862 1358 ostendet-ct
922 1301 1102 1355 viam?
1134 1299 1290 1356 Venit
1324 1300 1388 1352 ad
1437 1309 1486 1353 te
1528 1300 1783 1368 ipsa'via,
1815 1311 1868 1360 et

273 1393 597 1450 constitutus
625 1405 684 1447 es
709 1391 761 1444 in
787 1406 847 1444 ea
882 1391 1038 1445 nullis
1060 1391 1162 1442 tuis
1184 1390 1392 1443 meritis
1419 1377 1863 1459 pra‘ecdeittibus,

271 1482 526 1550 quoniam
551 1481 730 1552 utique
756 1480 997 1541 errabas.
1034 1477 1194 1547 Quid,
1225 1480 1300 1534 ex'
1341 1493 1446 1551 quo
1476 1478 1749 1552 ingressus
1774 1466 1860 1546 es,

265 1588 379 1644 jam
408 1573 548 1644 regis
579 1572 672 1632 te?
690 1573 798 1646 jam
821 1571 910 1627 ille
929 1572 1018 1642 qui
1045 1573 1182 1636 viam
1222 1570 1405 1632 docuit
1431 1578 1503 1638 te,
1531 1569 1750 1647 dimittit
1769 1569 1864 1625 te?

268 1663 411 1726 Non.
445 1663 615 1736 inuuit
647 1683 662 1721 :
713 1661 938 1717 Docuisti
967 1678 1044 1729 me
1068 1648 1131 1725 ea:
1156 1663 1412 1729 iuventute
1459 1673 1613 1724 mea;
1639 1667 1687 1714 et
1709 1661 1864 1732 usque

268 1753 740 1826 nvnc,annuntiobo
761 1753 1013 1806 mirabilia
1058 1761 1163 1806 tua.
1192 1750 1430 1813 Mirabile
1455 1759 1540 1806 est
1561 1751 1705 1805 enim
1719 1749 1860 1822 quod

267 1843 446 1899 adhuc
467 1843 619 1907 lueis,
649 1854 705 1898 ut
733 1858 886 1913 regas
915 1857 1020 1904 me,
1050 1842 1139 1911 qui
1171 1842 1223 1895 in
1263 1841 1341 1894 via
1371 1840 1592 1911 posuisti
1620 1855 1706 1896 me
1733 1826 1753 1906 Δ;
1806 1851 1862 1896 et

267 1933 387 1990 haec
419 1944 538 1991 sunt
583 1933 841 1990 mirabilia
870 1943 978 1987 tua.
1012 1933 1151 2006 Qua:
1190 1941 1335 1997 sunt,
1377 1938 1549 2002 putas,
1595 1930 1860 2011 mirabilia

269 2024 368 2081 Dei
393 2025 418 2079 ?
442 2025 579 2094 Quid
621 2025 914 2080 mirabilius
939 2025 1078 2079 inter
1108 2023 1200 2082 Dei
1223 2024 1512 2092 mirabilia,
1527 2039 1686 2092 quam
1713 2037 1858 2078 mor-

268 2125 390 2176 tuos
409 2116 710 2171 suscitare?
749 2113 1142 2186 Numquidnam
1189 2129 1288 2189 ego
1314 2123 1554 2168 mortuus
1590 2127 1731 2181 sum,
1773 2113 1855 2167 in-

263 2207 439 2277 quis?
477 2207 532 2261 Si
561 2215 801 2263 mortuus
856 2223 963 2262 non
1013 2221 1180 2269 esses,
1255 2220 1358 2259 non
1399 2204 1666 2259 diceretur
1711 2205 1852 2266 tibi“:

264 2296 438 2367 Surge
457 2298 544 2367 qui
569 2297 778 2360 dormis,
809 2306 856 2350 et
884 2312 1094 2367 exsurge
1135 2313 1166 2347 η
1201 2296 1444 2357 mortuis;
1472 2306 1518 2349 et
1547 2292 1856 2351 illuminabit

261 2397 314 2442 te
339 2388 567 2443 Christus
596 2387 616 2460 (
639 2385 829 2458 Ephes.
854 2403 889 2443 ν
909 2429 924 2449 .
958 2389 1024 2442 Η
1057 2386 1095 2457 ).
1135 2387 1326 2440 Mortui
1369 2395 1489 2439 sunt
1516 2401 1705 2440 omnes
1734 2384 1857 2439 inﬁ-

260 2477 412 2532 deles
440 2519 457 2544 ,
506 2494 696 2533 omnes
752 2477 959 2551 iniqui;
1000 2494 1227 2548 corpore
1285 2481 1464 2532 vivuul
1491 2520 1504 2539 .
1546 2475 1641 2532 sed
1688 2475 1854 2533 corde

259 2571 510 2625 exstincti
532 2581 673 2629 sunt.
709 2570 810 2641 Qui
854 2580 1031 2626 autem
1083 2566 1302 2625 suscitat
1357 2581 1622 2624 mortuum
1655 2585 1851 2628 secun-

256 2660 389 2715 dum
406 2677 622 2731 corpus,
654 2659 828 2716 reddit
853 2676 973 2714 eum
1000 2660 1104 2715 luci
1155 2660 1279 2714 huic
1329 2659 1591 2724 videndae,
1623 2669 1677 2715 et
1704 2657 1851 2715 huic

256 2752 374 2816 acri
425 2749 716 2806 ducendo:
757 2765 862 2805 non
898 2742 1077 2806 autem
1120 2748 1403 2809 suscitator
1451 2751 1570 2819 ejus
1616 2749 1731 2822 ipse
1763 2750 1850 2804 illi

257 2839 346 2895 lus
369 2849 422 2895 et
449 2856 541 2895 aer
559 2851 640 2895 cst
665 2859 680 2906 ;
719 2841 901 2910 incipit
928 2839 1131 2907 videre,
1164 2839 1610 2910 quemadmodum
1639 2841 1850 2898 videbat

255 2939 443 3014 antra1
466 2933 652 2986 Anima
671 2948 775 2986 non
801 2933 877 2993 sic
901 2928 1277 2987 exsuscitatur.
1295 2931 1480 2987 Anima
1497 2933 1636 2989 enim
1659 2948 1846 2992 exsus-

255 3023 455 3100 citatur
491 3038 521 3078 a
562 3027 708 3088 Deo;
756 3031 1058 3096 quanquam
1088 3033 1140 3078 ct
1175 3028 1370 3094 corpus
1419 3027 1776 3080 essuscitetur
1818 3047 1847 3079 ει

256 3114 409 3171 Deo:
437 3114 530 3170 sed
561 3116 699 3170 Deus
720 3115 930 3185 quando
949 3116 1236 3171 exsuscitat
1259 3131 1475 3186 corpus,
1503 3117 1703 3171 mundo
1730 3118 1848 3174 red-

255 3204 378 3284 dit;
426 3207 638 3279 quando
663 3207 951 3271 exsuscitat
980 3208 1232 3271 animam,
1266 3207 1364 3264 sibi
1419 3205 1576 3262 redit.
1610 3205 1667 3263 Si
1700 3225 1847 3264 rece-

255 3297 351 3359 dat
405 3299 500 3353 ’aer
543 3297 724 3352 mundi
776 3297 947 3365 istius,
993 3300 1220 3353 moritur
1263 3313 1497 3369 corpus;
1538 3299 1582 3353 si
1635 3300 1847 3354 recedat

259 3389 401 3465 Deus
427 3430 444 3460 ,
498 3390 722 3444 moritur
771 3390 966 3442 anima.
1011 3387 1142 3445 Cum
1182 3405 1312 3461 ergo
1356 3391 1586 3444 animam
1630 3390 1848 3446 suscitat

258 3481 423 3543 Deus.
455 3481 554 3548 nisi
585 3479 724 3534 adsit
774 3481 860 3554 qui
905 3480 1197 3541 suscitavit.
1233 3481 1484 3533 suscitata
1541 3497 1646 3535 non
1693 3479 1842 3538 vivit.

257 3559 374 3626 Non
392 3571 532 3626 enim
553 3570 791 3631 suscitat.
813 3578 868 3635 et
891 3569 1112 3624 dimittit
1155 3580 1212 3624 ut
1259 3567 1398 3624 vivat
1421 3569 1521 3625 sibi
1553 3588 1566 3625 :
1589 3571 1726 3629 sicut
1746 3570 1848 3626 La-

254 3675 414 3717 urus
439 3659 651 3731 quando
677 3661 1022 3717 resuscitatus
1040 3670 1124 3716 est
1147 3660 1532 3733 quatriduanus
1579 3670 1842 3727 mortuus.

252 3754 544 3812 suscitatus
581 3764 663 3812 est
707 3736 933 3827 carpere
974 3770 1069 3826 pcr
1097 3753 1305 3821 Domini
1342 3753 1672 3824 corporalem
1705 3770 1844 3824 pra:-

252 3846 504 3902 sentiam.
554 3845 972 3906 Accessit-enim
997 3839 1349 3913 corporaliter
1386 3844 1451 3898 ad
1496 3845 1797 3912 sepulcrum
1827 3860 1842 3910 ;

252 3937 522 4003 clamavit,
550 3936 786 4004 Lazare,
840 3936 953 3990 aeni
1004 3939 1262 4006 {orauet
1309 3937 1540 3990 surrexit
1593 3935 1842 4000 Lazarus,

254 4029 518 4102 processit
543 4028 611 4084 de
637 4028 883 4098 sepulcro
912 4028 1142 4099 ligatus;
1168 4026 1363 4099 deinde
1401 4027 1610 4081 solutus
1638 4025 1842 4080 disces:-

251 4121 320 4176 sit
356 4119 378 4192 (
395 4117 552 4195 .loan.
582 4129 656 4184 ιι,
682 4117 848 4174 bis“
879 4117 919 4188 ).
957 4116 1320 4171 Resuscitatus
1348 4123 1432 4178 est
1452 4114 1677 4170 Domino
1703 4131 1843 4188 prte-

253 4207 432 4282 sente,
463 4208 555 4263 sed
587 4208 717 4262 vixit
745 4205 813 4262 ct'
838 4207 1062 4263 Domino
1090 4207 1334 4263 absente.
1365 4206 1676 4278 Quanquam
1722 4223 1842 4262 eum

254 4301 517 4374 Dominus.
556 4301 904 4371 corporaliter
932 4299 1325 4365 resuscitassct,
1351 4307 1608 4373 quantum
1637 4298 1702 4354 ad
1728 4300 1846 4355 visi-

252 4395 378 4449 bilis
404 4388 675 4474 pertinet:
708 4401 960 4449 ueterum
1010 4395 1294 4464 prmsentia
1331 4387 1624 4463 majeStatis
1650 4409 1760 4449 sua}
1784 4394 1844 4448 ilo

253 4473 697 4562 ltttn_sttscitavit;
728 4499 830 4556 qua
884 4481 1164 4553 praesentia
1207 4474 1468 4554 nusqitam
1502 4483 1722 4549 recedit.
1753 4485 1842 4539 ln-

252 4579 407 4633 terim
439 4588 614 4642 tamen
632 4563 709 4635 ad
736 4579 1074 4647 prtesentiam
1100 4575 1357 4630 visibilem
1390 4565 1646 4632 Dominus
1677 4577 1846 4632 susci-

252 4670 382 4726 tavit
409 4666 714 4735 Lazarum;
755 4668 1000 4723 discessit
1048 4667 1115 4722 de
1145 4667 1257 4735 ipsa
1311 4669 1523 4722 civitate
1550 4667 1839 4739 Dominus,

252 4761 339 4815 Vel
365 4759 434 4815 de
479 4759 573 4817 illo
619 4760 735 4828 loco
768 4777 781 4810 τ
821 4756 1072 4828 numquid
1117 4756 1348 4818 Lazarus
1383 4772 1490 4811 non
1523 4757 1650 4812 vixit
1676 4755 1701 4811 2
1728 4758 1838 4812 Non

252 4854 334 4910 sic
381 4851 558 4925 anima
583 4853 887 4920 suscitatur
919 4867 932 4902 :
965 4848 1188 4905 suscitat
1231 4849 1374 4903 illam
1419 4849 1590 4909 Deus:
1619 4850 1843 4904 moritur

249 4945 296 5002 si
342 4943 649 4999 discesserit
678 4944 835 4998 Deus.
894 4941 1073 4995 Dicam
1112 4939 1256 4996 enim
1304 4933 1578 5005 audacter,
1624 4939 1837 5003 fratres.

250 5036 344 5092 sed
385 5047 560 5108 tamen
590 5050 796 5090 verum.
830 5035 956 5088 Duae
985 5033 1103 5087 vita:
1134 5040 1273 5096 sunt,
1301 5048 1404 5086 una
1429 5032 1840 5103 corporis,alte-

251 5145 308 5184 ra
338 5119 558 5181 animai:
587 5126 725 5180 sicut
745 5124 847 5177 vita
872 5122 1112 5190 corporis
1138 5121 1335 5186 anima,
1379 5120 1458 5176 sic
1498 5123 1605 5175 vita
1649 5122 1841 5175 animat

254 5218 431 5279 Deus;
463 5204 730 5285 quomodo
776 5213 820 5266 si
871 5211 1047 5265 anima
1077 5211 1308 5273 desierat,
1359 5210 1584 5264 moritur
1602 5224 1836 5280 corpus;

251 5310 332 5364 sic
357 5309 536 5360 anima
566 5304 824 5366 moritur,
876 5303 920 5356 si
959 5299 1172 5356 deserat
1217 5300 1378 5355 Deus.
1432 5301 1548 5370 Ipsa
1589 5312 1669 5354 est
1712 5317 1841 5376 ergo

248 5399 420 5472 gratia
448 5397 585 5467 ejus,
619 5405 677 5449 ut
705 5397 944 5459 suscitet,
986 5403 1040 5447 et
1076 5393 1146 5447 sit
1193 5392 1488 5447 nobiscum.
1518 5392 1668 5459 Quod
1713 5409 1840 5463 ergo

256 5507 354 5545 nos
375 5489 608 5558 suscitat
639 5504 666 5540 a
715 5496 885 5541 morte
937 5494 1118 5539 nostra
1172 5483 1461 5554 prtetcrita,
1509 5490 1566 5538 et
1620 5482 1840 5538 innovat

253 5567 645 5652 quodammodo
672 5578 828 5631 vitam
876 5585 1132 5654 nostram.
1173 5575 1397 5632 dicimus
1437 5575 1484 5628 ei
1516 5592 1530 5628 :
1567 5574 1722 5654 Dens,
1749 5576 1842 5629 do-

252 5651 401 5728 cuisti
422 5689 498 5726 me
527 5688 590 5724 et:
603 5671 868 5742 juventnte
897 5651 1027 5730 mea.
1066 5657 1198 5735 Quia
1252 5660 1380 5722 vero
1418 5682 1523 5721 non
1549 5652 1750 5722 recedit
1775 5666 1844 5724 ab

251 5768 330 5826 eis
358 5781 493 5835 quos
518 5766 758 5826 suscitat,
789 5778 860 5819 ne
885 5776 1005 5816 cum
1037 5762 1316 5816 recesserit
1341 5760 1642 5815 moriantur
1662 5798 1679 5824 ,
1706 5757 1841 5814 diei-

264 5873 386 5914 tnus
405 5857 454 5912 ci
482 5854 592 5910 :‘Et
620 5872 775 5926 usque
801 5873 934 5911 nunc
954 5853 1262 5908 oununtinba
1285 5849 1537 5908 mirabilia
1557 5859 1644 5906 tua
1669 5865 1692 5917 ;
1716 5851 1840 5922 quat

1982 679 2101 733 quae
2140 667 2396 733 morietur
2445 667 2488 728 si
2537 669 2828 726 dimittatur
2855 676 2990 732 sibi.
3033 677 3184 749 Ergo
3239 682 3365 736 dum
3406 687 3571 738 'adest

1982 755 2086 810 vita
2127 771 2275 832 mea,
2315 758 2419 813 hoc
2460 769 2545 816 est
2585 760 2725 818 Deus
2773 781 2942 832 meus,
2999 785 3154 838 usque
3196 788 3328 830 nunc
3376 791 3396 827 :
3444 775 3570 845 quid

1980 851 2163 915 postea
2185 847 2209 901 ἳ

2052 937 2103 990 4.
2138 937 2301 1010 [item
2329 938 2417 995 l8.
2445 939 2466 1015 ]
2494 938 2564 1008 Et
2585 959 2742 1013 usque
2766 944 2819 998 in
2858 957 3107 1002 senectam
3135 961 3182 1003 et
3205 955 3416 1008 senium.
3438 955 3561 1020 Duo

1979 1027 2074 1081 ista
2099 1028 2311 1084 nomina
2338 1032 2631 1087 senectutis
2651 1046 2791 1100 sunt,
2817 1035 3262 1095 etdisceruuutur
3284 1057 3313 1095 a
3338 1044 3563 1102 Graecis.

1976 1115 2218 1177 Gravitas
2246 1120 2389 1173 enim
2443 1131 2564 1191 post
2595 1120 2934 1191 juventutent
2989 1128 3133 1182 aliud
3182 1145 3374 1186 nomen
3409 1133 3566 1192 habet

1974 1207 2114 1275 apud
2149 1207 2386 1275 Graecos,
2418 1219 2471 1264 et
2503 1223 2620 1280 post
2666 1213 2832 1282 ipsam
2877 1219 3192 1286 gravitatem
3232 1223 3455 1276 veniens
3483 1203 3570 1278 ol-

1975 1297 2099 1350 tima
2125 1309 2255 1353 anas
2301 1299 2442 1355 aliud
2475 1302 2669 1356 nomen
2699 1303 2856 1360 habet
2882 1323 2897 1360 :
2931 1322 3051 1360 nam
3081 1318 3345 1380 πρεσϐύτης
3374 1312 3564 1367 dicitur

1970 1390 2170 1456 gravis,
2198 1399 2252 1444 et
2269 1399 2410 1462 νὲρων
2427 1407 2610 1447 senex.
2641 1393 2774 1462 Quia
2803 1405 2935 1450 vero
2962 1396 3015 1450 in
3045 1399 3206 1452 latina
3225 1401 3396 1469 lingua
3427 1402 3564 1456 duo.

1969 1482 2327 1541 rumistorum
2370 1484 2643 1539 nominum
2674 1487 2946 1542 distinctio
2972 1489 3171 1552 deﬁcit,
3200 1490 3269 1546 de
3285 1504 3564 1550 senectute

1968 1568 2128 1624 ambo
2151 1580 2278 1625 sunt
2321 1572 2510 1648 posita.
2570 1586 2784 1639 senecta
2829 1587 2884 1631 et
2912 1580 3117 1634 senium
3147 1582 3334 1636 :scitis
3377 1593 3558 1639 autent

1967 1657 2088 1715 esse
2115 1662 2248 1718 duas
2271 1675 2474 1740 mutes.
2507 1664 2734 1722 Docnisli
2787 1687 2867 1721 me
2892 1671 3114 1740 gratiam
3150 1683 3292 1728 tuam
3320 1691 3351 1726 α
3371 1679 3558 1740 juven-

1967 1757 2072 1805 lute
2096 1769 2204 1830 mea
2227 1770 2245 1818 ;
2271 1765 2318 1807 et
2347 1770 2502 1818 usque
2524 1773 2680 1822 nunc,
2702 1769 2818 1826 post
2847 1759 3182 1825 juventttlem
3233 1779 3432 1832 meant,
3460 1783 3557 1819 mt-

1966 1842 2207 1894 nuntiabo
2235 1844 2487 1898 mirabilia
2516 1854 2625 1912 tua,
2654 1848 2773 1918 quia
2804 1835 3018 1904 mecum
3033 1868 3092 1909 es
3115 1863 3172 1906 ut
3200 1869 3304 1907 non
3335 1858 3554 1922 moriar,

1963 1932 2052 2002 qui
2083 1933 2271 1997 venisti
2289 1943 2346 1988 ut
2369 1949 2583 2009 surgam
2611 1955 2627 2002 ;
2655 1949 2702 1993 et
2733 1956 2887 2008 usque
2924 1941 2977 1996 in
2997 1952 3246 1998 senectam
3270 1957 3314 1999 et
3338 1933 3575 2012 senium;

1964 2019 2016 2075 id
2046 2031 2129 2078 est
2156 2039 2324 2098 usque
2350 2026 2414 2079 ad
2451 2028 2694 2082 ultimum
2718 2046 2917 2097 meum,
2965 2035 3065 2088 nisi
3112 2049 3320 2090 mecum
3372 2041 3554 2105 lucris,

1962 2115 2195 2175 nouerit
2221 2117 2420 2187 aliquid
2453 2119 2626 2175 meriti
2658 2123 2761 2177 mei
2797 2125 3005 2194 :gratia
3036 2135 3122 2182 tua
3170 2142 3387 2200 semper
3436 2149 3557 2207 per-

1959 2217 2168 2263 severet
2202 2224 2430 2267 mecum.
2484 2211 2595 2268 lloc
2637 2213 2841 2272 diceret
2889 2218 3052 2273 etiam
3079 2235 3217 2278 unus
3264 2222 3444 2289 homo,
3477 2234 3551 2282 tu.

1960 2296 2069 2356 ille.
2091 2313 2190 2369 ego
2220 2302 2381 2372 :quia
2418 2318 2546 2358 vero
2573 2319 2672 2358 vos
2717 2306 2816 2360 ista
2847 2309 3004 2374 unius
3043 2310 3319 2380 cujusdam
3375 2316 3552 2387 magni

1959 2387 2194 2445 hominis
2220 2401 2326 2459 est,
2350 2393 2452 2449 hoc
2509 2405 2591 2449 cst
2626 2396 2791 2467 ipsius
2839 2401 3055 2456 unitatis
3085 2418 3099 2468 ;
3130 2419 3228 2459 vox
3279 2414 3362 2460 est
3407 2407 3550 2462 cnim

1960 2477 2252 2548 Ecclesiae;
2281 2501 2585 2554 qutcramus
2627 2487 2962 2559 juventutem
3013 2492 3286 2550 Ecelesim.
3327 2496 3553 2569 Quaado

1957 2572 2103 2626 venit
2128 2571 2395 2641 Christus,
2420 2578 2707 2634 cruciﬁxus
2730 2589 2836 2643 est,
2880 2592 3123 2641 mortuus
3148 2595 3252 2649 cst.
3296 2582 3548 2656 surrexit,

1956 2663 2161 2716 vocavit
2203 2670 2390 2732 gentes
2417 2680 2432 2731 ;
2459 2677 2736 2736 creperum
2766 2673 3026 2738 converti,
3062 2674 3182 2729 lacti
3211 2687 3552 2749 sunt-marty-

1957 2767 2042 2805 res
2083 2751 2245 2814 fortes
2269 2755 2319 2806 iu
2347 2753 2581 2821 Christo,
2611 2757 2759 2815 fusus
2786 2771 2867 2813 est
2897 2765 3112 2833 sanguis
3145 2767 3338 2834 fidelis,
3368 2784 3548 2835 surre-

1959 2845 2033 2898 xit
2060 2859 2215 2914 seges
2260 2847 2552 2902 Ecclesiae:
2602 2849 2715 2906 haec
2762 2851 3034 2922 juventus.
3087 2840 3554 2927 Progredientilnis

1954 2946 2132 2988 autem
2161 2939 2489 3008 temporibus
2515 2940 2837 2996 conﬁteatur
2864 2943 3102 3000 Ecclesia
3131 2962 3146 3013 ;
3171 2948 3307 3002 dicat
3336 2967 3349 3003 :
3383 2949 3552 3021 Usque

1953 3041 2088 3079 nunc
2113 3029 2430 3110 annuntiabat
2446 3030 2702 3086 mirabilia
2726 3041 2835 3088 tua.
2879 3033 2996 3098 Non
3035 3044 3239 3092 tauttnu
3286 3041 3553 3110 injuvcn-

1956 3126 2086 3179 tute,
2112 3119 2327 3189 quando
2356 3119 2572 3186 Paulus,
2628 3123 2844 3193 quando
2882 3125 3097 3194 Petrus,
3148 3130 3544 3206 quandovprimi

1952 3209 2190 3278 Apostoli
2237 3210 2645 3278 nuntiaverunt;
2677 3215 3001 3286 procedente
3047 3217 3207 3278 etiam
3237 3231 3414 3288 suate,
3442 3239 3544 3292 ego

1953 3298 2088 3370 ipse,
2112 3297 2163 3353 id
2212 3310 2294 3354 est
2321 3302 2500 3356 unitas
2548 3311 2656 3368 tua,
2702 3303 2942 3365 membra
2997 3318 3107 3372 tua.
3136 3324 3332 3379 mrpm
3375 3319 3545 3376 tuum,

1950 3387 2260 3450 (annuntiabo
2307 3391 2560 3446 mirabilia
2587 3403 2693 3446 tua.
2743 3395 2880 3462 Quid
2929 3399 3158 3466 postea?
3209 3399 3272 3453 Et
3296 3417 3452 3474 usque
3480 3404 3548 3456 ad

1949 3490 2198 3538 sruectam
2219 3491 2265 3535 et
2284 3483 2479 3536 senium
2524 3486 2855 3541 annuutiabo
2900 3488 3163 3546 mirabilia
3197 3501 3282 3546 tua
3318 3510 3332 3547 :
3368 3509 3537 3566 usque

1951 3573 2002 3626 to
2030 3571 2197 3656 ﬁnem
2221 3573 2402 3650 saeculi
2429 3575 2533 3629 crit
2556 3576 2642 3631 hic
2663 3569 2927 3638 Ecclesia.
2955 3580 3011 3637 Si
3041 3582 3183 3648 enim
3209 3601 3316 3653 non
3343 3585 3429 3653 hic
3456 3586 3544 3642 fu-

1933 3672 2067 3742 ltura
2092 3674 2174 3721 cat
2203 3678 2372 3734 usque
2398 3663 2450 3746 in
2480 3666 2639 3722 ﬁnem
2667 3670 2850 3725 surculi
2878 3685 2894 3736 ;
2943 3673 3136 3744 quibus
3168 3676 3422 3734 Dominus
3452 3680 3540 3748 tli-

1949 3753 2046 3813 xit.
2083 3750 2209 3806 Ecce
2232 3759 2323 3834 ego
2344 3744 2597 3817 vobiscum
2650 3775 2760 3817 sum
2798 3761 3028 3816 omnibus
3078 3763 3275 3836 diebus,
3312 3785 3469 3840 usque
3493 3744 3546 3826 in

1947 3846 2428 3900 consummationem
2465 3849 2642 3903 surculi
2669 3849 2690 3920 (
2724 3851 2907 3906 Matth.
2939 3870 3130 3922 xxvnt,
3161 3856 3232 3914 εο
3261 3859 3328 3929 )?
3369 3861 3546 3929 Quare

1943 3934 2048 3989 ista
2074 3939 2354 4004 Oportebat
2383 3950 2442 3994 ut
2464 3940 2775 3996 dicerentur
2803 3943 2854 3999 iu
2874 3940 3165 4019 Scripturis
3189 3952 3213 4006 ?
3241 3955 3372 4025 Quia
3403 3932 3546 4012 futu-

1949 4026 1993 4080 ri
2033 4035 2187 4081 erant
2237 4027 2434 4084 inimici
2478 4031 2784 4087 christiana:
2839 4036 2962 4093 ﬁdei
2999 4039 3091 4108 qui
3145 4039 3387 4102 dicereut
3418 4063 3431 4098 :
3463 4048 3544 4106 Ad

1949 4129 2168 4185 parvum
2191 4127 2400 4188 tempus
2428 4131 2551 4177 sunt
2599 4121 2910 4192 Christiani,
2959 4139 3147 4198 postea
3187 4136 3454 4202 peribunt;
3487 4110 3566 4192 et.

1949 4207 2197 4271 redibunt
2217 4209 2375 4275 idola,
2419 4213 2589 4266 rediet
2621 4215 2760 4283 quod
2808 4229 2926 4274 erat
2965 4228 3122 4276 antea
3151 4220 3252 4294 (a).
3280 4226 3542 4294 Quamdiu

1949 4307 2107 4352 erunt
2150 4300 2486 4356 Christiani?
2533 4302 2704 4381 Usque
2753 4307 2823 4358 ad
2862 4319 3121 4365 senectam
3148 4322 3196 4366 et
3223 4316 3461 4382 senium;
3491 4303 3551 4373 id’

1949 4391 2281 4480 estusqueiu
2309 4391 2469 4451 ﬁnem
2513 4395 2990 4481 m‘culi..1'ttcum
3039 4417 3338 4475 exspectas.
3381 4411 3544 4469 miser

1948 4481 2894 4555 inﬁdelis,-‘uttranscantChristiani,
2924 4494 3119 4552 transis
3155 4508 3210 4550 tu
3235 4499 3354 4565 sine
3381 4499 3542 4556 Chri-

1949 4573 2136 4626 stianis
2159 4583 2246 4628 :ct
2264 4573 2547 4631 Christiani
2574 4595 2741 4650 usque
2767 4582 2819 4635 in
2850 4583 3030 4639 'ﬁuem
3057 4567 3234 4644 surculi
3265 4569 3544 4657 permane.
3567 4599 3570 4604 '

1950 4663 2082 4716 bunt
2107 4679 2121 4725 ;
2161 4673 2286 4718 etltt
2320 4682 2413 4733 per
2443 4667 2806 4725 inlideliuttt-m
2837 4682 3001 4738 tuam,
3029 4669 3158 4730 cum.
3200 4677 3402 4734 ﬁnieris
3421 4682 3540 4736 ltro-

1947 4769 2066 4808 vem
2088 4757 2248 4816 vitam
2283 4767 2450 4818 tuam.
2481 4775 2584 4830 qua
2620 4761 2794 4816 [route
2843 4767 2991 4822 cales
3020 4767 3083 4820 ad
3108 4769 3342 4838 judicetn
3384 4788 3549 4843 quem
3611 4825 3615 4829 .

1933 4859 2066 4902 ‘cunt
2095 4851 2300 4903 viveres
2333 4849 2754 4919 blasphetnasti?
2801 4857 2941 4928 Ergo
2963 4877 2994 4912 a
3026 4862 3292 4929 juventam
3334 4885 3458 4929 utea.
3487 4883 3534 4922 et

1945 4953 2102 5008 usque
2129 4956 2280 5006 nunc,
2307 4950 2353 4994 et
2383 4958 2541 5011 usque
2568 4950 2633 4997 ad
2658 4957 2908 5000 senectam
2953 4960 2997 5002 et
3035 4955 3251 5016 senium,
3307 4955 3539 5023 Domine,

1947 5032 2011 5083 ne
2037 5029 2353 5102 derelinquas
2374 5048 2466 5086 me.
2499 5033 2633 5093 Non.
2658 5037 2928 5106 quomodo
2965 5039 3148 5096 dicunt
3177 5044 3372 5100 inimici
3415 5051 3538 5108 tnr-i.

1946 5135 2115 5190 usque
2161 5121 2227 5176 ad
2276 5131 2487 5192 tempus
2534 5127 2655 5180 erit.
2717 5126 2800 5182 Ne
2841 5129 3159 5202 derelinquas
3209 5155 3326 5206 me,
3379 5141 3540 5197 donec

1945 5212 2236 5265 annuntiem
2255 5212 2512 5267 brachium
2546 5225 2685 5268 mum
2707 5222 3014 5288 generatiani
3039 5225 3178 5278 οηιηὶ
3202 5243 3533 5293 superventu-

1947 5315 2039 5355 rw.
2095 5299 2162 5354 Et
2199 5300 2472 5357 brachium
2532 5305 2740 5362 Domini
2793 5311 2876 5363 cui
2924 5313 3215 5368 revelatum
3253 5329 3331 5371 cst
3362 5322 3378 5388 (
3410 5320 3540 5378 Isai.

1949 5407 2059 5456 nu,
2081 5393 2102 5446 l
2125 5391 2192 5463 )2
2220 5393 2501 5448 Brachium
2523 5389 2758 5456 'Domini.
2783 5399 3050 5459 Christus.
3083 5404 3197 5463 Noli
3229 5423 3358 5480 ergo
3377 5412 3534 5466 dere-

1951 5483 2192 5550 linquere
2246 5498 2367 5547 me;
2400 5497 2506 5538 non
2561 5487 2826 5555 gaudeant
2869 5493 2960 5567 qui
2997 5484 3180 5550 dicunt
3210 5514 3227 5553 ε
3260 5497 3438 5570 Usque
3476 5501 3540 5557 ad

1948 5578 2148 5629 certum
2171 5579 2379 5643 tempus
2399 5586 2554 5631 erunt
2603 5577 2911 5636 Christiani.
2938 5582 3056 5638 Sint
3079 5587 3168 5656 q'ni
3221 5593 3540 5658 auuunljeut

1948 5662 2223 5719 brachium
2251 5672 2420 5719 tuum.
2457 5664 2605 5744 Cui?
2632 5667 2957 5728 (ἕσπεταιέοηί
2980 5677 3120 5730 omni
3146 5693 3541 5748 superuentura.

1948 5753 2004 5810 Si
2051 5767 2182 5822 ergo
2227 5755 2376 5810 omni
2421 5761 2750 5829 generationi
2787 5761 3228 5836 superventuram
3273 5783 3536 5846 usquead

2016 5869 2091 5932 (ρ)
2111 5876 2276 5934 supra.
2303 5885 2412 5938 rag.
2443 5872 2549 5928 £51.
2576 5885 2674 5928 not.
2703 5876 2795 5937 (1).
