3990 6356
311 365 414 421 897

300 485 440 535 mini
477 481 708 550 jussutn,
741 489 795 533 et
821 489 944 533 tunc
982 475 1218 546 jubentis
1245 474 1390 528 disce
1415 474 1718 529 consilium.
1750 473 1894 525 lloua

309 584 394 625 est
417 572 578 626 arbor
599 589 616 626 :
665 569 792 623 nolo
816 578 1020 636 tangas.
1058 566 1272 634 Quare?
1310 565 1443 631 Quia
1471 563 1725 617 Dominus
1749 578 1890 626 sum,

308 673 363 716 et
389 675 576 716 servus
604 675 683 715 es.
713 659 838 713 llatc
867 667 972 712 tota
1001 671 1160 712 causa
1191 665 1292 711 est.
1321 655 1379 710 Si
1410 669 1568 724 parva
1597 663 1710 715 est,
1741 651 1894 706 dedi-

309 751 493 824 gnaris
533 765 653 806 esse
698 749 929 804 servus?
976 747 1115 817 Quid
1152 757 1330 800 autem
1373 745 1467 800 tibi
1513 743 1760 812 expedit,
1793 741 1894 798 nisi

310 856 435 897 esse
475 841 574 896 sub
605 839 873 895 Domino?
917 837 1192 906 Quomodo
1229 835 1337 891 eris
1381 835 1479 886 sub
1509 833 1766 897 Domino,
1795 831 1895 885 nisi

311 933 480 988 fueris
520 930 620 985 sub
658 930 966 1000 praecepto?
1011 912 1177 983 Porro
1205 926 1248 979 si
1279 923 1492 993 expetiit
1527 924 1618 976 tibi
1648 937 1766 976 esse
1796 921 1894 975 sub

314 1025 560 1086 Domino,
605 1033 660 1078 et
701 1023 802 1076 sub
846 1029 1136 1090 praecepto,
1184 1015 1309 1086 quid
1355 1015 1448 1070 tibi
1490 1016 1734 1081 jussurus
1777 1020 1896 1067 erat

315 1117 498 1172 Deus?
529 1114 740 1185 Aliquid
765 1113 908 1168 enim
944 1111 1134 1181 quaerit
1157 1111 1252 1162 abs
1279 1107 1371 1162 te?
1399 1105 1544 1161 Olier
1568 1105 1696 1159 mihi
1724 1102 1894 1158 sacri-

315 1213 513 1273 lnrium,
543 1210 782 1265 dicturus
806 1203 1051 1261 esttibi?
1090 1202 1276 1256 Nonne
1302 1201 1415 1270 ipse
1459 1199 1581 1253 fecit
1605 1196 1804 1261 omnia,
1838 1197 1892 1249 in

309 1303 504 1370 quibus
531 1313 584 1354 et
612 1311 662 1354 te
693 1299 854 1353 fecit?
880 1297 1187 1364 Obsequere
1213 1293 1360 1353 mihi,
1389 1290 1627 1344 dicturus
1651 1299 1732 1343 est
1763 1287 1852 1342 tibi
1875 1306 1889 1350 ;

311 1394 423 1447 sive
446 1392 511 1445 ad
540 1394 751 1454 lectum,
775 1406 896 1443 cum
920 1387 1232 1457 requiesco;
1258 1385 1369 1438 sive
1389 1382 1456 1436 ad
1485 1395 1746 1444 mensam,
1769 1394 1889 1433 cum

308 1501 398 1537 me
438 1483 655 1546 reﬁcio;
703 1482 816 1536 sive
850 1479 916 1532 ad
949 1478 1197 1537 balneas,
1225 1490 1344 1529 cum
1388 1473 1548 1526 lavo?
1587 1471 1717 1539 Quia
1761 1485 1892 1539 ergo

307 1574 457 1626 nullo
482 1573 578 1626 alis
607 1581 658 1626 te
688 1571 884 1640 indiget
914 1569 1057 1623 Deus
1076 1609 1093 1632 ,
1131 1565 1260 1620 nihil
1303 1563 1395 1617 tibi
1439 1561 1620 1616 debuit
1659 1559 1891 1627 jubere?

311 1661 371 1717 Si
396 1673 572 1717 autem
601 1661 782 1716 debuit
806 1659 1002 1729 aliquid
1023 1657 1235 1728 jubere,
1264 1664 1320 1708 ut
1347 1666 1419 1719 te,
1447 1651 1588 1722 quod
1616 1651 1706 1705 tibi
1731 1664 1891 1719 expe-

312 1751 413 1814 dit,
438 1751 665 1806 sentires
686 1765 808 1805 esse
833 1749 933 1802 sub
959 1747 1204 1814 Domino,
1231 1746 1300 1799 ab
1318 1743 1492 1813 aliqua
1518 1756 1576 1797 re
1604 1739 1890 1810 prohiben-

307 1843 413 1897 dus
453 1856 612 1906 eras;
661 1855 766 1894 non
816 1847 1033 1910 propter
1071 1838 1209 1893 illius
1237 1834 1444 1890 arboris
1471 1832 1748 1898 malitiam,
1792 1828 1889 1885 sed

307 1943 530 2004 propter
577 1941 720 1986 tuam
762 1929 1138 1985 obedientiam.
1183 1925 1302 1982 Non
1342 1923 1512 1995 potuit
1537 1924 1678 1977 Deus
1711 1921 1888 1992 perle-

305 2027 447 2081 otius
491 2027 859 2080 demenstrare
899 2030 1154 2092 quantum
1196 2019 1269 2076 sit
1309 2018 1506 2076 bonum
1548 2013 1886 2078 obedientiaa,

304 2119 411 2174 nisi
432 2134 554 2173 cum
587 2116 853 2188 proltibzzit
878 2114 948 2170 ab
972 2129 1033 2170 ea
1061 2127 1121 2168 re
1149 2127 1266 2182 quae
1295 2124 1402 2164 non
1428 2115 1542 2162 erat
1566 2107 1724 2160 mala.
1761 2103 1886 2158 Sola

308 2212 380 2267 ibi
427 2211 726 2266 obedientia
773 2217 919 2265 tenet
962 2207 1229 2277 palmam;
1261 2205 1374 2260 sola
1414 2203 1485 2259 ibi
1528 2201 1887 2265 inobedientia

307 2303 509 2357 invenit
536 2317 766 2370 pinnam.
808 2300 1010 2355 Bonum
1037 2309 1158 2360 est;
1209 2296 1334 2350 uolo
1359 2304 1563 2365 tangas.
1599 2293 1714 2348 Non
1743 2292 1888 2348 enim

309 2409 416 2447 non
450 2392 713 2462 uuigendo
751 2391 1042 2445 moriturus
1063 2402 1144 2443 es.
1185 2385 1449 2455 Numquid
1491 2383 1580 2455 qui
1611 2384 1734 2438 hinc
1760 2398 1887 2452 pro-

308 2485 500 2545 hibuit,
523 2483 624 2537 alia
649 2480 953 2537 subtraxit?
988 2479 1175 2535 Nonne
1199 2485 1283 2532 est
1304 2475 1581 2546 paradisus
1605 2472 1889 2528 fructuosis

309 2577 500 2644 plenus
526 2573 846 2629 arboribus?
873 2570 1010 2638 Quid
1039 2569 1130 2626 tibi
1156 2567 1350 2624 deest?
1377 2566 1490 2622 lloe
1516 2565 1639 2620 nolo
1666 2572 1883 2635 tangas;

299 2668 434 2722 hinc
461 2667 586 2722 nolo
620 2676 822 2736 gnstes.
855 2664 1058 2719 Bonum
1080 2661 1088 2684 ’
1100 2670 1215 2726 est,
1242 2659 1337 2716 sed
1362 2658 1664 2716 obedientia
1695 2657 1887 2712 melior

304 2770 410 2816 est.
455 2758 683 2815 Proinde
707 2773 829 2814 cum
875 2754 1112 2825 tetigeris
1131 2793 1148 2818 ,
1177 2751 1434 2824 numquid
1460 2751 1622 2805 arbor
1653 2749 1743 2804 illa
1770 2763 1887 2802 ma-

303 2853 414 2905 lum
455 2851 578 2914 erit,
609 2859 666 2904 ttt
697 2847 986 2902 moriaris?
1028 2844 1136 2900 Sed
1177 2841 1538 2899 inobedientia
1567 2851 1620 2896 te
1655 2839 1884 2910 subjecit

306 2941 485 3006 morti,
499 2926 618 3007 quia
637 2937 902 3008 prohibita
919 2934 1155 3007 tetigisti.
1175 2932 1299 2989 Ideo
1310 2932 1471 2987 arbor
1498 2930 1590 2986 illa
1614 2929 1880 3000 appellata

304 3043 387 3088 est
403 3033 638 3087 scientia:
658 3027 1002 3102 dignoscendi
1019 3026 1144 3084 boni
1159 3035 1214 3082 et
1236 3025 1359 3082 mali
1383 3022 1533 3097 (Gen.
1547 3039 1610 3085 tt.
1631 3024 1744 3092 17).
1767 3036 1874 3078 non

300 3123 428 3193 quia
459 3123 581 3178 inde
611 3121 732 3176 talia
757 3119 907 3190 quasi
948 3133 1102 3190 poma
1133 3117 1474 3191 pendebant;
1505 3115 1599 3171 sed
1623 3113 1879 3188 quidquid

304 3222 449 3267 esset
487 3213 644 3267 arbor
686 3212 806 3278 illa,
838 3209 1119 3282 cujuslibet
1159 3207 1340 3281 pomi,
1370 3205 1652 3277 cujuslibet
1679 3205 1880 3262 fructus

303 3312 481 3367 esset,
509 3303 628 3358 ideo
661 3303 740 3358 sic
767 3310 951 3356 vocata
977 3309 1059 3356 est
1077 3339 1094 3366 ,
1125 3299 1248 3371 quia
1277 3296 1438 3354 homo
1461 3297 1550 3369 qui
1589 3296 1755 3354 nollet
1782 3296 1882 3352 bo.

305 3411 431 3448 mnu
459 3409 486 3447 a
519 3393 658 3450 malo
697 3393 1000 3448 discernere
1036 3406 1131 3464 per
1159 3396 1514 3461 pmceptum,
1553 3387 1882 3465 discretum!

301 3495 420 3541 erat
459 3500 554 3556 per
577 3485 997 3554 echrimentum
1021 3497 1036 3549 ;
1069 3490 1128 3537 ut
1155 3479 1418 3552 tangendo
1442 3481 1664 3536 vetitum
1681 3522 1697 3546 ,
1728 3481 1880 3537 invec-

302 3577 443 3630 nit-et
465 3573 805 3646 supplicium.
850 3573 1025 3640 Quare
1050 3579 1226 3628 autem
1272 3570 1469 3642 tetigit,
1497 3569 1690 3625 fratres
1731 3570 1880 3628 mei?

301 3667 438 3736 Quid
487 3667 562 3724 illi
606 3665 830 3722 deerat?
869 3665 1082 3720 Dicatur
1127 3662 1257 3718 mihi
1295 3662 1422 3732 quid
1467 3662 1540 3716 illi
1593 3661 1778 3717 deerat
1825 3662 1877 3717 iu

300 3759 549 3832 paradiso
589 3757 898 3824 consumto,
947 3755 1000 3811 in
1048 3754 1222 3810 media
1265 3753 1556 3824 opulentia,
1588 3753 1881 3822 mediisque

301 3853 548 3917 deliciis;
599 3853 682 3905 cui
731 3864 935 3920 magna:
977 3847 1181 3903 delicia:
1229 3854 1380 3902 erant
1423 3848 1536 3916 ipsa
1579 3845 1716 3900 visio
1762 3845 1877 3907 Dei,

300 3943 451 4011 cujus
497 3939 686 3996 faciem
736 3938 890 4009 quasi
933 3936 1129 3992 inimici
1177 3937 1350 3991 timuit
1395 3945 1514 4005 post
1561 3937 1880 4006 peccatum?

299 4031 438 4101 Quid
470 4032 542 4086 illi
571 4032 790 4094 deerat,
819 4037 876 4084 ut
903 4037 1174 4098 tangeret,
1205 4027 1308 4082 nisi
1347 4027 1467 4097 quia
1495 4043 1590 4083 sua
1623 4037 1882 4098 potestate

301 4125 377 4179 uti
411 4123 596 4188 voluit,
627 4129 952 4192 praeceptum
988 4134 1234 4188 rumpere
1275 4118 1592 4184 delectavit;
1634 4128 1692 4172 ut
1733 4117 1880 4172 nullo

299 4217 399 4272 sibi
444 4216 753 4271 dominante
797 4212 952 4269 ﬁeret
993 4203 1134 4266 sicut
1186 4210 1346 4274 Deus,
1391 4211 1512 4280 quia
1549 4210 1660 4264 Deo
1703 4209 1880 4266 nullus

301 4309 485 4377 utique
537 4302 886 4360 dominatur?
936 4300 1070 4356 Male
1107 4315 1307 4370 vagus,
1349 4298 1486 4355 male
1525 4314 1876 4370 praesumens,

300 4399 508 4453 futurus
551 4403 830 4460 mortuus,
873 4390 1176 4449 recedendo
1220 4404 1252 4445 a
1294 4389 1379 4445 via
1419 4388 1716 4460 justitize‘!
1754 4404 1880 4446 ecce

299 4489 458 4545 solvit
501 4497 820 4558 prmceptum
843 4525 860 4551 ,
899 4483 1134 4540 excussit
1173 4498 1204 4538 a
1240 4482 1446 4539 cervice
1486 4480 1670 4552 jugum
1715 4481 1878 4537 disci-

302 4583 482 4652 plitta'.
507 4580 742 4634 habenas
767 4576 1040 4647 regimiuis
1059 4573 1326 4629 exultante
1347 4572 1686 4628 animositate
1706 4572 1882 4627 disru-

303 4674 416 4744 pit;
466 4671 554 4726 ubi
583 4679 664 4725 est
694 4668 878 4723 nunc?
920 4665 1076 4722 Certe
1119 4665 1359 4736 captivus
1384 4665 1615 4719 clamat:
1643 4664 1876 4730 Domine,

197 4833 204 4838 _
301 4765 412 4834 quis
439 4762 620 4816 sintiit's
656 4761 742 4815 tibi
756 4761 789 4815 -?
830 4759 981 4814 Volui
1021 4771 1142 4813 esse
1172 4770 1417 4826 perverse
1443 4755 1632 4810 similis
1665 4755 1794 4821 tibi,
1824 4762 1879 4810 et

303 4855 472 4908 lactus
493 4866 611 4907 sum
637 4850 829 4905 similis
859 4847 1056 4919 pecori.
1097 4846 1208 4902 Sub
1247 4856 1334 4901 tua
1359 4846 1719 4900 dominatione
1737 4886 1752 4910 ,
1778 4847 1880 4900 sub

303 4950 397 5000 tut)
424 4951 689 5012 praecepto
711 4955 833 4994 vere
858 4939 1047 4996 similis
1070 4953 1216 4991 eram
1247 4954 1259 4990 :
1291 4937 1386 4991 sed
1410 4937 1572 4990 hoino
1597 4937 1651 4990 in
1675 4937 1878 4990 honore

306 5036 510 5106 positus
537 5049 641 5088 non
679 5031 981 5093 intellexit;
1023 5041 1360 5098 comparatus
1387 5037 1471 5083 est
1507 5028 1763 5099 jumentis
1799 5029 1877 5083 in-

304 5125 562 5191 sensatis,
589 5132 644 5179 et
675 5124 865 5179 similis
890 5122 1057 5187 lactus
1083 5133 1166 5177 est
1194 5121 1298 5175 illis
1322 5121 1491 5192 (t’sal.
1523 5136 1685 5176 xt.vtu
1705 5161 1720 5185 ,
1748 5119 1874 5191 15).

303 5215 422 5274 .lam
455 5216 525 5274 de
548 5213 891 5273 similitudine
913 5214 1272 5284 junteutorutn
1303 5201 1471 5266 claiua
1499 5226 1636 5277 sero,
1667 5221 1722 5268 et
1748 5212 1833 5267 dic
1861 5228 1876 5266 :

306 5309 466 5372 Deus.
491 5309 601 5378 quis
623 5304 802 5360 similis
837 5303 969 5358 tibi?

377 5399 433 5456 8.
477 5395 876 5471 loers.20,2l.]
918 5395 1146 5461 Quantus
1191 5391 1450 5449 ostendisti
1496 5393 1620 5447 mihi
1665 5391 1877 5448 tribula-

304 5490 471 5548 tiones
510 5488 697 5542 multas
722 5497 767 5544 et
797 5485 1000 5540 multis!
1035 5482 1241 5550 Merito,
1285 5483 1515 5553 superbe
1555 5497 1705 5538 serve
1738 5500 1751 5535 :
1783 5498 1880 5537 vu-

305 5675 470 5716 etu'es
488 5674 598 5713 cum
613 5660 753 5711 editis
778 5675 792 5711 :
818 5673 910 5711 non
933 5659 1334 5712 contradicentem
1353 5671 1562 5726 servum,
1581 5661 1648 5713 ad
1668 5658 1757 5718 hoc
1776 5663 1883 5713 ser-

306 5737 389 5817 u;
665 5790 793 5844 1156..
816 5797 846 5831 u
869 5779 1189 5847 vitajustitiw.
1798 5768 1800 5770 V

1369 357 1766 416 ENARRATIO
1803 355 1870 411 ΙΝ
1911 353 2232 410 PSALMUM
2275 354 2434 410 LXX.

2005 467 2145 522 luisti
2191 469 2334 522 enim
2381 483 2630 537 perverse
2671 485 2792 526 esse
2833 471 3027 527 similis
3073 473 3297 529 DOntino
3344 486 3434 529 ttto
3499 478 3591 545 qui

2005 559 2174 614 factus
2197 575 2316 614 eras
2339 559 2405 613 ad
2434 559 2714 630 imaginem
2748 562 2952 621 Domini
2983 563 3081 617 ttti.
3123 565 3266 621 Bene
3301 567 3392 620 tibi
3421 567 3591 627 velles

2004 663 2062 707 ut
2098 661 2240 706 esset
2283 651 2553 707 recedenti
2594 653 2663 707 ab
2705 654 2796 708 illo
2823 654 3005 709 bono?
3047 657 3274 711 Prorsus
3321 659 3452 711 dicit
3493 658 3590 714 tibi

2005 746 2144 798 Deus
2173 762 2188 800 :
2213 744 2268 799 Si
2297 743 2502 799 recedis
2525 758 2553 796 a
2580 759 2688 808 me,
2715 755 2772 800 et
2796 745 2932 802 bene
2956 758 3040 802 est
3066 748 3182 812 tibi,
3204 763 3304 818 ego
3334 765 3440 804 non
3466 766 3586 805 sum

2003 836 2197 890 bonum
2227 844 2395 890 tuum.
2426 834 2657 890 Proinde
2679 837 2724 890 si
2753 837 2840 890 ille
2864 836 3054 908 bonus,
3076 848 3130 894 et
3152 855 3362 896 summe
3389 841 3584 907 bonus,

2000 939 2055 980 et
2079 926 2147 982 de
2173 941 2231 982 se
2257 927 2357 981 sibi
2390 927 2580 989 bonus,
2625 935 2682 981 et
2723 927 2869 982 nullo
2904 928 3082 982 alieno
3110 929 3249 984 bono
3292 931 3466 986 bonus
3489 973 3503 996 ,
3532 943 3584 986 et

2002 1018 2116 1086 ipse
2137 1026 2380 1072 nostrum
2405 1031 2673 1071 summum
2701 1017 2898 1072 bonum
2925 1033 2940 1082 ;
2969 1019 3265 1073 recedendo
3291 1021 3432 1086 inde,
3456 1021 3585 1091 quid

1996 1107 2132 1169 eris,
2168 1105 2270 1160 nisi
2310 1107 2528 1160 malus?
2567 1108 2722 1170 Item,
2766 1109 2811 1162 si
2840 1107 2956 1175 ipse
2980 1113 3067 1163 εει
3091 1107 3362 1163 beatitudo
3382 1120 3588 1175 nostra,

1996 1195 2124 1265 quid
2165 1199 2265 1250 erit
2308 1196 2621 1272 recedenti,
2668 1197 2770 1251 nisi
2816 1199 3079 1253 miseria?
3120 1200 3256 1254 lledi
3299 1216 3428 1270 ergo
3471 1209 3590 1270 post

1997 1288 2288 1354 miseriam,
2321 1298 2376 1342 et
2397 1288 2486 1344 dic
2511 1306 2524 1341 :
2555 1288 2802 1354 Domine,
2837 1291 2951 1360 quis
2979 1289 3160 1344 similis
3187 1287 3277 1344 liti
3298 1288 3325 1342 .’
3359 1291 3589 1358 Quantas

1995 1379 2259 1434 ostendisti
2282 1380 2407 1433 nti/ti
2434 1380 2782 1436 tribttlutiones
2808 1384 2994 1435 multas
3022 1393 3070 1436 et
3099 1381 3262 1436 mulas
3279 1421 3291 1436 .

2065 1471 2119 1527 9.
2159 1473 2262 1527 Sed
2301 1474 2572 1542 disciplina
2611 1474 2736 1540 fuit;
2777 1473 3112 1539 admonitio,
3161 1487 3266 1528 non
3316 1473 3582 1530 desertio.

1997 1562 2235 1633 Denique
2260 1565 2452 1633 gratias
2479 1580 2644 1636 agens
2670 1565 2796 1635 qttid
2823 1565 2988 1620 dicit?
3023 1563 3092 1619 Et
3124 1582 3393 1621 conversus
3417 1568 3585 1632 uirili-

1993 1653 2122 1707 σαειὶ
2169 1670 2250 1708 me
2267 1695 2284 1721 ,
2329 1665 2377 1708 et
2425 1655 2489 1708 de
2532 1656 2727 1725 «byssis
2772 1665 2922 1710 terra:
2964 1655 3148 1710 iterum
3200 1655 3446 1711 reduxisti
3481 1673 3582 1724 me,

1993 1745 2217 1812 Quando
2243 1745 2384 1800 enim
2413 1746 2607 1801 autan
2635 1745 2760 1818 quid
2784 1757 2866 1802 est
2891 1745 3024 1813 hoc,
3064 1748 3246 1802 iterum
3266 1748 3294 1802 .’
3328 1747 3584 1804 Cecidisti

1990 1835 2059 1889 ah
2085 1833 2365 1890 altitudine
2386 1875 2404 1900 ,
2430 1851 2465 1890 ο
2491 1836 2650 1890 homo
2673 1876 2690 1902 ,
2735 1836 3060 1907 mancipium
3104 1836 3422 1898 inobedieus
3443 1881 3460 1904 ,
3488 1854 3584 1895 su-

1992 1924 2157 1995 perbe
2191 1925 2446 1982 adversus
2491 1927 2770 1981 Dominum
2794 1969 2812 1996 ,
2855 1927 3096 1982 cecidisti
3123 1928 3139 1982 l
3170 1926 3392 1983 Factum
3417 1939 3500 1983 est
3531 1931 3582 1996 in

1995 2023 2080 2079 te,
2113 2014 2292 2069 Omnis
2312 2017 2397 2086 qui
2437 2031 2492 2070 se
2535 2016 2726 2072 exultat
2746 2054 2766 2083 ,
2815 2015 3162 2072 ltumiliabitur
3181 2033 3202 2073 :
3248 2018 3337 2072 liat
3388 2018 3442 2074 in
3490 2029 3542 2074 te
3565 2061 3582 2084 ,

1999 2102 2177 2160 Omnis
2213 2105 2302 2174 qui
2337 2121 2392 2160 se
2435 2104 2668 2160 Itumiliat
2691 2147 2709 2171 ,
2750 2107 3054 2161 exaltabitur
3097 2106 3268 2178 (Luc.
3310 2125 3417 2174 xtv,
3448 2112 3505 2165 11
3538 2111 3580 2182 ).

1993 2195 2126 2250 Redi
2156 2196 2223 2250 de
2255 2193 2540 2266 profundo.
2573 2196 2757 2252 Redeo
2777 2239 2794 2264 ,
2822 2196 3030 2267 inquit;
3070 2199 3233 2254 redeo
3252 2239 3271 2266 ,
3304 2216 3535 2269 agnosco
3564 2221 3582 2259 :

1992 2285 2134 2345 Deus
2155 2330 2171 2354 ,
2199 2289 2314 2361 quis
2337 2289 2516 2345 similis
2545 2288 2632 2342 tibi
2653 2289 2680 2343 .’
2710 2288 2939 2355 Quantas
2970 2292 3229 2349 ostendisti
3267 2293 3392 2346 mihi
3420 2295 3582 2348 tribu-

1992 2379 2203 2434 lutiones
2229 2379 2412 2434 multas
2439 2391 2484 2432 et
2512 2381 2716 2435 inulas!
2758 2379 2824 2433 Et
2861 2396 3125 2437 conuersus
3161 2384 3426 2452 riviﬁcasti
3461 2403 3541 2440 me
3561 2427 3579 2456 ,

1989 2479 2038 2528 et
2065 2470 2130 2524 de
2152 2470 2346 2541 abyssis
2376 2481 2521 2525 terra:
2549 2473 2730 2525 iterum
2759 2471 3004 2526 reduxisti
3045 2489 3139 2526 me.
3193 2472 3538 2544 lntelligintus
3561 2517 3577 2542 ,

1989 2561 2168 2618 audio.
2196 2559 2472 2619 Reduxisti
2501 2561 2642 2618 enim
2670 2562 2738 2618 de
2776 2563 2985 2634 abyssis
3028 2573 3223 2632 terno;
3265 2566 3518 2622 reduxisti
3547 2585 3579 2624 a

1992 2655 2348 2725 proluuditate
2381 2665 2436 2712 et
2461 2655 2829 2711 submersioue
2859 2657 3080 2725 peccati.
3116 2657 3221 2712 Sed
3251 2674 3418 2727 quare
3441 2701 3458 2723 ,
3487 2661 3581 2715 ite-

1989 2761 2102 2820 rum
2123 2747 2149 2802 ?
2172 2746 2395 2815 Quando
2416 2746 2526 2817 jam
2555 2745 2750 2802 factum
2779 2748 2938 2804 erat?
2973 2747 3310 2820 Sequuntur,
3344 2767 3414 2808 ne
3444 2754 3580 2810 forte

1990 2837 2285 2907 posteriora
2331 2837 2516 2908 psalmi
2544 2837 2712 2907 ipsius
2755 2849 3026 2910 exponant
3066 2840 3260 2910 nobis,
3308 2843 3450 2912 quod
3493 2845 3580 2902 hie

1990 2928 2225 2984 nondum
2254 2928 2600 2999 intelligimus
2624 2971 2638 2994 ,
2675 2929 2799 2999 quid
2842 2928 3040 2985 dixerit
3077 2933 3278 2986 iterum.
3313 2934 3449 3004 Ergo
3479 2950 3578 2988 an-

1988 3020 2194 3075 diautus
2223 3038 2238 3074 :
2284 3019 2510 3087 Quantas
2547 3019 2808 3076 ostendisti
2849 3022 2971 3074 milii
3011 3022 3360 3079 tribulationcs
3396 3026 3578 3082 multus

1988 3123 2036 3169 et
2077 3112 2282 3168 malus!
2319 3121 2368 3168 et
2418 3128 2688 3168 conversus
2727 3112 2992 3182 riviﬁcasti
3033 3130 3112 3168 me
3133 3156 3148 3178 ,
3193 3127 3242 3170 et
3278 3117 3343 3169 de
3382 3121 3577 3189 atzgssis

1985 3213 2133 3260 terra!
2160 3205 2341 3262 iterum
2368 3204 2616 3261 reduxisti
2643 3221 2741 3260 me.
2780 3205 2915 3273 Quid
2955 3206 3190 3263 deinde?
3223 3206 3576 3282 Multiplimsti

1980 3298 2232 3370 iustitiam
2269 3307 2449 3362 tuum:
2487 3305 2535 3352 et
2561 3313 2828 3353 conversus
2857 3299 3147 3353 consolatus
3186 3316 3239 3353 es
3281 3318 3361 3355 me
3383 3343 3399 3366 ,
3427 3312 3472 3356 et
3513 3305 3576 3358 de

1985 3389 2178 3462 abyssis
2205 3398 2353 3446 terra
2369 3389 2549 3445 iterum
2574 3387 2819 3442 reduxisti
2844 3405 2941 3444 me.
2970 3390 3103 3444 Ecce
3123 3391 3344 3446 alterum
3367 3393 3570 3449 iterum.

1984 3479 2038 3537 Si
2067 3480 2169 3536 hoc
2195 3480 2373 3535 iterum
2398 3480 2607 3535 solvere
2633 3478 2937 3535 laboramus
2962 3481 3125 3535 semel
3151 3481 3379 3550 positum
3409 3524 3422 3543 ,
3453 3484 3574 3554 quis

1983 3572 2178 3645 poterit
2203 3571 2410 3627 solvere
2434 3570 2804 3642 geminatum?
2832 3569 2948 3626 tam
2979 3573 3147 3640 ipsum
3187 3573 3365 3626 iterant
3403 3574 3566 3646 gemi-

1984 3665 2130 3720 natio
2154 3675 2238 3719 est
2259 3705 2275 3730 ,
2301 3671 2358 3721 et
2382 3678 2594 3718 rursum
2624 3663 2853 3734 positum
2878 3673 2962 3718 est
2989 3666 3190 3718 itemm.
3221 3666 3372 3721 Adsit
3413 3667 3502 3723 ille
3540 3683 3570 3723 a

1983 3769 2090 3826 quo
2107 3754 2274 3825 gratia
2296 3771 2310 3809 :
2337 3753 2476 3809 adsit
2497 3763 2550 3809 ct
2568 3752 2843 3809 brachium
2864 3754 3003 3824 quod
3026 3755 3405 3812 annuutiamus
3427 3759 3570 3811 omni

1981 3846 2309 3918 generationi
2350 3854 2752 3914 superventura:
2790 3865 2808 3900 ς
2851 3847 2989 3900 adsit
3027 3847 3139 3916 ipse
3163 3890 3178 3910 ,
3224 3859 3279 3904 et
3322 3859 3570 3920 tanquam

1983 3938 2133 3994 clave
2161 3940 2178 3970 ¹
2206 3938 2381 3992 crucis
2410 3954 2518 3992 sua:
2539 3938 2775 3991 clausum
2798 3947 3186 3992 sacramentum
3217 3941 3440 4009 aperiat.
3468 3941 3574 4000 Ne—

1983 4045 2086 4100 que
2110 4029 2253 4084 enim
2278 4027 2509 4095 frustra,
2545 4029 2633 4083 illo
2673 4029 2962 4094 crttcilixo,
3006 4032 3180 4086 velunt
3230 4033 3410 4103 templi
3460 4050 3573 4089 me-

1982 4119 2128 4175 dium
2156 4119 2381 4175 scissum
2410 4128 2493 4173 est
2522 4117 2751 4186 (Matth.
2786 4133 2926 4173 xxvn
2953 4162 2968 4186 ,
3000 4121 3060 4175 51
3090 4122 3130 4191 ),
3165 4123 3263 4176 nisi
3312 4125 3434 4192 quia
3471 4140 3573 4194 per

1982 4212 2150 4282 ipsius
2167 4211 2468 4283 passionem
2490 4211 2727 4267 omnium
2750 4217 3123 4284 mysteriorum
3148 4228 3350 4272 secreta
3383 4229 3570 4288 patue-

1982 4315 2126 4361 runt.
2160 4303 2312 4357 Adsit
2335 4318 2462 4373 ergo
2488 4303 2600 4372 ipse
2631 4304 3026 4359 transeuntibus
3055 4307 3120 4360 ad
3151 4323 3272 4361 eum
3300 4325 3315 4374 ;
3355 4308 3568 4363 aufera-

1983 4403 2070 4450 tur
2093 4395 2331 4450 velamen
2361 4393 2446 4466 (11
2473 4393 2592 4450 Cor.
2625 4410 2680 4450 tu
2706 4439 2719 4454 .
2754 4397 2818 4450 16
2845 4395 2905 4465 ):
2946 4395 3089 4451 dicat
3121 4397 3274 4453 nobis
3315 4399 3571 4456 Dominus

1973 4483 2167 4546 hoster
2193 4500 2247 4545 et
2287 4488 2530 4544 Salvator
2569 4487 2726 4543 .lesus
2770 4489 3054 4557 Christus,
3097 4507 3260 4560 quare
3306 4494 3424 4548 talis
3467 4508 3569 4550 vox

1982 4579 2262 4649 Propheta:
2291 4579 2562 4649 praemissa
2591 4589 2673 4634 est
2704 4596 2718 4632 :
2753 4580 3026 4633 θεωηαὶειί
3064 4582 3187 4634 mihi
3228 4583 3572 4639 lribulatioues

1981 4673 2167 4728 multas
2196 4683 2243 4727 et
2263 4672 2424 4726 malas
2447 4687 2467 4737 ;
2487 4681 2533 4725 et
2552 4688 2815 4727 conversus
2836 4672 3098 4740 viri/icasti
3119 4691 3196 4727 me
3219 4716 3234 4731 .
3261 4685 3306 4726 et
3335 4675 3398 4728 de
3421 4660 3567 4747 in”.

1980 4764 2052 4819 sis
2075 4774 2220 4818 terra?
2244 4764 2426 4818 iterum
2452 4762 2696 4816 reduxisti
2723 4779 2820 4815 me.
2856 4764 2932 4817 En
2964 4762 3067 4818 hoc
3089 4765 3313 4834 pritntnn
3339 4766 3566 4834 pmitntn
3629 4824 3631 4827 ,

1982 4863 2064 4908 est
2088 4853 2268 4908 iterum
2295 4867 2318 4906 :
2346 4852 2619 4907 videamus
2661 4852 2785 4922 quid
2834 4852 2936 4908 hoc
2981 4853 3088 4921 sit,
3138 4862 3192 4908 et
3240 4855 3568 4911 inveniemus

1981 4960 2146 5015 quare
2170 4944 2396 4998 alterum
2426 4943 2625 4997 iterum.

2057 5036 2140 5091 10.
2181 5034 2317 5102 Quid
2343 5044 2424 5089 est
2451 5034 2731 5089 Christus?
2774 5033 2839 5088 In
2877 5037 3129 5104 principio
3165 5049 3272 5090 erat
3311 5037 3526 5093 Verbum
3549 5081 3566 5107 ,

1983 5137 2030 5183 et
2060 5125 2274 5180 Verbum
2317 5135 2425 5180 erat
2459 5125 2598 5197 apud
2637 5124 2802 5180 Deum
2825 5168 2842 5192 ,
2891 5136 2936 5180 et
2974 5125 3109 5182 Deus
3151 5139 3268 5182 «rat.
3310 5128 3570 5188 Verbum:

1984 5217 2078 5270 ltoc
2105 5226 2210 5271 erat
2252 5217 2305 5271 in
2345 5215 2594 5287 principio
2637 5218 2776 5287 apud
2822 5215 3002 5273 Deum.
3050 5218 3234 5274 Omnia
3279 5237 3367 5291 per
3403 5222 3570 5294 ipsum

1985 5307 2120 5378 facta
2143 5316 2258 5364 sunt
2281 5349 2296 5374 ,
2325 5317 2370 5363 et
2395 5309 2503 5362 sine
2525 5309 2636 5378 ipso
2662 5312 2851 5380 factum
2877 5320 2952 5364 est
2990 5309 3138 5366 nihil.
3185 5311 3398 5369 Grande
3434 5315 3567 5372 hoc!

1987 5413 2232 5469 magnum
2255 5397 2394 5455 hoc!
2422 5397 2500 5454 'l'u
2522 5397 2644 5470 quid
2671 5439 2687 5465 ,
2711 5399 2961 5470 captive?
2987 5400 3072 5455 ubi
3096 5400 3244 5472 jaccs
3261 5401 3285 5456 ?
3305 5403 3361 5459 in
3387 5419 3568 5474 carne,

1986 5490 2085 5544 sub
2113 5500 2302 5544 morte.
2334 5489 2465 5557 Quis
2489 5504 2618 5561 ergo
2645 5489 2774 5545 ille?
2797 5490 2916 5561 quis
2949 5491 3045 5548 tu?
3066 5502 3117 5550 et
3145 5492 3272 5566 quid
3301 5493 3389 5552 ille
3419 5507 3568 5566 pest-

1987 5580 2094 5637 ea?
2125 5591 2338 5653 propter
2363 5581 2566 5651 quem?
2598 5581 2728 5652 Quis
2766 5581 2854 5639 ille
2877 5623 2891 5644 .
2917 5585 3017 5640 nisi
3048 5585 3189 5657 quod
3229 5585 3427 5642 dictum
3451 5596 3569 5654 est,

1997 5671 2252 5729 Verbum?
2271 5671 2423 5741 Quod
2457 5671 2840 5761 Verbumtne
2879 5673 3016 5730 forte
3058 5686 3213 5739 sonat
3251 5687 3300 5736 et
3343 5677 3572 5735 transit?

2061 5786 2076 5818 ³
2094 5782 2281 5851 Altquot
2298 5791 2426 5849 uss,
2443 5783 2590 5838 claro.
