3990 6302
378 315 483 371 903

371 432 506 487 Deo.
538 432 643 488 Sed
665 429 739 485 ait
767 432 1048 493 Apostolus
1074 437 1086 473 :
1112 416 1172 472 Si
1194 413 1493 468 distribuere
1514 407 1683 462 omnia
1704 421 1815 458 mea
1841 416 1963 459 nau-

389 527 612 601 perilvus.
641 531 686 576 et
718 492 974 573 tradidero
1002 525 1187 578 corpus
1216 520 1381 559 meum
1410 511 1464 555 ut
1494 500 1725 601 ardeam,
1747 492 1969 601 charita:

389 581 487 671 ient
507 625 677 667 autem
702 625 801 662 non
829 604 1057 666 habeam,
1085 598 1213 653 nihil
1237 593 1360 649 ntihi
1384 590 1604 663 prodest.
1629 586 1900 654 Tanquam
1923 581 1970 636 si

392 704 635 764 diceret:
668 702 724 756 Si
772 696 1096 751 distribuere
1142 687 1322 742 omnia
1365 698 1483 737 mea
1530 677 1873 751 pauperibus,
1916 682 1973 730 et

396 808 597 863 pauper
640 790 732 845 Dei
782 804 886 841 non
933 782 1109 846 fuero,
1148 777 1279 833 nihil
1312 772 1441 828 mihi
1475 769 1708 842 prodest.
1741 764 1973 822 Charitas

390 857 533 941 enim
563 899 661 937 non
690 881 897 951 inﬂatur
925 875 965 945 (l
988 872 1105 928 Cor.
1124 886 1232 941 snt,
1262 870 1317 931 3,
1346 868 1432 937 Is);
1462 878 1559 918 nec
1578 871 1660 915 est
1685 875 1810 951 vera
1839 857 1973 951 ‘Dei

393 975 630 1033 (haritas
670 974 721 1026 in
764 986 829 1025 eo
868 969 956 1037 qui
998 964 1235 1033 ingratus
1260 968 1341 1013 est
1370 969 1556 1011 sancto
1580 950 1796 1024 Spiritui
1822 950 1937 1016 ejus
1958 988 1973 1010 ,

397 1086 491 1139 per
518 1082 675 1138 quem
703 1057 1093 1117 diliundituriu
1114 1052 1367 1109 cordibus
1388 1045 1584 1102 uestris
1606 1043 1837 1098 Charitas
1861 1039 1977 1139 ejus

397 1132 573 1225 illam.
598 1170 653 1216 ν,
680 1155 756 1223 5).
791 1151 858 1206 Et
885 1148 1005 1203 ideo
1035 1144 1167 1199 tales
1197 1155 1303 1198 non
1334 1138 1605 1209 pertinent
1627 1137 1689 1187 ad
1723 1132 1975 1225 populum

402 1223 529 1313 Dei,
559 1246 680 1317 quia
712 1259 815 1297 non
846 1251 968 1294 sum
1010 1248 1272 1307 pauperes
1301 1231 1418 1286 Dei.
1471 1229 1740 1297 Paupvres
1779 1223 1977 1317 quippe

402 1340 492 1393 Dei
517 1338 738 1397 dicunt:
766 1331 876 1386 Nos
899 1338 1186 1383 autemnon
1207 1323 1444 1393 spiritum
1465 1319 1620 1392 hujus
1638 1316 1812 1370 mundi
1837 1330 1978 1367 acce-

400 1428 594 1498 pimus,
621 1424 713 1479 sed
736 1422 989 1493 Spiritum
1016 1416 1101 1483 qui
1130 1431 1192 1469 ea:
1220 1412 1324 1467 Deo
1353 1422 1424 1464 est
1446 1453 1461 1475 ,
1487 1420 1543 1465 ut
1568 1409 1786 1465 sciamus
1810 1421 1924 1473 qua.-
1946 1421 1980 1458 a

405 1516 509 1570 Deo
535 1514 721 1565 donata
745 1520 860 1564 sunt
886 1509 1027 1562 nobis
1060 1505 1110 1580 (l
1135 1503 1253 1570 Cor.
1280 1519 1350 1568 tt,
1376 1501 1497 1570 12).
1538 1500 1668 1555 Nam
1701 1513 1819 1553 cum
1847 1507 1901 1551 et
1928 1497 1978 1551 in

401 1607 506 1660 isto
533 1604 737 1673 psalmo
760 1644 776 1668 ,
804 1612 1020 1672 propter
1050 1596 1282 1667 suscepti
1326 1594 1557 1650 hominis
1586 1602 1978 1659 sacramentum

399 1716 507 1769 quo
535 1696 762 1751 Verbum
789 1709 914 1748 caro
943 1691 1141 1747 factum
1170 1699 1253 1745 est
1281 1688 1461 1763 (Joan.
1511 1702 1566 1753 t,
1604 1687 1671 1742 tl
1691 1685 1710 1759 )
1731 1726 1746 1747 ,
1777 1684 1984 1740 dicatur

406 1792 514 1847 Deo
544 1790 685 1847 l’atri
713 1788 860 1858 regi,
898 1785 1163 1841 Justitiam
1189 1792 1328 1838 tuam
1356 1782 1425 1835 da
1451 1780 1561 1849 ﬁlio
1586 1779 1750 1850 regis;
1795 1776 1984 1831 nolunt

405 1884 490 1939 isti
520 1882 624 1937 sibi
651 1880 767 1935 dari
797 1877 1057 1947 justitiam
1078 1916 1095 1941 ,
1124 1873 1219 1929 sed
1245 1889 1275 1929 a
1306 1869 1612 1938 semetipsis
1639 1884 1756 1921 eam
1787 1867 1984 1919 habere

405 1976 698 2032 emdidunt.
722 1972 1032 2042 Ignorautes
1051 1967 1193 2023 enim
1224 1966 1317 2021 Dei
1341 1963 1624 2035 justitiam,
1647 1969 1701 2015 et
1720 1975 1871 2015 suam
1897 1975 1982 2012 νο·
2031 1975 2035 1979 ν

407 2071 576 2126 lentes
616 2065 983 2129 constituere,
1027 2058 1250 2131 iustitiae
1296 2056 1388 2113 Dei
1438 2070 1541 2110 non
1585 2064 1709 2107 sunt
1760 2051 1982 2117 subjecti

406 2162 424 2225 (
439 2161 585 2214 item.
616 2173 673 2223 χ,
694 2155 771 2228 5).
804 2154 919 2210 Non
941 2160 1067 2209 sunt.
1093 2152 1293 2220 itaque,
1319 2157 1376 2202 ttt
1398 2147 1511 2201 dixi
1533 2188 1548 2212 ,
1582 2158 1842 2216 pauperes
1869 2143 1982 2207 Dei,

406 2250 502 2305 sed
530 2246 722 2304 divites
746 2244 859 2310 sui;
888 2241 1011 2317 quia
1042 2256 1150 2297 non
1176 2248 1304 2296 sunt
1334 2236 1596 2295 humiles.
1627 2235 1720 2289 sed
1749 2231 1986 2303 superbi.

411 2337 600 2394 Veniet
621 2350 748 2391 vero
778 2335 864 2390 ille
880 2331 1128 2402 judicare
1158 2329 1409 2400 populum
1449 2326 1540 2380 Dei
1580 2325 1631 2378 in
1665 2323 1868 2395 justitia
1890 2363 1905 2387 ,
1935 2331 1991 2376 et

411 2444 671 2503 pauperes
698 2426 789 2483 Dei
818 2426 869 2481 in
891 2424 1094 2495 judicio
1120 2430 1212 2478 :et
1237 2436 1301 2476 eo
1323 2418 1523 2490 judicio
1549 2416 1818 2472 discernet
1848 2432 1875 2467 a
1901 2414 1988 2468 di-

411 2522 606 2577 vitibus
646 2534 831 2574 eorum
879 2528 1142 2586 pauperes
1183 2526 1344 2577 suos;
1375 2509 1470 2564 sed
1506 2524 1642 2578 quos
1671 2516 1984 2577 paupertate

412 2630 503 2671 sua
530 2613 656 2665 fecit
679 2610 870 2665 divites
894 2623 1041 2662 suos.
1070 2605 1275 2661 Clamat
1302 2604 1350 2658 ei
1375 2602 1574 2673 quippe
1600 2599 1828 2672 populus
1857 2615 1988 2669 pau-

414 2719 508 2770 per
531 2699 754 2758 :Judica
782 2714 895 2763 me,
929 2694 1099 2760 Deus,
1133 2705 1179 2748 et
1221 2694 1449 2747 discerne
1488 2706 1691 2745 causant
1731 2706 1893 2743 meam
1931 2690 1995 2743 de

413 2804 557 2867 gente
577 2808 677 2846 non
702 2800 878 2845 sancta
905 2787 1076 2860 (Psal.
1100 2802 1229 2849 XLII,
1258 2786 1330 2855 1).

484 2889 539 2941 4.
566 2883 717 2952 Quod
741 2892 916 2936 autem
939 2888 1142 2933 mutato
1163 2878 1447 2931 verborum
1471 2874 1678 2936 ordine,
1703 2889 1823 2929 cum
1847 2874 1994 2944 prius

415 2977 658 3039 dixisset,
680 2973 836 3035 Deus,
847 2970 1101 3042 judicium
1121 2978 1260 3022 tuum
1281 2968 1387 3036 regi
1408 2967 1495 3033 da,
1518 2978 1563 3020 rt
1580 2966 1833 3037 justitiam
1859 2975 1995 3019 tuom

416 3068 525 3138 ﬁlio
551 3065 685 3135 regis
706 3106 721 3126 ,
750 3063 895 3133 prius
928 3074 1134 3131 ponens
1154 3057 1415 3128 judicium
1434 3098 1447 3118 .
1473 3057 1668 3111 deinde
1695 3054 1955 3126 justitiam
1979 3071 1993 3114 ;

421 3159 568 3230 prius
593 3155 851 3228 justitiam
882 3153 1077 3224 posuit,
1100 3148 1294 3206 deinde
1312 3140 1589 3222 judicium,
1618 3150 1822 3213 dicens,
1844 3148 1999 3202 ludi-

420 3266 535 3302 care
563 3246 808 3317 populum
835 3255 979 3298 tuum
1007 3244 1058 3298 in
1088 3243 1283 3310 iustitia
1304 3280 1318 3305 ,
1348 3250 1394 3295 et
1424 3257 1669 3313 pauperes
1696 3251 1808 3295 tuos
1835 3241 2018 3312 ἔπλει-³

416 3342 552 3405 dicio
568 3357 588 3405 ;
607 3339 775 3411 magis
794 3336 1026 3392 ostendit
1048 3335 1303 3405 judicium
1324 3348 1386 3389 se
1400 3331 1996 3411 nppellassejustitiam,

418 3431 554 3487 nihil
580 3431 841 3485 interesse
866 3427 1246 3483 demonstrans
1263 3438 1371 3494 quo
1389 3422 1578 3478 ordine
1606 3403 1854 3493 ponatur,
1879 3438 1998 3477 cum

421 3523 562 3578 idem
609 3519 891 3591 signiﬁcet.
945 3516 1096 3573 Solet
1136 3516 1280 3571 enim
1322 3514 1427 3571 dici
1472 3514 1730 3586 judicium
1782 3529 2000 3586 pravum

418 3612 563 3686 quod
602 3610 856 3681 iniustum
886 3616 1004 3674 est;
1030 3606 1289 3675 justitiam
1321 3620 1449 3660 vero
1481 3606 1714 3676 iniquam
1745 3605 1831 3659 vel
1865 3605 2004 3676 inju-

424 3699 559 3767 stam
586 3700 765 3759 dicere
793 3715 897 3755 non
926 3699 1180 3752 solemus.
1224 3695 1279 3751 Si
1308 3700 1449 3751 enim
1491 3710 1648 3765 prava
1670 3736 1686 3762 ,
1716 3705 1770 3749 et
1811 3694 2004 3766 injusta

424 3792 557 3857 erit;
591 3806 691 3847 nec
716 3790 917 3861 justitia
940 3788 1049 3858 jam
1080 3786 1305 3843 dicenda
1337 3796 1436 3842 est.
1485 3786 1716 3843 Proinde
1758 3786 2007 3858 ponendo

426 3886 680 3957 judicium
701 3924 716 3947 ,
747 3892 908 3953 atque
935 3880 1155 3951 justitize
1186 3879 1403 3943 nomine
1429 3877 1753 3949 repetendo;
1785 3878 1866 3931 vel
1909 3894 2007 3948 po-

430 3973 606 4031 nendo
642 3971 903 4044 justitiam
927 4009 943 4037 ,
975 3978 1030 4025 et
1070 3984 1190 4025 eam
1223 3967 1407 4038 judicii
1438 3967 1654 4023 nomine
1680 3966 2005 4037 repetendo,

429 4067 564 4122 satis
585 4066 776 4122 edocet
807 4063 1022 4135 proprie
1045 4079 1103 4119 se
1130 4062 1398 4134 appellare
1433 4059 1689 4133 judicium
1731 4063 1869 4133 quod
1913 4078 2011 4134 pro

430 4158 631 4232 justitin
660 4155 784 4229 poni
814 4154 971 4219 solet,
1003 4153 1053 4207 id
1080 4162 1179 4214 est.
1203 4152 1344 4223 quod
1375 4150 1426 4207 in
1456 4153 1592 4207 male
1620 4152 1905 4221 judicando
1932 4154 2013 4228 in-

434 4248 594 4321 telligi
625 4263 731 4304 non
762 4254 954 4316 potest.
978 4244 1077 4301 Ubi
1099 4245 1244 4301 enim
1278 4242 1533 4299 Dominus
1560 4242 1709 4305 dicit,
1739 4242 2015 4313 Noliteju-

434 4342 604 4395 dicare
630 4337 978 4411 personaliter,
998 4335 1089 4391 sed
1108 4346 1296 4388 rectum
1313 4334 1565 4403 judicium
1582 4334 1812 4405 judicate
1832 4332 2009 4407 (Joau.

436 4448 530 4498 vn,
553 4432 683 4497 ιιι),
709 4427 939 4483 ostendit
970 4442 1089 4482 esse
1118 4441 1275 4497 posse
1307 4441 1525 4497 pravum
1552 4424 1809 4494 judicium
1833 4468 1848 4490 ,
1892 4442 2013 4480 eum

441 4524 605 4589 dicit,
636 4521 843 4577 Rectam
863 4518 1115 4592 judicium
1133 4518 1363 4588 judicate
1383 4530 1403 4571 .°
1426 4514 1656 4586 denique
1683 4515 1808 4570 illud
1839 4527 1972 4569 velat
1998 4534 2014 4583 ;

441 4615 540 4670 hoc
570 4611 827 4684 praecipit.
871 4608 1003 4667 Cum
1031 4623 1160 4662 vero
1185 4607 1300 4662 sine
1325 4607 1431 4662 ulla
1458 4605 1755 4676 adjectiune
1779 4607 1904 4661 dicit
1927 4608 2018 4678 ᾔει..

436 4704 654 4765 dicium,
682 4701 937 4757 continuo
961 4700 1162 4767 justum
1186 4697 1302 4751 vult
1326 4696 1583 4767 intelligi;
1615 4697 1753 4751 sicut
1773 4708 1854 4752 est
1874 4698 2018 4767 quod

438 4794 512 4851 ait
534 4812 546 4848 ι
572 4790 876 4863 erinquitis
901 4789 1134 4861 graviora
1157 4787 1326 4855 Legis,
1354 4787 1745 4842 misericordiam
1766 4830 1779 4848 .
1807 4799 1854 4842 ct
1870 4790 2018 4858 judi—

438 4886 569 4949 cium
598 4881 810 4950 (Matth.
840 4896 990 4942 χχιιι.
1016 4878 1133 4945 9.5).
1159 4878 1226 4933 Et
1252 4876 1378 4932 illud
1408 4876 1548 4947 quod
1577 4877 1838 4934 Jercmias
1860 4879 2017 4934 dicit:

447 4973 663 5028 Faciem
683 4970 883 5025 diuitias
899 4986 1020 5023 suas
1046 4985 1144 5023 non
1172 4983 1284 5022 cum
1305 4968 1495 5035 judicio
1520 4967 1730 5040 (Jerem.
1755 4984 1884 5031 ινα,
1908 4970 2018 5042 11).

442 5062 559 5125 Non
580 5061 672 5131 ait,
698 5059 925 5117 Faciens
949 5057 1161 5138 divitias
1181 5072 1305 5113 suas
1331 5073 1494 5128 pravo
1516 5058 1779 5130 lnjustove
1799 5060 2019 5130 judicio,

443 5154 524 5208 vel
567 5168 673 5208 non
717 5165 838 5222 cum
876 5148 1077 5221 judicio
1121 5158 1267 5205 recto
1295 5160 1387 5204 aut
1414 5148 1589 5219 justo;
1619 5150 1745 5217 sed,
1781 5168 1881 5208 non
1906 5169 2023 5209 cum

446 5244 635 5308 judicio
659 5257 678 5293 :
699 5241 953 5315 judicium
985 5255 1091 5296 non
1118 5239 1411 5311 appellans,
1439 5240 1542 5297 nisi
1563 5240 1703 5313 quod
1734 5254 1936 5298 rectum
1959 5258 2023 5300 ac

408 5339 415 5347 '
443 5334 643 5407 justum
675 5341 775 5388 est.

519 5426 571 5479 5.
596 5422 747 5496 [verm
774 5420 851 5497 5.]
879 5421 1173 5493 Suscipiunt
1194 5433 1385 5478 montes
1408 5440 1587 5497 pacem
1619 5426 1827 5495 populo,
1852 5438 1898 5481 et
1923 5429 2027 5481 col-

446 5522 517 5575 les
538 5518 809 5591 justitiam.
851 5515 1056 5573 Montes
1098 5514 1329 5585 majores
1374 5528 1531 5585 smn,
1563 5518 1731 5574 colles
1770 5520 2025 5579 minores.

446 5610 703 5672 Nimirum
729 5624 858 5678 ergo
882 5606 935 5664 hi
966 5616 1091 5665 sunt
1115 5624 1250 5679 quos
1276 5610 1413 5666 alius
1440 5610 1598 5667 habet
1626 5613 1895 5683 psalmus:
1920 5613 2029 5676 Pu:-

512 5717 1196 5785 'siettss.At8dd.,mitttt.

1619 288 1676 341 Β.
1722 276 2082 338 Αυηυδτιηι
2126 276 2429 331 EPISCOI‘l

3553 273 3652 330 90‘

2069 392 2212 445 sillos
2228 408 2343 446 cum
2365 391 2579 460 magnis.
2602 391 2690 445 isti
2711 390 2906 460 quippe
2926 398 3119 443 montes
3137 390 3509 443 maturuerunt
3528 394 3655 443 sicut

2069 482 2269 544 arietes,
2300 491 2355 536 et
2380 482 2466 535 isti
2493 482 2646 535 colles
2670 481 2797 533 sicut
2823 480 2944 550 agni
2963 482 3150 543 ovium,
3177 479 3229 533 in
3253 480 3386 534 exitu
3409 479 3574 534 Israel
3597 497 3656 532 ιιι

2072 569 2307 641 Αἰςῃριο
2336 570 2508 643 (Psal.
2531 586 2681 637 cxut,
2711 572 2797 626 l3.
2819 571 2874 635 ι,
2900 567 2975 641 1),
3006 568 3055 625 id
3076 579 3157 624 est
3184 570 3234 623 in
3267 571 3443 638 populi
3476 570 3567 626 Dei
3597 571 3652 623 li-

2074 661 2347 715 beratione
2370 661 2438 714 ab
2465 660 2623 729 hujus
2648 660 2826 716 steculi
2868 662 3148 714 servitute.
3178 659 3487 731 Excellenti
3530 676 3657 730 ergo

2074 754 2355 808 sanctitate
2395 755 2694 808 eminentes
2733 753 2785 807 in
2828 751 3101 816 Ecclesia,
3132 761 3342 808 montes
3368 761 3530 817 sunt;
3570 751 3655 820 qui

2078 844 2253 900 idonei
2273 854 2396 899 sunt
2416 854 2469 900 et
2489 844 2624 899 alios
2645 844 2840 898 docere
2860 846 2877 914 (
2894 841 2937 896 ll
2961 841 3090 896 Tim.
3116 857 3171 905 tt,
3196 841 3274 911 9.),
3299 841 3377 896 sic
3395 842 3658 911 loquendo

2079 946 2136 989 ut
2165 934 2390 990 ﬁdeliter
2415 936 2763 1000 instruantur,
2791 932 2871 989 sic
2899 931 3125 987 vivendo
3155 941 3214 987 ut
3236 932 3520 986 salubriter
3542 931 3657 984 imi-

2079 1037 2261 1082 tentur
2288 1045 2301 1080 :
2331 1027 2500 1081 colles
2536 1036 2715 1081 autem
2755 1035 2879 1081 sunt
2921 1026 3132 1081 illurtttn
3163 1024 3535 1092 excellentiam
3564 1040 3656 1078 sua

2079 1116 2382 1171 obedientia
2427 1115 2836 1186 subsequentes.
2865 1116 3042 1184 Quare
3067 1129 3198 1185 ergo
3223 1124 3414 1169 montes
3449 1131 3623 1185 pacem
3642 1155 3656 1176 .

2078 1215 2126 1259 et
2156 1206 2307 1260 colles
2327 1205 2625 1278 justitiam?
2661 1206 2743 1260 An
2773 1206 2911 1261 forte
2940 1205 3072 1261 nihil
3104 1205 3384 1260 interesset
3404 1245 3419 1271 ,
3451 1206 3659 1260 etiamsi

2081 1297 2152 1352 ita
2179 1297 2450 1352 diceretur
2474 1314 2490 1352 :
2513 1296 2816 1367 Sttscipiant
2841 1307 3050 1352 montes
3075 1297 3335 1367 justitiam
3365 1298 3582 1367 papulo,
3608 1310 3659 1353 rt

2081 1389 2247 1444 colles
2274 1389 2495 1459 pacem?
2525 1387 2772 1461 Utrisque
2796 1389 2938 1444 enim
2965 1390 3189 1459 justitia,
3216 1400 3269 1444 et
3299 1392 3540 1460 utrisque
3562 1406 3658 1460 pas

2085 1482 2384 1537 necessaria
2410 1490 2496 1537 est
2517 1499 2532 1535 :
2557 1490 2613 1537 et
2640 1482 2753 1537 ﬁeri
2780 1492 2955 1552 potest
2983 1491 3038 1535 ut
3067 1483 3173 1537 alio
3195 1485 3413 1537 nomine
3440 1498 3541 1553 pax
3572 1500 3642 1553 ap

2086 1574 2274 1643 peltata
2297 1574 2369 1628 sit
2395 1573 2508 1645 ipsa
2533 1573 2771 1642 justitia;
2805 1574 2918 1628 luce
2945 1584 3027 1628 est
3053 1573 3198 1629 enim
3228 1589 3357 1628 vera
3388 1590 3488 1645 pax
3509 1617 3526 1639 ,
3557 1590 3662 1641 non

2085 1666 2294 1733 qualem
2323 1664 2507 1735 injusti
2535 1664 2673 1720 inter
2699 1679 2760 1719 se
2791 1665 3007 1719 faciunt.
3033 1668 3113 1720 An
3142 1667 3315 1735 potius
3338 1681 3459 1720 cum
3480 1668 3664 1737 distiu—

2084 1758 2262 1812 ctione
2290 1772 2394 1811 non
2424 1756 2813 1812 contemnenda
2844 1756 3244 1827 intelligendum
3275 1766 3357 1812 est
3385 1758 3525 1827 quod
3553 1758 3663 1823 ait,

2092 1846 2287 1903 Montes
2313 1864 2511 1920 pacem,
2539 1856 2584 1903 et
2605 1849 2757 1903 colles
2775 1848 3074 1919 justitiam?
3103 1848 3439 1906 Excellenles
3472 1851 3666 1922 quippe

2086 1940 2140 1993 in
2171 1938 2427 2004 Ecclesia,
2460 1939 2573 2008 paci
2619 1939 2814 1994 debent
2856 1940 3091 2009 vigilanti
3136 1940 3428 1996 intentione
3469 1956 3666 1997 consu-

2090 2031 2234 2095 lere;
2264 2048 2331 2086 ne
2374 2041 2593 2101 propter
2618 2046 2743 2087 suos
2782 2032 3013 2087 hOnores
3038 2035 3266 2102 superbe
3290 2035 3495 2102 agendo
3522 2036 3667 2103 schi-

2090 2135 2259 2178 smata
2289 2125 2483 2179 iaciant
2502 2166 2517 2186 .
2548 2125 2765 2178 unitatis
2790 2140 3047 2193 cmnpage
3069 2125 3330 2193 disrupta.
3362 2125 3539 2181 Colles
3563 2143 3664 2180 auo

2093 2226 2197 2269 tem
2226 2215 2294 2277 ita
2322 2230 2416 2272 eos
2454 2216 2711 2271 imitando
2737 2226 2789 2272 et
2816 2216 3114 2273 obediendo
3155 2218 3567 2288 subsequantur,
3610 2230 3667 2275 ut

2090 2307 2171 2361 eis
2218 2306 2489 2361 Christum
2541 2317 2894 2375 anteponant;
2946 2323 3010 2361 ne
3059 2308 3320 2362 malorum
3368 2310 3623 2364 uiantium
3651 2351 3667 2372 ,

2092 2400 2342 2470 quoniam
2370 2398 2616 2455 videntur
2640 2400 2925 2465 excellere,
2952 2416 3081 2454 vana
3104 2401 3423 2456 auctoritate
3441 2401 3669 2479 seducti,

2091 2504 2152 2545 se
2171 2505 2201 2545 a
2222 2490 2421 2546 Christi
2446 2492 2645 2545 unitate
2666 2491 3016 2560 disrumpunt.
3042 2491 3164 2545 Ideo
3186 2492 3382 2546 dictum
3404 2504 3486 2547 est
3508 2511 3522 2547 :
3541 2492 3671 2547 Sus-

2094 2583 2284 2654 cipiunt
2314 2592 2504 2637 montes
2532 2598 2704 2652 pacem
2731 2582 2938 2649 populo.
2995 2582 3176 2636 Dicant
3213 2581 3424 2650 quidem
3459 2600 3473 2636 :
3500 2580 3671 2636 Imita-

2095 2683 2228 2729 tores
2257 2673 2353 2727 mei
2377 2680 2552 2738 estote,
2578 2674 2705 2726 sicut
2733 2681 2779 2727 et
2804 2687 2895 2742 ego
2916 2671 3102 2737 Christi
3124 2671 3172 2744 (Ι
3195 2670 3313 2727 Cor.
3342 2688 3424 2739 ιι,
3456 2672 3531 2743 1).
3564 2672 3668 2726 Sed

2097 2779 2282 2820 rursus
2308 2761 2486 2843 dicam
2513 2781 2526 2815 :
2548 2761 2690 2817 Licet
2713 2763 2757 2817 si
2783 2779 2875 2817 nos
2895 2805 2909 2829 ,
2947 2772 3035 2816 aut
3064 2762 3275 2834 angelus
3299 2762 3361 2816 de
3387 2763 3510 2817 caelo
3536 2762 3673 2843 vehi;

2097 2834 2469 2909 annnntiaverit
2495 2863 2825 2925 praeterquam
2851 2855 2985 2924 quod
3010 2854 3293 2923 accepistis,
3324 2853 3589 2908 anathema
3608 2830 3674 2923 iis

2100 2947 2240 3019 (Cal.
2266 2964 2316 3013 ι,
2344 2945 2421 3018 8).
2456 2948 2641 3002 Dicant
2664 2945 2823 3001 etiam
2853 2963 2867 3000 :
2897 2945 3158 3012 Numquid
3190 2943 3387 3017 Paulus
3424 2961 3516 3015 pro
3540 2945 3675 3011 vobis

2100 3041 2370 3107 cruciﬁxus
2394 3048 2485 3105 est,
2507 3049 2592 3092 aut
2613 3038 2665 3092 in
2686 3038 2887 3092 nomine
2913 3036 3063 3104 I’puh’
3084 3035 3322 3104 baptisati
3344 3035 3458 3090 estis
3475 3031 3534 3107 '(l
3555 3034 3672 3089 Cor.

2102 3147 2149 3197 t,
2178 3130 2303 3201 1'5)?
2330 3129 2404 3183 lta
2431 3129 2707 3200 suscipiant
2734 3145 2907 3199 pacem
2940 3128 3125 3196 popqu
3162 3127 3251 3180 Dei
3270 3167 3286 3189 ,
3320 3125 3370 3181 id
3400 3136 3514 3191 est,
3546 3141 3675 3195 pauo,

2104 3223 2319 3291 peribus
2355 3222 2477 3285 Dei;
2511 3236 2614 3275 non
2644 3219 2770 3285 illis,
2799 3220 2889 3273 Sed
2921 3236 3037 3272 cum
3072 3219 3175 3272 illis
3205 3233 3429 3287 regnare
3457 3220 3679 3287 cupien-

2104 3323 2203 3367 tes.
2249 3312 2328 3367 Illi
2354 3326 2565 3383 qucque
2595 3324 2698 3363 non
2722 3310 2934 3373 dicant,
2964 3308 3074 3379 Ego
3099 3325 3209 3362 sum
3232 3308 3425 3373 Pauli,
3453 3325 3542 3377 ego
3567 3325 3678 3363 sum

2104 3403 2306 3474 Apollo,
2338 3418 2430 3472 ego
2452 3418 2564 3454 vero
2586 3400 2803 3470 Cephea;
2833 3401 2925 3453 sed
2964 3414 3150 3453 omnes
3190 3397 3408 3453 dicant:
3435 3398 3546 3468 Ego
3571 3415 3679 3452 tum

2104 3492 2295 3549 Christi
2322 3490 2507 3563 (1ὺῖᾱ,,
2536 3493 2603 3546 12
2621 3492 2662 3562 ).
2692 3491 2816 3546 lla'c
2844 3503 2924 3545 est
2949 3491 3147 3558 justitia
3176 3509 3190 3545 :
3217 3506 3322 3545 non
3360 3500 3683 3558 anteponere

2105 3599 2293 3640 servos
2315 3583 2559 3647 Domino,
2580 3598 2678 3637 nec
2698 3598 2939 3651 :rquarc;
2970 3583 3036 3634 ita
3063 3583 3239 3636 levare
3259 3582 3443 3635 oculos
3464 3582 3513 3634 in
3541 3598 3681 3637 ntozt-

2109 3688 2187 3732 tes
2230 3678 2373 3730 unde
2413 3678 2590 3730 veniat
2634 3674 2887 3729 auxilium
2936 3675 3063 3739 sibi,
3110 3683 3167 3727 ut
3206 3682 3383 3728 tamen
3429 3673 3684 3727 auxilium

2108 3784 2262 3823 suum
2287 3782 2391 3822 non
2418 3774 2636 3836 sperent
2658 3781 2687 3820 a
2713 3763 3002 3824 montibus,
3029 3766 3121 3817 sed
3145 3779 3172 3814 a
3205 3764 3426 3816 Domino
3445 3762 3533 3832 qui
3563 3760 3685 3816 fecit

2108 3860 2303 3914 malum
2334 3867 2387 3912 et
2416 3869 2611 3911 terram
2643 3854 2817 3926 (Psal.
2838 3869 2965 3915 cxx,
2991 3856 3050 3918 Ι,
3068 3853 3150 3924 2).

2183 3950 2236 4004 6.
2268 3949 2446 4003 Potest
2476 3956 2531 4002 et
2557 3947 2635 4001 sic
2659 3947 3173 4006 convenientissitne
3218 3944 3476 4015 intelligi,
3503 3942 3685 3999 Susci-

2114 4041 2255 4110 piant
2286 4050 2476 4093 montes
2503 4053 2676 4109 pacem
2702 4037 2911 4109 populo,
2944 4049 3001 4092 ut
3032 4052 3216 4107 pacem
3250 4036 3606 4104 intelligamus
3634 4036 3685 4095 in

2113 4129 2548 4188 reconciliatione
2563 4144 2667 4202 qua
2689 4129 2798 4187 Deo
2811 4127 3251 4186 reconciliatum:
3272 4135 3481 4182 montes
3493 4125 3689 4197 quippe

2114 4239 2233 4278 eam
2258 4220 2551 4293 suscipiunt
2580 4220 2776 4291 populo
2802 4219 2938 4290 ejus.
2981 4218 3093 4275 Hoc
3119 4217 3403 4287 Apostolus
3428 4217 3499 4271 ita
3535 4226 3693 4276 testas

2117 4323 2239 4369 tur:
2277 4311 2454 4366 Vetera
2497 4311 2839 4373 transierunt;
2863 4324 2978 4364 ecce
3015 4310 3152 4379 facta
3189 4316 3306 4362 sunt
3338 4322 3507 4361 nona:
3529 4306 3694 4367 omnia

2117 4413 2285 4458 autem
2312 4418 2376 4458 ea:
2400 4402 2509 4459 Deo
2527 4443 2543 4468 ,
2580 4400 2668 4473 qui
2696 4398 3030 4464 reconciliauit
3058 4415 3149 4454 nos
3175 4399 3266 4452 sibi
3297 4415 3388 4469 per
3412 4397 3692 4461 Christum,

2119 4505 2165 4551 et
2195 4494 2331 4549 dedit
2360 4493 2502 4548 nobis
2531 4492 2868 4547 ministerium
2904 4490 3349 4547 reconciliationis.
3396 4489 3535 4545 Ecce
3562 4504 3697 4557 quu-

2121 4589 2282 4643 tnudo
2326 4587 2627 4656 suscipiunt
2668 4596 2877 4639 montes
2924 4599 3109 4655 pacem
3154 4582 3352 4652 populo
3384 4582 3519 4649 ejus.
3568 4580 3701 4644 Deus

2122 4682 2252 4734 enim
2296 4690 2403 4734 erat
2450 4679 2501 4732 in
2539 4676 2771 4741 Christo,
2801 4667 3047 4730 mundum
3073 4673 3403 4727 reconcilians
3430 4671 3523 4726 sibi
3548 4690 3564 4735 ;
3601 4687 3702 4725 non

2122 4782 2362 4843 reputans
2387 4770 2493 4823 illis
2520 4768 2703 4823 delicta
2731 4783 2926 4832 eorum,
2957 4776 3002 4820 et
3032 4781 3223 4837 ponens
3251 4764 3302 4817 in
3333 4762 3474 4817 nobis
3501 4762 3709 4829 verbum

2124 4863 2566 4918 reconciliationis.
2600 4861 2656 4916 in
2687 4860 2897 4932 quibus,
2920 4848 3101 4913 nisi'in
3137 4856 3405 4913 montibus
3426 4856 3516 4927 qui
3537 4855 3705 4910 susci-

2128 4957 2276 5027 piunt
2307 4970 2487 5024 pacem
2520 4953 2717 5024 populo
2745 4952 2900 5023 ejus?
2928 4951 3190 5019 Quocirca
3219 4949 3377 5019 legati
3412 4948 3557 5017 pacis
3582 4947 3704 5001 sub-

2125 5055 2413 5117 sequenter
2442 5043 2757 5113 adiungunt,
2787 5052 2839 5096 et
2869 5043 3051 5095 dicunt
3076 5060 3089 5094 :
3122 5039 3228 5094 Pro
3259 5038 3459 5093 Christo
3482 5054 3600 5108 ergo
3630 5039 3706 5090 lc-

2127 5138 2327 5211 gatione
2361 5126 2637 5210 fungimur,
2674 5144 2915 5203 tauquam
2963 5132 3065 5187 Deo
3107 5132 3404 5185 exhortante
3446 5146 3534 5200 per
3582 5143 3705 5191 nos;

2129 5231 2444 5283 obsecramus
2478 5243 2569 5297 pro
2596 5223 2796 5279 Christo
2824 5222 3141 5289 reconciliari
3168 5222 3275 5276 Deo
3300 5220 3377 5292 (11
3401 5220 3517 5275 Cor.
3546 5235 3598 5283 γ,
3629 5220 3706 5273 t7-

2129 5321 2201 5373 20
2296 5318 2442 5373 lianc
2470 5332 2651 5387 paceni
2679 5316 2973 5384 suscipiunt
3005 5322 3210 5367 montes
3240 5312 3437 5382 populo
3466 5310 3579 5379 ejus
3600 5351 3614 5372 ,
3660 5308 3707 5363 id

2131 5421 2234 5476 est,
2268 5410 2701 5479 praedicationem
2733 5406 3157 5476 legationemque
3187 5404 3330 5471 pacis
3355 5401 3471 5472 ejus
3501 5418 3514 5455 :
3544 5400 3707 5454 colles

2130 5513 2309 5559 autem
2335 5498 2628 5572 justitiam;
2673 5498 2777 5553 hoc
2815 5507 2898 5553 est
2934 5497 3324 5562 obedientiam,
3353 5492 3493 5567 quod
3532 5502 3615 5547 est
3657 5492 3707 5556 in

2137 5595 2439 5663 hominibus
2466 5604 2519 5649 et
2547 5594 2599 5649 in
2631 5593 2775 5647 omni
2815 5591 3058 5646 rationali
3086 5598 3325 5645 creatura
3353 5588 3528 5643 omnis
3554 5584 3710 5655 justi.

2133 5690 2221 5748 tia:
2244 5688 2394 5759 origo
2420 5696 2579 5769 atque
2604 5684 2894 5760 perfectio;
2935 5684 3005 5741 ita
3044 5693 3100 5739 ut
3142 5684 3367 5739 duorum
3401 5682 3710 5759 hominum,
