3990 6308
242 361 350 415 905

240 475 297 528 id
326 483 428 534 est.
461 473 627 526 Adam
655 475 744 543 qtti
773 473 869 528 fuit
893 489 1050 542 caput
1079 476 1261 528 mortis
1291 488 1518 540 nostrae,
1549 488 1602 533 et
1630 479 1829 536 Christi

237 564 329 631 qui
357 573 440 617 est
466 573 626 634 caput
650 565 837 617 salutis
867 575 1062 617 nostra:
1083 603 1099 626 ,
1145 564 1258 618 lucc
1283 569 1690 622 commendetur
1719 585 1830 622 ma-

239 671 344 725 gna
373 655 644 710 distinctio
670 673 683 710 :
706 656 827 725 quia
855 656 985 708 sicut
1029 673 1120 724 per
1149 657 1534 710 inobedientiam
1561 663 1709 712 unius
1739 663 1830 713 lto-

240 746 427 809 nu'uis,
461 757 745 814 peccatores
772 747 1032 798 constituti
1061 757 1176 799 sunt
1204 749 1389 809 multi;
1420 749 1491 800 ita
1516 758 1562 802 et
1593 765 1681 814 per
1711 751 1828 802 obe-

241 841 485 893 dientiam
511 841 661 891 unius
684 840 924 902 hominis,
948 840 1078 907 justi
1096 841 1460 893 constituentur
1485 841 1630 894 multi
1648 842 1825 907 (llam.

241 944 299 991 ν,
331 930 444 998 19).
471 928 769 996 Suscipiunt
797 943 926 997 ergo
955 938 1146 982 montes
1171 945 1344 997 pacem
1373 930 1582 998 populo,
1607 939 1652 981 et
1677 932 1828 983 colles

232 1020 526 1090 justitiam;
555 1029 612 1073 ut
641 1021 740 1073 hoc
765 1019 924 1074 modo
950 1019 1192 1087 utrisque
1217 1018 1666 1073 concordantibus
1686 1062 1700 1085 ,
1737 1021 1828 1075 liat

237 1109 384 1178 quod
423 1109 678 1179 scriptum
718 1118 836 1172 est,
865 1107 1079 1162 Iustitia
1114 1118 1164 1162 et
1215 1124 1319 1177 pax
1359 1109 1600 1162 osculata:
1627 1120 1746 1163 sum
1774 1125 1828 1162 se

239 1200 414 1262 (Psal.
442 1217 673 1267 uxxrv,
698 1202 758 1255 tl
785 1203 823 1271 ).
857 1201 1007 1266 Quod
1050 1215 1179 1256 vero
1219 1200 1308 1255 alii
1338 1201 1551 1255 codices
1591 1201 1819 1266 habent,

237 1293 540 1362 Suscipiunt
568 1302 760 1346 montes
785 1309 958 1363 pacem
989 1294 1178 1361 popqu
1204 1333 1220 1360 ,
1265 1301 1313 1346 et
1349 1292 1504 1346 colles
1529 1307 1548 1345 :
1569 1301 1825 1362 utrosque

236 1386 622 1452 praedicatores
666 1385 986 1454 evangelica:
1037 1384 1184 1452 pacis
1238 1382 1610 1453 intelligendos
1660 1392 1819 1452 puto;

236 1478 354 1532 sive
399 1477 798 1547 przccedentcs,
843 1477 956 1530 sive
998 1476 1404 1544 subsequentes.
1451 1475 1505 1528 ln
1541 1474 1621 1528 bis
1645 1485 1821 1528 autem

233 1569 514 1622 Codicibus
539 1568 664 1621 illud
689 1569 929 1636 sequitur
954 1585 965 1618 :
996 1565 1060 1619 In
1072 1567 1277 1636 justitia
1298 1567 1548 1635 judicabit
1575 1583 1822 1635 pauperes

235 1659 434 1726 populi.
460 1659 562 1714 Sed
587 1658 661 1711 illi
685 1658 852 1727 magis
876 1657 1089 1711 codices
1109 1657 1490 1726 approbantur,
1516 1659 1601 1725 qui
1626 1657 1822 1710 habent

232 1748 377 1815 quod
406 1763 564 1817 supra
591 1749 954 1815 exposuimus,
986 1747 1278 1815 Suscipiunt
1304 1757 1495 1798 montes
1529 1763 1700 1814 pacem
1727 1763 1821 1815 po-

234 1839 381 1906 pulo,
409 1848 456 1891 et
484 1839 636 1892 colles
657 1839 932 1908 justitiam.
964 1838 1141 1906 Aliqui
1168 1846 1344 1890 autem
1378 1837 1602 1902 habent,
1633 1837 1821 1904 populo

231 1941 360 1992 tuo;
393 1930 554 1999 aliqui
584 1946 688 1984 non
718 1931 915 1984 habent
941 1939 1047 1992 tuo,
1083 1929 1174 1981 sed
1210 1929 1574 1982 tantummodo
1609 1930 1816 1999 populo.

310 2024 361 2073 'i.
392 2019 543 2093 [vers.
567 2018 648 2093 4.]
674 2019 937 2073 Judicabit
963 2037 1207 2090 pauperes
1237 2020 1446 2089 populi,
1475 2030 1520 2072 et
1544 2021 1708 2073 salvos
1734 2020 1818 2088 [a-

232 2113 331 2164 ciet
361 2113 495 2179 [ilios
518 2127 817 2179 pauperum.
851 2111 1119 2179 Pauperes
1139 2120 1196 2164 ct
1225 2110 1317 2163 lilii
1343 2101 1629 2178 pauperum
1659 2111 1817 2164 iidem

235 2203 336 2271 ipsi
367 2203 495 2256 mihi
525 2202 802 2267 videmur;
846 2202 985 2256 sicut
1023 2201 1210 2256 eadem
1257 2203 1442 2256 civitas
1471 2213 1553 2256 est
1594 2201 1720 2256 Sion
1763 2213 1820 2258 et

235 2295 342 2348 lilia
365 2294 514 2349 Sion.
534 2295 588 2348 Si
615 2305 790 2349 autem
812 2294 1113 2348 distinctius
1140 2293 1540 2364 intelligendum
1561 2303 1671 2358 est;
1692 2311 1819 2363 pau-

232 2403 376 2456 peres
404 2387 714 2453 accipimus,
742 2397 966 2451 montes;
996 2387 1129 2453 ﬁlios
1164 2394 1341 2439 autem
1369 2401 1648 2453 pauperum
1667 2425 1681 2446 ,
1709 2385 1816 2438 col-

231 2483 308 2534 les
331 2497 348 2532 :
377 2480 518 2534 velut
544 2479 837 2549 Prophetas
859 2489 1016 2547 atque
1040 2476 1344 2546 Apostolos,
1376 2491 1654 2546 pauperes;
1683 2475 1817 2530 lilios

231 2581 410 2624 autent
439 2585 648 2634 eorum,
682 2568 732 2622 id
762 2569 980 2637 esl,_qni
1011 2571 1111 2621 sub
1137 2581 1325 2621 eorum
1351 2567 1670 2621 auctoritate
1695 2581 1819 2635 pro-

233 2663 442 2724 liciunt,
469 2660 602 2728 ﬁlios
632 2674 930 2728 pauperum.
954 2656 1106 2724 Quod
1141 2669 1268 2710 vero
1296 2670 1453 2724 supra
1482 2655 1680 2710 dictum
1710 2664 1814 2719 est,

231 2752 516 2814 Judirabit,
541 2762 594 2803 et
619 2761 823 2819 pestea,
848 2750 1011 2802 salvos
1033 2750 1201 2819 faciet,
1226 2750 1468 2816 qnazdam
1493 2749 1635 2803 velut
1654 2764 1819 2819 expo-

233 2845 362 2897 sitio
387 2853 470 2897 est
495 2842 762 2913 quomodo
783 2840 1065 2912 judicabit.
1113 2841 1192 2893 Ad
1224 2841 1324 2894 hoc
1352 2841 1494 2896 enim
1525 2840 1813 2910 judicabit,

234 2943 297 2986 ut
341 2932 518 2988 salvos
564 2931 754 2997 faciat,
784 2931 834 2985 id
876 2940 992 2990 est.
1020 2946 1048 2982 a
1081 2930 1363 3000 perdendis
1392 2930 1818 3001 damuaodisque

232 3025 506 3078 disci-ruat
527 3066 541 3088 ,
568 3024 764 3094 quibus
791 3022 954 3077 donat
978 3021 1205 3075 salutem
1244 3032 1480 3090 paratam
1507 3023 1730 3077 revelari
1765 3025 1814 3077 in

237 3123 482 3182 tempore
511 3114 800 3166 novissimo
830 3111 882 3185 (l
915 3112 1053 3165 Petr.
1079 3128 1116 3177 ι,
1139 3112 1218 3180 5).
1243 3113 1284 3165 Α
1309 3113 1498 3166 talibus
1521 3114 1718 3181 quippe
1744 3115 1818 3169 illi

231 3207 450 3268 dicitur,
475 3204 522 3257 Ν
528 3223 555 3259 ε
575 3205 874 3275 compertius
893 3221 1005 3257 cum
1026 3204 1196 3274 impiis
1215 3204 1437 3256 animam
1457 3220 1619 3258 nteant
1645 3203 1662 3274 (
1674 3202 1814 3258 Psal.

234 3313 267 3350 ς
282 3312 372 3358 xv,
395 3295 450 3365 9)
468 3312 482 3357 ;
508 3304 584 3361 et,
603 3295 791 3348 Judica
812 3311 909 3360 me,
939 3293 1093 3358 Deus,
1110 3303 1156 3346 et
1176 3294 1402 3346 discerne
1423 3310 1632 3346 causam
1654 3312 1817 3348 meam

231 3388 299 3440 de
339 3396 484 3456 gente
525 3401 627 3439 non
666 3395 840 3439 sancta
873 3382 1043 3454 (Ρεαι.
1078 3400 1221 3447 XLII,
1254 3384 1326 3452 l).
1360 3382 1816 3438 Considerandum

230 3478 393 3531 etiam
441 3475 582 3545 quod
628 3490 736 3530 non
762 3474 868 3540 ait,
895 3474 1161 3530 Judicabit
1205 3489 1490 3543 pauperem
1524 3476 1815 3543 populum;

229 3568 350 3633 sed,
383 3583 626 3636 pauperes
652 3566 847 3636 pepuli.
877 3564 1047 3634 Supra
1078 3566 1220 3619 enim
1251 3566 1339 3619 ubi
1365 3564 1539 3629 dixit,
1569 3564 1819 3618 Judicare

233 3660 482 3730 populum
510 3667 652 3712 tuum
681 3657 734 3709 iu
759 3656 982 3729 justitia,
1013 3666 1062 3710 et
1088 3671 1334 3725 pauperes
1361 3663 1472 3708 tuos
1503 3655 1552 3706 in
1575 3655 1776 3724 judicio
1795 3697 1811 3720 ,

231 3750 486 3805 eumdem
515 3749 652 3804 dixit
690 3749 944 3821 populum
983 3748 1074 3802 Dei
1116 3763 1250 3819 quos
1291 3763 1550 3817 pauperes
1579 3748 1724 3816 ejus;
1764 3749 1814 3802 id

231 3853 338 3906 est,
365 3841 730 3896 tantummodo
760 3841 930 3895 bonos
951 3849 1004 3894 et
1031 3839 1098 3894 ad
1129 3840 1400 3893 dexteram
1429 3848 1628 3908 partem
1657 3840 1818 3908 perti-

235 3945 447 3989 nentes.
471 3933 604 4002 Quia
629 3947 757 3987 vero
780 3931 832 3986 in
858 3933 958 3986 hoc
980 3931 1177 3986 smculo
1197 3932 1355 3984 simul
1383 3931 1558 3984 dextri
1589 3931 1816 3985 sinistri-

231 4045 340 4099 qne
384 4035 690 4097 pascuntur,
720 4027 807 4096 qui
849 4026 996 4080 velut
1031 4024 1151 4095 agni
1183 4033 1236 4078 et
1266 4023 1402 4078 haedi
1436 4024 1486 4077 in
1522 4023 1626 4078 line
1655 4039 1814 4092 scpa-

232 4119 385 4174 randi
416 4127 538 4171 sunt
563 4115 776 4187 (Matth.
805 4132 926 4179 xxv,
958 4114 1028 4168 '59.
1048 4113 1102 4185 );
1136 4123 1304 4168 totum
1333 4114 1470 4168 sicut
1496 4115 1815 4167 commixtus

231 4211 378 4276 est‘,
410 4210 622 4263 nomine
666 4209 844 4278 populi
889 4207 1235 4276 nuncupavit.
1280 4206 1345 4259 Et
1389 4205 1510 4274 quia
1556 4205 1813 4272 judicium

231 4303 394 4355 etiam
426 4300 510 4353 hic
543 4300 593 4352 in
624 4299 763 4353 bono
790 4298 937 4366 ponit
959 4338 973 4362 ,
1003 4297 1053 4350 id
1079 4307 1190 4374 est,
1219 4295 1284 4349 ad
1308 4296 1482 4348 salvos
1509 4293 1812 4360 faciendos;

234 4396 357 4448 ideo
377 4394 470 4458 ait,
493 4391 756 4444 Judicabit
788 4408 1032 4460 pauperes
1063 4391 1237 4459 pepuli
1261 4406 1278 4442 :
1303 4389 1351 4443 id
1380 4402 1481 4454 εει,
1511 4405 1605 4444 eos
1629 4389 1694 4443 ad
1723 4405 1811 4442 sa-

233 4485 397 4538 lutem
439 4483 741 4545 discernet,
782 4483 873 4551 qui
902 4491 1026 4535 sunt
1057 4482 1107 4533 in
1141 4480 1338 4550 populo
1367 4495 1650 4548 pauperes.
1695 4478 1812 4533 Jam

231 4577 323 4645 qui
353 4575 457 4628 sint
483 4589 742 4643 pauperes
772 4587 931 4640 supra
961 4572 1301 4640 exposuimus
1329 4569 1404 4641 (α)
1430 4587 1443 4622 :
1479 4572 1576 4622 hos
1603 4577 1657 4622 et
1685 4583 1814 4638 ege-

235 4681 335 4723 nos
363 4665 739 4734 intelligamus.
768 4662 833 4716 Et
855 4663 1135 4716 Ituntiliabit
1157 4661 1591 4714 calunmiatorem.
1623 4659 1814 4714 Nullus

234 4759 430 4813 melius
472 4770 630 4825 quam
677 4754 919 4808 diabolus
967 4752 1052 4807 hic
1097 4752 1448 4806 caluumiator
1485 4750 1808 4818 agnoscitur.

231 4846 506 4902 Calumnia
544 4845 658 4914 ejus
694 4853 777 4899 est
810 4862 823 4896 :
859 4842 1121 4911 Numquid
1162 4843 1316 4910 gratis
1357 4840 1473 4892 colit
1508 4839 1607 4892 Job
1653 4839 1814 4892 Deum

236 4940 357 5009 (Job
389 4957 439 5003 t,
477 4937 567 5006 9)?
623 4936 873 4990 llumiliat
916 4946 1090 4988 autem
1137 4935 1283 4987 illum
1333 4935 1583 4987 Dominus
1622 4933 1808 4995 Jesus,

231 5017 401 5100 gratia
430 5044 523 5082 sua
553 5044 679 5081 suos
706 5026 994 5094 adjuvaos,
1027 5035 1080 5078 ιιι
1108 5025 1272 5093 gratis
1308 5025 1472 5076 Deum
1504 5025 1717 5086 colant,
1761 5024 1811 5077 id

232 5133 334 5184 est,
369 5121 700 5176 delectentur
732 5121 784 5172 in
816 5119 1038 5171 Domino
1073 5117 1241 5188 (Psal.
1271 5132 1424 5168 xxxvi
1450 5156 1461 5178 ,
1493 5117 1521 5168 4
1542 5117 1580 5184 ).
1627 5115 1812 5168 llumi-

235 5213 386 5268 liavit
433 5213 592 5266 etiam
638 5210 899 5279 siczquia
941 5223 1059 5261 cmn
1104 5209 1154 5259 in
1205 5225 1267 5259 eo
1312 5207 1574 5268 diabolus,
1612 5206 1664 5258 id
1710 5213 1812 5269 est,

236 5309 486 5374 princeps
531 5305 686 5372 hujus
737 5303 915 5356 nmndi
962 5301 1092 5354 nihil
1142 5299 1431 5353 invenisset
1479 5297 1670 5367 (Joau.
1702 5314 1814 5362 xw,

234 5396 350 5465 '50),
372 5394 566 5448 occidit
594 5409 685 5462 per
705 5392 994 5444 calumnias
1014 5389 1317 5444 Judzcorum
1338 5405 1350 5449 ;
1373 5388 1562 5456 quibus
1586 5397 1666 5439 est
1687 5400 1816 5440 usos

236 5487 593 5542 Calumniator
623 5493 869 5552 tanquam
896 5483 1037 5534 vasis
1068 5477 1197 5544 suis,
1228 5495 1457 5549 operans
1484 5479 1533 5531 in
1566 5478 1687 5531 [iliis
1710 5477 1816 5530 dif-

237 5578 470 5632 lideutiac
497 5575 712 5648 (Ep/tes.
740 5593 794 5637 ιι,
816 5575 892 5644 2).
927 5575 1243 5628 llumiliatns
1273 5583 1352 5628 est
1381 5572 1544 5638 enim,
1574 5572 1697 5642 quia
1725 5571 1814 5624 ille

300 5736 314 5767 ι
344 5732 418 5778 sic
441 5738 543 5779 Mss.
571 5738 622 5777 Αι
646 5729 778 5784 add,
803 5730 1110 5777 rommirtum
1127 5733 1213 5776 est.

296 5797 372 5853 lu)
395 5804 559 5855 amna,
585 5805 631 5838 ιι.
657 5792 703 5840 3.

529 5871 801 5929 PATRUL.
851 5870 960 5931 ΧΧ
981 5869 1144 5930 XVI.

1332 361 1727 422 ENARRATIO
1769 367 1836 423 lN
1875 369 2198 426 PSALMUM
2238 374 2424 430 LXXI.

3403 375 3504 435 906

1939 500 2096 553 quem
2125 487 2434 542 occiderant
2461 494 2771 559 resurrexit,
2796 508 2849 550 et
2875 514 3097 568 regnum
3126 502 3345 557 abstulit
3371 522 3516 558 mor-

1939 577 2035 640 tis;
2063 579 2218 646 cujus
2246 579 2334 634 ille
2359 591 2677 647 potestatem
2705 585 2774 638 ita
2793 592 3046 655 gerebat,
3079 603 3136 645 ut
3174 609 3238 647 ex
3267 611 3374 649 uno
3414 596 3515 648 ho-

1935 680 2078 726 mine
2100 689 2256 741 quem
2279 673 2584 744 deceperat,
2608 693 2794 732 omnes
2816 696 2909 747 per
2930 694 3153 738 mortem
3187 688 3423 741 traheret
3446 689 3512 741 ad

1933 762 2457 826 condemnationem.
2481 766 2583 820 Sed
2619 767 2922 822 humiliatus
2941 783 3053 832 est;
3085 777 3336 842 quoniam
3370 777 3412 829 si
3443 778 3513 828 ob

1935 854 2090 907 unius
2112 855 2364 909 delictum
2392 872 2537 910 mors
2565 859 2805 927 regnavit
2833 874 2929 928 per
2953 879 3136 922 unum.
3154 866 3320 919 multo
3343 869 3512 935 magis

1933 945 2019 1013 qui
2052 945 2432 1000 abundantiam
2459 949 2644 1017 gratiae
2672 949 2962 1018 etjustitite
2987 952 3375 1023 accipiunt,.in
3403 959 3509 1010 vita

1922 1035 2228 1115 regnabunt
2275 1053 2369 1106 per
2394 1053 2557 1090 unum
2588 1038 2772 1093 Jesum
2801 1040 3072 1095 Christum
3102 1043 3278 1108 (Itoni.
3313 1061 3367 1109 v,
3403 1048 3510 1109 l7).

1929 1126 2017 1195 qui
2055 1125 2358 1182 luuniliavit
2388 1128 2852 1194 calumniatorem,
2882 1130 3009 1186 falsa
3031 1133 3277 1196 crimina,
3301 1134 3514 1203 iniquos

1923 1216 2328 1286 jndiccs,ialsos
2355 1227 2538 1281 testes,
2557 1229 2614 1272 ut
2641 1235 2762 1274 eum
2798 1224 3081 1289 perderent
3109 1221 3508 1278 imminentem.

1999 1308 2051 1362 8.
2085 1307 2236 1379 [vers.
2369 1308 2432 1362 Et
2470 1311 2774 1377 permanebit
2798 1314 2893 1366 soli
2912 1354 2928 1376 ,
2953 1313 3035 1367 vel
3063 1316 3372 1383 permanebit
3397 1333 3513 1370 cunt

1926 1398 2050 1450 sole.
2079 1399 2168 1452 Sic
2195 1400 2336 1453 enim
2364 1401 2553 1455 melius
2583 1401 3042 1470 interpretandum
3080 1405 3297 1473 quidam
3340 1409 3508 1460 nostri

1930 1501 2262 1558 putaverunt,
2291 1493 2430 1561 quod
2473 1494 2524 1546 in
2550 1509 2724 1562 επεεο
2763 1505 2843 1549 εει
2881 1513 3251 1564 συμπαραμενεῖ.
3281 1497 3432 1561 Quod
3461 1500 3506 1551 si

1927 1581 2088 1634 latine
2130 1597 2235 1635 uno
2258 1583 2419 1635 verbo
2446 1583 2549 1636 dici
2579 1593 2790 1652 posset,
2822 1587 3280 1652 compcrmanchit
3320 1588 3507 1641 dicen-

1925 1670 2050 1723 dum
2085 1683 2226 1725 essm
2253 1689 2266 1725 :
2297 1672 2420 1727 ideo
2449 1674 2568 1742 quia
2599 1675 2757 1728 latine
2786 1676 3002 1728 verbum
3037 1693 3140 1730 non
3171 1687 3344 1744 potest
3368 1679 3503 1742 dici;

1926 1772 1984 1815 ut
2009 1764 2195 1816 saltum
2226 1766 2490 1819 sententia
2513 1767 2924 1834 exprimeretur,
2948 1767 3147 1820 dictum
3173 1779 3278 1833 est,
3302 1785 3506 1836 permu-

1924 1853 2055 1904 nebit
2095 1869 2207 1905 cum
2249 1855 2373 1906 sale.
2423 1854 2562 1908 Nihil
2590 1866 2672 1908 est
2700 1856 2841 1909 enim
2871 1856 3013 1910 aliud
3053 1857 3512 1926 compermancbit

1924 1943 2043 2005 soli,
2077 1959 2233 2010 quam
2264 1945 2572 2011 permanebit
2595 1961 2709 1997 cum
2734 1945 2858 1999 sole.
2887 1945 3024 2011 Quid
3049 1960 3223 2000 autem
3259 1963 3506 2017 magnum

1923 2044 2006 2088 est
2049 2050 2367 2103 permanere
2411 2050 2532 2094 cum
2581 2037 2698 2090 sole
2747 2038 2795 2090 ei
2851 2053 2945 2105 per
2997 2055 3156 2106 quem
3205 2043 3338 2092 facta
3383 2049 3509 2094 sunt

1923 2128 2124 2189 omnia,
2156 2135 2209 2180 et
2233 2129 2348 2181 sine
2373 2141 2478 2196 quo
2507 2127 2701 2181 factum
2730 2137 2810 2182 est
2838 2128 2971 2182 nihil
3001 2128 3176 2202 (Joan.
3212 2145 3258 2189 ι.
3291 2131 3378 2200 3);
3407 2132 3506 2184 nisi

1923 2216 2046 2284 quia
2075 2216 2187 2271 hzec
2212 2217 2489 2286 prophetia
2518 2228 2735 2287 prepter
2756 2233 2850 2271 eos
2878 2219 3151 2286 prannissa
3175 2230 3277 2282 est,
3302 2221 3390 2289 qui
3419 2237 3509 2289 pu-

1927 2315 2040 2358 tant
2081 2306 2392 2376 religionem
2432 2300 2666 2361 nominis
2693 2307 2967 2362 christiani
3000 2323 3167 2378 usque
3202 2310 3267 2362 ad
3298 2321 3506 2364 certum

1925 2405 2132 2466 tempus
2161 2399 2210 2450 in
2242 2397 2342 2452 hoc
2370 2398 2564 2452 stcculo
2592 2398 2849 2452 victuram
2870 2440 2885 2463 ,
2919 2407 2973 2453 et
3015 2407 3197 2468 postea
3231 2416 3334 2452 non
3365 2402 3502 2454 lutu-

1923 2491 2071 2543 ram?
2101 2488 2416 2543 Permanebit
2441 2505 2568 2561 ergo
2590 2507 2707 2543 cum
2731 2492 2856 2556 sole,
2882 2491 3136 2561 quamdiu
3160 2492 3239 2545 sol
3262 2492 3432 2557 oritur
3451 2501 3510 2550 et

1921 2580 2153 2634 occidit:
2186 2581 2286 2634 hoc
2327 2590 2444 2644 est,
2475 2579 2726 2650 quamdiu
2776 2589 3014 2650 tempora
3058 2581 3154 2634 ista
3197 2582 3502 2649 volvuntur,

1922 2685 2028 2724 non
2057 2672 2228 2725 deerit
2258 2671 2492 2725 Ecclesia
2528 2671 2643 2736 Dei,
2672 2671 2722 2725 id
2744 2679 2846 2734 est,
2880 2670 3073 2723 Christi
3100 2686 3295 2739 corpus
3319 2671 3370 2726 in
3399 2683 3508 2726 ter-

1922 2763 2014 2817 ris.
2052 2762 2205 2832 Quod
2234 2778 2362 2817 vero
2389 2761 2628 2832 adjungit
2647 2803 2662 2827 ,
2690 2761 2756 2815 Et
2783 2770 2900 2815 ante
2928 2761 3131 2823 lunam,
3162 2762 3507 2831 generationes

1920 2854 2300 2924 generationum
2321 2869 2340 2906 :
2363 2853 2532 2922 potuit
2554 2853 2754 2915 dicere,
2779 2852 2850 2905 Et
2875 2859 2998 2906 ante
3023 2853 3214 2914 solem,
3244 2853 3294 2905 id
3324 2862 3426 2920 est,
3450 2862 3507 2906 et

1923 2959 2042 2998 cum
2073 2944 2209 3009 sole,
2231 2952 2286 2998 et
2308 2953 2436 2998 ante
2459 2944 2664 3007 solem;
2691 2943 2832 3013 quod
2860 2943 3265 3012 intelligeretur,
3291 2943 3356 2996 Et
3379 2958 3505 2998 cum

1924 3035 2252 3103 temporibus
2270 3077 2285 3094 ,
2312 3045 2366 3088 et
2391 3043 2516 3089 ante
2544 3044 2806 3104 tempora.
2835 3032 2985 3099 Quod
3017 3048 3144 3101 ergo
3173 3041 3380 3101 tempus
3407 3048 3504 3087 an-

1923 3128 2155 3194 tecedit,
2185 3137 2444 3182 aeternum
2493 3135 2619 3182 est:
2652 3136 2706 3181 et
2753 3126 2854 3180 hoc
2900 3140 3026 3180 vere
3073 3125 3373 3179 habendum
3420 3135 3504 3180 cst

1921 3227 2199 3283 :eternum,
2221 3217 2362 3288 quod
2386 3217 2533 3271 nullo
2564 3225 2804 3285 tempore
2829 3216 3086 3280 variatur,
3118 3216 3256 3269 sicut
3280 3216 3331 3269 in
3355 3216 3503 3283 prin—

1921 3311 2061 3380 cipio
2086 3321 2202 3365 erat
2225 3310 2476 3366 Verbum.
2523 3308 2628 3364 Sed
2657 3323 2751 3378 per
2776 3308 2957 3361 lunam
2984 3307 3287 3376 signiﬁcare
3315 3306 3503 3360 maluit

1921 3405 2245 3459 incrementa
2300 3400 2644 3469 deiectusque
2703 3399 3028 3452 mortalium.
3082 3397 3321 3465 Denique
3369 3411 3492 3451 cum

1905 3494 2172 3556 'dixisset,
2199 3501 2315 3545 ante
2343 3491 2549 3552 lunam;
2589 3489 2770 3543 volens
2805 3486 3198 3558 quodammodo
3228 3500 3500 3555 exponere

1919 3599 2018 3652 pro
2043 3599 2145 3653 qua
2173 3598 2231 3637 re
2257 3582 2436 3636 lunam
2466 3580 2723 3650 posuerit,
2752 3580 3114 3649 generationes,
3140 3577 3327 3646 inquit,
3351 3593 3501 3646 gene-

1917 3675 2211 3727 rationum:
2234 3682 2482 3741 tanquam
2511 3671 2731 3735 diceret,
2766 3674 2894 3722 Ante
2922 3668 3125 3731 lunam,
3169 3668 3219 3722 id
3255 3677 3338 3721 cst
3373 3677 3500 3723 ante

1918 3765 2259 3835 generationes
2286 3763 2662 3833 generationum
2682 3802 2696 3824 ,
2725 3778 2843 3831 qua:
2872 3768 3148 3813 transeunt
3185 3759 3499 3813 decessione

1919 3866 1973 3910 et
2001 3854 2342 3909 successione
2379 3853 2718 3914 mortalium,
2751 3862 3002 3921 tanquam
3029 3851 3382 3904 dccrcmcatis
3412 3850 3499 3904 in-

1917 3946 2310 4014 crcmentisque
2339 3943 2634 3998 lunaribus.
2659 3945 2737 3996 Ac
2777 3959 2870 4012 per
2910 3946 3011 3995 hoc
3034 3941 3158 4010 quid
3192 3942 3382 3994 melius
3412 3940 3498 3994 in-

1921 4036 2172 4105 telligitur
2202 4049 2516 4103 permanere
2539 4044 2656 4087 ante
2683 4035 2856 4086 lunam
2876 4073 2892 4098 ,
2921 4034 3020 4086 nisi
3052 4033 3226 4085 omnia
3256 4033 3500 4087 mortalia

1919 4128 2320 4184 immortalitate
2350 4126 2688 4196 prtccedcrc?
2710 4126 2860 4194 Quod
2888 4126 3046 4180 etiam
3069 4127 3147 4180 sic
3178 4143 3281 4180 non
3312 4126 3497 4180 incon-

1918 4220 2192 4272 venienter
2220 4217 2386 4284 accipi
2417 4223 2626 4284 potest,
2658 4225 2712 4268 ut
2739 4215 2880 4284 quod
2907 4215 3012 4282 jam
3043 4215 3318 4268 lmmiliato
3345 4216 3496 4270 calu-

1920 4310 2179 4362 mniatorc
2206 4306 2357 4361 sedet
2386 4306 2451 4360 ad
2481 4306 2754 4366 dexteram
2788 4306 2990 4367 Patris,
3036 4305 3136 4358 hoc
3172 4309 3241 4359 sit
3281 4321 3497 4374 peruia-

1920 4416 2052 4454 nere
2075 4416 2188 4452 cum
2217 4398 2342 4452 sole.
2383 4398 2648 4466 Splendor
2672 4397 2814 4451 enim
2844 4407 3057 4449 :ctcrntc
3085 4397 3267 4464 gloria:
3297 4399 3496 4449 intelli-

1917 4493 2060 4561 gitur
2101 4490 2265 4542 Filius
2304 4489 2562 4557 (Ilebr.t,
2588 4487 2674 4556 '5);
2708 4498 2952 4553 tanquam
2998 4488 3074 4538 sol
3122 4486 3191 4539 sit
3235 4486 3407 4547 Pater.
3441 4495 3499 4541 et

1921 4581 2174 4654 splendor
2198 4581 2310 4648 ejus
2341 4579 2503 4632 Filius
2532 4580 2677 4646 ejus;
2709 4577 2802 4631 sed
2844 4578 2979 4630 sicut
3007 4577 3103 4629 ista
3135 4575 3238 4629 dici
3273 4587 3498 4644 possunt

1919 4675 1986 4728 de
2027 4675 2276 4728 invisibili
2317 4672 2614 4725 substantia
2657 4669 2926 4723 Creatoris
2957 4687 2968 4721 :
3002 4683 3105 4721 non
3135 4669 3271 4721 sicut
3298 4682 3364 4721 ue
3394 4668 3494 4722 ista

1919 4765 2111 4818 visibili
2138 4773 2400 4825 creatura,
2434 4763 2483 4815 in
2511 4776 2611 4830 qua
2639 4770 2763 4813 sunt
2792 4775 3011 4827 corpora
3040 4758 3274 4811 caslestia
3297 4799 3312 4823 ,
3355 4774 3496 4827 quo-

1919 4873 2033 4912 rum
2062 4855 2316 4909 illustrius
2343 4853 2540 4906 eminet
2570 4850 2648 4904 sol
2671 4891 2687 4915 ,
2715 4850 2781 4903 de
2807 4865 2910 4917 quo
2941 4849 3055 4902 hate
3081 4847 3370 4901 similitudo
3396 4847 3498 4900 ad-

1919 4948 2080 5002 hibita
2131 4954 2241 5007 est;
2279 4944 2416 4998 sicut
2465 4942 2744 4995 adhibetur
2789 4941 2947 4994 etiam
2995 4938 3063 4992 de
3112 4939 3493 5002 terrestribus,

1921 5049 2090 5108 petra,
2117 5038 2221 5099 leo,
2245 5050 2430 5104 agnus,
2456 5033 2613 5086 homo
2639 5032 2839 5084 habens
2859 5029 2994 5084 duos
3021 5029 3178 5094 lilios,
3203 5041 3255 5082 et
3277 5041 3493 5084 cetera.

1922 5132 2059 5199 Ergo
2109 5127 2384 5180 humiliato
2431 5124 2812 5178 calumniatore
2862 5130 3136 5190 permanet
3183 5136 3297 5172 eum
3351 5125 3492 5185 sole;

1920 5225 2042 5293 quia
2071 5222 2210 5274 victo
2233 5218 2446 5272 diabolo
2477 5232 2568 5286 per
2595 5216 3065 5276 resurrectionem,
3094 5212 3242 5275 sedet
3274 5212 3336 5264 ad
3363 5211 3486 5265 dex-

1921 5326 2087 5369 teram
2116 5312 2288 5366 Patris
2313 5309 2502 5383 (lllarc.
2531 5324 2639 5370 xv't,
2667 5307 2778 5378 19),
2804 5307 2887 5359 ubi
2911 5306 3017 5374 jam
3048 5321 3150 5358 non
3175 5306 3417 5366 moritur,
3441 5316 3488 5358 et

1922 5419 2067 5459 mors
2091 5402 2140 5457 ei
2169 5403 2300 5455 ultra
2330 5415 2433 5454 non
2458 5399 2816 5453 dominabitur
2840 5397 3014 5468 (Rom.
3038 5413 3089 5450 vr
3109 5439 3124 5460 ,
3152 5395 3228 5466 9).
3285 5397 3354 5450 Et
3395 5396 3495 5448 hoc

1922 5504 2038 5548 ante
2067 5493 2260 5555 lanam,
2296 5501 2542 5560 tanquam
2575 5489 2957 5559 primogenitus
2983 5504 3010 5542 a
3038 5488 3262 5541 mortuis
3286 5502 3491 5557 porce—

1919 5587 2053 5641 dens
2081 5584 2395 5648 Ecclesium,
2421 5583 2720 5636 mortalium
2743 5580 3052 5635 decessione
3071 5595 3134 5634 ac
3154 5580 3496 5634 successione

1922 5686 2305 5732 transeuntem.
2361 5675 2488 5743 Ipsa:
2541 5681 2664 5726 sunt
2709 5671 3049 5743 generationes
3095 5675 3491 5740 generationum.

1928 5773 2030 5825 Aut
2061 5769 2198 5822 forte
2227 5768 2346 5838 quia
2376 5767 2744 5835 generatioacs
2771 5773 2922 5823 sunt,
2952 5764 3142 5831 quibus
3176 5777 3496 5829 generantur

2772 5853 3256 5930 (l'ingt—neuf.)
