3990 6306
487 386 588 441 907

486 495 808 555 tuortaliter;
841 482 1188 562 generationes
1216 489 1396 535 autem
1427 476 1809 548 generationem
1830 512 1848 539 ,
1878 470 2074 542 quibus

481 594 865 656 regeneramur
891 573 1288 633 immortaliter.
1314 569 1380 623 Et
1406 567 1522 621 htac
1546 577 1624 620 est
1653 562 1892 618 Ecclesia
1920 574 2078 630 quam

487 652 578 734 ille
608 670 921 736 antecessit,
945 679 1002 722 ut
1028 657 1371 738 permaneret
1395 671 1516 714 ante
1543 659 1738 721 lauant,
1760 652 2083 725 primogeni-

491 783 573 826 tus
601 786 666 824 ex
701 765 948 822 mortuis.
971 761 1115 815 Sane
1143 753 1286 828 quod
1316 763 1398 812 est
1429 752 1482 806 in
1509 764 1685 821 gnsco
1708 769 1865 815 νενιας
1888 756 2081 813 ymo»,

493 859 730 915 nonnulli
764 848 1103 923 interpretati
1134 856 1292 912 sunt,
1320 860 1428 901 non
1462 840 1843 914 generationes,
1873 835 1966 891 sed
1996 851 2085 904 ge-

492 951 765 1006 iterationis
785 944 1166 1019 generatiouum
1183 954 1204 993 :
1223 938 1343 1008 quia
1361 957 1515 1003 7mm
1535 933 1817 1000 ambiguus
1831 937 1912 984 est
1931 942 2091 982 casus

496 1046 545 1096 in
574 1056 772 1110 grtcco,
804 1047 857 1092 et
887 1047 1066 1090 utrum
1093 1030 1362 1101 genitivus
1385 1023 1676 1094 singularis
1701 1022 1769 1075 sit
1796 1034 1882 1082 τῆς
1909 1024 2086 1084 γενεᾶς,

496 1132 550 1188 id
579 1108 694 1193 est,
725 1128 888 1196 hujus
928 1121 1330 1195 generationis,
1373 1132 1440 1171 an
1487 1112 1824 1170 accusativus
1869 1108 2090 1179 pluralis

497 1233 581 1286 τὰς
603 1228 788 1291 γενεάς,
813 1219 864 1273 id
891 1227 994 1282 est,
1016 1216 1112 1268 has
1139 1210 1536 1283 generationes,
1557 1221 1661 1260 non
1688 1203 1972 1258 evidenter
1997 1215 2092 1267 ap-

501 1326 682 1382 paret;
717 1311 816 1365 nisi
840 1309 964 1380 quia
993 1305 1186 1360 merito
1214 1315 1406 1355 sensus
1453 1299 1541 1352 ille
1591 1293 1847 1365 prtelatus
1883 1298 1966 1345 est
1988 1328 2001 1351 ,
2035 1297 2094 1341 ut

501 1378 752 1473 tanquam
781 1378 1103 1470 exponendo
1132 1393 1258 1465 quid
1290 1391 1484 1447 dixerit
1514 1388 1722 1448 lunam,
1749 1391 1968 1440 secutus
1993 1378 2093 1433 ad-

497 1498 762 1567 jungeret,
792 1491 1140 1566 generationes
1167 1483 1573 1559 generationum.
1849 1465 1854 1470 ’

568 1563 622 1643 9ξ
656 1563 811 1659 [νει-εξ
839 1578 922 1653 6.]
953 1578 1021 1633 Et
1059 1575 1327 1632 descendet
1359 1572 1489 1626 sicut
1535 1567 1706 1636 pluria
1734 1565 1788 1618 in
1815 1563 1976 1618 vellus
1996 1603 2009 1621 .
2051 1569 2096 1613 et

499 1682 626 1734 sicut
651 1655 806 1751 unum
835 1674 1087 1730 stillantes
1112 1685 1267 1739 super
1296 1675 1504 1720 terram.
1539 1658 1781 1715 Rec‘olnit
1819 1664 1875 1709 et
1907 1655 2098 1708 adtno-

504 1774 618 1827 nuit
648 1741 776 1824 illud
817 1766 960 1835 quod
1005 1763 1200 1818 factum
1236 1767 1320 1813 est
1347 1771 1442 1825 per
1477 1752 1708 1823 judicem
1740 1745 1992 1806 cheon,
2031 1741 2101 1797 de

474 1863 719 1918 Christo
753 1858 807 1913 id
847 1856 1047 1910 habere
1078 1852 1261 1906 linem.
1306 1846 1463 1902 Petiit
1489 1844 1687 1914 quippe
1713 1838 1804 1892 ille
1834 1839 2043 1904 signum
2069 1846 2100 1887 a

509 1949 840 2018 Demino,.ut
873 1947 925 2001 in
953 1957 1078 1998 area
1104 1940 1334 2011 positqu
1369 1934 1545 1990 solum
1579 1931 1746 1984 vellus
1777 1925 2104 1994 compluere-

509 2058 617 2112 tur,
646 2053 700 2098 ct
725 2045 864 2110 sicca
892 2045 1037 2093 esset
1061 2049 1220 2096 area;
1255 2039 1312 2085 et
1346 2041 1560 2083 rursum
1585 2024 1758 2079 solum
1786 2019 1957 2074 vellus
1994 2017 2102 2071 sic-

507 2142 830 2209 cmncsset,
858 2141 913 2187 et
941 2127 1344 2198 complueretur
1367 2134 1526 2183 area;
1565 2126 1619 2172 et
1664 2116 1734 2170 ita
1782 2112 1978 2168 factum
2022 2115 2109 2164 est

511 2204 712 2299 (Italic.
737 2241 809 2288 Vl,
835 2219 1049 2290 56-50).
1079 2214 1233 2284 Quod
1261 2209 1602 2284 signiﬁcavit,
1626 2214 1878 2276 tanquam
1902 2204 1953 2256 in
1976 2214 2105 2255 area

513 2322 565 2374 in
597 2327 710 2372 toto
738 2314 870 2368 orbe
896 2320 1161 2366 terrarum
1184 2347 1198 2368 ,
1228 2306 1429 2359 siccqu
1458 2299 1633 2354 vellus
1664 2296 1829 2350 fuisse
1873 2293 2106 2362 priorem

453 2458 464 2470 .
515 2389 767 2482 popdlum
796 2404 981 2460 Israel.
1031 2402 1174 2456 Idem
1219 2399 1333 2467 ipse
1377 2408 1506 2464 ergo
1546 2390 1792 2445 Christus
1834 2383 2112 2441 descendit

513 2479 656 2558 sicut
697 2498 872 2568 pluvia
927 2495 982 2548 ir.
1028 2491 1232 2556 vellus,
1255 2502 1375 2542 cum
1407 2483 1581 2539 adhuc
1610 2495 1734 2534 area
1761 2479 1900 2532 sicca
1930 2480 2119 2540 esset;

515 2593 656 2648 unde
683 2592 842 2646 etiam
867 2585 1040 2642 dixit‘:
1070 2582 1191 2638 Non
1230 2595 1344 2635 sum
1383 2579 1565 2649 missus
1607 2574 1705 2627 nisi
1746 2572 1816 2624 ad
1854 2586 1970 2624 oves
1998 2582 2112 2638 qua:

517 2687 772 2756 perierunt
793 2681 974 2734 domus
1003 2674 1170 2731 Israel
1190 2665 1664 2745 (Matth.‘xv,24).
1692 2662 1768 2718 lbi
1792 2671 2020 2716 matrem
2043 2657 2114 2713 de

517 2754 618 2845 qua
652 2774 882 2829 l‘ormam
913 2768 1054 2824 servi
1086 2766 1375 2834 acciperet,
1408 2761 1460 2814 in
1490 2773 1590 2828 qua
1621 2754 1928 2810 hominibus
1951 2765 2117 2819 appa-

517 2844 696 2930 reret,
728 2862 921 2931 elegit;
952 2857 1024 2912 ibi
1062 2852 1360 2924 discipulos
1385 2849 1583 2921 quibus
1616 2845 1721 2901 hoc
1747 2844 1887 2899 idem
1916 2854 2117 2911 praece-

520 2957 620 3026 pit,
641 2955 825 3010 dicens
852 2968 868 3006 :
897 2948 966 3005 Iit
989 2949 1123 3002 viam
1147 2943 1387 3000 Gentium
1408 2957 1473 2995 ne
1495 2937 1740 3001 abieritis,
1760 2944 1807 2990 et
1825 2937 1879 2988 in
1893 2932 2119 2987 ciuitates

520 3046 964 3125 Samaritanorum
995 3058 1058 3095 ne
1080 3035 1376 3093 introieritis
1399 3049 1418 3088 :
1438 3035 1506 3086 ite
1526 3033 1746 3104 primunt
1772 3027 1842 3083 ad
1867 3043 1983 3081 oues
2006 3038 2120 3094 quat

520 3115 778 3213 perierunt
807 3135 990 3189 domus
1014 3129 1188 3185 Israel
1226 3125 1339 3201 (Id.
1363 3141 1419 3190 x,
1499 3165 1514 3189 ,
1540 3121 1617 3194 6).
1657 3121 1789 3176 Cum
1827 3119 1992 3181 dicit,
2037 3113 2121 3171 Ito

521 3206 743 3304 'prinwm
769 3225 836 3280 ad
866 3225 1019 3287 illas,
1047 3218 1285 3276 ostendit
1312 3224 1368 3272 et
1410 3206 1595 3286 postea
1618 3255 1633 3278 ,
1665 3226 1786 3266 cum
1820 3209 1931 3293 jam
1973 3215 2121 3263 esset

520 3289 646 3377 area
670 3314 1047 3388 compluenda,
1078 3314 1249 3367 ituros
1278 3307 1375 3364 eos
1399 3307 1564 3362 etiam
1588 3303 1655 3358 ad
1685 3302 1818 3356 alias
1840 3289 1970 3355 oves
1999 3313 2119 3369 qua:

523 3429 630 3469 non
660 3420 842 3467 essent
864 3423 933 3464 ex
962 3405 1133 3461 veteri
1163 3401 1360 3474 p0pulo
1387 3397 1552 3455 Israel
1574 3438 1590 3463 ,
1628 3395 1697 3450 de
1722 3393 1919 3465 quibus
1943 3391 2079 3447 dicit
2103 3399 2128 3444 :'

527 3500 706 3560 Habeo
734 3502 863 3555 alias
893 3515 1006 3554 oves
1033 3509 1146 3568 qua:
1173 3510 1273 3549 non
1293 3500 1411 3547 sunt
1435 3505 1498 3544 ea:
1518 3488 1622 3543 hoc
1647 3487 1802 3550 ouili;
1825 3491 2021 3554 oportet
2044 3497 2125 3536 me

523 3606 572 3651 et
592 3595 729 3666 ipsas
748 3591 1097 3666 adduceretut
1117 3585 1182 3640 sit
1207 3601 1338 3638 unus
1357 3581 1486 3653 grex
1510 3590 1556 3634 et
1580 3594 1711 3633 unus
1738 3587 1913 3648 pastor
1941 3572 1996 3646 (1
2001 3590 2120 3627 aan.

525 3703 581 3748 x,
610 3664 714 3756 lli).
743 3684 877 3738 liinc
895 3689 950 3735 et
969 3664 1257 3747 Apostolus
1279 3694 1293 3730 :
1314 3673 1444 3728 Dico
1465 3673 1621 3737 enim,
1647 3669 1840 3739 inquit,
1863 3664 2123 3722 Christum

528 3776 814 3832 ministrum
843 3773 1001 3844 fuisse
1025 3765 1421 3822 circumcisionis
1461 3770 1672 3834 prapter
1705 3761 1963 3815 veritatem
1996 3755 2121 3824 Dei,

529 3864 1001 3935 tid‘conﬁrtnandas
1031 3845 1388 3931 prornissiotres
1417 3865 1644 3927 patrum.
1680 3853 1772 3909 Sic
1811 3850 1988 3921 pluvia
2026 3848 2125 3904 de-

531 3959 736 4017 scendit
763 3971 924 4027 super
947 3953 1121 4009 vellus
1140 3992 1157 4015 ,
1184 3951 1325 4005 sicca
1350 3946 1528 4003 adhuc
1555 3959 1705 4000 area.
1739 3943 1848 3998 Sed
1872 3941 2124 4012 quoniam

532 4052 795 4122 sequitur,
825 4047 1013 4102 Gentes
1055 4052 1223 4097 autem
1263 4056 1416 4109 super
1445 4035 1798 4092 misericordia
1836 4033 2130 4106 gloriﬁcare

535 4142 698 4199 Deum
730 4139 908 4211 (Rom.
933 4151 1024 4200 xv,
1049 4134 1104 4200 8,
1125 4132 1204 4204 9);
1230 4140 1288 4185 ut
1312 4127 1604 4186 accedente
1627 4136 1873 4195 tempore
1892 4124 2131 4192 comple-

535 4245 684 4290 rctur
713 4229 854 4301 quod
889 4243 984 4297 per
1016 4224 1339 4291 Prophetam
1366 4220 1526 4286 dicit,
1564 4216 1802 4286 Populus
1835 4231 1984 4287 quem
2026 4231 2131 4269 non

538 4329 747 4402 cognovi
781 4325 978 4381 servivit
1013 4319 1139 4376 mihi
1166 4335 1186 4373 :
1211 4319 1264 4371 in
1303 4315 1547 4370 obauditu
1585 4312 1726 4367 auris
1752 4310 1967 4365 obedirit
2008 4309 2135 4363 mihi

543 4424 711 4495 πρωί.
735 4434 847 4476 xvn
868 4459 883 4481 ,
924 4415 1034 4487 45)
1060 4435 1074 4468 :
1109 4411 1351 4465 videmus
1374 4407 1485 4478 jam
1512 4405 1681 4476 gratia
1708 4402 1904 4459 Christi
1934 4403 2134 4458 siccam

540 4511 866 4572 remansisse
890 4517 1104 4579 gentem
1133 4503 1438 4559 Judmorum
1461 4542 1474 4564 ,
1510 4506 1788 4567 totumque
1810 4496 1995 4550 orbem
2025 4504 2135 4550 ter-

542 4621 724 4664 rarum
763 4605 817 4658 in
856 4599 1106 4655 omnibus
1132 4593 1380 4664 gentibus
1407 4589 1716 4646 christiana:
1741 4587 1926 4657 gratia:
1964 4585 2140 4655 plenis

545 4698 773 4753 nubibus
798 4690 1054 4760 ceniplni.
1082 4686 1203 4740 Alio
1229 4685 1426 4754 quippe
1449 4680 1616 4736 verbo
1636 4677 1882 4733 eamdem
1905 4675 2139 4746 pluviam

546 4787 894 4857 significavit,
922 4782 1128 4846 dicens,
1154 4775 1322 4833 Gutta:
1360 4774 1644 4836 stillantes;
1675 4785 1780 4825 non
1819 4769 1934 4840 jam
1981 4781 2144 4835 super

547 4881 718 4936 vellus
738 4919 753 4943 ,
783 4876 875 4931 sed
903 4889 1057 4944 super
1079 4882 1286 4925 terram.
1330 4863 1467 4934 Quid
1497 4871 1581 4919 est
1605 4861 1748 4917 enim
1777 4859 1924 4915 aliud
1965 4857 2142 4929 pluvia

547 4986 708 5042 quam
739 4976 901 5040 guttae
931 4960 1229 5020 stillantes?
1260 4959 1384 5013 Ideo
1410 4963 1586 5010 autem
1616 4953 1762 5008 illam
1787 4962 2001 5024 gentem
2035 4949 2146 5003 vel-

549 5065 679 5120 leris
720 5059 937 5114 nomine
980 5050 1268 5125 signiﬁcari
1316 5059 1481 5119 puto,
1511 5046 1596 5102 vel
1639 5045 1762 5116 quia
1801 5043 2143 5115 exspolianda

552 5157 725 5214 fuerat
773 5149 1091 5204 auctoritate
1130 5143 1429 5206 doctrinm,
1474 5140 1612 5194 sicut
1657 5136 1775 5191 ovis
1817 5135 2150 5204 exspoliatur

554 5246 788 5309 vellere;
821 5241 907 5295 vel
937 5237 1059 5310 quia
1092 5238 1144 5292 in
1173 5233 1354 5290 abdito
1383 5231 1627 5286 eamdem
1660 5229 1896 5299 pluviam
1936 5226 2149 5280 detine-

555 5340 668 5401 bat,
691 5348 849 5403 quam
883 5329 1096 5384 nolebat
1127 5325 1388 5397 praeputio
1422 5320 1742 5392 praedicari,
1766 5318 1818 5374 id
1845 5329 1926 5375 est
1947 5361 1963 5386 ,
1990 5319 2153 5373 incir-

557 5426 810 5486 cumcisis
835 5422 1084 5496 gentibus
1114 5418 1360 5473 revelari.

633 5519 720 5574 ll).
750 5516 901 5591 (vers.
927 5510 1008 5585 7.]
1039 5511 1244 5566 Orietur
1267 5510 1320 5562 in
1350 5507 1522 5561 diebus
1553 5514 1665 5574 eius
1688 5504 1892 5576 iustitia
1919 5513 1966 5558 et
1993 5502 2156 5556 alma-

561 5613 733 5667 dantia
763 5609 923 5680 pacis,
955 5606 1115 5659 donec
1142 5603 1350 5656 tollatur
1379 5599 1520 5654 luna.
1566 5599 1621 5652 ld
1648 5595 1788 5668 quod
1820 5597 2019 5651 dictum
2048 5604 2152 5661 est,

567 5703 795 5764 tollatur,
824 5697 913 5751 alii
963 5693 1293 5763 interpretati
1341 5700 1499 5757 sunt,
1535 5692 1799 5752 auferatur
1819 5703 1840 5743 :
1867 5687 1954 5761 alii
1986 5701 2117 5742 vero
2138 5729 2153 5749 ,

569 5794 877 5854 extollatur;
906 5802 1066 5842 unum
1098 5786 1315 5842 verbum
1338 5797 1572 5852 graecum
1602 5781 1739 5837 sicut
1768 5779 2050 5853 unicuique
2077 5779 2156 5835 vi-

1738 359 1796 418 S.
1840 351 2202 413 AUGUSTINI
2243 349 2546 410 EPISCOPI

3681 340 3781 400 908

2187 462 2305 524 sum
2340 473 2442 526 est,
2478 461 2884 525 transferentes,
2906 457 3048 528 quod
3075 457 3144 511 ibi
3173 455 3406 529 positum
3433 467 3533 520 est,
3563 458 3782 511 om»...

2187 566 2317 629 paea.
2348 554 2454 610 Sed
2485 553 2574 624 qui
2602 553 2873 616 dixerunt,
2899 549 3127 613 tollatur,
3152 558 3206 603 et
3230 549 3320 619 qui
3343 548 3613 612 dixerunt,
3635 551 3787 615 aula

2189 659 2355 712 ratur,
2385 662 2490 701 non
2519 660 2688 715 usque
2715 643 2852 698 adeo
2872 642 3169 699 dissonant.
3197 638 3432 694 Tollatur
3451 641 3594 694 enim
3617 642 3786 710 magis

2191 739 2351 794 habet
2394 733 2731 791 consuetudo
2771 734 2843 788 ita
2886 732 3026 800 dici,
3063 739 3126 784 ut
3161 731 3433 786 auferatur
3458 739 3515 784 et
3544 745 3654 784 non
3679 731 3783 794 sit,

2192 849 2351 903 quam
2383 832 2458 887 ita
2487 839 2543 883 ut
2570 828 2731 882 altius
2758 825 3026 889 elevetur;
3074 826 3343 894 auferatur
3386 836 3512 876 vero
3563 835 3786 890 prorsus

2195 926 2353 980 aliter
2381 921 2605 991 intelligi
2637 933 2741 972 non
2769 925 2984 987 potest,
3018 913 3120 968 nisi
3147 922 3204 966 ut
3233 912 3508 981 perdatur,
3539 911 3642 966 hoc
3666 922 3748 966 est
3767 950 3784 976 ,

2197 1026 2253 1069 ut
2278 1029 2383 1070 non
2415 1013 2484 1067 sit
2510 1031 2523 1067 :
2547 1009 2821 1066 extollatur
2845 1016 3027 1062 autem
3054 1005 3187 1060 nihil
3218 1005 3320 1059 nisi
3349 1013 3408 1058 ut
3434 1004 3591 1058 altius
3619 1003 3793 1068 clere,

2199 1118 2305 1164 tur.
2347 1105 2499 1174 Quod
2544 1103 2762 1175 quidem
2803 1116 2924 1154 cum
2957 1100 3012 1155 in
3043 1098 3188 1154 malo
3219 1098 3453 1168 ponitur,
3480 1097 3788 1166 superbiam

2198 1203 2338 1259 solet
2378 1198 2714 1268 signiﬁcare;
2742 1193 2900 1249 sicuti
2931 1201 3015 1248 est
3043 1210 3055 1244 :
3086 1190 3155 1244 In
3181 1200 3270 1244 tua
3291 1189 3543 1257 sapientia
3569 1188 3676 1243 noli
3703 1203 3790 1242 eto-

2201 1294 2313 1347 tolli
2343 1290 2532 1365 (Ecclt'.
2559 1303 2723 1352 χχχιι,
2746 1287 2825 1357 6).
2853 1285 2908 1340 ln
2937 1286 3077 1340 bono
3097 1291 3275 1338 autem
3292 1281 3357 1336 ad
3379 1281 3642 1338 honorem
3670 1296 3790 1346 per-

2201 1389 2337 1441 tinet
2375 1383 2693 1454 ampliorem
2718 1419 2734 1448 ,
2763 1379 2910 1433 velut
2937 1391 3059 1433 cum
3087 1375 3287 1446 aliquid
3326 1374 3604 1438 elevatur;
3636 1359 3791 1429 sicuti

2201 1489 2322 1533 est:
2354 1477 2418 1530 In
2447 1473 2676 1529 noctibus
2712 1469 2936 1527 attollite
2975 1485 3158 1523 manus
3192 1476 3380 1521 vestras
3414 1465 3467 1520 in
3507 1475 3716 1530 sancta,
3745 1474 3792 1518 et

2203 1570 2476 1626 bcnedicite
2505 1567 2784 1622 Dominum
2811 1563 2984 1638 (Psal.
3009 1577 3231 1626 cxxxnt,
3255 1560 3336 1628 2).
3361 1560 3458 1616 Hic
3484 1573 3615 1630 ergo
3639 1558 3684 1613 si
3708 1574 3794 1611 auc

2205 1665 2399 1734 feratur
2429 1660 2628 1715 dictum
2657 1656 3101 1721 intellexerimus,
3123 1652 3250 1722 quid
3279 1652 3381 1706 erit
3405 1650 3564 1705 donec
3588 1652 3794 1722 aufera~

2194 1744 2288 1829 tur
2308 1754 2450 1817 luna,
2481 1750 2581 1806 nisi
2603 1749 2868 1806 eﬂieiatur
2888 1755 2946 1802 ut
2967 1761 3073 1802 non
3102 1744 3203 1799 sit?
3231 1742 3498 1798 Fortassis
3523 1743 3668 1796 enim
3693 1740 3798 1796 huc

2211 1844 2436 1914 intelligi
2466 1841 2654 1908 voluit,
2687 1854 2757 1895 ne
2783 1839 3006 1894 ulterius
3031 1836 3101 1890 sit
3127 1835 3448 1900 mortalitas,
3470 1831 3687 1903 quando
3714 1847 3797 1885 no-

2207 1937 2412 1990 uissima
2451 1932 2659 1988 inimica
2699 1933 2989 1985 destruetur
3030 1944 3166 1982 mors
3213 1926 3268 1996 (Ι
3298 1925 3416 1980 Cor.
3444 1941 3529 1985 xv.
3555 1922 3665 1996 εδ)
3697 1940 3711 1976 :
3744 1931 3802 1978 ut

2210 2027 2356 2096 pacis
2385 2023 2705 2078 abundantia
2737 2035 2909 2091 usque
2949 2017 3016 2073 ad
3063 2017 3164 2071 hoc
3197 2017 3549 2087 perducatur,
3579 2031 3646 2070 ne
3671 2012 3801 2084 quid

2211 2123 2428 2175 resistat
2453 2115 2688 2170 felicitati
2715 2113 2992 2168 beatorum
3019 2111 3040 2142 ι
3060 2126 3126 2164 ex
3155 2100 3465 2163 inﬁnnitate
3496 2106 3799 2161 mortalita-

2215 2212 2314 2278 tis;
2343 2210 2486 2282 quod
2511 2209 2615 2264 erit
2639 2208 2690 2261 in
2722 2206 2816 2260 illo
2842 2204 3074 2268 saeculo,
3117 2201 3272 2271 cujus
3318 2211 3562 2270 tenemus
3593 2197 3803 2252 ﬁdelem

2215 2303 2625 2376 promissionem
2656 2297 2750 2353 Dei
2783 2311 2878 2366 per
2898 2294 3080 2349 Iesum
3101 2290 3376 2348 Christum
3404 2291 3687 2370 Dominum
3709 2304 3807 2342 no-

2169 2437 2177 2444 .
2217 2410 2411 2459 strain,
2439 2394 2506 2449 de
2533 2407 2639 2464 quo
2659 2390 2877 2453 dicitur,
2905 2386 3111 2443 Orietur
3133 2386 3186 2439 in
3213 2383 3387 2438 diebus
3409 2383 3519 2453 ejus
3534 2380 3739 2453 justitia
3760 2387 3809 2432 et

2215 2487 2532 2543 abundantia
2557 2484 2702 2557 pacis
2729 2496 2749 2537 :
2769 2478 2943 2535 donec
2968 2487 3145 2543 morte
3169 2476 3388 2532 omnino
3413 2474 3619 2529 devicta
3649 2481 3811 2542 atque

2217 2583 2488 2635 destructa
2511 2620 2524 2641 ,
2547 2575 2725 2630 omnis
2746 2572 3044 2626 mortalitas
3069 2571 3399 2625 absumatur.
3428 2564 3522 2621 Sin
3556 2578 3686 2618 vero
3716 2575 3809 2616 vo-

2219 2673 2408 2729 cabulo
2436 2671 2577 2725 luna:
2600 2709 2616 2732 ,
2647 2683 2754 2722 non
2783 2665 3081 2723 mortalitas
3109 2662 3288 2718 carnis
3335 2674 3429 2729 per
3465 2672 3622 2728 quam
3665 2668 3812 2712 nunc

2221 2765 2409 2820 transit
2433 2761 2695 2825 Ecclesia,
2724 2758 2820 2815 sed
2852 2760 2964 2829 ipsa
2991 2755 3211 2809 omnino
3238 2751 3480 2808 Ecclesia
3507 2748 3806 2820 signiﬁcata

2220 2864 2336 2922 est,
2368 2868 2488 2925 quae
2516 2857 2829 2923 permaneat
2855 2850 2905 2904 in
2935 2858 3196 2903 internum
3219 2886 3234 2909 ,
3263 2845 3331 2898 ab
3361 2842 3460 2897 hac
3486 2839 3811 2896 mortalitate

2223 2949 2474 3014 liberata;
2509 2947 2579 3000 ita
2601 2945 2802 2999 dictum
2826 2940 3193 3010 accipiendum
3215 2944 3316 3003 est,
3340 2935 3543 2990 Orietur
3561 2934 3614 2988 in
3639 2932 3812 2986 diebus

2224 3044 2334 3112 ejus
2351 3040 2554 3110 justitia
2580 3046 2625 3092 et
2649 3033 2965 3090 abundantia
2994 3031 3158 3103 pacis,
3181 3032 3337 3084 donec
3364 3025 3642 3082 extollatur
3667 3024 3810 3090 luna,

2227 3143 2476 3203 tanquam
2519 3129 2830 3184 diceretur:
2861 3127 3079 3181 Orietnr
3105 3124 3156 3177 in
3187 3121 3380 3177 diebus
3414 3118 3532 3190 ejus
3570 3116 3811 3188 justitis,

2224 3243 2345 3297 qua:
2370 3223 2850 3279 contradictionem
2880 3233 2946 3274 ac
2972 3216 3375 3272 rebellationem
3403 3212 3581 3267 carnis
3605 3210 3812 3275 vincat,

2227 3329 2280 3374 et
2307 3320 2395 3373 flet
2435 3334 2534 3388 pax
2567 3315 2619 3370 in
2653 3323 2860 3370 tantum
2907 3323 3163 3366 crescens
3203 3320 3257 3364 et
3301 3306 3615 3371 abundans,
3645 3303 3815 3358 donec

2227 3408 2349 3466 luna
2378 3407 2684 3471 extollatur,
2712 3405 2763 3460 id
2789 3413 2894 3470 est,
2918 3405 3165 3457 elevetur
3191 3397 3453 3468 Ecclesia,
3476 3413 3573 3467 per
3592 3395 3812 3466 gloriam

2228 3500 2638 3558 resurrectionis
2683 3514 2806 3554 cum
2855 3496 2947 3551 illo
2994 3502 3276 3564 regnatura
3300 3532 3316 3558 ,
3343 3490 3432 3561 qui
3473 3504 3591 3544 eam
3633 3489 3687 3542 in
3721 3487 3817 3542 hac

2226 3595 2394 3666 gloria
2426 3590 2817 3663 primogenitus
2844 3603 2874 3642 a
2905 3585 3130 3641 mortuis
3157 3581 3477 3646 antecessit,
3520 3589 3580 3635 ut
3606 3578 3819 3635 sederet

2227 3686 2294 3741 ad
2337 3685 2614 3740 dexteram
2658 3667 2831 3737 Patris
2878 3677 3071 3751 (Marc.
3109 3691 3234 3740 χιι,
3261 3673 3406 3746 l9);
3451 3673 3522 3726 ita
3563 3687 3679 3725 cum
3716 3672 3819 3725 sole

2229 3790 2555 3849 permanens
2592 3783 2711 3828 ante
2748 3772 2958 3839 lunam,
2997 3781 3105 3840 quo
3144 3774 3331 3837 postea
3380 3762 3734 3819 extolleretur
3767 3769 3818 3816 et

2230 3871 2374 3925 luna.

2304 3961 2392 4018 11.
2419 3957 2572 4033 [rem
2598 3952 2682 4030 8.]
2707 3953 2774 4009 Et
2798 3941 3138 4029 dominabitur
3165 3966 3198 4001 a
3227 3946 3358 4000 mari
3386 3961 3542 4015 usque
3563 3945 3634 3995 ad
3663 3956 3818 3999 mare.

2233 4065 2280 4109 et
2304 4071 2336 4108 a
2359 4052 2571 4124 ﬂumine
2594 4065 2751 4121 usque
2772 4047 2840 4100 ad
2865 4026 3109 4098 terminos
3128 4039 3262 4095 orbis
3288 4051 3454 4092 terra.
3487 4037 3562 4090 De
3591 4050 3700 4103 quo
3725 4037 3822 4087 uli-

2235 4163 2340 4217 que
2365 4145 2576 4201 dixerat
2599 4160 2613 4195 :
2644 4141 2851 4195 Orietur
2872 4139 2925 4192 in
2950 4136 3121 4191 diebus
3148 4134 3256 4204 ejus
3269 4131 3472 4204 justitia
3495 4139 3543 4182 et
3569 4127 3822 4181 abundan-

2238 4243 2309 4295 tia
2336 4240 2477 4311 pacis
2496 4281 2511 4303 ,
2542 4237 2700 4290 donec
2729 4233 3002 4287 extollatur
3031 4230 3176 4283 luna.
3207 4226 3263 4284 Si
3295 4225 3535 4282 Ecclesia
3569 4221 3656 4279 hic
3682 4231 3825 4278 recte

2239 4331 2571 4404 signiﬁcatur
2617 4325 2878 4382 vocabulo
2927 4324 3104 4386 lume,
3154 4327 3544 4387 consequenter
3594 4313 3827 4377 ostendit

2239 4423 2398 4492 quam
2427 4422 2532 4475 late
2556 4417 2799 4474 eamdem
2832 4413 3125 4470 Ecclesium
3159 4410 3330 4466 fuerat
3351 4409 3678 4473 difl‘nsurus,
3708 4423 3825 4463 cum

2241 4513 2436 4585 adjecit
2466 4528 2480 4565 :
2509 4510 2578 4564 Et
2611 4507 2955 4563 dominabitur
2990 4521 3022 4557 a
3063 4503 3195 4557 mari
3219 4519 3376 4568 usque
3403 4501 3470 4553 ad
3495 4516 3656 4559 mare.
3705 4499 3827 4554 Mari

2243 4605 2443 4676 quippe
2471 4613 2676 4671 magno
2714 4598 2945 4668 cingitur
2979 4604 3119 4651 terra
3143 4635 3158 4658 ,
3186 4592 3276 4664 qui
3304 4601 3524 4646 vocatur
3549 4591 3828 4652 Oceanus;

2245 4697 2316 4752 de
2339 4710 2446 4767 quo
2475 4692 2647 4763 inlinit
2674 4689 2924 4761 quiddam
2959 4687 3209 4756 exiguum
3240 4685 3293 4738 in
3330 4681 3507 4738 medio
3533 4692 3796 4736 terrarum
3815 4719 3830 4745 ,

2247 4799 2302 4846 et
2332 4789 2454 4844 facit
2480 4789 2581 4842 ista
2609 4786 2775 4845 maria
2808 4791 2931 4859 nota
2963 4780 3149 4844 nobis,
3181 4791 3301 4848 quas
3338 4775 3558 4845 navigiis
3586 4775 3831 4846 frequen-

2249 4891 2446 4935 tantur.
2481 4875 2728 4940 Proinde,
2763 4890 2794 4926 a
2823 4874 2952 4926 mari
2976 4887 3134 4939 usque
3154 4871 3401 4931 ad'mare,
3423 4883 3453 4922 a
3475 4867 3717 4938 quolibet
3737 4867 3836 4921 line

2251 4983 2431 5041 terrm,
2463 4985 2633 5040 usque
2663 4967 2726 5021 ad
2755 4965 3048 5038 quemlibet
3074 4965 3233 5019 linem
3259 4960 3657 5017 dominaturum
3686 4957 3836 5023 dixit,

2252 5066 2404 5129 cuius
2432 5075 2628 5117 nomen
2645 5068 2699 5113 et
2719 5065 2954 5128 p0testas
2972 5065 3083 5110 toto
3103 5055 3233 5109 orbe
3251 5053 3458 5107 fuerant
3478 5051 3837 5122 przedicanda,

2254 5156 2588 5222 multumque
2616 5151 2865 5206 valitura.
2893 5148 3043 5215 Quod
3071 5164 3137 5203 ne
3163 5147 3319 5202 aliter
3346 5155 3523 5214 posset
3550 5144 3795 5214 intelligi,
3813 5160 3839 5194 η

2256 5248 2384 5300 mari
2435 5262 2591 5317 usque
2630 5244 2699 5297 ad
2741 5257 2912 5306 mare;
2951 5241 3207 5295 continuo
3259 5237 3531 5307 subjecit,
3576 5245 3625 5290 et
3664 5253 3696 5290 a
3739 5237 3841 5306 ﬂu-

2258 5342 2392 5394 mine
2423 5353 2579 5406 usque
2620 5334 2689 5390 ad
2732 5335 2971 5388 terminos
3018 5331 3151 5387 orbis
3196 5339 3363 5386 terrm.
3413 5330 3564 5397 Quod
3594 5345 3723 5400 ergo
3749 5331 3839 5392 ait,

2261 5448 2416 5499 asque
2442 5428 2511 5483 ad
2555 5428 2792 5482 terminos
2821 5425 2954 5479 orbis
2982 5434 3164 5487 terrm;
3216 5421 3320 5477 hoc
3359 5431 3484 5476 ante
3526 5419 3769 5485 dixerat,
3813 5437 3841 5473 a

2259 5522 2392 5576 mari
2407 5537 2572 5590 usque
2594 5517 2664 5572 ad
2693 5533 2848 5571 mare.
2893 5515 3041 5583 Quod
3067 5528 3199 5569 vero
3229 5528 3370 5568 nunc
3399 5513 3508 5578 ait,
3534 5528 3564 5565 a
3603 5512 3838 5581 ﬂumine;

2262 5610 2542 5668 evidenter
2570 5609 2831 5690 expressit
2860 5607 3246 5665 indevoluisse
3288 5605 3558 5661 Christum
3603 5615 3835 5675 potesta-

2263 5722 2592 5851 “ultime
2616 5724 2721 5772 MSS.
2745 5718 2868 5782 loco,
2887 5718 3145 5782 beatortutt,
3167 5716 3371 5780 habent,
3392 5722 3713 5782 peccatorum.
3737 5724 3828 5764 Duo
