3990 6308
245 357 350 416 ωε)

245 482 352 525 tem
379 485 536 528 suam
568 470 685 542 jam
712 470 1091 528 commendare
1112 511 1128 536 ,
1155 470 1301 525 unde
1329 482 1384 525 et
1410 471 1704 541 discipulos
1727 483 1842 528 οωο

243 563 324 629 pit
351 562 585 632 eligere;
613 579 641 616 a
670 563 889 619 numine
917 565 1122 618 scilicet
1150 562 1406 624 Jordane,
1440 563 1529 616 ubi
1555 578 1718 633 super
1743 563 1840 625 bay

241 653 500 722 ptizatum
526 653 808 708 Dominum
829 669 950 708 eum
976 654 1328 709 descenderet
1349 652 1580 723 Spiritus
1600 662 1839 720 sanctus,

238 745 424 798 sonuit
474 758 574 800 vox
617 745 684 799 de
733 746 916 800 ctelo-z
953 743 1052 798 Hic
1093 755 1165 797 est
1213 742 1381 799 Filius
1432 761 1573 800 meus
1624 745 1842 800 dilectus

240 835 458 906 (Matth.
484 852 538 890 ut
560 877 575 901 ,
600 835 730 906 17).
763 837 896 891 llinc
923 851 1050 906 ergo
1075 835 1320 890 doctrina
1351 836 1468 904 ejus
1495 836 1758 906 incipiens
1785 845 1842 891 et

241 927 533 998 magisterii
560 929 795 983 caelestis
822 929 1134 992 auctoritas,
1167 917 1422 984 dilatatur
1451 943 1622 997 usque
1643 928 1708 981 ad
1733 936 1841 982 ter-

241 1020 418 1074 minos
447 1019 596 1074 orbis
619 1030 794 1084 teme,
819 1035 941 1075 cum
969 1021 1289 1090 prmdicatur
1318 1020 1660 1089 Evangelium
1688 1019 1836 1090 regni

240 1108 293 1161 in
330 1111 580 1164 universo
605 1111 735 1164 orbe
755 1149 769 1175 ,
801 1111 854 1164 in
885 1111 1248 1166 testimonium
1277 1109 1525 1166 omnibus
1549 1110 1831 1180 gentibus;

237 1213 293 1255 et
323 1213 450 1258 tunc
471 1203 652 1259 veniet
683 1203 823 1258 linis.
1137 1203 1142 1207 ’

314 1292 407 1346 12.
440 1290 594 1365 [vers.
621 1291 700 1365 9.]
730 1293 913 1347 Coram
941 1294 1032 1347 illo
1057 1294 1287 1348 decidant
1311 1296 1326 1326 ¹
1354 1293 1647 1362 ΛΕιΙιίορεδ,
1672 1303 1718 1346 et
1747 1294 1837 1349 ini-

236 1384 361 1440 mici
374 1386 490 1454 eius
511 1395 696 1440 terram
719 1386 927 1456 lingent.
958 1386 1060 1441 l’er
1082 1385 1385 1456 EthiOpes,
1407 1403 1436 1440 a
1466 1398 1615 1457 parte
1638 1396 1830 1453 totum,

235 1491 429 1531 «mines
445 1489 631 1547 gentes
659 1477 1006 1548 signiﬁcavit;
1035 1494 1152 1533 eam
1183 1479 1388 1548 eligens
1411 1489 1645 1549 gentem,
1670 1495 1830 1550 quam

239 1569 575 1638 pot'nsimum
605 1570 906 1625 nominaret
924 1611 939 1633 ,
964 1585 1084 1640 qua:
1108 1570 1163 1625 in
1196 1571 1390 1626 linibus
1417 1581 1574 1627 terra:
1600 1581 1703 1626 est.
1730 1569 1833 1628 Co-

234 1677 352 1715 ram
392 1661 487 1718 illo
523 1661 822 1734 procidatt,
847 1662 1048 1717 dictum
1097 1672 1216 1728 est,
1247 1662 1548 1717 adorabunt
1575 1678 1724 1718 eum.
1765 1663 1834 1718 Et

234 1754 360 1823 quia
410 1753 698 1810 schismata
746 1753 924 1811 futura
968 1763 1128 1810 erant
1179 1770 1274 1824 per
1307 1753 1517 1810 diversa
1567 1765 1830 1810 terrarum

235 1844 354 1898 loca
375 1887 390 1909 ,
421 1843 541 1915 quin
579 1844 889 1905 inviderent
927 1846 1182 1904 Ecclesiae
1207 1844 1488 1900 catholica:
1518 1854 1630 1900 toto
1656 1857 1829 1901 terra-

235 1953 356 1990 rum
381 1936 515 1994 orbe
540 1936 777 2002 dilfuste;
806 1937 996 1994 eadem
1027 1953 1191 2008 porro
1217 1937 1506 1993 schismata
1537 1954 1634 2008 per
1659 1938 1830 1993 homi-

235 2040 368 2079 num
389 2027 602 2082 nomioa
625 2044 684 2083 se
706 2026 916 2083 fuerant
940 2028 1207 2096 divisum,
1231 2038 1308 2095 et,
1335 2030 1579 2085 homines
1597 2030 1830 2086 amando

230 2119 428 2186 quibus
450 2120 761 2175 auctoribus
779 2121 944 2177 scissa
971 2131 1114 2184 sunt,
1134 2122 1318 2192 glorias
1339 2121 1563 2188 Christi,
1588 2139 1708 2193 qua:
1734 2139 1829 2194 per

229 2224 423 2266 omnes
471 2220 642 2267 terras
688 2223 804 2279 est,
834 2213 1166 2269 ioimicatura
1195 2233 1207 2266 :
1233 2213 1354 2269 ideo
1397 2229 1523 2273 cum
1563 2215 1824 2280 dixisset,

228 2301 418 2357 Coram
445 2303 535 2358 illo
557 2305 788 2360 decidant
813 2304 1120 2376 Ethiopes;
1147 2307 1407 2378 adjuoxit,
1435 2319 1486 2364 et
1504 2310 1699 2374 inimici
1718 2312 1832 2380 ejus

228 2402 420 2447 terrent
441 2395 666 2466 lingent;
690 2395 740 2450 id
763 2406 864 2460 est,
896 2397 1143 2453 homines
1168 2399 1446 2464 amabunt,
1475 2408 1534 2464 ut
1555 2400 1828 2456 invideant

228 2483 418 2552 gloriae
442 2485 674 2552 Christi,
701 2487 784 2542 cui
815 2486 1016 2542 dictum
1043 2498 1162 2554 est,
1189 2487 1432 2545 anltare
1459 2506 1614 2560 super
1639 2491 1790 2546 calas
1807 2532 1824 2558 ,

234 2573 396 2643 Deus,
419 2584 466 2631 et
488 2593 641 2646 super
660 2595 860 2633 omnem
885 2590 1072 2634 terram
1094 2581 1261 2653 gloria
1281 2591 1370 2636 tua
1394 2580 1569 2653 (Psol.
1592 2598 1723 2650 cvn,
1745 2584 1823 2653 6).

231 2667 408 2723 llomo
455 2669 652 2741 quippe
693 2671 881 2728 audire
925 2675 1123 2729 meruit
1152 2691 1166 2728 :
1190 2672 1352 2731 Terra
1376 2691 1459 2740 es,
1481 2685 1532 2730 et
1558 2676 1611 2731 in
1640 2686 1826 2732 terram

225 2757 325 2814 ibis
352 2758 506 2828 (Gen.
532 2777 618 2828 nt,
643 2762 756 2834 19).
786 2763 935 2822 Hanc
965 2773 1162 2821 terram
1195 2765 1483 2838 lingendo,
1511 2766 1562 2822 id
1587 2776 1706 2832 est,
1741 2778 1824 2824 ta-

231 2849 362 2905 lium
391 2854 708 2908 auctoritate
731 2855 1015 2926 vaniloqua
1037 2856 1286 2913 delectati
1310 2897 1326 2921 ,
1356 2873 1451 2912 eos
1476 2859 1742 2925 amando,
1772 2869 1827 2915 et

229 2940 284 2996 in
307 2940 654 2997 suavissimas
676 2943 946 3011 habendo,
969 2947 1342 3004 contradicunt
1361 2949 1555 3005 divinis
1575 2951 1824 3021 eloquiis,

225 3030 422 3099 quibus
448 3032 713 3088 catholica
741 3033 980 3090 Ecclesia
1007 3036 1359 3105 praenuntiata
1389 3048 1493 3103 est,
1522 3055 1628 3094 non
1654 3041 1707 3096 in
1728 3042 1826 3095 ali-

225 3137 332 3193 qua
368 3134 517 3192 parte
542 3134 805 3182 terrarum
829 3128 1024 3194 futura,
1058 3127 1199 3185 sicut
1222 3130 1475 3202 quislibet
1499 3133 1822 3201 schismata;

225 3215 323 3270 sed
355 3216 411 3271 in
437 3217 690 3274 universo
711 3215 913 3275 iouodo
937 3221 1303 3278 fructificando
1323 3233 1482 3294 atque
1505 3226 1821 3296 crescendo,

225 3323 399 3378 usque
428 3308 497 3364 ad
523 3309 670 3380 ipsos
692 3309 990 3383 Ethiopes,
1017 3322 1289 3370 extremos
1311 3314 1558 3371 videlicet
1581 3325 1636 3372 et
1663 3325 1828 3374 teter-

224 3401 394 3456 rimos
417 3400 715 3468 hominum,
744 3411 1084 3472 perventura.

300 3494 390 3550 13»
419 3492 582 3566 hers.
612 3495 680 3550 10
697 3537 712 3560 ,
746 3495 858 3568 ιι]
906 3495 1068 3568 Reges
1095 3495 1307 3552 Titanis
1333 3509 1380 3553 et
1407 3499 1589 3554 insula:
1612 3517 1822 3555 munera

221 3581 471 3650 aferant;
497 3601 638 3659 reges
662 3587 886 3642 Arabum
907 3600 955 3642 et
985 3588 1125 3644 Saba
1147 3589 1282 3644 dona
1306 3591 1578 3646 adducent.
1603 3591 1671 3646 Et
1695 3594 1826 3646 ado-

222 3674 414 3729 rabunt
438 3692 552 3733 eum
576 3694 749 3734 omnes
773 3696 912 3750 reges
929 3690 1080 3735 terrm
1091 3695 1112 3744 ,°
1133 3697 1306 3735 omnes
1328 3692 1500 3754 gentes
1519 3685 1731 3740 servient
1755 3686 1820 3740 ci.

227 3769 343 3824 Hoc
365 3770 475 3839 jam
507 3787 611 3828 non
638 3774 1020 3844 expositorem,
1049 3774 1144 3830 sed
1169 3777 1645 3846 contemplatorem
1672 3779 1820 3834 desi-

175 3901 182 3905 -
223 3861 416 3926 derat;
451 3863 558 3918 imo
586 3877 690 3917 non
721 3865 894 3919 solum
921 3864 1216 3919 lmtantium
1250 3865 1506 3933 fidelium,
1539 3868 1632 3923 sed
1659 3869 1818 3924 etiam

224 3949 523 4008 inlldelium
561 3956 888 4023 gementium
935 3955 1166 4012 infertur
1192 3959 1498 4026 aspectibus
1523 3977 1535 4011 :
1563 3959 1682 4020 nisi,
1706 3959 1820 4016 for-

227 4055 372 4116 tasse
399 4047 746 4116 quaerendum
773 4059 855 4103 est
884 4049 1011 4118 quid
1041 4049 1242 4105 dictum
1269 4051 1359 4116 sit,
1385 4051 1520 4104 dona
1547 4052 1815 4106 adducent.

226 4137 303 4192 Ea
352 4138 550 4207 quippe
596 4139 787 4194 adduci
836 4141 1046 4204 solent,
1083 4157 1203 4212 quae
1247 4141 1523 4196 ambulare
1568 4153 1816 4213 possunt.

223 4228 619 4298 Numquidnam
642 4245 771 4302 ergo
794 4229 859 4286 de
882 4231 1221 4287 immolandis
1238 4233 1467 4287 victimis
1487 4233 1590 4289 dici
1617 4235 1821 4302 potuit?

223 4315 468 4374 Allsit'ut
497 4321 618 4375 talis
643 4322 848 4376 oriatur
876 4323 926 4376 in
955 4323 1144 4378 diebus
1173 4323 1290 4392 ejus
1319 4324 1544 4393 justitizt.
1581 4324 1688 4379 Sed
1721 4329 1818 4381 ista

221 4411 367 4466 dona
411 4428 530 4483 qua:
571 4413 879 4469 adducenda
923 4414 1175 4485 prredicta
1219 4423 1366 4481 sunt,
1397 4415 1645 4473 homines
1691 4419 1820 4472 mihi

224 4505 477 4560 videntur
519 4505 860 4575 significare,
909 4521 1044 4578 quos
1095 4507 1148 4562 in
1198 4508 1509 4564 societatem
1561 4509 1820 4564 Ecclesim

221 4593 426 4650 Christi
477 4611 662 4666 regum
717 4595 935 4652 adducit
985 4599 1315 4662 auctoritas;
1365 4601 1614 4670 quamvis
1663 4615 1820 4668 reges

221 4686 389 4742 etiam
439 4697 820 4757 persequentes
859 4687 999 4744 dona
1045 4688 1365 4745 adduxerim
1389 4731 1404 4756 ,
1443 4706 1547 4744 non
1589 4692 1822 4746 scientes

218 4777 367 4849 quid
384 4778 622 4833 facerent
649 4791 864 4835 sanctos
890 4793 1154 4853 martyres
1184 4783 1532 4839 immolando.

303 4869 389 4924 ﬂ.
420 4867 574 4942 [oers.
597 4870 710 4943 l1]
747 4870 878 4927 Cum
906 4888 1038 4928 vero
1064 4885 1358 4941 exponeret
1401 4890 1591 4930 causas
1630 4891 1727 4931 cur
1769 4879 1818 4932 ei

219 4969 408 5018 tantus
448 4961 622 5016 honor
648 4962 950 5018 deferretur
973 4981 1002 5018 a
1031 4965 1247 5036 regibus
1271 5009 1285 5030 ,
1325 4966 1480 5038 eique
1525 4970 1820 5024 serviretur

217 5055 292 5108 an
313 5054 561 5109 omnibus
580 5055 827 5123 gentibus
853 5075 866 5110 ε
893 5056 1028 5124 Quia
1049 5058 1304 5120 liberavit,
1329 5060 1522 5129 inquit,
1552 5078 1765 5132 egenum
1787 5080 1819 5115 a

219 5154 445 5214 potente,
475 5153 525 5200 et
552 5163 824 5216 pauperem
850 5149 934 5201 cui
964 5165 1064 5202 non
1093 5159 1199 5202 erat
1226 5151 1453 5221 adjutor.
1486 5152 1590 5206 Iste
1616 5168 1818 5222 egenus

215 5247 275 5291 et
303 5240 778 5308 pauper,,populus
799 5249 881 5294 est
904 5240 1235 5298 credentium
1261 5243 1312 5296 in
1336 5258 1481 5296 eum.
1515 5242 1570 5298 In
1600 5244 1700 5300 hoc
1724 5261 1819 5316 po-

218 5329 352 5398 pulo
372 5336 498 5382 sunt
517 5329 677 5384 etiam
699 5344 854 5399 reges
877 5330 1163 5386 adorantes
1185 5348 1329 5386 eum.
1353 5333 1468 5388 Non
1495 5337 1638 5389 enim
1656 5337 1817 5406 egeni

219 5432 345 5473 esse
371 5419 726 5490 dedignantur
754 5435 809 5475 et
833 5436 1094 5490 pauperes
1114 5463 1129 5488 ,
1163 5422 1214 5476 id
1255 5434 1340 5478 eSt
1383 5424 1655 5481 humiliter
1686 5442 1815 5497 pec-

216 5521 340 5565 cata
383 5512 737 5581 conﬁtentes,
781 5520 837 5566 et
865 5521 1085 5582 egentes
1113 5513 1281 5583 gloria
1312 5523 1367 5568 et
1388 5515 1560 5584 gratia
1600 5517 1729 5580 Dei,
1761 5501 1816 5570 ut

213 5615 313 5656 eos
357 5605 455 5656 rex
498 5600 631 5670 illo,
674 5601 814 5658 Illius
857 5602 1041 5673 Regis,
1072 5603 1263 5658 liberet
1307 5620 1338 5659 a
1386 5615 1624 5674 potente.
1669 5607 1811 5662 idem

217 5775 722 5899 p’_;csii;:e’[;lerttmqtte
755 5788 826 5832 Er.
871 5792 922 5834 et
965 5789 1072 5834 uss.
1107 5788 1160 5832 At
1183 5783 1404 5845 proxime
1438 5786 1666 5848 sequenti
1691 5781 1813 5845 loco,

1349 355 1746 415 ENARRATIO
1787 354 1852 411 IN
1892 353 2216 412 PSALMUM
2252 357 2441 414 LXXl.

3444 378 3548 434 910

1954 468 2150 538 quippe
2177 481 2259 526 est
2297 481 2486 540 potens
2507 516 2520 538 ,
2552 474 2642 528 ille
2677 475 2766 547 qui
2806 481 3051 550 superius
3074 484 3429 543 calumniator
3456 504 3540 546 est

1949 558 2164 615 dictus:
2189 577 2347 632 quem
2379 573 2650 645 potentem
2698 569 2765 622 ad
2811 569 3057 628 homines
3093 571 3193 631 sibi
3231 573 3541 639 subdendos

1949 662 2004 705 et
2032 652 2084 706 in
2112 654 2419 722 captivitate
2443 657 2750 714 retinendos
2775 676 2879 716 non
2911 664 3081 720 virtus
3103 666 3219 732 eius
3246 669 3369 726 fecit
3391 715 3408 743 ,
3443 675 3538 732 sed

1949 742 2181 798 humana
2214 757 2452 814 peccata.
2501 748 2644 804 Idem
2675 750 2788 820 ipse
2815 763 2868 808 et
2893 752 3046 812 fortis
3071 768 3152 814 cat
3178 742 3398 830 dictus;
3419 766 3542 823 ideo

1947 844 2003 890 et
2027 834 2114 889 hic
2140 845 2350 906 potens.
2388 837 2494 894 Sed
2521 841 2611 910 qui
2636 838 2940 898 humiliavit
2962 847 3404 910 calumniatorem
3425 899 3441 923 ,
3485 865 3542 913 et

1945 926 2166 980 intravit
2192 928 2242 980 in
2271 927 2489 983 domum
2522 928 2700 999 fortis,
2732 940 2790 988 ut
2818 931 2883 988 eo
2911 934 3128 1005 alligato
3157 956 3278 998 vasa
3304 945 3422 1013 ejus
3450 945 3527 1001 di-

1941 1019 2142 1087 riperet
2168 1018 2378 1089 (Matth.
2407 1036 2501 1086 xu,
2522 1021 2644 1092 29),
2671 1023 2759 1080 hic
2779 1023 3009 1080 liberavit
3036 1045 3242 1098 egenum
3265 1051 3295 1086 a
3323 1046 3535 1105 potente,

1940 1120 1988 1162 et
2015 1126 2288 1180 pauperem
2313 1112 2399 1165 cui
2437 1129 2537 1166 non
2572 1125 2680 1166 erat
2705 1115 2934 1184 odjutor.
2972 1117 3086 1172 Non
3119 1121 3261 1175 enim
3291 1123 3394 1179 hoc
3419 1126 3541 1180 clli-

1939 1214 2065 1254 cere
2096 1202 2267 1268 potuit
2291 1202 2375 1257 vel
2404 1204 2719 1274 cujusquam
2743 1207 2931 1270 virtus,
2963 1209 3046 1263 vel
3073 1212 3355 1281 quisquam
3380 1215 3543 1271 homo

1935 1291 2113 1360 justus
2134 1334 2148 1357 ,
2180 1293 2264 1348 vel
2314 1295 2507 1364 aliquis
2537 1297 2792 1367 Angelus.
2822 1297 2956 1354 Cum
3004 1316 3137 1372 ergo
3180 1305 3359 1360 nullus
3392 1321 3540 1365 esset

1937 1381 2174 1451 adjutor,
2207 1384 2322 1452 ipse
2347 1385 2636 1441 adveniens
2667 1390 2845 1444 salvos
2873 1389 2998 1446 fecit
3021 1406 3135 1447 eos.

2013 1475 2100 1530 15.
2127 1473 2278 1548 (vers.
2307 1475 2423 1551 15.]
2452 1479 2781 1536 Occurrebat
2814 1494 2994 1538 autem
3017 1526 3031 1550 ,
3062 1485 3119 1541 Si
3153 1497 3375 1558 propter
3404 1506 3532 1562 pec-

1938 1573 2053 1618 cata
2085 1563 2248 1619 homo
2277 1567 2561 1622 tenebatur
2584 1584 2614 1622 a
2640 1569 2878 1637 diabolo,
2904 1565 3288 1644 numquidnam
3316 1578 3536 1636 Christo

1937 1653 2028 1724 qui
2059 1655 2200 1710 eruit
2225 1670 2454 1726 egenum
2481 1673 2511 1712 a
2539 1669 2777 1728 potente,
2808 1673 3022 1732 peccata
3052 1665 3406 1735 placuerunt?
3433 1673 3534 1726 Ab-

1936 1744 2007 1796 sit
2031 1762 2046 1800 :
2073 1743 2191 1811 sed,
2222 1744 2406 1800 Parcet
2433 1747 2548 1817 ipse
2571 1749 2713 1820 inopi
2742 1760 2789 1804 et
2820 1753 3067 1824 pauperi;
3099 1754 3149 1810 id
3180 1764 3283 1821 est,
3313 1771 3534 1830 peccata

1935 1835 2170 1891 dimittet
2195 1837 2400 1906 humili,
2424 1847 2479 1894 et
2505 1855 2610 1895 non
2639 1841 2708 1897 de
2735 1843 2846 1898 suis
2871 1845 3080 1900 meritis
3100 1848 3412 1915 confidenti,
3438 1864 3530 1907 aut

1934 1925 2004 1981 de
2029 1941 2122 1981 sua
2154 1929 2350 1984 virtute
2376 1931 2602 1986 salutem
2628 1935 2868 2004 speranti
2891 1976 2907 2000 ,
2953 1936 3047 1991 sed
3075 1938 3336 2010 indigenti
3360 1945 3532 2013 gratia

1935 2016 2233 2073 Salvatoris
2257 2021 2360 2073 sui.
2387 2022 2518 2076 Cum
2541 2033 2716 2077 autem
2739 2025 2980 2088 addidit,
3012 2027 3078 2081 Et
3104 2030 3303 2085 animas
3332 2051 3502 2104 paupe
3519 2065 3533 2074 -

1933 2123 2046 2161 rum
2073 2109 2239 2164 salvas
2268 2111 2455 2182 faciet,
2489 2122 2776 2183 utrumque
2800 2115 3125 2186 adjutorium
3153 2121 3339 2192 gratia:
3382 2138 3534 2178 com-

1934 2200 2236 2268 mendavit;
2271 2211 2326 2258 ct
2361 2205 2506 2275 quod
2538 2216 2616 2260 est
2648 2207 2699 2260 in
2727 2208 3102 2267 remissionem
3151 2227 3490 2284 peccatorum
3513 2259 3529 2280 ,

1931 2306 2055 2348 cum
2081 2295 2176 2358 ait,
2205 2293 2392 2350 Parcet
2421 2297 2637 2367 pauperi
2660 2308 2706 2352 et
2731 2300 2902 2371 inopi;
2931 2311 2987 2356 et
3009 2303 3151 2373 quod
3181 2306 3336 2362 estin
3366 2309 3530 2377 parti-

1931 2387 2200 2456 cipatione
2220 2387 2464 2458 justitiae,
2490 2404 2614 2445 cum
2637 2391 2864 2461 addidit,
2897 2393 2964 2448 Et
3005 2398 3204 2452 animos
3247 2416 3528 2468 pauperum

1931 2477 2098 2532 salvas
2129 2479 2297 2550 faciet.
2329 2479 2498 2536 Nemo
2525 2483 2668 2537 enim
2697 2483 2800 2539 sibi
2827 2498 2911 2542 est
2936 2487 3164 2544 idoneus
3183 2489 3250 2545 ad
3273 2492 3526 2558 salutem,

1929 2585 2050 2638 qua:
2072 2571 2217 2626 salus
2240 2572 2257 2604 ί
2280 2582 2361 2627 est
2394 2573 2629 2643 perfecta
2648 2574 2881 2646 justitia,
2907 2579 3011 2634 nisi
3041 2581 3139 2638 Dei
3166 2581 3387 2653 adjuvet
3407 2602 3529 2656 gra-

1932 2665 2034 2730 tia;
2062 2665 2185 2735 quia
2235 2666 2515 2735 plenitudo
2545 2668 2704 2740 Legis
2735 2686 2840 2726 non
2868 2684 2952 2728 est
2975 2674 3076 2730 nisi
3107 2675 3348 2733 charitas
3368 2720 3383 2742 ,
3408 2696 3530 2752 qua:

1931 2772 2038 2811 non
2065 2772 2094 2810 a
2127 2758 2284 2812 nobis
2312 2759 2498 2815 existit
2523 2760 2575 2815 in
2602 2762 2780 2830 nobis,
2811 2764 2904 2819 sed
2935 2766 3253 2829 ditfunditur
3275 2772 3328 2827 in
3352 2771 3532 2828 cordi-

1930 2846 2030 2901 bus
2065 2849 2264 2904 nostris
2294 2865 2390 2920 per
2411 2849 2668 2922 Spiritum
2694 2864 2940 2911 sanctum
2964 2858 3053 2930 qui
3076 2859 3238 2917 datus
3261 2873 3346 2919 est
3373 2864 3530 2923 nobis

1930 2935 2106 3008 (Rom.
2133 2940 2289 3011 v.5).

2003 3029 2097 3086 16.
2130 3028 2282 3104 [rem
2304 3030 2417 3105 LL]
2450 3032 2532 3088 Ea:
2554 3035 2723 3091 usuris
2750 3045 2795 3090 et
2821 3037 3085 3108 iniquitate
3105 3025 3316 3099 redimet
3330 3047 3531 3102 animos

1929 3137 2123 3176 eorum.
2155 3120 2288 3188 Quae
2311 3133 2436 3180 sunt
2459 3124 2577 3181 ista:
2597 3141 2794 3194 usuras,
2829 3129 2929 3184 nisi
2954 3141 3191 3200 peccata,
3216 3150 3337 3206 qua:
3364 3139 3527 3195 etiam

1929 3211 2110 3294 debita
2157 3215 2505 3271 nominantur
2545 3217 2759 3287 (Matth.
2801 3235 2890 3286 vt,
2936 3221 3076 3294 £2)?
3118 3221 3316 3283 Usuras
3346 3241 3524 3287 autem

1927 3291 2224 3376 appellatas
2253 3315 2381 3377 puto
2404 3349 2420 3374 ,
2460 3309 2584 3379 quia
2613 3309 2733 3380 plus
2771 3312 2897 3367 mali
2929 3291 3200 3371 invenitur
3227 3319 3279 3373 in
3321 3323 3528 3392 suppli-

1927 3398 2026 3452 ciis
2045 3437 2060 3462 ,
2091 3414 2249 3470 quam
2278 3400 2621 3455 commissum
2651 3411 2735 3457 est
2774 3403 2830 3459 in
2859 3408 3111 3475 peccatis.
3156 3407 3289 3471 Nam
3317 3453 3333 3476 ,
3375 3415 3524 3469 verbi

1927 3489 2128 3559 gratia,
2172 3505 2294 3547 cum
2339 3490 2606 3547 homicida
2633 3507 2829 3564 corpus
2865 3504 3068 3552 tantum
3099 3499 3332 3556 hominis
3379 3507 3528 3574 peri-

1926 3589 2061 3646 mat,
2105 3581 2300 3637 animze
2347 3592 2530 3637 autem
2578 3599 2774 3640 nocere
2825 3586 2955 3642 nihil
3002 3592 3200 3659 poSsit;
3255 3593 3424 3663 ipsius
3469 3606 3528 3653 et

1925 3674 2104 3728 anima
2130 3684 2185 3729 et
2209 3689 2406 3744 corpus
2432 3675 2669 3745 perditur
2699 3677 2750 3731 in
2788 3679 3052 3748 gehenna.
3086 3683 3313 3756 PrOpter
3342 3685 3529 3758 hujus-

1927 3765 2071 3819 modi
2096 3774 2513 3836 contemptores
2555 3771 2834 3837 prmscutis
2864 3774 3149 3845 praecepti,
3188 3788 3240 3831 et
3271 3777 3523 3836 irrisores

1929 3855 2090 3910 futttri
2119 3856 2362 3926 supplicii
2400 3857 2600 3913 dictum
2643 3871 2726 3916 est
2755 3879 2770 3915 :
2800 3861 2913 3934 Ego
2942 3866 3177 3934 ueniens,
3213 3885 3328 3922 cum
3356 3874 3525 3927 usuris

1925 3947 2176 4017 exigerent
2217 3946 2326 4017 (Id.
2370 3965 2473 4003 xxv
2499 3990 2515 4014 ,
2560 3949 2676 4021 9.7).
2723 3951 2806 4006 Ab
2845 3952 2929 4008 his
2969 3958 3146 4012 usuris
3192 3960 3527 4016 redimuntur

1927 4036 2120 4091 anima:
2146 4053 2440 4108 pauperum
2461 4080 2476 4102 ,
2522 4041 2780 4111 sanguine
2810 4044 2902 4098 illo
2931 4047 3018 4114 qui
3058 4048 3206 4102 fusus
3242 4061 3323 4104 est
3353 4052 3404 4105 in
3437 4069 3527 4108 τοο

1927 4128 2238 4184 missionem
2272 4143 2634 4199 peccatorum.
2666 4135 2913 4191 Rcdimet
2938 4153 3066 4207 ergo
3094 4140 3163 4193 ah
3195 4144 3400 4210 usuris,
3433 4162 3523 4200 re-

1928 4223 2189 4286 mittendo
2216 4233 2454 4292 peccata,
2482 4243 2600 4294 qua:
2632 4227 2902 4283 debebant
2929 4234 3186 4300 ampliora
3217 4237 3473 4304 supplicia
3509 4258 3521 4292 :

1925 4314 2154 4369 redimet
2181 4326 2360 4369 autem
2392 4317 2460 4370 ab
2484 4317 2793 4387 iniquitate.
2829 4321 3134 4390 adjuvandn
3175 4340 3268 4393 per
3297 4329 3521 4395 gratiam

1925 4410 2085 4462 etiam
2111 4406 2177 4460 ad
2209 4408 2504 4462 faciendam
2535 4410 2817 4477 justitiam.
2849 4411 3049 4467 Eadem
3082 4416 3260 4485 itaque
3287 4417 3394 4471 duo
3435 4436 3524 4472 rc-

1925 4499 2088 4566 petita
2119 4507 2246 4553 sunt
2271 4514 2390 4568 qua:
2427 4515 2586 4567 supra
2627 4499 2766 4556 dicta
2796 4512 2970 4556 erant.
2999 4505 3150 4571 Quod
3183 4507 3324 4560 enim
3364 4523 3523 4579 supra

1925 4602 2029 4659 est,
2061 4590 2244 4647 Parcet
2271 4594 2412 4663 inopi
2435 4605 2481 4647 et
2508 4595 2742 4662 pauperi,
2771 4595 2872 4650 hoc
2901 4597 3216 4668 intelligitur
3239 4642 3252 4664 ,
3286 4599 3373 4654 Eat
3399 4619 3522 4655 usu-

1924 4686 1997 4738 ris
2021 4699 2041 4737 :
2069 4684 2208 4754 quod
2237 4699 2366 4740 vero
2392 4684 2460 4740 ibi
2499 4685 2668 4750 dicit,
2704 4686 2770 4739 Et
2795 4689 2994 4742 animas
3030 4708 3316 4760 pauperum
3353 4695 3527 4749 ulvas

1925 4777 2118 4846 faciet;
2156 4777 2257 4832 hoc
2284 4777 2483 4830 dictum
2517 4779 2748 4838 videtur.
2782 4779 2862 4834 Ex
2891 4783 3154 4852 iniquitate
3183 4799 3203 4837 ξ
3230 4795 3287 4839 ιιι
3317 4787 3526 4842 redimet
3612 4822 3614 4824 τ

1924 4868 1990 4920 ad
2022 4880 2306 4936 utrumque
2330 4869 2699 4923 subaudiatur.
2731 4870 2862 4925 Nam
2897 4874 3167 4941 parcendo
3202 4876 3434 4932 redimet
3457 4881 3525 4934 ab

1925 4959 2139 5022 usuris;
2199 4960 2382 5015 salvos
2421 4970 2598 5043 autem
2647 4961 2892 5016 faciendo
2941 4963 3168 5020 redimet
3211 4968 3281 5021 ab
3329 4968 3522 5039 iniqui-

1927 5061 2054 5106 tate.
2093 5050 2187 5114 Ita,
2219 5067 2340 5104 cttm
2379 5065 2547 5120 parcet
2578 5054 2791 5123 pauperi
2820 5063 2864 5105 et
2893 5054 3060 5124 inopi,
3088 5066 3134 5109 et
3163 5059 3361 5112 animas
3391 5077 3518 5129 pau-

1927 5159 2104 5211 perum
2144 5143 2312 5194 salvas
2351 5143 2539 5209 {aciet;
2579 5143 2655 5196 sic
2698 5160 2760 5196 ex
2787 5145 2952 5197 usuris
2995 5155 3042 5198 ct
3080 5145 3346 5215 iniquitate
3383 5151 3520 5202 rcdi-

1925 5243 2022 5286 met
2050 5233 2247 5286 animos
2283 5248 2475 5285 eorum.
2517 5232 2583 5284 Et
2629 5233 2924 5286 uenerabile
2969 5251 3150 5289 nomen
3197 5237 3306 5306 ejus
3353 5254 3522 5291 coram

1923 5325 2066 5391 ipsis.
2088 5324 2378 5378 Dantcnim
2407 5322 2665 5378 honorem
2695 5323 2895 5378 nomini
2925 5325 3040 5392 ejus
3059 5339 3154 5393 pro
3172 5327 3332 5381 tantis
3362 5327 3523 5382 bene-

1924 5418 2092 5479 ﬁciis,
2121 5417 2210 5485 qui
2245 5415 2569 5485 respondent
2602 5415 2820 5483 dignum
2849 5424 2904 5471 et
2935 5417 3140 5484 justum
3170 5432 3294 5472 esse
3325 5420 3524 5489 gratias

1921 5523 2078 5577 agere
2110 5507 2335 5562 Domino
2380 5508 2487 5560 [leo
2514 5522 2632 5561 suo.
2665 5507 2758 5562 Vel
2786 5507 2929 5577 quod
2958 5500 3157 5562 habent
3180 5508 3395 5564 codices
3421 5510 3519 5563 ali-

1921 5602 2009 5668 qui
2033 5642 2045 5661 ,
2103 5600 2165 5652 Et
2207 5599 2502 5652 honorabile
2548 5614 2728 5653 nomen
2767 5616 2943 5653 eorum
2978 5615 3150 5654 coram
3187 5601 3300 5672 ipso
3337 5613 3359 5656 :
3399 5605 3522 5673 quia

1921 5693 2017 5744 etsi
2051 5690 2298 5745 videntur
2335 5690 2461 5744 huic
2491 5692 2689 5746 sa-culo
2728 5683 3165 5763 contemptibiles
3194 5693 3521 5758 Christiani,

1971 5781 2180 5894 iiut!”
2221 5781 2352 5833 satus
2398 5794 2492 5834 non
2538 5789 2608 5834 est
2653 5783 2866 5847 perfecta
2902 5783 3118 5848 justitia.
3172 5786 3348 5848 Abest,
3389 5797 3516 5848 non,

1919 5857 2079 5895 δω-
