1995 3169
285 182 331 212 Ml
904 178 932 207 s.
953 176 1136 207 AUGUSTIN!
1156 177 1309 207 EPISCOPI
1872 182 1916 210 9l2

283 246 380 268 nomen
395 244 489 266 eorum
503 243 593 265 coram
607 235 666 272 ipso
677 238 720 264 est
737 234 894 263 honorabile
905 255 913 268 ,
931 234 977 271 qai
991 235 1030 262 eis
1044 235 1076 263 il-

283 286 329 314 lud
339 284 488 319 dedit,jam
502 291 555 311 non
567 290 672 310 memor
682 281 819 309 nominum
833 281 939 308 illorum
954 288 1002 315 per
1012 280 1082 307 labia

283 338 331 362 sua
345 330 432 367 (Paul.
445 337 497 362 xv,
511 328 539 364 ι)
548 349 556 360 .
568 327 666 364 quibus
682 330 760 354 antea
774 325 949 357 vorabantur.
963 333 1024 353 cum
1038 332 1082 353 es-

284 381 346 405 sent
361 375 506 404 Geutilitim
520 372 758 409 superstitionibus
770 372 897 408 obligati,
915 372 959 400 vel
972 379 1081 399 suorum

285 423 418 452 malorum
437 422 595 450 meritorum
607 419 703 456 signati
717 418 868 451 vocabulis,
883 423 1025 453 antequam
1039 425 1082 445 es-

283 475 345 498 sent
359 469 497 498 christiani
513 477 521 497 :
536 467 607 503 quod
631 474 729 501 nomen
750 465 906 493 honorabile
925 470 968 493 est
989 472 1080 493 coram

284 516 354 552 ipso,
367 515 418 543 etsi
431 513 631 550 contemptibile
645 512 750 540 videtur
763 511 887 539 inimicis.

321 561 365 589 Π.
380 560 456 597 [verm
476 558 532 595 15.]
547 558 580 586 Et
593 559 672 591 vivet,
692 562 716 585 et
729 557 830 585 dabitur
844 558 867 584 ei
882 557 914 585 de
931 566 995 584 auro
1014 557 1080 584 Ara-

284 606 341 635 biar.
355 607 413 634 Non
429 606 561 633 diceretur
571 626 578 636 ,
594 603 628 631 Et
643 604 721 636 vivet,
736 602 781 639 (de
794 610 847 638 quo
860 603 932 631 enim
947 610 999 630 non
1015 610 1079 638 pos—

283 657 325 679 set
338 652 389 679 diei
406 651 457 678 hoc
469 650 713 685 quantulocumque
725 648 812 683 spatio
826 648 954 683 temporis
972 648 1079 675 vivente

284 698 311 726 in
328 700 376 725 hac
390 696 497 732 terra?)
518 696 569 724 nisi
583 696 628 723 illa
641 696 694 723 vita
706 694 942 723 commendaretur
953 715 961 725 ,
981 694 1007 721 in
1027 701 1079 729 qua

279 746 336 781 jam
358 738 408 772 non
428 744 555 775 moritur,
576 747 603 770 et
624 750 692 769 mors
714 741 737 768 ei
749 741 817 768 ultra
839 749 890 767 non
908 740 1080 767 dominabitur

283 790 371 826 (Rom.
385 798 410 817 vi
424 811 431 823 ,
445 788 485 824 9).
500 789 587 823 Atque
600 786 661 815 ideo
677 791 701 814 et
715 786 778 814 vivet
796 786 840 821 qui
856 790 1025 818 contemptus
1038 788 1080 811 est

285 836 402 864 tnoricns
419 844 426 861 :
442 833 567 870 quoniam
579 833 648 861 sicut
657 832 726 860 alius
738 830 865 866 propheta
876 830 950 861 dicit.
966 830 1080 857 Tolletur

283 881 315 908 de
327 886 394 908 terra
406 880 457 907 rita
470 880 525 910 eius
537 878 612 916 (Isai.
627 885 682 908 Litt.
697 877 724 906 8.
741 875 800 905 ΓΜ.
812 876 869 903 Act.
884 884 938 906 vin.
954 876 1012 910 53).
1025 875 1079 903 Sed

284 927 347 963 quid
361 930 422 958 est,
445 930 468 953 et
490 925 591 952 dabitur
613 923 636 952 ei
654 923 686 950 de
704 931 768 950 auro
782 921 907 949 Διαῦίωὲ
921 920 985 948 Nam
1008 920 1079 955 quod

283 972 345 1000 inde
358 979 453 998 aurum
463 970 543 998 etiam
558 969 603 997 ille
613 968 740 996 Salomon
752 967 865 1002 accepit,
877 967 902 994 in
915 966 965 994 hoc
975 966 1079 1000 psalmo

283 1018 397 1053 ﬁgurate
410 1015 585 1051 transjeclum
598 1019 640 1042 est
654 1014 679 1041 in
690 1013 771 1041 alium
786 1019 878 1040 verum
894 1011 1077 1043 Salonionem,

283 1064 309 1092 id
323 1067 364 1091 est
378 1069 470 1091 verum
485 1060 625 1097 paciﬁcum
640 1068 647 1087 :
662 1067 715 1087 non
729 1058 800 1086 enim
814 1058 858 1085 ille
871 1057 1024 1085 dominatus
1035 1060 1079 1084 est

281 1118 298 1136 α
310 1108 416 1145 [lumine
428 1115 507 1143 usque
519 1106 553 1134 ad
567 1105 689 1133 terminos
700 1104 767 1132 orbis
780 1109 864 1131 teme.
878 1102 924 1131 Sic
939 1110 1003 1138 ergo
1021 1110 1079 1137 pro-

282 1156 420 1190 phetatum
432 1158 485 1187 est,
498 1153 579 1181 etiam
593 1152 728 1186 sapientes
738 1150 818 1185 hujus
828 1149 920 1177 mundi
931 1149 957 1176 in
971 1148 1078 1177 Christo

281 1201 364 1229 fuiSse
376 1199 536 1228 credituros.
552 1197 605 1226 Per
618 1196 744 1225 Arabiam
758 1200 848 1223 autem
862 1194 964 1224 Gentes
978 1193 1079 1221 intelli-

280 1247 369 1282 gimus
383 1254 390 1273 :
407 1252 455 1280 per
467 1251 563 1272 aurum
577 1243 746 1279 sapientiam,
760 1249 821 1277 qua:
836 1241 871 1269 ita
886 1241 994 1269 excellit
1008 1240 1079 1268 inter

280 1300 376 1320 oti-nes
388 1291 540 1323 doctrinas,
553 1293 584 1317 ut
594 1297 689 1317 aurum
706 1288 776 1315 inter
788 1287 912 1320 metalla;
927 1287 997 1314 unde
1009 1287 1079 1314 scri-

281 1342 355 1373 ptum
371 1340 414 1365 est
423 1356 431 1368 ,
446 1335 560 1371 Accipite
577 1333 739 1370 prudentiam
750 1333 814 1360 sicut
826 1337 960 1368 argentum
970 1352 978 1363 ,
993 1336 1019 1359 et
1035 1340 1078 1359 sa-

280 1382 402 1419 pientiam
414 1381 480 1409 sicut
498 1387 592 1407 auram
605 1379 740 1415 probatum
752 1377 841 1415 (Prov.
858 1385 903 1405 vm
914 1398 922 1410 ,
945 1377 980 1405 f0
991 1397 1000 1410 ,
1017 1377 1075 1412 ll).

280 1427 315 1456 Et
327 1428 434 1456 orabunt
446 1426 479 1454 da
497 1425 553 1461 ipso
571 1432 681 1460 semper.
694 1423 772 1458 Quod
793 1423 874 1450 habet
888 1430 991 1458 δι’-πως
1000 1442 1009 1455 ,
1024 1427 1078 1458 περι

276 1478 369 1506 αὐτοῦ,
384 1473 466 1509 aliqui
485 1470 654 1508 interpretati
667 1475 730 1499 sunt
741 1491 754 1503 ,.
772 1469 805 1497 de
819 1470 892 1504 ipso;
910 1468 1009 1504 aliqui,
1028 1477 1076 1504 pro

278 1521 346 1556 ipso.
366 1520 407 1547 vel
420 1528 467 1555 pro
483 1527 523 1546 eo.
537 1517 606 1552 Quid
619 1521 662 1545 est
681 1521 771 1544 autem
783 1535 790 1548 .
806 1515 839 1543 de
853 1515 910 1550 ipso
919 1535 929 1548 ,
943 1514 995 1542 nisi
1008 1515 1076 1543 forte

278 1566 351 1601 quod
365 1572 474 1593 oramus
487 1563 609 1591 dicentes
620 1571 627 1589 :
638 1561 762 1590 Adveniut
773 1569 877 1596 regnum
887 1565 958 1587 tuum
969 1559 1074 1596 (Matth.

278 1620 316 1645 Vl,
335 1613 378 1648 ιο)
389 1611 401 1639 2
411 1610 510 1639 Christi
526 1616 641 1644 namque
655 1608 786 1636 adventus
799 1606 971 1642 praesentabit
985 1607 994 1622 ι
1010 1606 1071 1634 ﬁde.

280 1658 350 1685 libus
363 1664 475 1692 regnum
491 1655 548 1683 Dei.
565 1653 619 1681 Pro
631 1661 661 1681 eo
673 1660 738 1681 vero
752 1651 889 1687 quomodo
902 1651 1075 1686 intelligatur,

278 1708 421 1739 angustum
441 1707 500 1733 est;
523 1700 575 1728 nisi
598 1699 659 1735 quia
681 1706 742 1726 cum
757 1703 849 1725 oratur
868 1705 917 1733 pro
933 1693 1051 1725 Ecclesia
1063 1717 1073 1731 ,

278 1757 328 1786 pro
342 1751 401 1784 ipso
422 1752 524 1779 oratur,
548 1746 610 1781 quia
633 1752 732 1780 corpus
754 1749 796 1772 est
817 1743 884 1778 ejus.
909 1743 947 1771 De
966 1742 1076 1771 Christo

277 1802 376 1830 quippe
389 1798 419 1822 et
431 1792 551 1821 Ecclesia
567 1792 734 1826 pra-.missum
749 1794 791 1817 est
807 1792 1005 1817 sacramentum
1021 1796 1076 1816 ma-

277 1848 360 1876 gnum
376 1848 384 1866 :
401 1838 483 1867 Erunt
496 1837 547 1864 duo
560 1837 588 1864 in
601 1842 678 1864 carne
694 1843 746 1862 una
766 1834 875 1871 (Ephes.
888 1842 907 1862 v
917 1854 925 1866 ,
939 1834 975 1862 52
986 1854 994 1867 ,
1014 1833 1073 1869 3f).

278 1886 337 1913 iam
351 1892 416 1911 vero
429 1882 500 1919 quod
512 1882 651 1917 sequitur.
665 1880 732 1908 Tota
749 1880 804 1913 die,
823 1880 849 1908 id
868 1885 912 1908 est
932 1884 989 1908 toto
1011 1884 1076 1908 tem-

278 1939 353 1968 pore,
367 1930 514 1958 benedicent
527 1929 560 1963 ei,
574 1928 641 1956 satis
655 1932 777 1962 apertum
790 1931 842 1954 est.

314 1978 360 2006 18.
374 1976 450 2013 [item
465 1974 523 2012 16.]
538 1975 572 2002 Et
582 1975 628 2002 erit
639 1974 826 2009 firmamentum
839 1972 866 1999 in
880 1977 957 2006 terra,
969 1972 996 1999 iu
1009 1980 1076 2000 sum-

277 2024 326 2052 mis
345 2023 478 2051 montium.
500 2021 594 2049 Omnes
617 2020 686 2047 enim
709 2018 890 2055 promissione:
914 2018 962 2046 Dei
980 2019 1008 2046 in
1028 2018 1075 2045 illo

280 2071 364 2098 Etiam
378 2069 411 2105 (ll
425 2068 485 2096 Cor.
506 2075 531 2100 ι,
552 2066 601 2101 τω)
612 2085 621 2097 .
634 2065 662 2093 id
674 2069 726 2098 est,
742 2064 768 2092 in
784 2064 829 2091 illo
843 2065 854 2080 ²
867 2064 979 2091 ﬁrmata:
991 2069 1073 2095 sunt;

277 2117 339 2151 quia
355 2116 381 2142 in
396 2114 442 2141 illo
455 2112 594 2147 impletum
608 2115 651 2139 est
669 2109 799 2146 quidquid
818 2117 867 2145 pro
881 2109 969 2137 salute
982 2116 1075 2137 nostra

285 2160 472 2196 prophetatum
488 2162 540 2185 est.
555 2157 622 2197 Nam
638 2163 741 2184 summa
762 2154 893 2182 montium
903 2175 911 2187 .
927 2154 1075 2189 Scriptura-

278 2214 338 2235 rutn
351 2205 504 2233 divinarum
516 2207 652 2235 auctores,
667 2201 692 2228 id
704 2205 755 2234 est,
769 2207 818 2236 per
830 2207 900 2235 quos
917 2199 1074 2227 ministrate

278 2256 359 2285 sunt,
383 2250 531 2286 intelligere
544 2247 685 2280 convenit;
701 2247 728 2274 in
741 2247 838 2281 quibus
852 2247 944 2281 utique
963 2246 1020 2281 ipse
1033 2250 1077 2273 est

279 2299 488 2327 ﬁrmamentum,
502 2294 628 2331 quoniam
641 2292 675 2320 ad
690 2292 766 2319 illum
776 2291 866 2319 omnia
877 2299 937 2327 quae
948 2291 1075 2319 divinitus

278 2344 378 2379 scripta
394 2346 468 2374 sunt,
484 2339 647 2368 referuntur.
664 2337 720 2365 Hoc
733 2342 822 2364 autem
836 2337 863 2363 in
878 2340 950 2364 terra
961 2344 1022 2364 esse
1033 2343 1076 2364 vo-

278 2391 337 2421 luit,
352 2387 415 2417 ttnia
429 2390 540 2422 propter
551 2391 600 2412 eos
611 2383 658 2418 qui
672 2383 699 2410 in
713 2386 784 2410 terra
801 2385 882 2414 sunt.
897 2382 941 2409 illa
956 2381 1076 2409 conscri-

280 2441 323 2472 pta
337 2440 400 2462 sunt
413 2442 421 2461 :
438 2433 509 2460 unde
522 2435 551 2459 et
564 2431 622 2466 ipse
634 2430 661 2457 in
677 2434 775 2457 terrain
789 2429 879 2461 venit,
894 2432 923 2455 ut
933 2435 964 2455 ea
978 2432 1075 2455 cuncta

279 2483 413 2514 firmaret,
430 2479 455 2507 id
469 2483 510 2506 est
521 2498 529 2510 .
544 2478 572 2505 in
586 2484 617 2505 se
630 2479 793 2503 monsuaret
809 2474 924 2509 impleri.
940 2484 950 2500 ι
966 2473 1077 2509 Oporteh

278 2529 323 2555 bat
336 2527 417 2557 enim,
436 2535 446 2551 ι
464 2523 559 2558 inquit,
577 2531 587 2548 ε
607 2521 713 2556 impleri
727 2520 817 2547 omnia
829 2527 889 2554 qua:
902 2520 999 2554 scripta
1013 2523 1076 2546 sunt

279 2574 304 2600 in
319 2573 389 2607 Lege
400 2576 427 2598 et
440 2569 581 2604 Prophetis
595 2571 623 2595 et
637 2566 752 2594 Psalmis
764 2565 798 2593 de
813 2572 856 2592 me
872 2574 882 2590 ι
898 2564 974 2599 (Luc.
989 2572 1054 2592 utv
1064 2584 1073 2597 ,

279 2621 344 2654 Li);
362 2618 387 2645 id
403 2621 454 2647 est.
473 2625 483 2641 ‹
501 2615 526 2642 in
540 2613 655 2641 summis
669 2612 811 2639 montium.
831 2620 842 2637 ›
859 2610 905 2638 Sic
917 2610 990 2638 enim
1003 2610 1075 2637 venit

280 2675 291 2692 ο
309 2665 337 2692 in
352 2661 504 2691 novissimis
518 2657 686 2694 temporibus
696 2656 853 2684 manifestus
864 2662 941 2683 mons
956 2654 1073 2688 Domini,

309 2740 319 2757 ι
331 2739 368 2764 διε
379 2738 462 2770 probs:
472 2739 536 2770 πρωε
548 2738 613 2770 “ista
622 2732 727 2770 Αιβρίές-
741 2731 902 2770 mserer:

309 2772 321 2787 ι
331 2762 399 2799 iii-vi,
416 2767 443 2793 id
452 2770 486 2792 est
497 2765 636 2799 inqthisto.
653 2764 679 2799 id
699 2762 848 2799 Er.'|:50t'§us
859 2762 954 2799 omittit.
969 2765 1000 2799 st
1018 2765 1073 2799 uss.

278 2792 510 2833 adliciebant.
521 2796 547 2823 ίά
559 2794 635 2833 etin
649 2792 756 2833 iter?
767 2792 860 2833 facile}?
868 2792 1074 2833 insumatur:

297 2824 392 2857 Eunus
402 2829 442 2854 hic
451 2824 606 2860 interpretari
617 2824 854 2860 particulamtetirmt
864 2830 872 2848 :
890 2830 933 2854 pro
944 2830 991 2853 qua
1007 2830 1075 2860 pune

279 2854 417 2892 i‘nﬁﬁdgata
430 2863 452 2892 tt?
460 2854 543 2888 con],
555 2858 586 2882 20
598 2854 753 2892 leguntne“.
765 2855 804 2879 tlla
816 2858 899 2892 autem
908 2854 1076 2892 rt'slmdeliat

276 2885 403 2921 to
412 2891 471 2916 ttai:
484 2885 542 2921 quae
554 2895 602 2913 vox
621 2885 685 2920 apud
701 2890 795 2912 (st-32006
805 2885 967 2912 conﬁrmantis
978 2890 1025 2916 est,
1038 2890 1075 2916 ut,

279 2927 366 2953 Amen.
377 2922 440 2953 apud
449 2921 571 2946 Hebr-eos.

1138 240 1247 270 paratus
1267 236 1293 263 in
1314 235 1452 264 cacumine
1467 236 1597 264 montium
1614 245 1624 263 ›
1642 236 1716 271 (leni.
1733 245 1751 265 n
1762 259 1770 270 ,
1792 237 1838 274 2);
1856 241 1916 275 quod

1136 280 1180 309 hic
1192 281 1240 311 ait.
1258 291 1268 308 ι
1285 282 1310 309 in
1324 282 1436 309 summis
1450 283 1591 310 montium.
1607 282 1836 318 Superestolletnr
1847 294 1917 321 super

1135 326 1265 354 Libanum
1282 327 1382 355 fructus
1403 327 1473 363 ejus.
1491 337 1503 355 ι
1519 327 1649 357 Libanum
1666 329 1785 358 solemus
1807 331 1917 366 accipere

1133 372 1216 400 veluti
1240 372 1318 408 hujus
1336 373 1426 401 stt-culi
1447 373 1621 409 dignitatem;
1645 375 1769 409 quoniam
1792 384 1864 403 mons
1881 381 1918 403 est

1133 417 1253 445 Libauus
1264 417 1384 445 excelsas
1400 418 1511 448 arbores
1530 418 1652 453 habens.
1672 426 1700 449 et
1720 429 1817 449 nomen
1840 421 1916 457 ipsum

1134 462 1323 497 interpretatur
1334 463 1502 492 Candidatio.
1514 464 1583 500 Quid
1596 466 1668 493 enim
1683 466 1792 499 mirum,
1812 468 1832 495 si
1844 476 1918 504 super

1133 508 1214 542 hujus
1227 509 1317 536 seculi
1336 510 1495 544 praeclarum
1509 519 1589 539 omne
1602 511 1737 548 fastigium
1758 514 1855 542 fructus
1874 523 1915 542 su-

1132 554 1318 588 perextollitur
1330 554 1428 582 Christi
1439 575 1447 588 ,
1467 556 1545 591 cujus
1564 556 1666 585 fructus
1678 558 1821 587 dilectores
1835 560 1917 588 omnia

1132 601 1271 628 saecularia
1286 603 1403 629 culmina
1418 606 1657 638 contempserunt?
1670 604 1698 632 Si
1713 611 1801 633 autem
1815 607 1839 633 in
1854 607 1917 633 bono

1131 645 1280 680 accipimus
1294 646 1433 678 Libanum,
1448 654 1555 683 propter
1568 651 1662 677 ceilros
1674 650 1766 677 Libani
1779 660 1839 687 quas
1851 652 1917 686 plun-

1132 691 1193 719 taot't
1207 691 1291 727 (Psal.
1307 701 1362 724 Clll,
1380 695 1438 727 16);
1457 695 1516 728 quis
1540 695 1606 722 alitis
1620 697 1720 723 fructus
1741 697 1918 733 intelligendus

1131 742 1190 771 est,
1204 738 1250 774 qui
1265 747 1345 773 super
1359 739 1429 766 hunc
1441 740 1571 768 Libanum
1591 742 1737 775 extollitur,
1759 743 1808 770 nisi
1827 743 1858 771 de
1869 752 1919 779 quo

1131 784 1278 819 Apostolus
1290 785 1355 812 dicit
1367 785 1400 812 de
1414 785 1542 812 charitate
1554 794 1600 814 sua
1617 788 1751 815 locuturus
1766 797 1772 814 :
1789 789 1874 816 Adhuc
1884 798 1919 816 su-

1132 829 1325 864 percminentem
1339 831 1405 857 viam
1426 831 1492 858 vobis
1511 831 1655 859 denzanstro
1673 833 1695 868 (ι
1710 832 1769 861 Cor.
1784 842 1819 861 xu
1831 854 1838 866 .
1857 834 1919 870 5i)?

1132 875 1195 903 Hinc
1208 876 1279 903 enim
1301 882 1328 903 et
1348 877 1373 903 in
1394 872 1479 911 primo
1498 879 1654 912 proponitur
1667 887 1806 907 ntunerum
1821 880 1920 907 divino-

1132 927 1202 955 rum.
1215 922 1258 949 ubi
1269 923 1315 951 ait.
1330 922 1438 949 Fructus
1450 928 1533 950 autent
1545 925 1650 959 spiritus
1662 931 1697 952 est
1708 926 1818 953 elmritas
1827 935 1836 958 ;
1845 932 1920 962 atque

1131 967 1195 995 inde
1207 972 1303 995 cetera
1319 968 1408 1003 utique
1423 971 1614 1004 consequentia
1627 977 1804 999 conlcxunlur
1816 972 1882 1008 (Gul.
1895 981 1919 1004 ν,

1199 1012 1235 1040 Et
1244 1014 1369 1048 ﬂorebunt
1379 1015 1411 1040 de
1423 1015 1522 1042 civitate
1532 1016 1595 1042 sicut
1606 1017 1691 1050 [annm
1703 1023 1784 1046 terrm.
1796 1019 1920 1052 Quoniam

1131 1059 1256 1095 ambigue
1268 1061 1353 1094 posita
1366 1066 1408 1088 est
1420 1062 1512 1089 civitas
1524 1083 1531 1094 .
1555 1070 1604 1090 nec
1618 1064 1772 1099 adjunctum
1792 1071 1832 1093 est
1847 1066 1902 1101 ejus
1912 1086 1919 1099 ,

1130 1109 1179 1132 aut
1191 1104 1255 1138 Dei;
1267 1113 1320 1132 non
1336 1107 1406 1133 enim
1420 1106 1518 1134 dictum
1531 1113 1582 1137 est.
1597 1108 1630 1136 de
1641 1109 1748 1137 civitate
1760 1110 1827 1144 ejus,
1841 1111 1879 1138 rel
1890 1112 1921 1138 de

1131 1150 1240 1179 civitate
1251 1151 1308 1183 Dei,
1323 1151 1370 1178 sed
1388 1156 1487 1179 tantum
1501 1152 1533 1179 de
1549 1154 1666 1185 ciuitate;
1679 1155 1704 1181 in
1718 1155 1787 1182 bono
1801 1155 1922 1190 intelligi-

1131 1201 1185 1230 tur.
1202 1201 1230 1225 ut
1243 1197 1277 1225 de
1290 1198 1397 1225 civitate
1411 1198 1474 1231 Dei,
1496 1198 1546 1226 hoc
1559 1204 1609 1230 est.
1631 1200 1664 1227 de
1678 1200 1795 1228 Ecclesia
1815 1202 1922 1229 floreant

1131 1242 1201 1270 sicut
1218 1243 1327 1276 fenum;
1349 1243 1396 1270 sed
1418 1243 1507 1271 fenum
1523 1244 1706 1277 frnctiferum,
1722 1247 1798 1274 sicuti
1815 1252 1856 1274 est
1869 1248 1922 1274 fru-

1131 1288 1214 1316 menti
1233 1296 1241 1314 :
1256 1296 1316 1316 nam
1330 1293 1357 1316 et
1374 1290 1423 1316 hoc
1436 1289 1524 1317 fenum
1539 1291 1687 1325 appellatur
1705 1291 1731 1319 in
1746 1299 1835 1319 satiata
1851 1293 1923 1320 Scri-

1132 1338 1224 1369 ptura;
1239 1334 1308 1362 sicut
1330 1335 1353 1362 in
1370 1335 1466 1362 Genesi
1483 1336 1586 1370 jussum
1607 1343 1648 1364 est
1667 1338 1813 1372 producere
1826 1343 1923 1366 terram

1130 1388 1212 1408 omne
1226 1381 1325 1415 lignum
1338 1386 1365 1408 et
1378 1389 1457 1409 omne
1473 1382 1561 1409 fenmn
1576 1382 1651 1417 (Gen.
1666 1391 1683 1416 ι,
1703 1382 1757 1419 ll),
1772 1392 1823 1411 nec
1835 1385 1924 1420 adjun-

1130 1431 1203 1453 ctum
1215 1430 1276 1459 est,
1291 1434 1371 1454 omne
1387 1427 1563 1459 frumentum;
1579 1428 1649 1463 quod
1665 1430 1754 1464 procul
1769 1430 1849 1457 dubio
1870 1439 1923 1458 non

1131 1471 1313 1506 pra‘teriretur
1328 1472 1377 1499 nisi
1401 1472 1452 1499 feni
1470 1473 1577 1500 nomine
1595 1475 1675 1501 etiam
1691 1474 1742 1501 hoc
1762 1475 1923 1511 intelligere.

1131 1522 1190 1549 tur;
1201 1521 1229 1545 et
1242 1517 1267 1544 in
1284 1518 1373 1544 multis
1388 1518 1447 1545 aliis
1462 1518 1657 1553 Scripturarum
1672 1520 1736 1547 locis
1756 1521 1806 1547 hoc
1820 1521 1924 1549 inveni-

1130 1567 1183 1591 tur.
1205 1562 1233 1591 Si
1247 1568 1335 1591 autent
1352 1564 1390 1591 sic
1405 1565 1587 1599 accipiendum
1601 1570 1642 1592 est
1652 1586 1660 1596 .
1678 1565 1710 1592 Et
1721 1566 1847 1601 ﬂorebunt
1861 1568 1925 1594 sicut

1131 1609 1217 1645 fenum
1229 1614 1314 1642 terrm,
1330 1609 1554 1644 quemadmodum
1568 1610 1668 1638 dictum
1684 1616 1742 1643 est,
1759 1610 1848 1639 Omnis
1862 1620 1924 1639 caro

1130 1656 1217 1691 fenum
1228 1676 1236 1688 ,
1256 1660 1280 1683 et
1299 1656 1401 1683 claritas
1423 1657 1531 1683 hominis
1543 1657 1606 1683 sicut
1620 1658 1669 1691 [Ias
1683 1658 1751 1692 feni;
1765 1657 1887 1693 profecto
1899 1663 1927 1686 ct

1129 1701 1224 1729 civitas
1235 1701 1278 1729 illa
1292 1702 1462 1737 intelligenda
1476 1707 1525 1735 est,
1541 1710 1601 1737 qua:
1614 1703 1704 1730 smculi
1721 1703 1798 1738 hujus
1810 1704 1926 1732 societa-

1129 1751 1183 1774 tem
1196 1746 1328 1782 signiﬁcat
1343 1756 1349 1774 2
1366 1755 1418 1774 non
1435 1748 1505 1775 enim
1525 1748 1622 1775 frustra
1639 1748 1739 1783 primus
1752 1749 1816 1776 Cain
1833 1750 1927 1777 cundi-

1128 1792 1167 1820 dit
1181 1792 1315 1820 civitatem
1327 1792 1383 1827 (Id.
1397 1801 1431 1826 tv,
1448 1794 1503 1827 17).
1518 1793 1640 1820 Exaltato
1654 1794 1741 1829 itaque
1752 1794 1837 1821 fructu
1848 1795 1927 1822 Chri-

1128 1838 1162 1865 sti
1175 1845 1257 1873 super
1270 1838 1399 1866 Libanum
1409 1860 1417 1871 ,
1432 1839 1457 1866 id
1470 1844 1511 1865 est
1525 1846 1604 1873 super
1619 1840 1729 1867 arbores
1744 1840 1884 1867 diuturnas
1899 1846 1927 1867 et

1127 1883 1198 1918 ligna
1220 1884 1391 1918 intputribilia
1405 1905 1412 1916 ,
1444 1885 1505 1918 quia
1533 1885 1577 1911 ille
1600 1885 1700 1912 irttctns
1721 1890 1839 1913 mterttus
1865 1891 1924 1917 cst;

1128 1929 1217 1957 omnis
1231 1929 1338 1957 claritas
1355 1929 1470 1956 hominis
1484 1930 1627 1957 secundum
1646 1932 1817 1964 temporalem
1833 1933 1927 1959 δίε-ευιί

1128 1974 1313 2002 celsitudinem
1334 1974 1395 2002 [εηο
1408 1980 1577 2009 comparatur
1589 1995 1597 2007 ,
1617 1976 1743 2010 quoniam
1764 1984 1779 2004 a
1794 1966 1928 2004 eredeuii-

1128 2021 1179 2049 bus
1192 2026 1219 2049 et
1231 2022 1312 2048 vitam
1328 2027 1454 2048 intentam
1468 2021 1522 2055 jam
1537 2022 1706 2055 sperantibus
1721 2023 1857 2056 spernitur
1873 2023 1932 2050 feli-

1127 2068 1196 2095 citas
1214 2067 1367 2102 temporalis
1380 2087 1387 2099 ,
1411 2072 1439 2094 ut
1458 2067 1599 2101 impleatur
1620 2068 1690 2102 quod
1711 2069 1839 2103 scriptum
1861 2074 1904 2096 est
1920 2088 1926 2094 .

1130 2113 1219 2141 Omnis
1230 2122 1290 2141 caro
1305 2116 1400 2149 fenum,
1416 2119 1438 2140 et
1450 2114 1530 2140 omnis
1541 2114 1642 2140 claritas
1653 2115 1736 2141 carnis
1751 2120 1777 2141 ut
1791 2116 1840 2148 [los
1855 2116 1907 2150 [mi
1920 2124 1928 2141 :

1129 2161 1215 2195 fenum
1227 2160 1304 2191 aruit,
1321 2160 1368 2193 ﬂos
1382 2160 1485 2186 decidit.
1507 2158 1611 2185 Verbum
1624 2165 1708 2186 autem
1722 2159 1826 2186 Domini
1842 2166 1929 2186 ttlattel

1128 2205 1155 2231 in
1168 2209 1289 2231 a-ternum
1302 2204 1376 2238 (Isai.
1395 2213 1437 2236 χι..
1454 2204 1519 2239 6-8).
1535 2204 1570 2231 lbi
1586 2209 1624 2231 est
1640 2205 1740 2231 frui-tus
1754 2205 1812 2238 ejus
1820 2206 1929 2231 exalta-

1129 2254 1172 2277 tus
1184 2257 1266 2285 super
1281 2250 1421 2276 Libanum.
1436 2250 1547 2284 Semper
1559 2249 1630 2277 enim
1645 2257 1707 2277 caro
1722 2251 1812 2278 fenum
1826 2250 1890 2281 fuit.
1903 2255 1930 2277 et

1128 2295 1236 2323 claritas
1247 2296 1335 2323 carnis
1350 2301 1376 2322 ut
1395 2296 1444 2322 llos
1465 2295 1516 2322 feni
1533 2304 1540 2322 ε
1557 2295 1606 2323 sed
1619 2296 1680 2331 quia
1695 2304 1748 2322 non
1761 2296 1931 2323 demonstra-

1128 2342 1207 2369 batur
1225 2350 1285 2377 quae
1305 2342 1390 2368 fuerat
1407 2342 1527 2377 eligenda
1546 2346 1574 2368 et
1594 2342 1772 2377 praeponenda
1789 2343 1909 2371 felicitas
1922 2363 1930 2375 ,

1129 2388 1180 2416 llos
1194 2388 1248 2416 feni
1269 2396 1318 2423 pro
1340 2397 1436 2423 magno
1450 2388 1612 2421 habebatur;
1635 2396 1685 2416 nec
1704 2389 1790 2416 solum
1813 2389 1933 2417 minime

1128 2436 1357 2467 conlemoebutur,
1371 2436 1417 2461 sed
1430 2437 1509 2462 etiam
1522 2436 1635 2463 maxime
1647 2435 1832 2470 appriebatttr.
1845 2437 1933 2471 Quasi

1128 2488 1194 2516 ergo
1208 2486 1272 2508 tunc
1287 2481 1321 2507 ita
1334 2488 1394 2507 esse
1408 2483 1520 2514 emperit
1530 2502 1537 2512 ,
1553 2481 1659 2515 quando
1673 2489 1797 2508 aversum
1812 2482 1819 2498 ⁸
1836 2488 1882 2509 est
1898 2487 1934 2508 at-

1129 2534 1182 2562 que
1200 2532 1382 2560 contemptum
1406 2527 1533 2560 quidquid
1557 2527 1670 2554 ﬂorebat
1693 2528 1718 2554 in
1742 2528 1866 2558 smculo.
1897 2528 1933 2554 iL’t

1128 2573 1229 2601 dictum
1239 2578 1290 2605 est,
1304 2573 1522 2607 Sttpcrmstollttttrr
1532 2581 1606 2607 super
1618 2573 1739 2599 Libanum
1752 2577 1853 2608 {ructus
1865 2574 1933 2609 ejus,

1129 2625 1153 2646 et
1165 2618 1289 2654 ﬂorebunt
1305 2619 1334 2645 de
1344 2619 1444 2645 civitate
1460 2621 1522 2645 sicut
1536 2620 1623 2654 fenum
1635 2624 1708 2646 terra:
1722 2627 1732 2645 :
1747 2619 1772 2646 id
1784 2624 1836 2651 est,
1853 2619 1936 2646 diffa-

1129 2665 1246 2693 mabitur
1264 2672 1344 2699 super
1356 2665 1446 2691 omnia
1460 2664 1529 2698 quod
1545 2664 1571 2691 itt
1594 2669 1723 2691 aiternunt
1739 2664 1933 2698 promittitur“

1128 2716 1157 2740 ει
1174 2711 1373 2746 comparabitur
1386 2711 1448 2738 feno
1464 2716 1542 2738 terra:
1554 2710 1681 2746 quidquid
1701 2719 1749 2746 pro
1767 2719 1872 2747 ungue
1886 2712 1937 2739 ha-

1127 2757 1207 2785 betur
1219 2757 1246 2784 in
1261 2756 1372 2784 sarculo.

1165 2801 1208 2829 l9.
1229 2801 1305 2838 [νει-ε.
1324 2800 1380 2837 17.]
1394 2801 1435 2829 Sit
1454 2809 1518 2837 ergo
1535 2810 1626 2829 nomen
1645 2802 1702 2838 ejus
1723 2802 1888 2830 [retudit-tum
1907 2804 1939 2832 in

1128 2847 1224 2876 saecula
1237 2855 1247 2874 :
1262 2851 1320 2874 ante
1338 2847 1417 2874 solem
1437 2851 1568 2882 permanet
1581 2848 1758 2888 nameir-g‘us.
1775 2849 1827 2876 Per
1843 2848 1939 2877 solem

1166 2916 1174 2932 ι
1187 2918 1223 2940 rx.
1236 2919 1263 2941 et
1272 2918 1337 2946 λιες»,
1356 2913 1558 2941 miinuutvorsum.
