3990 6316
498 391 600 446 915

490 505 583 556 die
627 512 693 556 te.
742 485 891 572 Ergo
925 500 993 561 de
1031 499 1209 555 radice
1248 499 1677 555 Patriarcharum
1725 498 1854 553 dicit
1896 497 2092 553 fractos

488 596 750 663 quosdam
782 608 962 648 ramos
986 600 1203 664 propter
1222 591 1592 664 inﬁdelitatem
1609 632 1624 656 ,
1651 597 1707 645 et
1732 588 1992 644 insertum
2022 587 2093 642 ibi

489 685 818 749 oleastrum,
856 693 917 740 ut
959 691 1105 739 esset
1138 683 1412 757 particeps’
1445 679 1786 753 pinguedinis
1820 679 1977 738 olivzu
1999 720 2014 744 ,
2040 677 2092 734 id

427 844 431 847 Ι
490 769 605 840 est.
639 775 932 831 Ecclesiam
960 792 1026 832 ex
1056 775 1320 832 Gentibus
1343 775 1671 848 venientem.
1703 774 1770 828 Et
1796 772 1916 844 quis
1947 772 2092 827 inse-

491 868 559 921 rit
601 867 896 922 oleastrum
931 867 986 921 in
1014 864 1198 921 oliva?
1225 865 1376 945 Oliva
1401 865 1540 922 s‘olet
1568 864 1623 919 in
1647 864 1918 928 oleastro;
1944 862 2092 916 olea-

489 969 661 1013 atrum
690 960 744 1013 in
770 959 910 1013 oliva
939 975 1211 1026 nunquam
1240 957 1491 1014 vidimus.
1521 957 1654 1012 Nam
1685 956 1923 1028 quisquis
1953 954 2096 1011 iece-

488 1051 598 1116 rit,
648 1066 755 1105 non
797 1051 1035 1107 inveniet
1058 1049 1250 1106 baccas
1277 1051 1378 1105 nisi
1402 1049 1638 1104 oleastri.
1667 1045 1821 1116 Quod
1845 1045 1988 1102 enim
2013 1047 2097 1101 in-

489 1139 717 1206 seritur,
759 1138 865 1196 hoc
903 1140 1135 1207 crescit,
1177 1147 1232 1194 et
1276 1139 1392 1209 ejus
1433 1139 1511 1193 rei
1548 1137 1748 1197 fructus
1775 1137 2093 1194 invenitur:

490 1231 761 1286 invenitur
788 1247 893 1286 non
923 1231 1118 1287 radicis
1143 1232 1343 1286 fructus
1362 1271 1376 1293 ,
1404 1229 1496 1285 sed
1523 1229 1745 1286 surculi.
1774 1228 1888 1286 Hoc
1912 1237 2095 1283 osten-

489 1319 625 1392 dens
670 1321 963 1391 Apostolus
1002 1320 1387 1390 omnipotentia
1435 1334 1531 1373 sua
1579 1318 1746 1374 Deum
1777 1316 2004 1381 fecisse,
2038 1327 2095 1374 ttt

488 1411 724 1468 oleaSIer
750 1414 801 1466 in
834 1411 1064 1466 radicem
1096 1412 1255 1467 oliva:
1286 1411 1616 1466 insereretur
1638 1452 1655 1478 ,
1686 1419 1741 1465 et
1767 1425 1872 1465 non
1903 1410 2093 1465 baccas

489 1503 766 1558 silvestres
787 1543 805 1570 ,
849 1502 945 1558 sed
981 1502 1177 1558 olivam
1203 1501 1396 1569 daret;
1425 1501 1490 1555 ad
1522 1501 1964 1571 omnipotentiam
1997 1499 2092 1554 Dei

489 1611 751 1652 revocans
783 1596 884 1652 hoc
921 1595 1212 1666 Apostolus
1239 1595 1315 1651 ait
1346 1612 1359 1648 :
1394 1594 1456 1650 Si
1484 1602 1537 1648 tu
1564 1610 1629 1649 ea:
1656 1584 1879 1648 naturali
1905 1593 2095 1647 incisus

487 1688 546 1741 es'
583 1687 833 1754 oleastro,
878 1695 923 1741 et
961 1698 1137 1741 contra
1172 1697 1410 1741 naturam
1446 1687 1663 1742 insertus
1699 1702 1751 1740 es
1791 1686 1843 1740 in
1866 1684 2048 1739 bonam
2071 1684 2094 1721 ⁸

490 1779 675 1834 olivam
697 1820 711 1844 ,
743 1781 848 1833 noli
873 1782 1085 1842 qloriuri
1102 1819 1118 1846 ,
1152 1779 1355 1851 inquit,
1387 1780 1628 1836 adversus
1654 1797 1845 1834 ramos.
1878 1779 1983 1836 Sed
2010 1779 2092 1833 di-

489 1870 563 1925 cis
581 1912 596 1935 ,
627 1873 700 1924 ait
730 1885 748 1925 :
777 1869 954 1924 Fracti
981 1881 1100 1925 sunt
1127 1870 1258 1924 rami
1280 1912 1297 1937 ,
1329 1880 1383 1924 ut
1409 1887 1499 1942 ego
1527 1871 1743 1925 inserar.
1770 1868 1944 1934 Bene;
1970 1885 2094 1939 pro-

493 1975 605 2034 pter
629 1963 1037 2019 incredulitatem
1063 1963 1212 2036 fracti
1237 1974 1353 2018 sunt
1379 1981 1397 2018 :
1420 1973 1473 2019 tu
1499 1975 1666 2018 autem
1689 1965 1791 2036 ﬁde
1813 1975 1891 2019 sta
1910 1965 1969 2030 ';
1991 1964 2097 2019 noli

492 2057 652 2110 ultum
677 2071 888 2125 sapere,
915 2056 1004 2110 sed
1025 2055 1162 2110 time.
1189 2055 1325 2124 Quid
1352 2057 1494 2112 enim
1523 2066 1644 2123 est,
1672 2055 1797 2112 Noli
1821 2055 1982 2110 altatis
2007 2073 2093 2110 sa-

492 2167 612 2219 pere
631 2151 657 2204 .9
692 2148 810 2205 Noli
855 2147 1134 2221 superbire
1157 2191 1172 2216 ,
1213 2149 1334 2220 quia
1365 2148 1599 2205 insertus
1624 2165 1718 2215 es;
1751 2148 1845 2205 sed
1874 2151 2000 2205 time
2028 2163 2095 2204 ne

493 2243 758 2316 {margaris
785 2259 880 2314 per
907 2243 1276 2300 inﬁdelitatem
1297 2283 1313 2310 ,
1339 2244 1478 2298 sicut
1505 2243 1577 2297 illi
1606 2240 1758 2297 fracti
1785 2251 1929 2297 sunt.
1963 2239 2096 2295 Pro-

497 2351 608 2412 pter
648 2339 1000 2411 inﬁdelitatem
1025 2380 1041 2406 ,
1081 2337 1288 2409 inquit,
1327 2336 1479 2408 fracti
1514 2344 1634 2390 sunt
1661 2351 1680 2389 :
1706 2345 1760 2388 tu
1788 2345 1952 2388 autem
1994 2333 2098 2402 [ide

494 2445 574 2489 sta
596 2450 617 2500 ;
642 2433 749 2487 noli
772 2435 933 2487 altum
957 2448 1136 2501 sapere
1157 2473 1170 2494 ,
1194 2420 1291 2485 sed
1303 2430 1439 2482 time.
1465 2426 1605 2481 Nam
1623 2428 1667 2482 si
1691 2427 1829 2480 Deus
1849 2426 2097 2501 naturali-

493 2528 586 2580 bus
630 2525 784 2580 ramis
813 2542 912 2579 non
947 2524 1170 2597 pepercit
1191 2565 1205 2589 ,
1237 2539 1396 2593 neque
1419 2522 1510 2576 tibi
1539 2529 1729 2591 parcet.
1761 2519 1828 2574 Et
1854 2520 2097 2589 sequitur

493 2617 664 2672 bonus
710 2616 892 2683 locus,
942 2623 997 2671 et
1040 2615 1412 2679 necessarius,
1460 2627 1513 2666 et
1556 2620 1697 2666 totus
1737 2609 2036 2665 audiendus
2076 2625 2093 2663 :

504 2706 658 2761 Vides
698 2724 851 2778 ergo,
897 2705 1107 2776 inquit,
1147 2704 1500 2760 bonitatem'et
1537 2702 1848 2757 severitatem
1875 2699 1974 2755 Dei
1999 2715 2018 2754 :
2041 2702 2094 2754 in

498 2818 581 2862 eqs
611 2799 810 2870 quidem
837 2799 925 2868 qui
949 2799 1102 2869 fracti
1126 2807 1244 2852 sunt
1267 2839 1284 2863 ,
1305 2796 1617 2852 severitatem
1639 2810 1659 2860 ;
1682 2795 1735 2849 in
1759 2805 1807 2849 te
1825 2805 1990 2849 autent
2010 2794 2096 2860 qui

492 2895 713 2949 insertus
748 2909 801 2947 es
839 2892 1108 2947 bonitatem
1129 2931 1144 2955 ,
1173 2889 1220 2945 si
1247 2885 1655 2960 permanseris'in
1685 2887 1943 2950 bonitate;
1968 2885 2099 2959 alio-

491 2984 635 3053 quin,
665 2982 717 3040 id
740 2994 843 3045 (εει.
870 2982 915 3038 si
944 2997 1049 3035 non
1072 2977 1429 3051 permanseris
1453 2978 1506 3031 in
1532 2975 1791 3041 bonitate,
1820 2983 1864 3028 et
1890 2983 1943 3030 tu
1958 2975 2100 3028 eaei—

493 3075 631 3130 deris
670 3090 690 3130 :
725 3083 775 3130 et
811 3073 891 3130 illi
917 3073 969 3129 ‘si
1001 3065 1104 3128 non
1134 3069 1499 3142 permanserint
1522 3070 1574 3124 in
1601 3067 1902 3139 inﬁdelitate
1923 3107 1938 3131 ,
1964 3067 2099 3120 inse-

493 3177 668 3221 rentur
691 3164 867 3237 (Rom.
893 3181 946 3224 xl
966 3207 982 3230 ,
1013 3163 1213 3234 17-24).
1282 3178 1285 3180 ·

565 3261 622 3315 5.
643 3259 907 3330 Tempore
933 3257 1093 3329 igitur
1115 3255 1324 3312 Veteris
1347 3252 1671 3318 Testamenti
1693 3294 1707 3318 ,
1735 3251 1948 3315 fratres,
1972 3265 2098 3319 pro-

495 3353 778 3419 missiones
819 3368 850 3410 a
897 3351 1007 3407 Deo
1053 3361 1239 3406 nostro
1284 3347 1483 3416 populo
1521 3345 1594 3400 illi
1640 3343 1841 3398 carnali
1872 3353 2097 3398 terrena:

494 3454 651 3501 erant
690 3452 746 3499 et
783 3441 1126 3514 temporales.
1173 3426 1501 3514 Promissum
1545 3445 1630 3491 est
1669 3450 1889 3505 regnum
1931 3443 2096 3489 terre-

496 3555 623 3593 num
650 3554 667 3605 ;
709 3534 970 3608 promissa
1002 3542 1084 3589 est
1110 3541 1248 3586 terra
1281 3529 1407 3596 illa,
1439 3520 1490 3582 in
1521 3543 1680 3597 quam
1707 3527 1866 3582 etiam
1897 3525 2096 3579 inducti

496 3636 616 3685 sttnt
661 3627 730 3682 ab
759 3624 994 3695 ngypto
1023 3620 1231 3678 liberati
1261 3637 1276 3673 :
1310 3634 1406 3689 per
1429 3617 1611 3673 Jesutn
1639 3615 1783 3671 Nave
1813 3613 2097 3669 introducti

497 3727 622 3776 sunt
667 3717 720 3772 in
767 3725 964 3771 terrain
1013 3711 1422 3784 promissionis,
1463 3707 1551 3766 ubi
1598 3707 1759 3762 etiam
1801 3706 2097 3762 Jerusalem

499 3820 708 3865 terrena
735 3807 991 3863 mdiiicata
1021 3813 1135 3868 est,
1164 3803 1252 3857 ubi
1281 3798 1521 3873 regnavit
1548 3797 1735 3854 David.
1765 3800 2101 3868 Acceperunt

499 3895 962 3965 terram,liberati
988 3912 1050 3950 ex
1075 3893 1309 3966 Egypto
1333 3934 1349 3958 ,
1380 3899 1716 3945 transeuntes
1737 3903 1834 3959 per
1858 3888 2097 3942 Rubrum

500 4009 649 4050 mare
675 4009 691 4056 ;
736 3989 898 4043 iiuitis
922 3986 1249 4042 anfractibus
1278 3993 1332 4038 et
1357 3980 1634 4036 erroribus
1658 3978 1682 4011 ³
1713 3978 2056 4033 solitudinum
2078 4020 2096 4047 ,

498 4089 818 4153 acceperunt
848 4089 1044 4155 terram
1073 4117 1089 4142 ,
1119 4081 1440 4145 acoeperunt
1464 4085 1687 4141 regnum
1712 4088 1727 4126 :
1759 4070 1952 4126 deinde
1980 4081 2102 4139 post

496 4190 720 4247 regnum
763 4181 1039 4241 acceptum
1066 4212 1082 4236 ,
1127 4168 1249 4240 quia
1289 4177 1500 4221 terrena
1537 4170 1883 4234 acceperant,
1915 4177 2099 4232 cmpe-

495 4278 622 4324 rttnt
661 4266 851 4320 merito
893 4274 1230 4334 peccatorum
1274 4273 1495 4314 suorum
1541 4255 1835 4326 oppugnari
1864 4296 1879 4321 ,
1929 4269 2100 4325 expu-

496 4359 646 4430 gnari
669 4401 683 4419 .
715 4355 968 4426 captivari
993 4372 1008 4422 ;
1039 4353 1107 4407 ad
1127 4360 1422 4407 extremum
1449 4362 1633 4403 eversa
1657 4355 1739 4400 est
1758 4355 1813 4402 et
1838 4345 1950 4416 ipsa
1974 4346 2102 4399 civi-

499 4461 598 4504 tas.
639 4449 797 4506 Tales
833 4454 989 4502 erant
1028 4451 1084 4498 et
1114 4442 1218 4498 illae
1248 4439 1632 4512 promissiones
1659 4452 1763 4492 non
1794 4451 2104 4507 persevera-

499 4551 633 4593 tura:
657 4581 673 4605 ,
724 4554 817 4607 per
857 4551 990 4607 quas
1021 4536 1213 4590 tamen
1254 4531 1613 4600 ﬁgurarentur
1654 4526 1846 4582 futura:
1875 4525 2102 4598 promis-

497 4633 680 4685 siones
707 4635 1127 4699 perseveratum
1153 4641 1167 4687 ;
1199 4633 1251 4677 ut
1285 4621 1372 4677 ille
1399 4619 1574 4675 omnis
1603 4619 1862 4674 decursus
1894 4629 2099 4688 tempo-

500 4725 690 4778 ralium
735 4718 1148 4791 promissionum
1192 4716 1355 4785 iigura
1402 4725 1584 4777 esset,
1631 4720 1685 4768 et
1709 4711 1951 4780 quaedam
1981 4727 2102 4780 pro-

500 4814 677 4886 phetia
711 4813 1028 4866 futurorum.
1061 4808 1241 4875 itaque
1266 4821 1386 4860 cum
1413 4803 1538 4859 illud
1561 4818 1781 4875 regnum
1805 4800 2059 4857 deﬁceret
2081 4841 2098 4870 ,

497 4906 586 4960 ubi
616 4903 854 4973 regnavit
884 4899 1067 4965 David,
1098 4897 1237 4952 ﬁlius
1259 4897 1433 4962 Jesse,
1466 4895 1518 4949 id
1542 4903 1641 4957 est,
1674 4892 1836 4947 homo
1863 4892 2097 4962 quidam,

497 4996 597 5052 etsi
629 4995 886 5065 propheta
907 5033 924 5058 ,
955 4991 1054 5066 etsi
1083 5000 1298 5044 sanctus
1317 5028 1334 5054 ,
1366 4988 1488 5057 quia
1514 4984 1730 5041 videbat
1754 4993 1805 5039 et
1834 4983 2101 5055 prmvidev

498 5087 590 5141 hat
629 5059 904 5140 ChriSIum
931 5059 1233 5158 aleatorum
1258 5121 1274 5146 ,
1324 5079 1392 5133 de
1420 5078 1573 5147 cujus
1597 5075 1802 5132 semine
1830 5075 1991 5132 etiam
2017 5089 2102 5129 se—

497 5176 730 5233 cundum
757 5162 972 5228 carneiu
999 5173 1298 5226 nasciturus
1325 5180 1438 5226 erat
1464 5179 1685 5234 ;~tamen
1716 5167 1896 5231 homo,
1923 5176 2100 5220 tamen

501 5267 737 5322 nondum
779 5263 1056 5330 Christus,
1090 5272 1268 5317 tamen
1299 5259 1538 5314 nondum
1565 5275 1656 5313 rex
1692 5269 1902 5323 noster,
1936 5255 2102 5312 Filius

502 5361 628 5426 Dei,
666 5359 759 5414 sed
801 5373 895 5412 rex
936 5356 1133 5420 David,
1169 5355 1308 5409 [ilius
1332 5351 1484 5408 Jesse
1513 5370 1524 5405 :
1557 5351 1678 5422 quia
1704 5365 1834 5421 ergo
1859 5348 2099 5403 deiectu-

499 5468 615 5506 rum
657 5459 775 5504 erat
819 5446 944 5504 illud
990 5462 1242 5518 regnum,
1293 5459 1386 5514 per
1410 5441 1549 5512 quod
1578 5457 1795 5510 regnum
1823 5448 2099 5510 acceptum

499 5545 813 5614 laudabatur
860 5543 987 5597 tunc
1027 5539 1170 5594 Deus
1195 5553 1227 5592 a
1256 5535 1596 5602 earnalibus;
1629 5534 1731 5589 hoc
1754 5534 1925 5589 solum
1956 5519 2098 5588 enim

565 5718 580 5748 ί
609 5724 729 5775 vox,
753 5713 942 5775 bonam,
967 5713 1110 5762 abest
1131 5725 1160 5761 a
1181 5717 1289 5760 διεδ.

564 5780 584 5809 ³
611 5773 737 5826 tinus
749 5783 854 5833 διδ..
871 5773 971 5838 ﬁde

568 5839 590 5874 ³
609 5841 682 5890 sic
705 5845 810 5890 tres
961 5834 1046 5888 Alii
1073 5849 1184 5886 cum
1206 5833 1338 5895 me,
1359 5849 1415 5886 ac
1435 5832 1716 5885 terroribus.

1700 383 1758 440 S.
1802 372 2168 440 AUGUSTINI
2214 383 2514 440 EPISCOPI

3697 389 3801 446 9l6

2202 514 2300 568 pro
2326 515 2520 570 magno
2547 499 2847 568 habebant,
2875 502 2998 573 quia
3021 500 3231 558 liberati
3256 512 3408 559 erant
3436 499 3794 575 tentporaiiter

2199 588 2270 642 ab
2308 587 2391 643 his
2431 604 2464 644 a
2499 591 2691 660 quibus
2723 591 3196 661 opprimebantur,
3227 603 3285 650 et
3311 604 3596 651 evaserant
3620 595 3793 652 hostes

2199 691 2583 751 persequentes
2628 697 2722 750 per
2761 698 2909 738 mare
2945 683 3220 751 Rubrum,
3260 695 3315 740 et
3347 682 3494 742 ducti
3522 698 3678 742 erant
3705 704 3793 758 per

2199 769 2541 826 solitudinem
2562 811 2580 838 ,
2621 781 2677 826 et
2715 772 3025 828 invenerant
3055 776 3280 844 patriam
3303 786 3356 831 et
3379 793 3600 847 regnum
3627 793 3644 843 ;
3678 778 3795 834 hinc

2199 862 2376 917 solum
2407 863 2693 918 laudabant
2718 863 2883 919 Deum
2907 906 2923 930 ,
2952 865 3189 921 nondum
3217 865 3573 938 iutelligeutes
3593 870 3718 939 quid
3741 873 3794 922 in

2199 950 2307 1007 illis
2336 951 2519 1035 figuris
2546 955 2891 1026 praesignaret
2910 964 2965 1010 et
2990 957 3323 1026 promitteret
3345 958 3486 1014 Deus
3507 977 3521 1013 :
3544 959 3796 1016 deiicien-

2200 1040 2346 1099 tibus
2386 1052 2515 1114 ergo
2558 1046 2719 1101 rebus
2759 1060 2856 1116 pro
2882 1045 3078 1116 quibus
3105 1046 3352 1104 laudabat
3379 1048 3544 1104 Deum
3569 1049 3799 1120 papulas

2199 1135 2464 1202 carnalis,
2505 1137 2590 1192 cui
2633 1139 2877 1209 regnavit
2913 1138 3002 1195 ille
3048 1139 3246 1206 David,
3291 1141 3582 1214 defecerunt
3623 1142 3798 1213 hymni

2199 1223 2369 1281 David
2385 1240 2408 1291 ,‘
2439 1230 2546 1283 non
2575 1227 2690 1283 Filii
2721 1229 2853 1296 Dei,
2883 1230 2978 1286 sed
3008 1231 3105 1292 ﬁlii
3128 1228 3294 1287 Iesse.
3325 1233 3687 1289 Periculosum
3719 1235 3796 1289 io-

2198 1331 2321 1372 cum
2365 1318 2502 1373 tituii
2543 1321 2730 1394 psalmi
2773 1323 3084 1402 praesentis,
3127 1325 3266 1379 sicut
3309 1325 3564 1381 Dominus
3589 1328 3794 1393 voluit,

2201 1412 2533 1480 pmtervecti
2553 1428 2740 1466 sumus
2765 1431 2779 1464 :
2806 1415 3088 1484 accepistis
3110 1431 3277 1486 quare
3294 1416 3493 1473 dictum
3514 1419 3582 1472 sit
3602 1460 3615 1482 ,
3631 1479 3634 1482 ,
3649 1417 3798 1489 Defe-

2199 1505 2374 1554 c'ernnt
2398 1500 2574 1572 hymni
2598 1500 2767 1555 David
2788 1545 2804 1569 ,
2831 1503 2929 1571 ﬁlii
2955 1502 3117 1560 Jcsse.
3510 1515 3515 1518 '

2268 1594 2327 1649 4.
2351 1592 2512 1664 Cujus
2532 1611 2630 1650 vox
2653 1603 2736 1650 est
2751 1595 2993 1652 Psalmus
3009 1597 3067 1652 ⁸2
3090 1599 3279 1671 Asaplt.
3307 1599 3444 1667 Quid
3461 1609 3565 1667 est,
3585 1601 3800 1671 Asaph?

2200 1685 2350 1742 Sicut
2393 1688 2692 1743 invenimus
2730 1689 2782 1745 in
2829 1690 3358 1760 interpretationibus
3393 1707 3462 1748 ex
3491 1693 3670 1765 lingua
3698 1694 3793 1749 bc-

2199 1777 2342 1833 brata
2371 1779 2422 1834 in
2450 1795 2701 1850 graecam,
2730 1790 2785 1837 et
2807 1796 2872 1836 ex
2902 1796 3075 1859 σφω
3103 1782 3259 1837 nobis
3285 1783 3337 1837 in
3366 1783 3583 1840 latinam
3614 1795 3793 1841 trans-

2201 1869 2364 1935 latis,
2411 1871 2589 1940 Λεαρή
2633 1872 2913 1947 Synagoga
2956 1872 3356 1942 interpretatur.
3391 1874 3508 1931 Vox
3553 1887 3634 1932 est
3668 1893 3798 1948 ergo

2201 1960 2518 2034 Synagogze.
2564 1963 2670 2020 Sed
2713 1974 2770 2020 tu
2811 1982 2934 2023 cum
2981 1967 3216 2025 audieris
3261 1968 3593 2041 Synagogam
3620 2010 3638 2038 ,
3689 1972 3795 2026 noli

2198 2053 2457 2129 continuo
2492 2054 2752 2112 detestari
2780 2061 2934 2129 quasi
2967 2059 3376 2115 interfectricem
3405 2060 3636 2115 Domini.
3665 2060 3797 2115 Erat

2200 2143 2416 2215 quidem
2454 2146 2544 2202 illa
2568 2145 2847 2220 Synagoga
2878 2150 3207 2206 iuterl'eetrix
3232 2151 3478 2217 Domini;
3509 2167 3668 2207 nemo
3693 2153 3795 2207 du-

2200 2237 2337 2293 bitat
2362 2254 2378 2292 :
2403 2239 2497 2296 sed
2530 2244 2801 2296 memento
2824 2240 2894 2296 de
2920 2241 3198 2313 Synagnga
3227 2242 3390 2298 fuisse
3413 2228 3630 2307 arietes,
3659 2259 3791 2313 quo-

2199 2346 2319 2385 rum
2359 2329 2452 2385 lilii
2481 2345 2688 2388 sumus.
2717 2331 2874 2390 Unde
2902 2335 3096 2390 dicitur
3121 2336 3176 2390 in
3203 2334 3408 2406 psalmo
3434 2354 3448 2389 :
3474 2333 3668 2403 Afferte‘
3689 2334 3801 2390 Do-

2200 2420 2350 2475 mino’
2378 2423 2514 2493 ﬁlios
2546 2423 2760 2477 arietum
2791 2422 2961 2496 (Psal.
2987 2440 3170 2488 xxvnt,
3195 2425 3270 2496 1).
3293 2424 3393 2494 Qui
3421 2426 3543 2480 inde
3568 2425 3798 2481 arietes?

2200 2511 2392 2587 Petrus
2411 2554 2429 2580 ,
2456 2512 2693 2569 Joannes
2716 2557 2732 2580 ,
2758 2507 3026 2578 lacubus,
3056 2511 3322 2581 Andreas,
3349 2515 3797 2587 Bartbolomreus,

2199 2615 2257 2660 et
2279 2608 2459 2661 cazteri
2486 2607 2749 2676 Apostoli.
2785 2607 2918 2662 Ilinc
2943 2619 2998 2662 et
3025 2608 3140 2677 ipse
3159 2611 3336 2680 primo
3359 2609 3553 2664 Saulus
3575 2652 3591 2677 ,
3614 2621 3800 2680 postea

2199 2699 2437 2759 Paulus:
2485 2699 2536 2754 id
2579 2710 2703 2764 est,
2753 2700 2928 2770 primo
2971 2701 3238 2771 superbus
3267 2743 3283 2768 ,
3329 2711 3515 2773 postea
3560 2701 3798 2763 humilis.

2199 2791 2327 2847 Saul
2357 2791 2534 2856 enim,
2559 2792 2703 2847 unde
2730 2791 2931 2847 dictum
2953 2802 3037 2849 est
3064 2809 3261 2849 nomen
3279 2777 3428 2850 Sauli
3449 2836 3466 2862 ,
3493 2795 3661 2850 nostis
3675 2797 3800 2866 quia

2200 2897 2294 2938 rex
2334 2883 2597 2952 superbus
2623 2892 2678 2940 et
2705 2883 2929 2940 infrenis
2953 2883 3072 2939 fuit.
3099 2884 3214 2940 Non
3245 2884 3396 2957 quasi
3420 2886 3671 2956 jactantia
3699 2886 3801 2942 ali-

2200 2991 2304 3044 qua
2350 2991 2547 3030 nomen
2587 2975 2689 3031 sibi
2720 2976 2945 3031 mutavit
2973 2977 3298 3047 Apostolus;
3328 2977 3423 3033 sed
3450 2993 3515 3033 ex
3545 2978 3706 3034 Saulo
3730 2977 3802 3031 fa-

2201 3077 2320 3122 ctus
2359 3074 2442 3121 est
2489 3067 2685 3122 Paulus
2709 3109 2725 3133 ,
2755 3083 2820 3144 ex
2853 3068 3088 3138 superbo
3114 3068 3378 3124 modicus.
3409 3068 3630 3124 Paulum
3655 3070 3800 3125 enim

2200 3160 2465 3216 Modicum
2510 3172 2614 3216 est.
2643 3159 2738 3218 Vis
2771 3175 2931 3220 nosse
2959 3160 3084 3232 quid
3111 3161 3183 3216 sit
3209 3160 3442 3216 Saulus?
3466 3161 3642 3232 ipsum
3676 3162 3802 3216 audi

2199 3253 2309 3323 jam
2356 3254 2577 3310 Paulum
2628 3253 2999 3311 recordantem
3042 3252 3166 3323 quid
3209 3252 3370 3310 fuerit
3413 3269 3508 3322 per
3547 3253 3802 3308 malitiam

2203 3364 2353 3404 suam
2383 3390 2399 3412 ,
2437 3359 2492 3403 et
2528 3347 2655 3418 quid
2695 3346 2809 3416 jam
2850 3346 2923 3402 sit
2966 3344 3318 3415 pergratiam
3354 3345 3481 3411 Dei;
3518 3345 3640 3399 audi
3676 3362 3803 3414 quo-

2204 3441 2364 3496 tnodo
2389 3438 2552 3494 fuerit
2578 3437 2772 3494 Saulus
2795 3478 2811 3500 .
2839 3447 2896 3504 et
2919 3435 3188 3500 quomodo
3215 3435 3286 3490 sit
3310 3436 3504 3490 Paulus
3533 3454 3547 3489 :
3579 3437 3677 3502 Qui
3702 3438 3800 3507 fui,

2205 3534 2412 3603 inquit,
2458 3532 2598 3602 prius
2639 3521 2992 3599 blasphemus,
3035 3539 3082 3583 et
3116 3514 3430 3599 persecutor,
3456 3538 3502 3581 et
3528 3529 3806 3597 injuriosus

2209 3624 2252 3696 (i
2280 3623 2416 3678 Tim.
2445 3639 2458 3676 ι
2485 3664 2500 3688 ,
2530 3620 2871 3692 i5)..Attdisti
2891 3618 3111 3675 Sunium
3133 3635 3148 3683 ;
3173 3617 3297 3673 audi
3321 3629 3376 3674 et
3397 3619 3616 3673 Paulum
3645 3637 3661 3672 :
3695 3619 3803 3690 Ego

2207 3717 2337 3772 enim
2365 3731 2477 3770 sum
2497 3755 2512 3780 ,
2541 3713 2742 3784 inquit,
2775 3712 3013 3766 minimus
3041 3711 3416 3781 Apostolorum.
3445 3710 3580 3776 Quid
3606 3719 3690 3766 est
3710 3712 3806 3766 tui-

2205 3810 2381 3863 nimus
2402 3849 2417 3871 ,
2471 3807 2570 3860 nisi
2612 3820 2713 3878 ego
2748 3819 2869 3858 sum
2900 3802 3138 3858 Paulus?
3167 3802 3232 3857 Et
3259 3803 3539 3871 sequitur:
3577 3801 3676 3868 Qui
3702 3818 3804 3857 non

2204 3917 2318 3954 sunt
2359 3899 2544 3969 dignus
2581 3896 2751 3951 vocari
2775 3894 3056 3965 apostolus.
3084 3892 3298 3960 Quare?
3324 3892 3457 3959 Quia
3489 3891 3559 3947 fui
3589 3891 3800 3948 Saulus.

2204 3993 2343 4060 Quid
2381 4000 2504 4057 est,
2550 3989 2621 4044 fui
2659 3988 2894 4045 Saulus?
2935 3985 3054 4056 ipse
3094 3986 3238 4040 dicat
3281 4002 3296 4039 :
3345 3984 3477 4050 Quia
3515 3997 3804 4055 persecutus

2204 4105 2318 4141 sum
2340 4130 2354 4152 ,
2384 4085 2553 4156 inquit
2573 4125 2592 4150 ,
2624 4081 2901 4136 Ecclesiam
2927 4078 3028 4133 Dei
3046 4094 3066 4144 ;
3094 4076 3184 4132 sed
3205 4077 3374 4149 gratia
3397 4075 3526 4142 Dei,
3553 4077 3627 4130 ait
3649 4118 3666 4143 ,
3693 4094 3805 4130 sunt

2204 4179 2260 4234 id
2285 4179 2421 4248 quod
2450 4194 2564 4231 sunt
2595 4174 2636 4247 (Ι
2666 4171 2785 4230 Cor.
2815 4188 2881 4227 xv
2901 4213 2916 4235 ,
2949 4171 2984 4226 9
3009 4211 3024 4234 ,
3046 4169 3171 4241 .10).
3199 4168 3430 4224 Abstulit
3457 4167 3557 4222 sibi
3587 4183 3803 4222 Olllllt'lll

2205 4270 2557 4343 granditatem
2614 4281 2805 4330 suam;
2861 4264 3113 4319 minimus
3163 4260 3273 4330 jam
3332 4259 3384 4314 in
3439 4274 3531 4325 se,
3588 4260 3806 4330 grandis

2209 4366 2259 4419 in
2313 4362 2547 4417 Christo.
2593 4359 2662 4414 Et
2701 4358 2800 4413 iste
2843 4354 3042 4412 Paulus
3081 4352 3209 4424 quid
3253 4350 3428 4406 dicit?
3468 4349 3590 4403 Non
3616 4350 3804 4419 repulit

2206 4455 2345 4510 Deus
2394 4452 2586 4525 plebem
2632 4465 2810 4510 suam,
2847 4447 2916 4503 de
2961 4445 3118 4516 plebe
3163 4459 3231 4500 ex
3275 4441 3476 4498 Iudaeis
3517 4442 3801 4502 veniente,

2208 4549 2396 4621 plebem
2445 4561 2626 4608 suam,
2674 4542 2879 4611 inquit,
2929 4555 3080 4609 quant
3122 4536 3369 4607 praesciuit
3408 4549 3428 4588 :
3465 4550 3583 4586 nant
3624 4542 3671 4587 et
3717 4549 3805 4602 ego

2209 4639 2445 4692 Israelita
2488 4652 2601 4690 sum
2639 4649 2701 4687 ex
2735 4632 2923 4685 semine
2961 4629 3241 4690 Abraham,
3283 4627 3346 4680 de
3382 4625 3511 4678 tribu
3535 4621 3804 4694 Benjamin

2209 4731 2387 4804 (Rom.
2419 4746 2475 4784 st
2501 4769 2514 4793 ,
2541 4729 2578 4782 2
2602 4774 2618 4795 ,
2645 4727 2721 4793 1).
2753 4725 2893 4794 Ergo
2916 4732 2970 4778 et
2996 4723 3188 4776 Paulus
3214 4718 3368 4774 nobis
3391 4717 3460 4773 de
3485 4716 3761 4787 Synagoga
3784 4731 3800 4780 ;

2208 4838 2262 4882 et
2291 4826 2480 4881 Petrus
2503 4833 2559 4877 et
2586 4819 2674 4873 alii
2699 4816 2935 4888 Apostoli
2957 4814 3023 4870 de
3043 4813 3344 4886 Synagoga.
3372 4812 3549 4879 Itaque
3571 4823 3696 4863 cum
3720 4824 3802 4862 att-

2208 4917 2411 4972 dieris’
2451 4927 2640 4968 vocem
2676 4910 3007 4982 Synagogaz,
3050 4904 3157 4959 noli
3198 4901 3472 4957 attendere
3511 4900 3762 4954 meritum
3787 4939 3800 4963 ,

2208 5009 2301 5065 sed
2334 5004 2549 5062 intende
2573 5011 2805 5074 partum.
2841 4998 3103 5070 Loquitur
3130 5010 3258 5065 ergo
3279 4995 3331 5048 in
3358 4993 3457 5048 hoc
3484 4991 3691 5061 psalmo
3715 4993 3803 5062 Sy-

2211 5114 2410 5170 nagoga
2436 5138 2452 5163 ,
2499 5093 2867 5150 deﬁcientibus
2913 5088 3127 5162 hymnis
3166 5085 3333 5141 David
3360 5083 3496 5150 ,‘iiiii
3525 5078 3676 5139 Jesse
3705 5103 3720 5142 ;
3754 5081 3802 5136 id

2209 5203 2292 5248 est
2315 5188 2679 5246 deficientibus
2702 5185 2859 5240 rebus
2891 5179 3292 5250 temporalibus,
3327 5193 3422 5247 per
3435 5191 3570 5247 quas
3590 5174 3802 5228 solebat

2208 5303 2237 5342 a
2265 5283 2464 5341 carnali
2497 5279 2692 5352 populo
2720 5276 2927 5332 laudari
2959 5275 3116 5329 Deus.
3149 5272 3327 5340 Quare
3354 5278 3531 5323 autem
3561 5268 3665 5321 illae
3705 5267 3798 5320 de-

2211 5378 2484 5437 iecerunt,
2525 5372 2624 5427 nisi
2669 5379 2727 5425 ut
2769 5369 2886 5422 alia:
2907 5363 3319 5436 qttmrerentur?
3353 5361 3418 5416 Ut
3436 5370 3801 5430 qtnercreutnr

2208 5465 2371 5537 qum?
2396 5463 2528 5530 Quae
2553 5461 2624 5516 ibi
2652 5475 2757 5514 non
2784 5457 2981 5514 erant?
3003 5453 3120 5510 Non
3144 5469 3161 5520 ;
3192 5452 3287 5508 sed
3315 5445 3434 5520 quas
3460 5449 3528 5504 ibi
3560 5448 3806 5518 tegeban—

2211 5570 2298 5615 tur
2339 5555 2519 5628 ﬁguris
2548 5571 2562 5607 :
2592 5569 2697 5607 non
2728 5566 2848 5620 qtne
2872 5548 2983 5619 jam
3005 5539 3083 5600 ibi
3116 5559 3224 5599 non
3249 5551 3441 5603 erant;
3471 5539 3565 5595 sed
3594 5539 3664 5593 ibi
3682 5551 3802 5596 tan-

2209 5667 2367 5725 quam
2396 5650 2451 5704 in
2476 5647 2656 5703 radice
2679 5642 3078 5699 occultabantur
3110 5635 3423 5708 quibusdam
3454 5632 3674 5698 secretis
3693 5646 3798 5702 my-

2275 5766 2290 5796 ι
2318 5762 2494 5824 Regius
2515 5765 2619 5815 διε..
2644 5747 2839 5824 malini-
3050 5809 3082 5824 ..

2277 5828 2297 5859 ³
2321 5809 2414 5875 Sit?
2448 5830 2555 5873 atss.
2582 5809 2636 5871 Αἰ
2659 5817 2769 5868 κω.
2792 5849 2807 5877 ,
2832 5826 2942 5866 cum
2963 5809 3106 5863 audis
3131 5809 3301 5861 reteris
3332 5818 3489 5858 vocem
3523 5813 3789 5869 symgojte.
