3990 6300
259 330 364 388 οη

248 444 538 502 storiarum
557 485 576 512 ,
605 459 758 517 quas,
781 443 952 514 inquit
971 442 1086 514 ipse
1110 443 1398 513 Apostolus
1420 484 1435 509 ,
1461 442 1642 514 ﬁgurae
1662 451 1858 497 nostra:

251 538 470 596 bierunt
494 538 541 611 (Ι
570 537 691 596 Cor.
725 552 794 603 ι,
824 537 906 601 6).

325 630 381 686 5.
409 628 476 686 Et
498 629 759 686 attendite
774 628 885 699 jam
909 626 1152 682 breviter
1169 626 1337 696 ipsam
1355 625 1576 694 figuram
1595 634 1857 678 nostram.

203 728 213 737 '
254 721 498 792 Populus
528 720 688 777 lsrael
717 718 817 774 sub
844 717 1141 774 Pharaonis
1189 726 1243 771 et
1282 714 1658 787 Egyptiorum
1679 714 1858 769 domi-

255 814 513 884 natione(
545 813 712 869 Exod.
742 828 780 877 ι,
833 811 901 868 il)
931 809 995 880 );
1030 809 1258 880 p0pulus
1300 806 1637 863 Christianus
1665 847 1684 874 ,
1736 816 1862 862 ante

255 904 418 974 fidem
436 903 850 974 praedestinatus
870 903 982 971 jam
1030 902 1156 964 Deo,
1189 909 1243 954 et
1265 899 1443 954 adhuc
1474 898 1716 954 serviens
1744 898 1860 953 dte-

254 995 512 1049 nmuibus
539 1002 595 1050 ct
643 993 860 1048 diabolo
919 992 1144 1062 principi
1199 1006 1388 1046 eorum
1415 1008 1431 1046 :
1461 1007 1589 1046 ecce
1632 989 1861 1060 populus

252 1086 571 1156 subjugatus
624 1081 895 1160 Egyptiis
925 1122 943 1149 ,
994 1081 1236 1137 serviens
1277 1081 1514 1151 peccatis
1568 1082 1679 1135 suis
1709 1096 1724 1145 ;
1754 1095 1859 1135 non

253 1179 401 1232 enim
428 1177 530 1232 nisi
552 1191 651 1248 per
672 1184 887 1247 peccata
905 1185 1088 1229 nostra
1113 1181 1288 1244 potest
1305 1171 1553 1227 diabolus
1573 1171 1858 1226 dominari.

257 1268 540 1326 Liberatur
561 1268 791 1340 populus
817 1267 886 1321 ab
927 1255 1192 1337 Egyptiis
1221 1281 1319 1337 per
1359 1264 1616 1338 Moysen;
1671 1264 1864 1318 libera-

257 1370 346 1417 tur
385 1361 614 1433 populus
641 1375 672 1413 a
700 1359 968 1429 praeterita
1025 1357 1130 1410 vita
1180 1366 1520 1426 peccatorum
1553 1370 1649 1425 per
1677 1354 1860 1407 Domi-

256 1467 387 1506 tium
417 1462 659 1506 nostrum
688 1449 873 1504 JeSum
911 1437 1212 1502 Christum.
1257 1445 1472 1500 Transit
1519 1445 1746 1513 populus
1774 1445 1864 1500 ille

259 1557 358 1613 per
378 1557 525 1596 mare
547 1540 819 1604 Rubrum;
851 1539 950 1592 iste
979 1554 1074 1607 per
1116 1537 1467 1608 Baptistnum.
1491 1534 1791 1589 Moriuntur
1808 1535 1862 1588 in

258 1635 395 1690 tuari
422 1633 601 1688 Rubro
623 1647 812 1687 omnes
844 1631 1042 1686 inimici
1068 1615 1247 1701 populi
1295 1629 1475 1699 illius(
1505 1627 1592 1683 Id.
1629 1644 1740 1694 xw,
1767 1627 1861 1698 2'2,

253 1725 406 1797 25);
437 1725 737 1779 moriuntur
759 1727 810 1777 in
863 1721 1137 1794 BnpliSlllO
1175 1721 1354 1775 omnia
1411 1728 1626 1789 peccata
1657 1731 1862 1774 nostra.

257 1816 544 1880 luteudite,
577 1815 788 1870 fratres.
832 1813 962 1868 Post
991 1828 1138 1867 mare
1167 1808 1294 1867 illud
1327 1811 1567 1865 ltubrum
1600 1825 1706 1871 non
1733 1824 1867 1864 con-

256 1909 412 1963 titmo
430 1906 598 1976 patria
628 1906 808 1970 datur,
833 1919 934 1959 nec
982 1911 1232 1973 tauquam
1274 1903 1385 1972 jam
1442 1902 1624 1957 hostes
1661 1903 1858 1969 desint,

253 1983 881 2065 secure'triumphatur;
923 1995 1019 2050 sed
1073 2005 1239 2049 restat
1270 1994 1436 2048 eremi
1486 1994 1744 2056 solitudo,
1775 2010 1864 2049 re-

255 2089 608 2155 StanthOstes
654 2087 964 2143 insidiantes
1017 2087 1069 2140 in
1101 2087 1230 2141 via:
1282 2085 1362 2140 sic
1402 2091 1459 2138 et
1511 2094 1631 2155 post
1688 2084 1865 2156 Bapti-

256 2199 435 2239 smum
467 2190 635 2237 restat
682 2182 788 2235 vita
834 2179 1123 2235 christiana
1153 2179 1206 2232 in
1254 2178 1657 2234 tentationibus.
1692 2177 1746 2232 lu
1774 2177 1864 2234 illa

256 2290 448 2332 eremo
497 2274 867 2342 suspirabatur
929 2271 1116 2340 patriae
1185 2270 1517 2346 promissae;
1549 2269 1675 2340 quid
1717 2269 1864 2324 aliud

257 2365 846 2434 Cbristianisuspirant
867 2362 978 2432 jam
1026 2361 1190 2416 abluti
1244 2359 1562 2431 Baptismo?
1597 2359 1863 2428 Numquid

257 2458 370 2528 iam
423 2465 648 2526 regnant
698 2469 821 2508 cum
868 2452 1123 2532 Christo?
1153 2451 1400 2507 Nandutn
1438 2462 1654 2506 ventum
1686 2459 1771 2506 est
1793 2449 1862 2505 ad

259 2559 460 2603 terram
507 2545 878 2616 promissionis
918 2542 1198 2610 nostram;
1229 2542 1323 2597 sed
1365 2556 1472 2598 non
1513 2542 1864 2612 defecturam,

260 2657 372 2695 non
399 2639 540 2693 sitim
568 2636 638 2692 ibi
685 2635 940 2692 deficient
971 2634 1154 2707 hymni
1209 2632 1396 2688 David.
1425 2633 1540 2689 lloc
1587 2631 1748 2688 modo
1772 2648 1867 2686 au-

259 2731 413 2784 diant
453 2743 642 2784 omnes
671 2725 857 2781 ﬁdeles
885 2740 901 2792 ;
927 2725 1100 2780 sciant
1123 2724 1214 2779 ubi
1234 2725 1342 2779 sint
1371 2743 1385 2779 :
1417 2724 1470 2778 in
1487 2739 1673 2779 eremo
1700 2733 1862 2789 sunt;

262 2821 451 2892 [nutrite
478 2819 768 2891 suspirant.
801 2817 993 2873 Μοτιυί
1039 2826 1167 2872 sunt
1211 2816 1394 2876 hostes
1447 2816 1498 2870 in
1544 2816 1863 2885 Baptismo;

260 2912 360 2969 sed
389 2913 730 2981 insequentes
748 2925 781 2963 a
813 2919 984 2980 tergo.
1010 2907 1149 2975 Quid
1178 2918 1281 2971 est,
1328 2907 1673 2978 insequentes
1695 2923 1728 2961 a
1754 2918 1866 2961 ter-

261 3005 380 3078 go?
410 3007 546 3060 Ante
576 3002 765 3059 faciem
795 2999 972 3057 futura
1001 3001 1291 3065 habemus;
1315 3016 1344 3053 a
1367 3012 1520 3070 tergo
1547 2999 1815 3069 przcterita
1839 3015 1855 3052 :

261 3099 443 3155 nuntia
475 3096 743 3169 praeterita
790 3102 1008 3165 peccata
1055 3093 1231 3149 deleta
1283 3103 1406 3147 sunt
1432 3092 1486 3147 in
1544 3087 1864 3160 Baptistae;

263 3192 458 3262 quilms
474 3190 634 3244 modo
652 3195 941 3251 tentamnr,
975 3199 1129 3238 nona
1172 3194 1321 3253 tergo
1361 3183 1735 3250 insequuntur,
1765 3180 1867 3235 sed

265 3284 321 3337 in
351 3282 435 3337 via
458 3279 793 3335 insidiantur.
831 3276 983 3332 Unde
1011 3275 1320 3347 Apostolus,
1375 3273 1552 3328 adhuc
1576 3273 1628 3327 in
1661 3273 1743 3327 via
1767 3273 1868 3326 bu-

266 3370 352 3442 ius
383 3370 548 3427 eremi
578 3369 919 3430 constitutus,
945 3366 1075 3430 Qua:
1106 3374 1263 3430 retro,
1288 3365 1476 3434 inquit,
1499 3364 1704 3431 oblitus,
1730 3366 1783 3418 in
1810 3381 1870 3418 ea

262 3479 382 3534 quia
406 3472 525 3516 ante
547 3470 664 3517 sunt
705 3469 953 3524 euentus,
1003 3457 1280 3513 secundum
1331 3456 1659 3533 intentionem
1689 3473 1871 3527 sequor
1939 3469 1941 3471 '

266 3556 338 3608 ad
388 3560 611 3623 patrnam
653 3567 885 3624 supernas
923 3551 1204 3606 ὀυσαεὶοηίε
1233 3548 1330 3604 Dei
1355 3551 1374 3621 (
1401 3548 1633 3620 Philipp.
1665 3565 1747 3614 ιιι,
1778 3550 1868 3616 15,

269 3648 340 3703 14
366 3649 386 3718 )
413 3662 427 3712 ;
453 3655 703 3715 tanquam
741 3643 967 3709 diceret,
1002 3642 1084 3698 Ad
1115 3641 1340 3713 patriam
1367 3655 1616 3711 superna:
1643 3640 1870 3709 promis-

267 3739 442 3794 sionis
468 3737 588 3792 Dei.
613 3737 685 3792 Et
722 3735 795 3790 ibi
845 3735 978 3805 jam,
1034 3736 1246 3800 fratres,
1295 3735 1348 3788 in
1388 3749 1574 3790 eremo
1611 3733 1871 3804 quidquid

271 3845 465 3902 passus
489 3837 574 3883 est
607 3827 698 3882 ille
727 3826 974 3896 populus,
1003 3835 1058 3882 et
1083 3823 1339 3896 quidquid
1368 3824 1448 3880 eis
1475 3825 1625 3880 Deus‘
1651 3826 1873 3895 largitus

270 3933 392 3990 est;
419 3936 772 3994 quaecumque
799 3921 884 3974 illa
918 3919 1121 3990 flagella
1140 3918 1375 3984 fuerunt,
1399 3933 1749 3989 quaecumque
1774 3916 1871 3971 do-

273 4034 364 4082 na,
393 4014 806 4088 significationes
825 4023 949 4068 sunt
977 4028 1156 4067 rerum
1185 4027 1320 4082 quas
1366 4012 1420 4065 in
1449 4011 1549 4066 hac
1584 4010 1872 4065 solitudine

275 4109 436 4179 hujus
456 4107 600 4171 vitze,
621 4105 959 4161 ambulantes
981 4104 1034 4158 in
1051 4099 1287 4170 Christo,
1302 4115 1604 4173 qnmrentes
1627 4103 1870 4172 patriam,

273 4213 331 4254 et
355 4200 646 4268 accipimus
687 4197 753 4252 ad
806 4195 1252 4260 consolationem,
1283 4204 1339 4249 et
1387 4192 1621 4264 patimur
1650 4196 1715 4249 ad
1747 4209 1872 4263 pro-

275 4292 569 4347 bationem.
596 4291 712 4347 Non
742 4305 872 4362 ergo
919 4279 1123 4344 tnirum'
1148 4288 1271 4358 quia
1317 4287 1446 4343 illud
1487 4287 1684 4343 defecit
1730 4286 1874 4358 quod

276 4385 541 4458 figurabat
585 4385 840 4440 futurum.
887 4382 1020 4437 Nam
1069 4381 1358 4452 perductus
1400 4389 1484 4434 est
1526 4378 1757 4450 populus
1797 4378 1866 4433 ad

278 4477 505 4547 patriam
552 4474 957 4548 promissionis;
988 4471 1247 4543 numquid
1319 4485 1534 4541 semper
1577 4470 1875 4525 staturam?

276 4571 332 4625 Si
366 4568 470 4625 hoe
503 4578 667 4636 esset,
704 4583 811 4622 non
859 4577 1006 4622 esset
1051 4566 1241 4636 figura,
1289 4563 1383 4618 sed
1412 4579 1524 4620 res.
1579 4562 1714 4631 Quia
1749 4577 1879 4618 vero

281 4661 448 4730 figura
471 4669 608 4724 erat,
635 4659 701 4715 ad
731 4657 1023 4730 temporale
1071 4654 1323 4726 quiddam
1373 4653 1664 4724 perductus
1681 4663 1764 4708 est
1788 4654 1882 4709 ille

279 4751 530 4822 populus.
553 4751 610 4806 Si
666 4749 734 4804 ad
792 4735 1092 4820 temporale
1129 4745 1382 4817 quiddam
1434 4744 1724 4816 perductus
1768 4752 1873 4810 est,

275 4842 562 4913 oportebat
604 4850 661 4895 ut
677 4840 953 4902 deficeret,
981 4847 1036 4893 et
1058 4832 1272 4893 deﬂectu
1303 4852 1399 4892 suo
1417 4845 1700 4908 cogeretur
1727 4851 1878 4906 qua:-

279 4950 402 4990 rcre
427 4933 568 5003 quod
595 4946 863 5003 nunquam
889 4929 1165 4984 deficeret.

353 5026 410 5081 6.
445 5024 724 5097 Synagoga
759 5038 909 5093 ergo,
940 5021 994 5076 id
1020 5023 1123 5088 est,
1155 5021 1247 5092 qui
1295 5020 1461 5075 Deum
1511 5020 1580 5075 ibi
1635 5019 1720 5089 pie
1738 5019 1883 5075 cole-

279 5118 434 5185 bant,
465 5115 559 5172 sed
588 5123 770 5172 tamen
807 5123 1028 5184 propter
1070 5121 1316 5166 terrenas
1367 5125 1475 5175 res,
1530 5118 1748 5180 propter
1778 5110 1880 5164 ism

282 5211 568 5283 przcsenti'a
602 5228 616 5265 :
648 5218 774 5264 sunt
812 5208 955 5263 enim
979 5204 1128 5275 impii
1177 5204 1268 5274 qui
1315 5203 1657 5272 prmsentium
1700 5219 1879 5258 rerum

281 5307 422 5361 bona
484 5317 516 5357 a
567 5299 899 5356 dmmonibus
949 5303 1242 5366 qumrunt;
1277 5294 1362 5348 hic
1426 5304 1605 5348 autem
1655 5295 1882 5363 populus

284 5394 616 5452 ideotnelior
643 5400 760 5447 erat
784 5389 1067 5456 Gentibus,
1117 5385 1262 5458 quod
1297 5385 1542 5456 quamvis
1589 5386 1875 5455 praesentia

283 5487 426 5545 bona
447 5493 502 5542 et
529 5482 860 5553 temporalia,
889 5491 1066 5536 tamen
1103 5478 1174 5534 ab
1195 5491 1303 5533 uno
1325 5477 1434 5532 Deo
1477 5475 1771 5546 quaerebat,
1793 5469 1899 5547 qui.

289 5588 372 5633 est
389 5585 602 5633 creator
623 5573 884 5639 omnium,
904 5579 960 5626 et
988 5567 1368 5640 Spiritualium,
1393 5576 1449 5622 et
1478 5567 1838 5636 corporalium
1863 5585 1878 5622 :

290 5682 412 5725 cum
434 5683 564 5740 ergo
593 5667 664 5722 illi
704 5662 776 5737 pii
828 5662 1122 5721 secundum
1170 5677 1389 5718 carnem
1442 5659 1801 5723 attenderent.
1832 5659 1886 5718 id
1918 5734 1930 5742 ι

294 5771 397 5827 est,
428 5761 514 5818 illa
539 5760 814 5833 Synagoga
846 5771 964 5829 qua:
982 5764 1099 5812 erat
1117 5754 1170 5811 in
1202 5753 1376 5821 bonis,
1394 5769 1491 5825 pro
1523 5763 1767 5824 tempore,
1788 5751 1884 5812 bo-

1326 325 1726 382 ENARRATIO
1769 325 1832 382 IN
1875 323 2198 382 PSALMUM
2244 327 2456 386 LXX".

3454 357 3556 412 9l8

1970 443 2054 497 nis
2077 443 2121 506 ³,
2145 459 2254 500 non
2282 443 2668 515 spiritualibus,
2719 449 2908 520 quales
2953 460 3111 509 erant
3135 451 3207 508 ibi
3265 453 3563 524 l‘mphetze,

1964 535 2151 605 quales
2201 538 2353 606 pauci
2409 538 2769 603 intellectores
2823 543 2973 614 regni
3018 545 3275 612 ualeatis,
3325 552 3512 603 wtet'ni
3543 527 3563 608 1;

1964 641 2093 698 ergo
2122 627 2210 682 illa
2236 627 2516 701 Synagoga
2543 630 2919 689 animadvertit
2944 649 3064 705 quae
3086 637 3357 705 acceperit
3381 653 3408 689 a
3428 639 3557 701 Duo,

1966 731 2020 775 et
2043 737 2161 790 qua:
2190 723 2500 792 promiserit
2529 723 2670 778 Deus
2706 726 2903 794 populo
2927 726 3024 795 illi,
3076 727 3457 782 abundantiam
3487 745 3568 782 re-

1965 824 2085 866 rum
2108 821 2465 880 terrenarum,
2516 813 2764 884 patriam,
2794 829 3000 884 pacem,
3045 818 3355 873 felicitatem
3391 827 3564 873 terre-

1968 916 2091 956 nam
2122 920 2138 958 :
2168 904 2262 957 sed
2283 903 2338 960 in
2367 904 2450 959 his
2469 904 2720 960 omnibus
2748 906 2928 977 figura:
2955 918 3108 962 erant
3133 925 3150 974 ;
3196 921 3252 965 et
3278 925 3383 963 non
3411 910 3567 963 intel-

1966 992 2137 1063 ligens
2165 993 2290 1064 quid
2323 995 2392 1049 ibi
2421 995 2612 1052 lateret
2635 998 2688 1052 in
2715 998 2879 1053 rebus
2926 998 3184 1067 ﬁguratis.
3240 1000 3439 1069 putavit
3468 1000 3571 1054 hoc

1969 1102 2067 1156 pro
2096 1103 2297 1159 magno:
2318 1088 2450 1144 dare
2478 1090 2670 1155 Deum,
2700 1107 2801 1147 nec
2819 1090 3020 1146 habere
3051 1092 3241 1146 melius
3267 1093 3412 1161 quod
3439 1093 3569 1146 dare

1967 1188 2148 1246 posset
2168 1177 2586 1247 diligentibnsse
2612 1188 2668 1235 et
2685 1181 3044 1236 servientibus
3066 1181 3188 1236 sibi.
3216 1180 3482 1243 Attendit,
3512 1192 3567 1236 et

1967 1271 2099 1325 vidit
2119 1270 2378 1341 quosdam
2407 1280 2736 1341 peccatores,
2806 1271 3018 1342 impios,
3073 1272 3574 1342 blasphemos,ser-

1969 1378 2065 1418 vos
2093 1365 2419 1431 dtemonum,
2453 1363 2588 1418 ﬁlios
2616 1363 2834 1429 diaboli,
2861 1365 3110 1419 viventes
3149 1365 3200 1418 in
3244 1379 3432 1434 magna
3473 1379 3572 1418 ne-

1968 1458 2134 1528 quitia
2152 1467 2207 1513 et
2227 1457 2504 1527 superbia,
2555 1456 2829 1512 abundare
2872 1456 3034 1512 rebus
3084 1457 3276 1510 talibus
3319 1458 3570 1517 terrenis,

1971 1546 2372 1616 temporalibus,
2402 1562 2500 1616 pro
2516 1547 2763 1616 qualibus
2789 1547 2950 1602 rebus
2974 1546 3085 1615 ipsa
3113 1546 3223 1600 Dco
3253 1545 3522 1600 serviebat
3551 1562 3567 1598 :

1968 1649 2026 1694 et
2051 1647 2171 1693 nata
2193 1647 2277 1694 est
2313 1637 2572 1708 cogitatio
2611 1639 2841 1708 pessima
2877 1638 2928 1692 in
2967 1635 3150 1698 corde,
3200 1652 3321 1706 quae
3370 1635 3566 1691 faceret

1970 1740 2166 1786 nutare
2193 1729 2378 1800 pedes,
2411 1739 2467 1785 et
2495 1745 2664 1800 prope
2703 1729 2806 1783 labi
2856 1745 2884 1782 a
2930 1729 3022 1782 Dei
3063 1729 3186 1782 via..
3217 1726 3287 1782 Et
3315 1743 3441 1782 ecce
3469 1728 3569 1780 ista

1970 1821 2223 1891 cogitatio
2245 1821 2300 1875 in
2329 1821 2522 1889 populo
2548 1831 2666 1875 erat
2696 1820 2908 1875 Veteris
2951 1818 3281 1876 Testamenti
3315 1835 3331 1874 :
3367 1819 3570 1874 utinam
3596 1848 3606 1855 -

1971 1927 2077 1966 non
2107 1915 2175 1966 sit
2208 1912 2261 1965 in
2291 1909 2600 1966 carmlibns
2623 1910 2876 1965 fratribus
2897 1910 3259 1972 nostris,cum
3284 1910 3393 1976 jam
3411 1924 3573 1978 aper-

1973 2014 2026 2058 te
2053 2003 2374 2073 przedicatur
2426 2001 2654 2057 felicitas
2695 2002 2828 2056 Novi
2874 2001 3397 2069 TestameutilQuid
3429 2003 3572 2057 enim

1969 2093 2107 2149 dixit
2133 2093 2221 2148 illa
2268 2104 2394 2147 tunc
2447 2092 2922 2164 Synagoga‘lquid
2966 2091 3100 2146 dixit
3162 2091 3251 2146 ille
3299 2090 3575 2160 populus!

1972 2185 2080 2240 Nos
2118 2184 2383 2239 servimus
2411 2183 2540 2251 Deo,
2571 2184 2979 2252 etcorripimnr,
3036 2181 3395 2252 ﬁagellamur;
3439 2182 3572 2236 sub-

1969 2276 2239 2333 ducuntur
2261 2277 2492 2332 ndbisea
2524 2291 2643 2346 quae
2689 2275 2982 2345 diligimus,
3033 2283 3088 2329 et
3114 2292 3233 2344 qua:
3256 2289 3352 2343 pro
3379 2290 3574 2344 magno

1969 2384 2000 2424 a
2024 2368 2138 2424 Deo
2166 2381 2584 2438 acceperamus;
2614 2366 2688 2420 illi
2723 2375 2901 2421 autem
2926 2366 3170 2421 scelerati
3203 2361 3453 2419 homines
3470 2380 3570 2418 ne-

1969 2459 2236 2530 quissimi,
2251 2459 2488 2530 superbi,
2513 2458 2831 2529 blasphemi.
2857 2458 3098 2527 inquieti,
3115 2457 3387 2513 abundant
3407 2457 3574 2511 omni-

1972 2551 2071 2606 bus
2092 2551 2275 2615 rebus,
2297 2561 2519 2620 propter
2534 2564 2668 2622 quas
2684 2565 2783 2604 nos
2830 2549 2941 2604 Deo
2967 2549 3230 2604 servimus
3255 2567 3270 2602 :
3299 2558 3425 2618 puto
3452 2547 3573 2604 sine

1971 2658 2130 2698 causa
2156 2646 2393 2698 servitur
2419 2644 2550 2698 Deo.
2586 2642 2682 2697 llic
2701 2656 2896 2698 sensus
2921 2650 3005 2697 est
3032 2640 3250 2706 Psalmi,
3271 2639 3570 2697 deﬁcientis

1973 2735 2153 2806 populi
2182 2744 2237 2791 et
2261 2736 2534 2790 nutantis:
2566 2735 2694 2789 dum
2724 2733 3026 2790 considerat
3046 2733 3186 2788 bona
3211 2743 3419 2789 terrena
3448 2748 3573 2804 pro-

1973 2837 2093 2897 pter
2116 2841 2234 2896 qua:
2256 2825 2522 2881 serviebat
2549 2826 2681 2890 Deo,
2712 2825 3101 2881 abundarehis
3134 2825 3224 2895 qui
3247 2840 3371 2895 non
3403 2823 3572 2882 servi-

1973 2928 2095 2974 rent
2116 2919 2252 2986 Deo,
2278 2930 2450 2986 nutat,
2480 2928 2538 2975 et
2585 2935 2754 2991 prope
2806 2920 3039 2982 labitur;
3069 2929 3125 2974 et
3173 2936 3296 2975 cum
3355 2919 3570 2993 hymnis

1975 3011 2079 3066 illis
2103 3012 2302 3076 deﬁcit,
2320 3013 2440 3081 quia
2459 3012 2511 3066 in
2532 3012 2728 3067 talibus
2753 3010 3003 3068 cordibus
3029 3011 3212 3084 hymni
3229 3013 3569 3069 deficiebant.

1973 3101 2114 3169 Quid
2144 3111 2247 3166 est,
2306 3103 2360 3155 in
2410 3101 2606 3157 talibus
2659 3103 2912 3157 cordibus
2963 3103 3150 3176 hymni
3202 3104 3572 3160 deficiebant?

1973 3192 2106 3260 Quia
2131 3193 2242 3262 jam
2265 3193 2387 3246 talia
2416 3192 2750 3262 cogitabant,
2775 3193 2940 3247 Deum
2969 3209 3074 3248 non
3101 3194 3406 3249 laudabant.
3435 3194 3574 3263 Quo-

1975 3282 2137 3336 modo
2173 3283 2320 3337 enim
2344 3281 2623 3337 laudarent
2652 3282 2840 3345 Deum,
2869 3283 3064 3352 quibus
3088 3285 3239 3352 quasi
3288 3300 3572 3354 perversos

1974 3373 2430 3433 videbatnr.dans
2475 3373 2651 3441 impiis
2705 3381 2906 3427 tantam
2957 3373 3286 3442 felicitatem,
3329 3385 3384 3432 et
3421 3376 3571 3431 aufeo

1977 3478 2104 3517 reus
2125 3478 2248 3518 eam
2276 3478 2306 3518 a
2333 3463 2691 3518 servientibus
2724 3464 2860 3519 sibi?
2884 3463 2999 3518 Non
3044 3465 3151 3520 illis
3205 3466 3376 3520 bonus
3421 3467 3572 3521 vide-

1976 3554 2133 3610 batur
2153 3554 2342 3611 Deus:
2379 3564 2436 3610 et
2468 3555 2665 3624 quibus
2713 3556 2852 3612 Dens
2892 3556 3075 3612 bonus
3119 3573 3224 3612 non
3265 3558 3571 3627 videbatur,

1975 3644 2089 3698 non
2106 3644 2286 3714 utique
2323 3644 2392 3699 ab
2439 3644 2518 3699 eis
2563 3644 2904 3710 laudabatur;
2929 3660 2957 3697 a
2986 3647 3179 3715 quibus
3205 3656 3386 3702 autem
3433 3650 3574 3704 Deus

1978 3749 2083 3788 non
2115 3733 2448 3796 laudabatur,
2475 3733 2788 3789 defecerunt
2818 3735 2872 3790 in
2902 3735 3006 3790 illis
3027 3736 3233 3809 hymni.
3259 3738 3448 3794 Postea
3482 3757 3574 3795 ve-

1977 3842 2040 3884 ro
2062 3827 2287 3897 populus
2317 3827 2416 3884 iste
2447 3827 2712 3883 intellexit
2753 3827 2879 3898 quid
2907 3844 3029 3884 cum
3082 3830 3394 3885 admoneret
3436 3833 3574 3888 Deus

1976 3919 2239 3988 quietem,
2268 3933 2388 3972 cum
2412 3917 2511 3972 ista
2537 3919 2850 3988 temporalia
2881 3919 3222 3974 subtraheret
3246 3924 3417 3976 servis
3436 3926 3569 3988 suis,

1977 4018 2032 4060 et
2058 4006 2285 4061 donaret
2319 4011 2384 4062 ea
2415 4007 2646 4062 inimicis
2688 4009 2822 4074 suis,
2856 4009 3202 4078 blasphemis,
3233 4011 3408 4082 impiis
3438 4031 3452 4068 :
3482 4015 3576 4067 ad-

1979 4099 2213 4154 monitus
2239 4099 2506 4154 intellexit
2539 4101 2663 4169 quia
2693 4117 2802 4169 pra:
2830 4102 3080 4156 omnibus
3108 4119 3227 4172 qum
3266 4108 3357 4158 dat
3408 4107 3571 4174 Deus,

1957 4184 2036 4244 ‘et
2063 4188 2236 4253 bonis,
2265 4200 2320 4245 et
2361 4190 2538 4257 malis,
2592 4199 2648 4245 et
2684 4192 2972 4261 aliquando
3022 4192 3218 4260 aufert,
3246 4205 3298 4249 et
3326 4196 3500 4262 bouis,
3522 4211 3577 4253 et

1979 4280 2155 4344 malis,
2189 4296 2300 4351 prae
2343 4281 2593 4337 omnibus
2628 4294 2805 4337 servat
2846 4284 3046 4355 aliquid
3083 4285 3252 4340 bonis.
3299 4287 3434 4352 Quid
3469 4298 3574 4353 est,

1980 4385 2157 4430 servat
2180 4375 2379 4447 aliquid
2407 4375 2598 4432 bonis?
2625 4378 2755 4448 quid
2778 4380 2882 4435 illis
2910 4381 3132 4435 servat?
3157 4382 3425 4452 Seipsnm.
3455 4384 3575 4442 lant

1980 4476 2236 4538 quantum
2259 4467 2510 4530 arbitror,
2532 4469 2764 4523 curritur
2807 4470 2860 4525 in
2894 4472 3145 4538 Psaltno;
3175 4473 3578 4542 intellectusest

1982 4559 2034 4613 in
2066 4561 2280 4615 nomine
2311 4560 2537 4615 Dom—ini.
2569 4562 2713 4616 Audi
2741 4549 3110 4620 recordantem
3134 4575 3188 4620 et
3220 4551 3570 4636 ptenitentetu

1981 4645 2072 4720 qui
2102 4661 2393 4716 erraverat,
2456 4653 2688 4723 putando
2736 4654 2904 4709 Deum
2952 4671 3056 4709 non
3106 4657 3302 4711 bonum
3354 4662 3441 4730 qui
3487 4661 3579 4716 dat

1981 4743 2120 4798 bona
2151 4753 2358 4799 terrena
2388 4744 2564 4811 malis,
2593 4755 2648 4799 et
2670 4745 2844 4800 aufert
2881 4746 2966 4800 illa
2987 4763 3016 4801 a
3045 4749 3217 4801 servis
3246 4752 3374 4805 suis.
3426 4752 3598 4806 lntel-.

1984 4835 2114 4890 texit
2134 4835 2274 4889 enim
2297 4835 2424 4907 quid
2463 4836 2601 4890 Deus
2626 4846 2866 4892 servaret
2905 4839 3075 4892 servis
3104 4841 3254 4906 suis;
3292 4852 3350 4898 et
3370 4847 3579 4914 recogi-

1987 4936 2125 4992 tans,
2150 4941 2314 4995 seque
2335 4927 2600 4996 castigans
2627 4929 2804 4997 erupit
2829 4929 2930 4983 hoc
2949 4930 3129 4984 modo.

2057 5019 2110 5072 7.
2139 5019 2308 5086 Quam
2358 5019 2515 5081 bona:
2563 5019 2702 5076 Deus
2745 5019 2912 5078 Ιπαει
2939 5024 2966 5080 !
2997 5023 3102 5079 Sed
3158 5027 3387 5096 quibus?
3412 5027 3581 5084 Raetis

1987 5109 2155 5162 corde.
2203 5101 2484 5165 Perversis'
2519 5111 2687 5180 quid?
2716 5113 3005 5168 Perversus
3061 5116 3291 5172 videtur.
3339 5121 3428 5175 Sic
3451 5123 3582 5179 etin

1985 5200 2090 5253 alio
2111 5200 2312 5269 psalmo
2345 5200 2474 5256 dicit
2499 5217 2513 5245 ε
2541 5200 2666 5254 Cum
2688 5212 2861 5257 sancto
2883 5213 3086 5260 sanctus
3123 5208 3241 5273 eris,
3273 5220 3460 5265 etcum
3505 5213 3583 5264 vi-

1987 5307 2044 5342 ro
2063 5290 2328 5346 innocente
2355 5293 2598 5346 innocens
2636 5293 2755 5358 eris,
2795 5304 2842 5347 et
2881 5311 2998 5348 cum
3049 5313 3279 5366 perverso
3323 5318 3584 5370 perversa:

1989 5381 2127 5451 eris(
2157 5379 2300 5435 Paul.
2328 5381 2534 5450 xv,‘26,
2566 5381 2636 5436 27
2739 5383 2876 5452 Quid
2916 5398 3018 5450 eat,
3065 5404 3326 5459 perversa:
3349 5394 3448 5446 eris
3467 5409 3581 5447 cum

1989 5487 2220 5542 perverso
2245 5473 2270 5526 ?
2318 5472 2632 5529 Perversum
2663 5485 2712 5530 te
2741 5478 2943 5546 putabit
2971 5494 3271 5547 perversos.
3299 5480 3415 5537 Non
3436 5485 3578 5554 quod

1989 5566 2100 5621 ullo
2126 5565 2293 5621 modo
2325 5575 2660 5636 pervertatur
2709 5570 2866 5625 Deus.
2916 5571 3066 5626 Absit
3107 5591 3121 5625 :
3150 5574 3290 5643 quod
3337 5586 3441 5640 est,
3463 5587 3568 5632 est.

1993 5699 2074 5811 η
2102 5699 2175 5748 sic
2199 5695 2417 5750 melioris
2441 5707 2568 5751 notte
2593 5705 2712 5757 nas.
2753 5699 2818 5751 Ad
2841 5700 2952 5752 ΕΜ.
2972 5733 2991 5761 ,
3014 5715 3104 5768 pro
3139 5702 3481 5767 temporalibus
3507 5709 3569 5759 bo
