  <div class='ocr_page' id='page_1' title='image "/cluster/home/n/w/nwhite01/storage/ocr_20150623/36/umn.319510024773307/469.png"; bbox 0 0 3990 6306; ppageno 0'>
   <div class='ocr_carea' id='block_1_1' title="bbox 501 337 605 393">
    <p class='ocr_par' dir='ltr' id='par_1_1' title="bbox 501 337 605 393">
     <span class='ocr_line' id='line_1_1' title="bbox 501 337 605 393; baseline -0.01 0"><span class='ocrx_word' id='word_1_1' title='bbox 501 337 605 393; x_wconf 77' lang='grc'><strong><em>919</em></strong></span> 
     </span>
    </p>
   </div>
   <div class='ocr_carea' id='block_1_2' title="bbox 497 443 2088 521">
    <p class='ocr_par' dir='ltr' id='par_1_2' title="bbox 497 443 2088 521">
     <span class='ocr_line' id='line_1_2' title="bbox 497 443 2088 521; baseline -0.012 -14"><span class='ocrx_word' id='word_1_2' title='bbox 497 453 600 507; x_wconf 77' lang='lat' dir='ltr'><strong><em>Sed</em></strong></span> <span class='ocrx_word' id='word_1_3' title='bbox 635 448 1080 521; x_wconf 86' lang='lat' dir='ltr'><strong><em>quemadmodum</em></strong></span> <span class='ocrx_word' id='word_1_4' title='bbox 1107 445 1208 508; x_wconf 80' lang='lat' dir='ltr'><strong><em>Sol,</em></strong></span> <span class='ocrx_word' id='word_1_5' title='bbox 1240 443 1423 497; x_wconf 77' lang='lat' dir='ltr'><strong><em>oculos</em></strong></span> <span class='ocrx_word' id='word_1_6' title='bbox 1445 456 1627 511; x_wconf 83' lang='lat' dir='ltr'><strong><em>puros,</em></strong></span> <span class='ocrx_word' id='word_1_7' title='bbox 1659 454 1837 500; x_wconf 80' lang='lat' dir='ltr'><strong><em>sanos,</em></strong></span> <span class='ocrx_word' id='word_1_8' title='bbox 1869 447 2088 507; x_wconf 79' lang='lat' dir='ltr'><strong><em>vegetos</em></strong></span> 
     </span>
    </p>
   </div>
   <div class='ocr_carea' id='block_1_3' title="bbox 498 533 2085 606">
    <p class='ocr_par' dir='ltr' id='par_1_3' title="bbox 498 533 2085 606">
     <span class='ocr_line' id='line_1_3' title="bbox 498 533 2085 606; baseline -0.011 -7"><span class='ocrx_word' id='word_1_9' title='bbox 498 549 662 600; x_wconf 83' lang='lat' dir='ltr'><strong><em>fortes</em></strong></span> <span class='ocrx_word' id='word_1_10' title='bbox 694 543 932 599; x_wconf 79' lang='lat' dir='ltr'><strong><em>habenti.</em></strong></span> <span class='ocrx_word' id='word_1_11' title='bbox 963 536 1280 606; x_wconf 78' lang='lat' dir='ltr'><strong><em>tranquillus</em></strong></span> <span class='ocrx_word' id='word_1_12' title='bbox 1303 545 1541 605; x_wconf 73' lang='lat' dir='ltr'><strong><em>apparet,</em></strong></span> <span class='ocrx_word' id='word_1_13' title='bbox 1578 535 1629 588; x_wconf 89' lang='lat' dir='ltr'><strong>in</strong></span> <span class='ocrx_word' id='word_1_14' title='bbox 1679 533 1864 587; x_wconf 84' lang='lat' dir='ltr'><strong><em>oculos</em></strong></span> <span class='ocrx_word' id='word_1_15' title='bbox 1909 540 2085 584; x_wconf 90' lang='lat' dir='ltr'><strong><em>autem</em></strong></span> 
     </span>
    </p>
   </div>
   <div class='ocr_carea' id='block_1_4' title="bbox 500 623 2084 707">
    <p class='ocr_par' dir='ltr' id='par_1_4' title="bbox 500 623 2084 707">
     <span class='ocr_line' id='line_1_4' title="bbox 500 623 2084 707; baseline -0.011 -15"><span class='ocrx_word' id='word_1_16' title='bbox 500 640 670 707; x_wconf 80' lang='lat' dir='ltr'><strong><em>lippos</em></strong></span> <span class='ocrx_word' id='word_1_17' title='bbox 697 638 848 705; x_wconf 81' lang='lat' dir='ltr'><strong><em>quasi</em></strong></span> <span class='ocrx_word' id='word_1_18' title='bbox 882 634 984 689; x_wconf 82' lang='lat' dir='ltr'><strong><em>tela</em></strong></span> <span class='ocrx_word' id='word_1_19' title='bbox 1037 646 1226 702; x_wconf 77' lang='lat' dir='ltr'><strong><em>aspera</em></strong></span> <span class='ocrx_word' id='word_1_20' title='bbox 1269 630 1535 698; x_wconf 69' lang='lat' dir='ltr'><strong><em>iaculatur</em></strong></span> <span class='ocrx_word' id='word_1_21' title='bbox 1564 644 1580 692; x_wconf 90' lang='lat'><strong>;</strong></span> <span class='ocrx_word' id='word_1_22' title='bbox 1611 627 1906 680; x_wconf 88' lang='lat' dir='ltr'><strong><em>intuentem</em></strong></span> <span class='ocrx_word' id='word_1_23' title='bbox 1940 623 2084 677; x_wconf 88' lang='lat' dir='ltr'><strong><em>illttm</em></strong></span> 
     </span>
    </p>
   </div>
   <div class='ocr_carea' id='block_1_5' title="bbox 500 714 2085 800">
    <p class='ocr_par' dir='ltr' id='par_1_5' title="bbox 500 714 2085 800">
     <span class='ocr_line' id='line_1_5' title="bbox 500 714 2085 800; baseline -0.01 -19"><span class='ocrx_word' id='word_1_24' title='bbox 500 739 725 800; x_wconf 65' lang='lat' dir='ltr'><strong><em>vegetat,</em></strong></span> <span class='ocrx_word' id='word_1_25' title='bbox 751 728 889 781; x_wconf 88' lang='lat' dir='ltr'><strong><em>lnmc</em></strong></span> <span class='ocrx_word' id='word_1_26' title='bbox 903 724 1194 784; x_wconf 71' lang='lat' dir='ltr'><strong><em>excruciat,</em></strong></span> <span class='ocrx_word' id='word_1_27' title='bbox 1216 736 1320 774; x_wconf 90' lang='lat' dir='ltr'><strong><em>non</em></strong></span> <span class='ocrx_word' id='word_1_28' title='bbox 1345 727 1598 782; x_wconf 89' lang='lat' dir='ltr'><strong><em>mutatus,</em></strong></span> <span class='ocrx_word' id='word_1_29' title='bbox 1622 716 1715 770; x_wconf 85' lang='lat' dir='ltr'><strong><em>sed</em></strong></span> <span class='ocrx_word' id='word_1_30' title='bbox 1740 725 2000 769; x_wconf 89' lang='lat' dir='ltr'><strong><em>nmtatum</em></strong></span> <span class='ocrx_word' id='word_1_31' title='bbox 2032 714 2048 743; x_wconf 72' lang='grc'>⁸</span> <span class='ocrx_word' id='word_1_32' title='bbox 2071 729 2085 765; x_wconf 89' lang='lat'><strong><em>:</em></strong></span> 
     </span>
    </p>
   </div>
   <div class='ocr_carea' id='block_1_6' title="bbox 498 810 2090 887">
    <p class='ocr_par' dir='ltr' id='par_1_6' title="bbox 498 810 2090 887">
     <span class='ocr_line' id='line_1_6' title="bbox 498 810 2090 887; baseline -0.009 -12"><span class='ocrx_word' id='word_1_33' title='bbox 498 825 574 875; x_wconf 85' lang='lat' dir='ltr'><strong><em>sic</em></strong></span> <span class='ocrx_word' id='word_1_34' title='bbox 599 838 720 873; x_wconf 86' lang='lat' dir='ltr'><strong><em>cum</em></strong></span> <span class='ocrx_word' id='word_1_35' title='bbox 747 820 979 887; x_wconf 77' lang='lat' dir='ltr'><strong><em>coeperis</em></strong></span> <span class='ocrx_word' id='word_1_36' title='bbox 1009 833 1129 872; x_wconf 72' lang='lat' dir='ltr'><strong><em>esse</em></strong></span> <span class='ocrx_word' id='word_1_37' title='bbox 1157 828 1461 883; x_wconf 82' lang='lat' dir='ltr'><strong><em>perversus,</em></strong></span> <span class='ocrx_word' id='word_1_38' title='bbox 1493 821 1544 865; x_wconf 91' lang='lat' dir='ltr'><strong><em>ct</em></strong></span> <span class='ocrx_word' id='word_1_39' title='bbox 1573 811 1662 863; x_wconf 85' lang='lat' dir='ltr'><strong><em>tibi</em></strong></span> <span class='ocrx_word' id='word_1_40' title='bbox 1713 810 1851 862; x_wconf 80' lang='lat' dir='ltr'><strong><em>Deus</em></strong></span> <span class='ocrx_word' id='word_1_41' title='bbox 1884 822 2090 877; x_wconf 79' lang='lat' dir='ltr'><strong><em>perver-</em></strong></span> 
     </span>
    </p>
   </div>
   <div class='ocr_carea' id='block_1_7' title="bbox 497 899 2089 971">
    <p class='ocr_par' dir='ltr' id='par_1_7' title="bbox 497 899 2089 971">
     <span class='ocr_line' id='line_1_7' title="bbox 497 899 2089 971; baseline -0.009 -3"><span class='ocrx_word' id='word_1_42' title='bbox 497 932 586 968; x_wconf 74' lang='lat' dir='ltr'><strong><em>sus</em></strong></span> <span class='ocrx_word' id='word_1_43' title='bbox 616 913 883 969; x_wconf 72' lang='lat' dir='ltr'><strong><em>Videbitur</em></strong></span> <span class='ocrx_word' id='word_1_44' title='bbox 905 928 920 971; x_wconf 82' lang='lat'><strong>;</strong></span> <span class='ocrx_word' id='word_1_45' title='bbox 942 921 996 964; x_wconf 86' lang='lat' dir='ltr'><strong><em>tu</em></strong></span> <span class='ocrx_word' id='word_1_46' title='bbox 1022 917 1252 962; x_wconf 82' lang='lat' dir='ltr'><strong><em>mutatus</em></strong></span> <span class='ocrx_word' id='word_1_47' title='bbox 1297 921 1375 970; x_wconf 88' lang='lat' dir='ltr'><strong><em>es,</em></strong></span> <span class='ocrx_word' id='word_1_48' title='bbox 1428 919 1531 958; x_wconf 90' lang='lat' dir='ltr'><strong><em>non</em></strong></span> <span class='ocrx_word' id='word_1_49' title='bbox 1562 904 1669 957; x_wconf 85' lang='lat' dir='ltr'><strong><em>ille.</em></strong></span> <span class='ocrx_word' id='word_1_50' title='bbox 1703 902 1818 956; x_wconf 81' lang='lat' dir='ltr'><strong><em>Erit</em></strong></span> <span class='ocrx_word' id='word_1_51' title='bbox 1838 915 1966 970; x_wconf 85' lang='lat' dir='ltr'><strong><em>ergo</em></strong></span> <span class='ocrx_word' id='word_1_52' title='bbox 1996 899 2089 954; x_wconf 85' lang='lat' dir='ltr'><strong>lllll</strong></span> 
     </span>
    </p>
   </div>
   <div class='ocr_carea' id='block_1_8' title="bbox 493 991 2092 1073">
    <p class='ocr_par' dir='ltr' id='par_1_8' title="bbox 493 991 2092 1073">
     <span class='ocr_line' id='line_1_8' title="bbox 493 991 2092 1073; baseline -0.011 -14"><span class='ocrx_word' id='word_1_53' title='bbox 493 1019 677 1072; x_wconf 70' lang='lat' dir='ltr'><strong><em>pruna,</em></strong></span> <span class='ocrx_word' id='word_1_54' title='bbox 709 1003 849 1073; x_wconf 88' lang='lat' dir='ltr'><strong><em>quod</em></strong></span> <span class='ocrx_word' id='word_1_55' title='bbox 871 1001 1026 1056; x_wconf 87' lang='lat' dir='ltr'><strong><em>bouis</em></strong></span> <span class='ocrx_word' id='word_1_56' title='bbox 1068 996 1336 1068; x_wconf 75' lang='lat' dir='ltr'><strong><em>gaudium.</em></strong></span> <span class='ocrx_word' id='word_1_57' title='bbox 1363 995 1589 1049; x_wconf 85' lang='lat' dir='ltr'><strong><em>llocistc</em></strong></span> <span class='ocrx_word' id='word_1_58' title='bbox 1630 992 1895 1058; x_wconf 83' lang='lat' dir='ltr'><strong><em>recolens,</em></strong></span> <span class='ocrx_word' id='word_1_59' title='bbox 1926 991 2092 1056; x_wconf 80' lang='lat' dir='ltr'><strong><em>Quam</em></strong></span> 
     </span>
    </p>
   </div>
   <div class='ocr_carea' id='block_1_9' title="bbox 497 1085 1633 1162">
    <p class='ocr_par' dir='ltr' id='par_1_9' title="bbox 497 1085 1633 1162">
     <span class='ocr_line' id='line_1_9' title="bbox 497 1085 1633 1162; baseline -0.006 -16"><span class='ocrx_word' id='word_1_60' title='bbox 497 1097 676 1157; x_wconf 74' lang='lat' dir='ltr'><strong><em>bonus,</em></strong></span> <span class='ocrx_word' id='word_1_61' title='bbox 710 1092 901 1162; x_wconf 86' lang='lat' dir='ltr'><strong><em>inquit,</em></strong></span> <span class='ocrx_word' id='word_1_62' title='bbox 928 1090 1063 1143; x_wconf 77' lang='lat' dir='ltr'><strong><em>Deus</em></strong></span> <span class='ocrx_word' id='word_1_63' title='bbox 1089 1088 1255 1142; x_wconf 87' lang='lat' dir='ltr'><strong><em>Israel</em></strong></span> <span class='ocrx_word' id='word_1_64' title='bbox 1279 1087 1424 1140; x_wconf 84' lang='lat' dir='ltr'><strong><em>rectis</em></strong></span> <span class='ocrx_word' id='word_1_65' title='bbox 1437 1085 1633 1139; x_wconf 86' lang='lat' dir='ltr'><strong><em>corde!</em></strong></span> 
     </span>
    </p>
   </div>
   <div class='ocr_carea' id='block_1_10' title="bbox 570 1176 2094 1258">
    <p class='ocr_par' dir='ltr' id='par_1_10' title="bbox 570 1176 2094 1258">
     <span class='ocr_line' id='line_1_10' title="bbox 570 1176 2094 1258; baseline -0.009 -19"><span class='ocrx_word' id='word_1_66' title='bbox 570 1187 625 1241; x_wconf 89' lang='lat'><strong>8.</strong></span> <span class='ocrx_word' id='word_1_67' title='bbox 647 1181 670 1258; x_wconf 83' lang='lat'><strong>[</strong></span> <span class='ocrx_word' id='word_1_68' title='bbox 689 1201 819 1237; x_wconf 75' lang='lat' dir='ltr'><strong><em>vers.</em></strong></span> <span class='ocrx_word' id='word_1_69' title='bbox 844 1180 943 1255; x_wconf 73' lang='grc'><strong><em>2.]</em></strong></span> <span class='ocrx_word' id='word_1_70' title='bbox 971 1180 1107 1250; x_wconf 85' lang='lat' dir='ltr'><strong><em>Quid</em></strong></span> <span class='ocrx_word' id='word_1_71' title='bbox 1124 1189 1302 1233; x_wconf 88' lang='lat' dir='ltr'><strong><em>autem</em></strong></span> <span class='ocrx_word' id='word_1_72' title='bbox 1331 1177 1422 1231; x_wconf 88' lang='lat' dir='ltr'><strong><em>tibi</em></strong></span> <span class='ocrx_word' id='word_1_73' title='bbox 1449 1177 1473 1228; x_wconf 76' lang='grc' dir='ltr'>τ</span> <span class='ocrx_word' id='word_1_74' title='bbox 1504 1176 1556 1230; x_wconf 72' lang='grc' dir='ltr'><em>Μ</em></span> <span class='ocrx_word' id='word_1_75' title='bbox 1563 1177 1608 1229; x_wconf 86' lang='lat' dir='ltr'><strong><em>ei</em></strong></span> <span class='ocrx_word' id='word_1_76' title='bbox 1623 1183 1789 1228; x_wconf 87' lang='lat' dir='ltr'><strong><em>autent</em></strong></span> <span class='ocrx_word' id='word_1_77' title='bbox 1804 1190 1930 1243; x_wconf 87' lang='lat' dir='ltr'><strong><em>pene</em></strong></span> <span class='ocrx_word' id='word_1_78' title='bbox 1951 1189 2094 1227; x_wconf 82' lang='lat' dir='ltr'><strong><em>com-</em></strong></span> 
     </span>
    </p>
   </div>
   <div class='ocr_carea' id='block_1_11' title="bbox 498 1263 2090 1351">
    <p class='ocr_par' dir='ltr' id='par_1_11' title="bbox 498 1263 2090 1351">
     <span class='ocr_line' id='line_1_11' title="bbox 498 1263 2090 1351; baseline -0.008 -21"><span class='ocrx_word' id='word_1_79' title='bbox 498 1277 624 1351; x_wconf 76' lang='lat' dir='ltr'><strong><em>moti</em></strong></span> <span class='ocrx_word' id='word_1_80' title='bbox 641 1286 758 1329; x_wconf 84' lang='lat' dir='ltr'><strong><em>sunt</em></strong></span> <span class='ocrx_word' id='word_1_81' title='bbox 785 1273 954 1345; x_wconf 82' lang='lat' dir='ltr'><strong><em>pedes.</em></strong></span> <span class='ocrx_word' id='word_1_82' title='bbox 999 1269 1224 1339; x_wconf 80' lang='lat' dir='ltr'><strong>Quando</strong></span> <span class='ocrx_word' id='word_1_83' title='bbox 1274 1267 1526 1323; x_wconf 77' lang='lat' dir='ltr'><strong><em>commoti</em></strong></span> <span class='ocrx_word' id='word_1_84' title='bbox 1583 1274 1708 1320; x_wconf 92' lang='lat' dir='ltr'><strong><em>sunt</em></strong></span> <span class='ocrx_word' id='word_1_85' title='bbox 1756 1264 1939 1333; x_wconf 83' lang='lat' dir='ltr'><strong><em>pedes,</em></strong></span> <span class='ocrx_word' id='word_1_86' title='bbox 1991 1263 2090 1317; x_wconf 84' lang='lat' dir='ltr'><strong>nisi</strong></span> 
     </span>
    </p>
   </div>
   <div class='ocr_carea' id='block_1_12' title="bbox 492 1347 2089 1436">
    <p class='ocr_par' dir='ltr' id='par_1_12' title="bbox 492 1347 2089 1436">
     <span class='ocr_line' id='line_1_12' title="bbox 492 1347 2089 1436; baseline -0.009 -17"><span class='ocrx_word' id='word_1_87' title='bbox 492 1347 715 1436; x_wconf 64' lang='lat' dir='ltr'><strong><em>quando</em></strong></span> <span class='ocrx_word' id='word_1_88' title='bbox 745 1372 984 1419; x_wconf 85' lang='lat' dir='ltr'><strong><em>nouerat</em></strong></span> <span class='ocrx_word' id='word_1_89' title='bbox 1015 1370 1217 1416; x_wconf 87' lang='lat' dir='ltr'><strong><em>rectum</em></strong></span> <span class='ocrx_word' id='word_1_90' title='bbox 1240 1359 1377 1414; x_wconf 84' lang='lat' dir='ltr'><strong><em>cor?</em></strong></span> <span class='ocrx_word' id='word_1_91' title='bbox 1408 1357 1560 1414; x_wconf 88' lang='lat' dir='ltr'><strong><em>Unde</em></strong></span> <span class='ocrx_word' id='word_1_92' title='bbox 1605 1372 1710 1411; x_wconf 90' lang='lat' dir='ltr'><strong><em>non</em></strong></span> <span class='ocrx_word' id='word_1_93' title='bbox 1741 1365 1857 1410; x_wconf 88' lang='lat' dir='ltr'><strong><em>erat</em></strong></span> <span class='ocrx_word' id='word_1_94' title='bbox 1887 1364 2089 1408; x_wconf 86' lang='lat' dir='ltr'><strong><em>rectum</em></strong></span> 
     </span>
    </p>
   </div>
   <div class='ocr_carea' id='block_1_13' title="bbox 495 1445 2092 1519">
    <p class='ocr_par' dir='ltr' id='par_1_13' title="bbox 495 1445 2092 1519">
     <span class='ocr_line' id='line_1_13' title="bbox 495 1445 2092 1519; baseline -0.008 -6"><span class='ocrx_word' id='word_1_95' title='bbox 495 1475 593 1513; x_wconf 89' lang='lat' dir='ltr'><strong><em>cor</em></strong></span> <span class='ocrx_word' id='word_1_96' title='bbox 610 1459 636 1510; x_wconf 76' lang='lat' dir='ltr'><strong><em>‘l</em></strong></span> <span class='ocrx_word' id='word_1_97' title='bbox 664 1458 799 1512; x_wconf 85' lang='lat' dir='ltr'><strong>Audi</strong></span> <span class='ocrx_word' id='word_1_98' title='bbox 823 1454 1034 1509; x_wconf 19' lang='lat' dir='ltr'><strong><em>:‘Paulo</em></strong></span> <span class='ocrx_word' id='word_1_99' title='bbox 1063 1453 1230 1506; x_wconf 83' lang='lat' dir='ltr'><strong><em>minus</em></strong></span> <span class='ocrx_word' id='word_1_100' title='bbox 1249 1449 1400 1519; x_wconf 60' lang='grc' dir='ltr'><strong><em>εθιιεὶ</em></strong></span> <span class='ocrx_word' id='word_1_101' title='bbox 1418 1462 1532 1504; x_wconf 86' lang='lat' dir='ltr'><strong><em>sunt</em></strong></span> <span class='ocrx_word' id='word_1_102' title='bbox 1553 1465 1753 1518; x_wconf 85' lang='lat' dir='ltr'><strong><em>gressus</em></strong></span> <span class='ocrx_word' id='word_1_103' title='bbox 1779 1448 1892 1500; x_wconf 86' lang='lat' dir='ltr'><strong><em>mei.</em></strong></span> <span class='ocrx_word' id='word_1_104' title='bbox 1938 1445 2092 1513; x_wconf 85' lang='lat' dir='ltr'><strong><em>Quod</em></strong></span> 
     </span>
    </p>
   </div>
   <div class='ocr_carea' id='block_1_14' title="bbox 497 1537 2090 1618">
    <p class='ocr_par' dir='ltr' id='par_1_14' title="bbox 497 1537 2090 1618">
     <span class='ocr_line' id='line_1_14' title="bbox 497 1537 2090 1618; baseline -0.007 -17"><span class='ocrx_word' id='word_1_105' title='bbox 497 1549 650 1610; x_wconf 76' lang='lat' dir='ltr'><strong><em>dixit,</em></strong></span> <span class='ocrx_word' id='word_1_106' title='bbox 698 1562 864 1618; x_wconf 83' lang='lat' dir='ltr'><strong><em>pene;</em></strong></span> <span class='ocrx_word' id='word_1_107' title='bbox 893 1544 995 1598; x_wconf 92' lang='lat' dir='ltr'><strong><em>hoc</em></strong></span> <span class='ocrx_word' id='word_1_108' title='bbox 1034 1543 1188 1605; x_wconf 79' lang='lat' dir='ltr'><strong><em>dixit,</em></strong></span> <span class='ocrx_word' id='word_1_109' title='bbox 1233 1540 1386 1612; x_wconf 87' lang='lat' dir='ltr'><strong><em>paulo</em></strong></span> <span class='ocrx_word' id='word_1_110' title='bbox 1437 1540 1725 1593; x_wconf 87' lang='lat' dir='ltr'><strong><em>mimts:et</em></strong></span> <span class='ocrx_word' id='word_1_111' title='bbox 1770 1537 1913 1606; x_wconf 91' lang='lat' dir='ltr'><strong><em>quod</em></strong></span> <span class='ocrx_word' id='word_1_112' title='bbox 1935 1537 2090 1603; x_wconf 70' lang='lat' dir='ltr'><strong><em>dixit,</em></strong></span> 
     </span>
    </p>
   </div>
   <div class='ocr_carea' id='block_1_15' title="bbox 498 1628 2090 1708">
    <p class='ocr_par' dir='ltr' id='par_1_15' title="bbox 498 1628 2090 1708">
     <span class='ocr_line' id='line_1_15' title="bbox 498 1628 2090 1708; baseline -0.011 -13"><span class='ocrx_word' id='word_1_113' title='bbox 498 1655 626 1708; x_wconf 83' lang='lat' dir='ltr'><strong><em>pene</em></strong></span> <span class='ocrx_word' id='word_1_114' title='bbox 655 1640 775 1692; x_wconf 89' lang='lat' dir='ltr'><strong><em>moti</em></strong></span> <span class='ocrx_word' id='word_1_115' title='bbox 799 1645 916 1691; x_wconf 89' lang='lat' dir='ltr'><strong><em>sunt</em></strong></span> <span class='ocrx_word' id='word_1_116' title='bbox 940 1634 1130 1702; x_wconf 82' lang='lat' dir='ltr'><strong><em>pedes;</em></strong></span> <span class='ocrx_word' id='word_1_117' title='bbox 1159 1632 1261 1686; x_wconf 90' lang='lat' dir='ltr'><strong><em>hoc</em></strong></span> <span class='ocrx_word' id='word_1_118' title='bbox 1299 1631 1452 1690; x_wconf 79' lang='lat' dir='ltr'><strong><em>dixit.</em></strong></span> <span class='ocrx_word' id='word_1_119' title='bbox 1504 1628 1653 1695; x_wconf 73' lang='lat' dir='ltr'><strong><em>effusi</em></strong></span> <span class='ocrx_word' id='word_1_120' title='bbox 1707 1637 1823 1681; x_wconf 86' lang='lat' dir='ltr'><strong><em>sunt</em></strong></span> <span class='ocrx_word' id='word_1_121' title='bbox 1867 1643 2090 1698; x_wconf 79' lang='lat' dir='ltr'><strong><em>gressus.</em></strong></span> 
     </span>
    </p>
   </div>
   <div class='ocr_carea' id='block_1_16' title="bbox 498 1716 2094 1796">
    <p class='ocr_par' dir='ltr' id='par_1_16' title="bbox 498 1716 2094 1796">
     <span class='ocr_line' id='line_1_16' title="bbox 498 1716 2094 1796; baseline -0.011 -8"><span class='ocrx_word' id='word_1_122' title='bbox 498 1734 644 1788; x_wconf 87' lang='lat' dir='ltr'><strong><em>Pcne</em></strong></span> <span class='ocrx_word' id='word_1_123' title='bbox 670 1729 798 1784; x_wconf 87' lang='lat' dir='ltr'><strong><em>moti</em></strong></span> <span class='ocrx_word' id='word_1_124' title='bbox 845 1736 970 1782; x_wconf 85' lang='lat' dir='ltr'><strong><em>sunt</em></strong></span> <span class='ocrx_word' id='word_1_125' title='bbox 999 1725 1182 1796; x_wconf 83' lang='lat' dir='ltr'><strong><em>pedes,</em></strong></span> <span class='ocrx_word' id='word_1_126' title='bbox 1211 1737 1348 1792; x_wconf 89' lang='lat' dir='ltr'><strong><em>pene</em></strong></span> <span class='ocrx_word' id='word_1_127' title='bbox 1365 1720 1518 1776; x_wconf 88' lang='lat' dir='ltr'><strong><em>cﬂ&#39;usi</em></strong></span> <span class='ocrx_word' id='word_1_128' title='bbox 1550 1727 1676 1774; x_wconf 89' lang='lat' dir='ltr'><strong><em>sunt</em></strong></span> <span class='ocrx_word' id='word_1_129' title='bbox 1702 1732 1936 1788; x_wconf 84' lang='lat' dir='ltr'><strong><em>gressus.</em></strong></span> <span class='ocrx_word' id='word_1_130' title='bbox 1963 1716 2094 1771; x_wconf 77' lang='lat' dir='ltr'><strong><em>Moti</em></strong></span> 
     </span>
    </p>
   </div>
   <div class='ocr_carea' id='block_1_17' title="bbox 501 1809 2096 1896">
    <p class='ocr_par' dir='ltr' id='par_1_17' title="bbox 501 1809 2096 1896">
     <span class='ocr_line' id='line_1_17' title="bbox 501 1809 2096 1896; baseline -0.008 -21"><span class='ocrx_word' id='word_1_131' title='bbox 501 1823 653 1896; x_wconf 68' lang='lat' dir='ltr'><strong><em>pedes</em></strong></span> <span class='ocrx_word' id='word_1_132' title='bbox 684 1837 703 1875; x_wconf 91' lang='lat'><strong><em>:</em></strong></span> <span class='ocrx_word' id='word_1_133' title='bbox 731 1821 823 1876; x_wconf 87' lang='lat' dir='ltr'><strong><em>sed</em></strong></span> <span class='ocrx_word' id='word_1_134' title='bbox 853 1819 1014 1883; x_wconf 74' lang='lat' dir='ltr'><strong><em>tunde,</em></strong></span> <span class='ocrx_word' id='word_1_135' title='bbox 1045 1816 1166 1870; x_wconf 85' lang='lat' dir='ltr'><strong><em>moti</em></strong></span> <span class='ocrx_word' id='word_1_136' title='bbox 1189 1815 1362 1884; x_wconf 84' lang='lat' dir='ltr'><strong><em>pedes,</em></strong></span> <span class='ocrx_word' id='word_1_137' title='bbox 1413 1823 1460 1867; x_wconf 87' lang='lat' dir='ltr'><strong><em>et</em></strong></span> <span class='ocrx_word' id='word_1_138' title='bbox 1501 1811 1646 1879; x_wconf 75' lang='lat' dir='ltr'><strong><em>effusi</em></strong></span> <span class='ocrx_word' id='word_1_139' title='bbox 1697 1826 1897 1881; x_wconf 76' lang='lat' dir='ltr'><strong><em>gressus</em></strong></span> <span class='ocrx_word' id='word_1_140' title='bbox 1923 1809 2096 1863; x_wconf 69' lang='lat' dir='ltr'><strong><em>Mfoti</em></strong></span> 
     </span>
    </p>
   </div>
   <div class='ocr_carea' id='block_1_18' title="bbox 501 1903 2093 1986">
    <p class='ocr_par' dir='ltr' id='par_1_18' title="bbox 501 1903 2093 1986">
     <span class='ocr_line' id='line_1_18' title="bbox 501 1903 2093 1986; baseline -0.006 -20"><span class='ocrx_word' id='word_1_141' title='bbox 501 1916 674 1986; x_wconf 79' lang='lat' dir='ltr'><strong><em>pedes,</em></strong></span> <span class='ocrx_word' id='word_1_142' title='bbox 697 1912 763 1966; x_wconf 87' lang='lat' dir='ltr'><strong><em>ad</em></strong></span> <span class='ocrx_word' id='word_1_143' title='bbox 791 1911 1078 1967; x_wconf 81' lang='lat' dir='ltr'><strong><em>errandum</em></strong></span> <span class='ocrx_word' id='word_1_144' title='bbox 1108 1925 1124 1974; x_wconf 87' lang='lat'><strong>;</strong></span> <span class='ocrx_word' id='word_1_145' title='bbox 1174 1907 1322 1974; x_wconf 78' lang='lat' dir='ltr'><strong><em>eﬂ&#39;usi</em></strong></span> <span class='ocrx_word' id='word_1_146' title='bbox 1357 1922 1577 1977; x_wconf 82' lang='lat' dir='ltr'><strong><em>gressus.</em></strong></span> <span class='ocrx_word' id='word_1_147' title='bbox 1609 1903 1674 1958; x_wconf 89' lang='lat' dir='ltr'><strong><em>ad</em></strong></span> <span class='ocrx_word' id='word_1_148' title='bbox 1719 1905 1961 1972; x_wconf 81' lang='lat' dir='ltr'><strong><em>lapsum;</em></strong></span> <span class='ocrx_word' id='word_1_149' title='bbox 1987 1916 2093 1956; x_wconf 88' lang='lat' dir='ltr'><strong><em>non</em></strong></span> 
     </span>
    </p>
   </div>
   <div class='ocr_carea' id='block_1_19' title="bbox 500 1994 2094 2071">
    <p class='ocr_par' dir='ltr' id='par_1_19' title="bbox 500 1994 2094 2071">
     <span class='ocr_line' id='line_1_19' title="bbox 500 1994 2094 2071; baseline -0.006 -13"><span class='ocrx_word' id='word_1_150' title='bbox 500 2005 740 2068; x_wconf 81' lang='lat' dir='ltr'><strong>omnino,</strong></span> <span class='ocrx_word' id='word_1_151' title='bbox 759 2002 854 2058; x_wconf 89' lang='lat' dir='ltr'><strong><em>sed</em></strong></span> <span class='ocrx_word' id='word_1_152' title='bbox 887 2018 1030 2071; x_wconf 85' lang='lat' dir='ltr'><strong><em>pene.</em></strong></span> <span class='ocrx_word' id='word_1_153' title='bbox 1058 1999 1197 2068; x_wconf 89' lang='lat' dir='ltr'><strong><em>Quid</em></strong></span> <span class='ocrx_word' id='word_1_154' title='bbox 1227 1999 1371 2053; x_wconf 91' lang='lat' dir='ltr'><strong><em>enim</em></strong></span> <span class='ocrx_word' id='word_1_155' title='bbox 1401 2007 1486 2052; x_wconf 90' lang='lat' dir='ltr'><strong><em>est</em></strong></span> <span class='ocrx_word' id='word_1_156' title='bbox 1507 1996 1532 2050; x_wconf 84' lang='lat'><strong>?</strong></span> <span class='ocrx_word' id='word_1_157' title='bbox 1555 1996 1671 2050; x_wconf 73' lang='lat' dir='ltr'><strong><em>iam</em></strong></span> <span class='ocrx_word' id='word_1_158' title='bbox 1696 1996 1835 2050; x_wconf 85' lang='lat' dir='ltr'><strong>ibam</strong></span> <span class='ocrx_word' id='word_1_159' title='bbox 1858 1994 1910 2048; x_wconf 89' lang='lat' dir='ltr'><strong>in</strong></span> <span class='ocrx_word' id='word_1_160' title='bbox 1939 2009 2094 2049; x_wconf 89' lang='lat' dir='ltr'><strong><em>erro-</em></strong></span> 
     </span>
    </p>
   </div>
   <div class='ocr_carea' id='block_1_20' title="bbox 501 2085 1988 2162">
    <p class='ocr_par' dir='ltr' id='par_1_20' title="bbox 501 2085 1988 2162">
     <span class='ocr_line' id='line_1_20' title="bbox 501 2085 1988 2162; baseline -0.009 -11"><span class='ocrx_word' id='word_1_161' title='bbox 501 2112 640 2162; x_wconf 94' lang='lat' dir='ltr'><strong><em>rem,</em></strong></span> <span class='ocrx_word' id='word_1_162' title='bbox 674 2110 778 2149; x_wconf 91' lang='lat' dir='ltr'><strong><em>non</em></strong></span> <span class='ocrx_word' id='word_1_163' title='bbox 809 2094 974 2147; x_wconf 86' lang='lat' dir='ltr'><strong><em>ieram</em></strong></span> <span class='ocrx_word' id='word_1_164' title='bbox 1009 2091 1158 2161; x_wconf 88' lang='lat' dir='ltr'><strong><em>:jam</em></strong></span> <span class='ocrx_word' id='word_1_165' title='bbox 1203 2088 1482 2152; x_wconf 85' lang='lat' dir='ltr'><strong><em>cadebam,</em></strong></span> <span class='ocrx_word' id='word_1_166' title='bbox 1509 2103 1616 2142; x_wconf 89' lang='lat' dir='ltr'><strong><em>non</em></strong></span> <span class='ocrx_word' id='word_1_167' title='bbox 1665 2085 1988 2142; x_wconf 70' lang='lat' dir='ltr'><strong><em>ceciderant.</em></strong></span> 
     </span>
    </p>
   </div>
   <div class='ocr_carea' id='block_1_21' title="bbox 573 2177 2096 2260">
    <p class='ocr_par' dir='ltr' id='par_1_21' title="bbox 573 2177 2096 2260">
     <span class='ocr_line' id='line_1_21' title="bbox 573 2177 2096 2260; baseline -0.007 -18"><span class='ocrx_word' id='word_1_168' title='bbox 573 2189 628 2242; x_wconf 86' lang='lat'><strong><em>9.</em></strong></span> <span class='ocrx_word' id='word_1_169' title='bbox 652 2185 672 2260; x_wconf 88' lang='lat'><strong>[</strong></span> <span class='ocrx_word' id='word_1_170' title='bbox 699 2203 827 2240; x_wconf 81' lang='lat' dir='ltr'><strong><em>vers.</em></strong></span> <span class='ocrx_word' id='word_1_171' title='bbox 850 2186 902 2241; x_wconf 72' lang='grc' dir='ltr'><strong><em>ὅ.</em></strong></span> <span class='ocrx_word' id='word_1_172' title='bbox 931 2182 953 2256; x_wconf 94' lang='grc'><strong>]</strong></span> <span class='ocrx_word' id='word_1_173' title='bbox 984 2183 1090 2240; x_wconf 87' lang='lat' dir='ltr'><strong><em>Sed</em></strong></span> <span class='ocrx_word' id='word_1_174' title='bbox 1116 2196 1283 2253; x_wconf 88' lang='lat' dir='ltr'><strong><em>quare</em></strong></span> <span class='ocrx_word' id='word_1_175' title='bbox 1299 2189 1355 2237; x_wconf 90' lang='lat' dir='ltr'><strong><em>et</em></strong></span> <span class='ocrx_word' id='word_1_176' title='bbox 1373 2181 1395 2213; x_wconf 76' lang='lat'><strong>’</strong></span> <span class='ocrx_word' id='word_1_177' title='bbox 1426 2179 1526 2234; x_wconf 88' lang='lat' dir='ltr'><strong><em>hoc</em></strong></span> <span class='ocrx_word' id='word_1_178' title='bbox 1554 2179 1580 2234; x_wconf 78' lang='lat'><strong>?</strong></span> <span class='ocrx_word' id='word_1_179' title='bbox 1625 2178 1761 2247; x_wconf 84' lang='lat' dir='ltr'><strong><em>Quia</em></strong></span> <span class='ocrx_word' id='word_1_180' title='bbox 1809 2178 1986 2244; x_wconf 76' lang='lat' dir='ltr'><strong><em>selaui,</em></strong></span> <span class='ocrx_word' id='word_1_181' title='bbox 2014 2177 2096 2232; x_wconf 84' lang='lat' dir='ltr'><strong><em>in-</em></strong></span> 
     </span>
    </p>
   </div>
   <div class='ocr_carea' id='block_1_22' title="bbox 498 2273 2098 2351">
    <p class='ocr_par' dir='ltr' id='par_1_22' title="bbox 498 2273 2098 2351">
     <span class='ocr_line' id='line_1_22' title="bbox 498 2273 2098 2351; baseline -0.007 -16"><span class='ocrx_word' id='word_1_182' title='bbox 498 2282 636 2351; x_wconf 88' lang='lat' dir='ltr'><strong><em>quit,</em></strong></span> <span class='ocrx_word' id='word_1_183' title='bbox 668 2280 720 2334; x_wconf 82' lang='lat' dir='ltr'><strong><em>in</em></strong></span> <span class='ocrx_word' id='word_1_184' title='bbox 741 2275 1103 2346; x_wconf 78' lang='lat' dir='ltr'><strong><em>peccatoribus,</em></strong></span> <span class='ocrx_word' id='word_1_185' title='bbox 1121 2291 1296 2341; x_wconf 80' lang='lat' dir='ltr'><strong><em>pacem</em></strong></span> <span class='ocrx_word' id='word_1_186' title='bbox 1319 2282 1634 2343; x_wconf 71' lang='lat' dir='ltr'><strong><em>peccatorum</em></strong></span> <span class='ocrx_word' id='word_1_187' title='bbox 1660 2273 1878 2326; x_wconf 86' lang='lat' dir='ltr'><strong><em>intuens.</em></strong></span> <span class='ocrx_word' id='word_1_188' title='bbox 1912 2273 2098 2325; x_wconf 81' lang='lat' dir='ltr'><strong><em>Atten-</em></strong></span> 
     </span>
    </p>
   </div>
   <div class='ocr_carea' id='block_1_23' title="bbox 499 2362 2096 2444">
    <p class='ocr_par' dir='ltr' id='par_1_23' title="bbox 499 2362 2096 2444">
     <span class='ocr_line' id='line_1_23' title="bbox 499 2362 2096 2444; baseline -0.009 -16"><span class='ocrx_word' id='word_1_189' title='bbox 499 2373 553 2428; x_wconf 91' lang='lat' dir='ltr'><strong>di</strong></span> <span class='ocrx_word' id='word_1_190' title='bbox 598 2381 945 2444; x_wconf 86' lang='lat' dir='ltr'><strong><em>peccatores;</em></strong></span> <span class='ocrx_word' id='word_1_191' title='bbox 976 2367 1083 2421; x_wconf 86' lang='lat' dir='ltr'><strong><em>vidi</em></strong></span> <span class='ocrx_word' id='word_1_192' title='bbox 1130 2366 1251 2420; x_wconf 90' lang='lat' dir='ltr'><strong><em>illos</em></strong></span> <span class='ocrx_word' id='word_1_193' title='bbox 1304 2365 1502 2420; x_wconf 85' lang='lat' dir='ltr'><strong><em>habere</em></strong></span> <span class='ocrx_word' id='word_1_194' title='bbox 1548 2378 1752 2433; x_wconf 85' lang='lat' dir='ltr'><strong><em>pacem.</em></strong></span> <span class='ocrx_word' id='word_1_195' title='bbox 1781 2362 1950 2430; x_wconf 88' lang='lat' dir='ltr'><strong><em>Quam</em></strong></span> <span class='ocrx_word' id='word_1_196' title='bbox 1998 2377 2096 2432; x_wconf 89' lang='lat' dir='ltr'><strong><em>pa-</em></strong></span> 
     </span>
    </p>
   </div>
   <div class='ocr_carea' id='block_1_24' title="bbox 499 2457 2092 2532">
    <p class='ocr_par' dir='ltr' id='par_1_24' title="bbox 499 2457 2092 2532">
     <span class='ocr_line' id='line_1_24' title="bbox 499 2457 2092 2532; baseline -0.007 -14"><span class='ocrx_word' id='word_1_197' title='bbox 499 2464 658 2518; x_wconf 84' lang='lat' dir='ltr'><strong><em>cem?</em></strong></span> <span class='ocrx_word' id='word_1_198' title='bbox 683 2461 1076 2532; x_wconf 85' lang='lat' dir='ltr'><strong><em>Temporalem,</em></strong></span> <span class='ocrx_word' id='word_1_199' title='bbox 1099 2459 1318 2523; x_wconf 80' lang='lat' dir='ltr'><strong><em>ﬂuxam,</em></strong></span> <span class='ocrx_word' id='word_1_200' title='bbox 1341 2457 1592 2512; x_wconf 87' lang='lat' dir='ltr'><strong><em>caducam</em></strong></span> <span class='ocrx_word' id='word_1_201' title='bbox 1616 2466 1774 2526; x_wconf 91' lang='lat' dir='ltr'><strong><em>atque</em></strong></span> <span class='ocrx_word' id='word_1_202' title='bbox 1793 2463 2092 2518; x_wconf 86' lang='lat' dir='ltr'><strong><em>terrenam;</em></strong></span> 
     </span>
    </p>
   </div>
   <div class='ocr_carea' id='block_1_25' title="bbox 500 2547 2100 2624">
    <p class='ocr_par' dir='ltr' id='par_1_25' title="bbox 500 2547 2100 2624">
     <span class='ocr_line' id='line_1_25' title="bbox 500 2547 2100 2624; baseline -0.008 -12"><span class='ocrx_word' id='word_1_203' title='bbox 500 2553 598 2612; x_wconf 83' lang='lat' dir='ltr'><strong><em>sed</em></strong></span> <span class='ocrx_word' id='word_1_204' title='bbox 630 2565 805 2610; x_wconf 87' lang='lat' dir='ltr'><strong><em>tamen</em></strong></span> <span class='ocrx_word' id='word_1_205' title='bbox 827 2555 983 2608; x_wconf 90' lang='lat' dir='ltr'><strong><em>talem</em></strong></span> <span class='ocrx_word' id='word_1_206' title='bbox 1012 2553 1222 2624; x_wconf 88' lang='lat' dir='ltr'><strong><em>qualem</em></strong></span> <span class='ocrx_word' id='word_1_207' title='bbox 1245 2559 1300 2606; x_wconf 91' lang='lat' dir='ltr'><strong><em>et</em></strong></span> <span class='ocrx_word' id='word_1_208' title='bbox 1340 2565 1439 2620; x_wconf 84' lang='lat' dir='ltr'><strong><em>ego</em></strong></span> <span class='ocrx_word' id='word_1_209' title='bbox 1468 2565 1497 2603; x_wconf 91' lang='lat' dir='ltr'><strong><em>a</em></strong></span> <span class='ocrx_word' id='word_1_210' title='bbox 1551 2550 1659 2604; x_wconf 89' lang='lat' dir='ltr'><strong><em>Deo</em></strong></span> <span class='ocrx_word' id='word_1_211' title='bbox 1702 2547 2100 2603; x_wconf 79' lang='lat' dir='ltr'><strong><em>desiderabam.</em></strong></span> 
     </span>
    </p>
   </div>
   <div class='ocr_carea' id='block_1_26' title="bbox 503 2639 2096 2713">
    <p class='ocr_par' dir='ltr' id='par_1_26' title="bbox 503 2639 2096 2713">
     <span class='ocr_line' id='line_1_26' title="bbox 503 2639 2096 2713; baseline -0.003 -17"><span class='ocrx_word' id='word_1_212' title='bbox 503 2645 622 2700; x_wconf 76' lang='lat' dir='ltr'><strong><em>Vidi</em></strong></span> <span class='ocrx_word' id='word_1_213' title='bbox 649 2646 770 2700; x_wconf 90' lang='lat' dir='ltr'><strong><em>illos</em></strong></span> <span class='ocrx_word' id='word_1_214' title='bbox 797 2643 996 2699; x_wconf 86' lang='lat' dir='ltr'><strong><em>habere</em></strong></span> <span class='ocrx_word' id='word_1_215' title='bbox 1043 2642 1132 2713; x_wconf 89' lang='lat' dir='ltr'><strong><em>qui</em></strong></span> <span class='ocrx_word' id='word_1_216' title='bbox 1175 2657 1281 2695; x_wconf 91' lang='lat' dir='ltr'><strong>non</strong></span> <span class='ocrx_word' id='word_1_217' title='bbox 1324 2640 1630 2696; x_wconf 71' lang='lat' dir='ltr'><strong><em>serviebant</em></strong></span> <span class='ocrx_word' id='word_1_218' title='bbox 1666 2640 1797 2702; x_wconf 89' lang='lat' dir='ltr'><strong><em>Deo,</em></strong></span> <span class='ocrx_word' id='word_1_219' title='bbox 1829 2639 1970 2709; x_wconf 85' lang='lat' dir='ltr'><strong><em>quod</em></strong></span> <span class='ocrx_word' id='word_1_220' title='bbox 1998 2654 2096 2709; x_wconf 89' lang='lat' dir='ltr'><strong><em>ego</em></strong></span> 
     </span>
    </p>
   </div>
   <div class='ocr_carea' id='block_1_27' title="bbox 502 2731 2093 2802">
    <p class='ocr_par' dir='ltr' id='par_1_27' title="bbox 502 2731 2093 2802">
     <span class='ocr_line' id='line_1_27' title="bbox 502 2731 2093 2802; baseline -0.006 -8"><span class='ocrx_word' id='word_1_221' title='bbox 502 2737 874 2794; x_wconf 77' lang='lat' dir='ltr'><strong><em>desiderabam</em></strong></span> <span class='ocrx_word' id='word_1_222' title='bbox 895 2744 954 2790; x_wconf 93' lang='lat' dir='ltr'><strong><em>ut</em></strong></span> <span class='ocrx_word' id='word_1_223' title='bbox 977 2735 1232 2791; x_wconf 74' lang='lat' dir='ltr'><strong><em>servirem</em></strong></span> <span class='ocrx_word' id='word_1_224' title='bbox 1247 2735 1386 2799; x_wconf 84' lang='lat' dir='ltr'><strong><em>Deo;</em></strong></span> <span class='ocrx_word' id='word_1_225' title='bbox 1411 2743 1466 2788; x_wconf 90' lang='lat' dir='ltr'><strong><em>et</em></strong></span> <span class='ocrx_word' id='word_1_226' title='bbox 1487 2733 1616 2788; x_wconf 92' lang='lat' dir='ltr'><strong><em>moti</em></strong></span> <span class='ocrx_word' id='word_1_227' title='bbox 1637 2739 1762 2787; x_wconf 85' lang='lat' dir='ltr'><strong><em>sunt</em></strong></span> <span class='ocrx_word' id='word_1_228' title='bbox 1780 2731 1942 2802; x_wconf 87' lang='lat' dir='ltr'><strong><em>pedes</em></strong></span> <span class='ocrx_word' id='word_1_229' title='bbox 1966 2731 2093 2794; x_wconf 90' lang='lat' dir='ltr'><strong><em>mei,</em></strong></span> 
     </span>
    </p>
   </div>
   <div class='ocr_carea' id='block_1_28' title="bbox 501 2825 1429 2904">
    <p class='ocr_par' dir='ltr' id='par_1_28' title="bbox 501 2825 1429 2904">
     <span class='ocr_line' id='line_1_28' title="bbox 501 2825 1429 2904; baseline -0.011 -14"><span class='ocrx_word' id='word_1_230' title='bbox 501 2844 557 2890; x_wconf 87' lang='lat' dir='ltr'><strong><em>et</em></strong></span> <span class='ocrx_word' id='word_1_231' title='bbox 587 2847 722 2904; x_wconf 87' lang='lat' dir='ltr'><strong><em>pene</em></strong></span> <span class='ocrx_word' id='word_1_232' title='bbox 743 2831 894 2887; x_wconf 88' lang='lat' dir='ltr'><strong><em>eﬂ&#39;usi</em></strong></span> <span class='ocrx_word' id='word_1_233' title='bbox 923 2839 1046 2885; x_wconf 89' lang='lat' dir='ltr'><strong><em>sunt</em></strong></span> <span class='ocrx_word' id='word_1_234' title='bbox 1067 2842 1284 2899; x_wconf 87' lang='lat' dir='ltr'><strong><em>gressus</em></strong></span> <span class='ocrx_word' id='word_1_235' title='bbox 1304 2825 1429 2882; x_wconf 88' lang='lat' dir='ltr'><strong><em>mei.</em></strong></span> 
     </span>
    </p>
   </div>
   <div class='ocr_carea' id='block_1_29' title="bbox 576 2916 2099 2995">
    <p class='ocr_par' dir='ltr' id='par_1_29' title="bbox 576 2916 2099 2995">
     <span class='ocr_line' id='line_1_29' title="bbox 576 2916 2099 2995; baseline -0.007 -17"><span class='ocrx_word' id='word_1_236' title='bbox 576 2923 661 2979; x_wconf 85' lang='lat' dir='ltr'><strong><em>l0.</em></strong></span> <span class='ocrx_word' id='word_1_237' title='bbox 682 2921 833 2995; x_wconf 66' lang='grc' dir='ltr'><strong><em>[σεῖε.</em></strong></span> <span class='ocrx_word' id='word_1_238' title='bbox 868 2921 933 2985; x_wconf 69' lang='grc' dir='ltr'><strong><em>ι,</em></strong></span> <span class='ocrx_word' id='word_1_239' title='bbox 960 2918 1040 2992; x_wconf 86' lang='grc'><strong><em>5.]</em></strong></span> <span class='ocrx_word' id='word_1_240' title='bbox 1063 2921 1238 2988; x_wconf 85' lang='lat' dir='ltr'><strong><em>Quare</em></strong></span> <span class='ocrx_word' id='word_1_241' title='bbox 1266 2929 1443 2974; x_wconf 84' lang='lat' dir='ltr'><strong><em>autem</em></strong></span> <span class='ocrx_word' id='word_1_242' title='bbox 1483 2916 1586 2973; x_wconf 85' lang='lat' dir='ltr'><strong><em>hoc</em></strong></span> <span class='ocrx_word' id='word_1_243' title='bbox 1631 2916 1829 2972; x_wconf 81' lang='lat' dir='ltr'><strong><em>habent</em></strong></span> <span class='ocrx_word' id='word_1_244' title='bbox 1855 2932 2099 2986; x_wconf 84' lang='lat' dir='ltr'><strong><em>peccato-</em></strong></span> 
     </span>
    </p>
   </div>
   <div class='ocr_carea' id='block_1_30' title="bbox 500 3009 2099 3079">
    <p class='ocr_par' dir='ltr' id='par_1_30' title="bbox 500 3009 2099 3079">
     <span class='ocr_line' id='line_1_30' title="bbox 500 3009 2099 3079; baseline -0.005 -8"><span class='ocrx_word' id='word_1_245' title='bbox 500 3031 610 3079; x_wconf 90' lang='lat' dir='ltr'><strong><em>res,</em></strong></span> <span class='ocrx_word' id='word_1_246' title='bbox 630 3014 761 3070; x_wconf 88' lang='lat' dir='ltr'><strong>dicit</strong></span> <span class='ocrx_word' id='word_1_247' title='bbox 785 3013 1018 3068; x_wconf 82' lang='lat' dir='ltr'><strong><em>breviter</em></strong></span> <span class='ocrx_word' id='word_1_248' title='bbox 1043 3028 1059 3066; x_wconf 89' lang='lat'><strong><em>:</em></strong></span> <span class='ocrx_word' id='word_1_249' title='bbox 1107 3011 1240 3075; x_wconf 79' lang='lat' dir='ltr'><strong><em>Quia</em></strong></span> <span class='ocrx_word' id='word_1_250' title='bbox 1265 3027 1366 3064; x_wconf 86' lang='lat' dir='ltr'><strong><em>non</em></strong></span> <span class='ocrx_word' id='word_1_251' title='bbox 1385 3019 1457 3064; x_wconf 93' lang='lat' dir='ltr'><strong><em>est</em></strong></span> <span class='ocrx_word' id='word_1_252' title='bbox 1473 3009 1744 3063; x_wconf 80' lang='lat' dir='ltr'><strong><em>declinatio</em></strong></span> <span class='ocrx_word' id='word_1_253' title='bbox 1772 3011 1945 3063; x_wconf 83' lang='lat' dir='ltr'><strong><em>mortis</em></strong></span> <span class='ocrx_word' id='word_1_254' title='bbox 1967 3011 1987 3040; x_wconf 87' lang='grc'><em>³</em></span> <span class='ocrx_word' id='word_1_255' title='bbox 2014 3027 2099 3063; x_wconf 86' lang='lat' dir='ltr'><strong><em>eo-</em></strong></span> 
     </span>
    </p>
   </div>
   <div class='ocr_carea' id='block_1_31' title="bbox 500 3098 2097 3173">
    <p class='ocr_par' dir='ltr' id='par_1_31' title="bbox 500 3098 2097 3173">
     <span class='ocr_line' id='line_1_31' title="bbox 500 3098 2097 3173; baseline -0.004 -13"><span class='ocrx_word' id='word_1_256' title='bbox 500 3121 654 3170; x_wconf 82' lang='lat' dir='ltr'><strong><em>rum;</em></strong></span> <span class='ocrx_word' id='word_1_257' title='bbox 681 3114 726 3158; x_wconf 85' lang='lat' dir='ltr'><strong><em>et</em></strong></span> <span class='ocrx_word' id='word_1_258' title='bbox 755 3105 1128 3173; x_wconf 81' lang='lat' dir='ltr'><strong><em>ﬁrmamentum</em></strong></span> <span class='ocrx_word' id='word_1_259' title='bbox 1171 3103 1223 3156; x_wconf 88' lang='lat' dir='ltr'><strong><em>in</em></strong></span> <span class='ocrx_word' id='word_1_260' title='bbox 1261 3100 1470 3172; x_wconf 78' lang='lat' dir='ltr'><strong><em>flagello</em></strong></span> <span class='ocrx_word' id='word_1_261' title='bbox 1510 3116 1703 3154; x_wconf 89' lang='lat' dir='ltr'><strong><em>eorum.</em></strong></span> <span class='ocrx_word' id='word_1_262' title='bbox 1733 3098 1800 3154; x_wconf 80' lang='lat' dir='ltr'><strong><em>In</em></strong></span> <span class='ocrx_word' id='word_1_263' title='bbox 1846 3100 2097 3154; x_wconf 74' lang='lat' dir='ltr'><strong><em>laboribus</em></strong></span> 
     </span>
    </p>
   </div>
   <div class='ocr_carea' id='block_1_32' title="bbox 501 3190 2094 3262">
    <p class='ocr_par' dir='ltr' id='par_1_32' title="bbox 501 3190 2094 3262">
     <span class='ocr_line' id='line_1_32' title="bbox 501 3190 2094 3262; baseline -0.002 -13"><span class='ocrx_word' id='word_1_264' title='bbox 501 3195 761 3250; x_wconf 76' lang='lat' dir='ltr'><strong><em>hominum</em></strong></span> <span class='ocrx_word' id='word_1_265' title='bbox 776 3210 878 3248; x_wconf 82' lang='lat' dir='ltr'><strong><em>non</em></strong></span> <span class='ocrx_word' id='word_1_266' title='bbox 893 3202 1033 3258; x_wconf 84' lang='lat' dir='ltr'><strong><em>sunt,</em></strong></span> <span class='ocrx_word' id='word_1_267' title='bbox 1057 3202 1102 3246; x_wconf 88' lang='lat' dir='ltr'><strong><em>et</em></strong></span> <span class='ocrx_word' id='word_1_268' title='bbox 1125 3208 1238 3246; x_wconf 81' lang='lat' dir='ltr'><strong><em>cum</em></strong></span> <span class='ocrx_word' id='word_1_269' title='bbox 1251 3190 1538 3245; x_wconf 81' lang='lat' dir='ltr'><strong><em>hominibus</em></strong></span> <span class='ocrx_word' id='word_1_270' title='bbox 1553 3207 1654 3244; x_wconf 88' lang='lat' dir='ltr'><strong><em>non</em></strong></span> <span class='ocrx_word' id='word_1_271' title='bbox 1679 3191 2094 3262; x_wconf 81' lang='lat' dir='ltr'><strong><em>ﬂagellabunmr.</em></strong></span> 
     </span>
    </p>
   </div>
   <div class='ocr_carea' id='block_1_33' title="bbox 499 3282 2096 3355">
    <p class='ocr_par' dir='ltr' id='par_1_33' title="bbox 499 3282 2096 3355">
     <span class='ocr_line' id='line_1_33' title="bbox 499 3282 2096 3355; baseline -0.004 -14"><span class='ocrx_word' id='word_1_272' title='bbox 499 3285 617 3342; x_wconf 78' lang='lat' dir='ltr'><strong><em>Jam</em></strong></span> <span class='ocrx_word' id='word_1_273' title='bbox 650 3284 905 3347; x_wconf 75' lang='lat' dir='ltr'><strong><em>intellexi,</em></strong></span> <span class='ocrx_word' id='word_1_274' title='bbox 934 3282 1126 3355; x_wconf 86' lang='lat' dir='ltr'><strong><em>inquit,</em></strong></span> <span class='ocrx_word' id='word_1_275' title='bbox 1149 3299 1315 3354; x_wconf 89' lang='lat' dir='ltr'><strong><em>quare</em></strong></span> <span class='ocrx_word' id='word_1_276' title='bbox 1345 3283 1418 3337; x_wconf 89' lang='lat' dir='ltr'><strong><em>illi</em></strong></span> <span class='ocrx_word' id='word_1_277' title='bbox 1443 3282 1638 3337; x_wconf 87' lang='lat' dir='ltr'><strong><em>habent</em></strong></span> <span class='ocrx_word' id='word_1_278' title='bbox 1666 3297 1873 3352; x_wconf 88' lang='lat' dir='ltr'><strong><em>pacem,</em></strong></span> <span class='ocrx_word' id='word_1_279' title='bbox 1914 3293 1968 3338; x_wconf 89' lang='lat' dir='ltr'><strong><em>ct</em></strong></span> <span class='ocrx_word' id='word_1_280' title='bbox 1996 3282 2096 3336; x_wconf 90' lang='lat' dir='ltr'><strong><em>ﬂo-</em></strong></span> 
     </span>
    </p>
   </div>
   <div class='ocr_carea' id='block_1_34' title="bbox 502 3375 2089 3448">
    <p class='ocr_par' dir='ltr' id='par_1_34' title="bbox 502 3375 2089 3448">
     <span class='ocr_line' id='line_1_34' title="bbox 502 3375 2089 3448; baseline -0.002 -16"><span class='ocrx_word' id='word_1_281' title='bbox 502 3378 690 3432; x_wconf 83' lang='lat' dir='ltr'><strong><em>rentin</em></strong></span> <span class='ocrx_word' id='word_1_282' title='bbox 719 3387 893 3442; x_wconf 75' lang='lat' dir='ltr'><strong><em>terra;</em></strong></span> <span class='ocrx_word' id='word_1_283' title='bbox 925 3377 1046 3448; x_wconf 83' lang='lat' dir='ltr'><strong><em>quia</em></strong></span> <span class='ocrx_word' id='word_1_284' title='bbox 1073 3376 1228 3431; x_wconf 89' lang='lat' dir='ltr'><strong><em>morti</em></strong></span> <span class='ocrx_word' id='word_1_285' title='bbox 1264 3391 1450 3430; x_wconf 88' lang='lat' dir='ltr'><strong><em>eorum</em></strong></span> <span class='ocrx_word' id='word_1_286' title='bbox 1500 3391 1607 3429; x_wconf 91' lang='lat' dir='ltr'><strong><em>non</em></strong></span> <span class='ocrx_word' id='word_1_287' title='bbox 1651 3384 1735 3431; x_wconf 89' lang='lat' dir='ltr'><strong><em>est</em></strong></span> <span class='ocrx_word' id='word_1_288' title='bbox 1787 3375 2089 3440; x_wconf 80' lang='lat' dir='ltr'><strong><em>declinatio,</em></strong></span> 
     </span>
    </p>
   </div>
   <div class='ocr_carea' id='block_1_35' title="bbox 501 3465 2096 3537">
    <p class='ocr_par' dir='ltr' id='par_1_35' title="bbox 501 3465 2096 3537">
     <span class='ocr_line' id='line_1_35' title="bbox 501 3465 2096 3537; baseline 0.001 -16"><span class='ocrx_word' id='word_1_289' title='bbox 501 3465 554 3521; x_wconf 88' lang='lat' dir='ltr'><strong><em>id</em></strong></span> <span class='ocrx_word' id='word_1_290' title='bbox 581 3475 684 3532; x_wconf 84' lang='lat' dir='ltr'><strong><em>est,</em></strong></span> <span class='ocrx_word' id='word_1_291' title='bbox 711 3467 833 3536; x_wconf 83' lang='lat' dir='ltr'><strong><em>quia</em></strong></span> <span class='ocrx_word' id='word_1_292' title='bbox 863 3475 1009 3520; x_wconf 87' lang='lat' dir='ltr'><strong><em>certa</em></strong></span> <span class='ocrx_word' id='word_1_293' title='bbox 1047 3481 1192 3520; x_wconf 87' lang='lat' dir='ltr'><strong><em>mors</em></strong></span> <span class='ocrx_word' id='word_1_294' title='bbox 1215 3473 1270 3520; x_wconf 90' lang='lat' dir='ltr'><strong><em>et</em></strong></span> <span class='ocrx_word' id='word_1_295' title='bbox 1301 3474 1496 3519; x_wconf 68' lang='lat' dir='ltr'><strong><em>aaterna</em></strong></span> <span class='ocrx_word' id='word_1_296' title='bbox 1519 3481 1613 3520; x_wconf 86' lang='lat' dir='ltr'><strong><em>eos</em></strong></span> <span class='ocrx_word' id='word_1_297' title='bbox 1638 3474 1970 3537; x_wconf 74' lang='lat' dir='ltr'><strong><em>manet,qu;u</em></strong></span> <span class='ocrx_word' id='word_1_298' title='bbox 1997 3483 2096 3522; x_wconf 86' lang='lat' dir='ltr'><strong><em>nec</em></strong></span> 
     </span>
    </p>
   </div>
   <div class='ocr_carea' id='block_1_36' title="bbox 499 3555 2096 3627">
    <p class='ocr_par' dir='ltr' id='par_1_36' title="bbox 499 3555 2096 3627">
     <span class='ocr_line' id='line_1_36' title="bbox 499 3555 2096 3627; baseline 0.001 -15"><span class='ocrx_word' id='word_1_299' title='bbox 499 3558 732 3612; x_wconf 88' lang='lat' dir='ltr'><strong><em>declinat</em></strong></span> <span class='ocrx_word' id='word_1_300' title='bbox 770 3557 839 3611; x_wconf 90' lang='lat' dir='ltr'><strong><em>ab</em></strong></span> <span class='ocrx_word' id='word_1_301' title='bbox 863 3557 963 3620; x_wconf 88' lang='lat' dir='ltr'><strong><em>eis,</em></strong></span> <span class='ocrx_word' id='word_1_302' title='bbox 984 3571 1080 3611; x_wconf 90' lang='lat' dir='ltr'><strong><em>nec</em></strong></span> <span class='ocrx_word' id='word_1_303' title='bbox 1099 3556 1200 3627; x_wconf 83' lang='lat' dir='ltr'><strong>ipsi</strong></span> <span class='ocrx_word' id='word_1_304' title='bbox 1227 3555 1293 3611; x_wconf 91' lang='lat' dir='ltr'><strong><em>ab</em></strong></span> <span class='ocrx_word' id='word_1_305' title='bbox 1320 3571 1381 3611; x_wconf 90' lang='lat' dir='ltr'><strong><em>ea</em></strong></span> <span class='ocrx_word' id='word_1_306' title='bbox 1394 3555 1662 3612; x_wconf 87' lang='lat' dir='ltr'><strong><em>declinare</em></strong></span> <span class='ocrx_word' id='word_1_307' title='bbox 1687 3567 1929 3627; x_wconf 84' lang='lat' dir='ltr'><strong><em>possunt.</em></strong></span> <span class='ocrx_word' id='word_1_308' title='bbox 1962 3558 2096 3622; x_wconf 82' lang='lat' dir='ltr'><strong><em>Quia</em></strong></span> 
     </span>
    </p>
   </div>
   <div class='ocr_carea' id='block_1_37' title="bbox 500 3649 2097 3721">
    <p class='ocr_par' dir='ltr' id='par_1_37' title="bbox 500 3649 2097 3721">
     <span class='ocr_line' id='line_1_37' title="bbox 500 3649 2097 3721; baseline 0.001 -18"><span class='ocrx_word' id='word_1_309' title='bbox 500 3667 602 3703; x_wconf 85' lang='lat' dir='ltr'><strong><em>non</em></strong></span> <span class='ocrx_word' id='word_1_310' title='bbox 631 3660 704 3703; x_wconf 88' lang='lat' dir='ltr'><strong><em>est</em></strong></span> <span class='ocrx_word' id='word_1_311' title='bbox 718 3649 987 3702; x_wconf 83' lang='lat' dir='ltr'><strong><em>declinatio</em></strong></span> <span class='ocrx_word' id='word_1_312' title='bbox 1013 3650 1186 3703; x_wconf 86' lang='lat' dir='ltr'><strong><em>mortis</em></strong></span> <span class='ocrx_word' id='word_1_313' title='bbox 1212 3665 1384 3703; x_wconf 89' lang='lat' dir='ltr'><strong><em>eorum</em></strong></span> <span class='ocrx_word' id='word_1_314' title='bbox 1406 3667 1425 3714; x_wconf 88' lang='lat'><em>;</em></span> <span class='ocrx_word' id='word_1_315' title='bbox 1446 3660 1492 3702; x_wconf 89' lang='lat' dir='ltr'><strong><em>et</em></strong></span> <span class='ocrx_word' id='word_1_316' title='bbox 1516 3649 1893 3718; x_wconf 79' lang='lat' dir='ltr'><strong><em>ﬁrmamentum</em></strong></span> <span class='ocrx_word' id='word_1_317' title='bbox 1912 3650 1964 3704; x_wconf 90' lang='lat' dir='ltr'><strong><em>in</em></strong></span> <span class='ocrx_word' id='word_1_318' title='bbox 1997 3653 2097 3721; x_wconf 82' lang='lat' dir='ltr'><strong><em>[la-</em></strong></span> 
     </span>
    </p>
   </div>
   <div class='ocr_carea' id='block_1_38' title="bbox 499 3741 2092 3813">
    <p class='ocr_par' dir='ltr' id='par_1_38' title="bbox 499 3741 2092 3813">
     <span class='ocr_line' id='line_1_38' title="bbox 499 3741 2092 3813; baseline 0.003 -18"><span class='ocrx_word' id='word_1_319' title='bbox 499 3742 633 3813; x_wconf 84' lang='lat' dir='ltr'><strong><em>gello</em></strong></span> <span class='ocrx_word' id='word_1_320' title='bbox 657 3759 847 3796; x_wconf 88' lang='lat' dir='ltr'><strong><em>eorum.</em></strong></span> <span class='ocrx_word' id='word_1_321' title='bbox 877 3741 941 3795; x_wconf 85' lang='lat' dir='ltr'><strong><em>Et</em></strong></span> <span class='ocrx_word' id='word_1_322' title='bbox 967 3749 1049 3796; x_wconf 83' lang='lat' dir='ltr'><strong><em>est</em></strong></span> <span class='ocrx_word' id='word_1_323' title='bbox 1079 3741 1467 3796; x_wconf 79' lang='lat' dir='ltr'><strong><em>ﬁrmamentum</em></strong></span> <span class='ocrx_word' id='word_1_324' title='bbox 1519 3743 1571 3796; x_wconf 91' lang='lat' dir='ltr'><strong><em>in</em></strong></span> <span class='ocrx_word' id='word_1_325' title='bbox 1620 3742 1827 3812; x_wconf 82' lang='lat' dir='ltr'><strong><em>ﬂagello</em></strong></span> <span class='ocrx_word' id='word_1_326' title='bbox 1866 3760 2092 3800; x_wconf 88' lang='lat' dir='ltr'><strong><em>eorum:</em></strong></span> 
     </span>
    </p>
   </div>
   <div class='ocr_carea' id='block_1_39' title="bbox 505 3830 2092 3902">
    <p class='ocr_par' dir='ltr' id='par_1_39' title="bbox 505 3830 2092 3902">
     <span class='ocr_line' id='line_1_39' title="bbox 505 3830 2092 3902; baseline -0.001 -15"><span class='ocrx_word' id='word_1_327' title='bbox 505 3842 704 3887; x_wconf 85' lang='lat' dir='ltr'><strong><em>nonest</em></strong></span> <span class='ocrx_word' id='word_1_328' title='bbox 725 3831 868 3886; x_wconf 90' lang='lat' dir='ltr'><strong><em>enim</em></strong></span> <span class='ocrx_word' id='word_1_329' title='bbox 893 3831 1184 3902; x_wconf 83' lang='lat' dir='ltr'><strong><em>temporale</em></strong></span> <span class='ocrx_word' id='word_1_330' title='bbox 1214 3830 1478 3902; x_wconf 87' lang='lat' dir='ltr'><strong><em>ﬂagellum</em></strong></span> <span class='ocrx_word' id='word_1_331' title='bbox 1500 3847 1706 3896; x_wconf 91' lang='lat' dir='ltr'><strong><em>eorum,</em></strong></span> <span class='ocrx_word' id='word_1_332' title='bbox 1741 3833 1835 3887; x_wconf 84' lang='lat' dir='ltr'><strong><em>sed</em></strong></span> <span class='ocrx_word' id='word_1_333' title='bbox 1882 3834 2092 3888; x_wconf 89' lang='lat' dir='ltr'><strong><em>ﬂrmum</em></strong></span> 
     </span>
    </p>
   </div>
   <div class='ocr_carea' id='block_1_40' title="bbox 501 3921 2096 3993">
    <p class='ocr_par' dir='ltr' id='par_1_40' title="bbox 501 3921 2096 3993">
     <span class='ocr_line' id='line_1_40' title="bbox 501 3921 2096 3993; baseline 0.003 -18"><span class='ocrx_word' id='word_1_334' title='bbox 501 3922 982 3990; x_wconf 79' lang='lat' dir='ltr'><strong><em>insempiternum.</em></strong></span> <span class='ocrx_word' id='word_1_335' title='bbox 1036 3921 1258 3988; x_wconf 88' lang='lat' dir='ltr'><strong><em>Propter</em></strong></span> <span class='ocrx_word' id='word_1_336' title='bbox 1303 3921 1419 3976; x_wconf 75' lang='lat' dir='ltr'><strong><em>ha-c</em></strong></span> <span class='ocrx_word' id='word_1_337' title='bbox 1474 3937 1604 3992; x_wconf 82' lang='lat' dir='ltr'><strong><em>ergo</em></strong></span> <span class='ocrx_word' id='word_1_338' title='bbox 1643 3923 1781 3977; x_wconf 89' lang='lat' dir='ltr'><strong><em>mala</em></strong></span> <span class='ocrx_word' id='word_1_339' title='bbox 1823 3939 1942 3993; x_wconf 72' lang='lat' dir='ltr'><strong><em>qua:</em></strong></span> <span class='ocrx_word' id='word_1_340' title='bbox 1991 3925 2096 3981; x_wconf 89' lang='lat' dir='ltr'><strong><em>illis</em></strong></span> 
     </span>
    </p>
   </div>
   <div class='ocr_carea' id='block_1_41' title="bbox 500 4011 2092 4083">
    <p class='ocr_par' dir='ltr' id='par_1_41' title="bbox 500 4011 2092 4083">
     <span class='ocr_line' id='line_1_41' title="bbox 500 4011 2092 4083; baseline 0.001 -15"><span class='ocrx_word' id='word_1_341' title='bbox 500 4022 701 4068; x_wconf 70' lang='lat' dir='ltr'><strong><em>aeterna</em></strong></span> <span class='ocrx_word' id='word_1_342' title='bbox 725 4012 896 4067; x_wconf 89' lang='lat' dir='ltr'><strong><em>futura</em></strong></span> <span class='ocrx_word' id='word_1_343' title='bbox 913 4021 1056 4075; x_wconf 85' lang='lat' dir='ltr'><strong><em>sunt,</em></strong></span> <span class='ocrx_word' id='word_1_344' title='bbox 1088 4012 1248 4066; x_wconf 85' lang='lat' dir='ltr'><strong><em>modo</em></strong></span> <span class='ocrx_word' id='word_1_345' title='bbox 1261 4013 1388 4083; x_wconf 89' lang='lat' dir='ltr'><strong><em>quid</em></strong></span> <span class='ocrx_word' id='word_1_346' title='bbox 1407 4013 1432 4066; x_wconf 77' lang='lat' dir='ltr'><strong><em>‘l</em></strong></span> <span class='ocrx_word' id='word_1_347' title='bbox 1460 4011 1526 4066; x_wconf 88' lang='lat' dir='ltr'><strong><em>In</em></strong></span> <span class='ocrx_word' id='word_1_348' title='bbox 1553 4013 1805 4068; x_wconf 77' lang='lat' dir='ltr'><strong><em>laboribus</em></strong></span> <span class='ocrx_word' id='word_1_349' title='bbox 1831 4016 2092 4068; x_wconf 78' lang='lat' dir='ltr'><strong><em>hominum</em></strong></span> 
     </span>
    </p>
   </div>
   <div class='ocr_carea' id='block_1_42' title="bbox 501 4104 2092 4176">
    <p class='ocr_par' dir='ltr' id='par_1_42' title="bbox 501 4104 2092 4176">
     <span class='ocr_line' id='line_1_42' title="bbox 501 4104 2092 4176; baseline 0.003 -18"><span class='ocrx_word' id='word_1_350' title='bbox 501 4120 606 4158; x_wconf 82' lang='lat' dir='ltr'><strong><em>non</em></strong></span> <span class='ocrx_word' id='word_1_351' title='bbox 630 4113 764 4166; x_wconf 86' lang='lat' dir='ltr'><strong><em>sunt,</em></strong></span> <span class='ocrx_word' id='word_1_352' title='bbox 788 4114 834 4158; x_wconf 89' lang='lat' dir='ltr'><strong><em>et</em></strong></span> <span class='ocrx_word' id='word_1_353' title='bbox 871 4121 984 4160; x_wconf 84' lang='lat' dir='ltr'><strong><em>cum</em></strong></span> <span class='ocrx_word' id='word_1_354' title='bbox 1010 4104 1292 4158; x_wconf 78' lang='lat' dir='ltr'><strong><em>hominibus</em></strong></span> <span class='ocrx_word' id='word_1_355' title='bbox 1331 4121 1432 4159; x_wconf 85' lang='lat' dir='ltr'><strong><em>non</em></strong></span> <span class='ocrx_word' id='word_1_356' title='bbox 1462 4105 1880 4176; x_wconf 79' lang='lat' dir='ltr'><strong><em>ﬂagellabantur.</em></strong></span> <span class='ocrx_word' id='word_1_357' title='bbox 1925 4109 2092 4164; x_wconf 86' lang='lat' dir='ltr'><strong><em>Num-</em></strong></span> 
     </span>
    </p>
   </div>
   <div class='ocr_carea' id='block_1_43' title="bbox 499 4193 2088 4270">
    <p class='ocr_par' dir='ltr' id='par_1_43' title="bbox 499 4193 2088 4270">
     <span class='ocr_line' id='line_1_43' title="bbox 499 4193 2088 4270; baseline 0.004 -22"><span class='ocrx_word' id='word_1_358' title='bbox 499 4193 628 4264; x_wconf 82' lang='lat' dir='ltr'><strong><em>quid</em></strong></span> <span class='ocrx_word' id='word_1_359' title='bbox 653 4204 709 4248; x_wconf 89' lang='lat' dir='ltr'><strong><em>et</em></strong></span> <span class='ocrx_word' id='word_1_360' title='bbox 735 4193 849 4264; x_wconf 85' lang='lat' dir='ltr'><strong><em>ipse</em></strong></span> <span class='ocrx_word' id='word_1_361' title='bbox 889 4194 1133 4249; x_wconf 88' lang='lat' dir='ltr'><strong><em>diabolus</em></strong></span> <span class='ocrx_word' id='word_1_362' title='bbox 1159 4211 1279 4249; x_wconf 90' lang='lat' dir='ltr'><strong><em>cum</em></strong></span> <span class='ocrx_word' id='word_1_363' title='bbox 1300 4195 1604 4250; x_wconf 87' lang='lat' dir='ltr'><strong><em>hominibus</em></strong></span> <span class='ocrx_word' id='word_1_364' title='bbox 1633 4212 1738 4252; x_wconf 87' lang='lat' dir='ltr'><strong><em>non</em></strong></span> <span class='ocrx_word' id='word_1_365' title='bbox 1770 4197 2088 4270; x_wconf 87' lang='lat' dir='ltr'><strong><em>ﬂagellatur,</em></strong></span> 
     </span>
    </p>
   </div>
   <div class='ocr_carea' id='block_1_44' title="bbox 499 4287 1808 4358">
    <p class='ocr_par' dir='ltr' id='par_1_44' title="bbox 499 4287 1808 4358">
     <span class='ocr_line' id='line_1_44' title="bbox 499 4287 1808 4358; baseline 0.002 -18"><span class='ocrx_word' id='word_1_366' title='bbox 499 4287 585 4340; x_wconf 90' lang='lat' dir='ltr'><strong><em>cui</em></strong></span> <span class='ocrx_word' id='word_1_367' title='bbox 613 4297 790 4342; x_wconf 89' lang='lat' dir='ltr'><strong><em>tamen</em></strong></span> <span class='ocrx_word' id='word_1_368' title='bbox 811 4299 1068 4341; x_wconf 71' lang='lat' dir='ltr'><strong><em>astermnn</em></strong></span> <span class='ocrx_word' id='word_1_369' title='bbox 1099 4287 1413 4357; x_wconf 77' lang='lat' dir='ltr'><strong><em>supplicium</em></strong></span> <span class='ocrx_word' id='word_1_370' title='bbox 1438 4290 1808 4358; x_wconf 65' lang='lat' dir='ltr'><strong><em>praeparatur?</em></strong></span> 
     </span>
    </p>
   </div>
   <div class='ocr_carea' id='block_1_45' title="bbox 573 4375 2089 4450">
    <p class='ocr_par' dir='ltr' id='par_1_45' title="bbox 573 4375 2089 4450">
     <span class='ocr_line' id='line_1_45' title="bbox 573 4375 2089 4450; baseline 0.005 -19"><span class='ocrx_word' id='word_1_371' title='bbox 573 4378 662 4433; x_wconf 81' lang='lat' dir='ltr'><strong><em>ll.</em></strong></span> <span class='ocrx_word' id='word_1_372' title='bbox 691 4375 714 4450; x_wconf 92' lang='lat'><strong>[</strong></span> <span class='ocrx_word' id='word_1_373' title='bbox 739 4393 868 4432; x_wconf 74' lang='lat' dir='ltr'><strong><em>vers.</em></strong></span> <span class='ocrx_word' id='word_1_374' title='bbox 896 4377 950 4433; x_wconf 88' lang='lat'><strong><em>6.</em></strong></span> <span class='ocrx_word' id='word_1_375' title='bbox 979 4375 999 4450; x_wconf 88' lang='lat'>]</span> <span class='ocrx_word' id='word_1_376' title='bbox 1027 4377 1313 4447; x_wconf 75' lang='lat' dir='ltr'><strong><em>Propterea</em></strong></span> <span class='ocrx_word' id='word_1_377' title='bbox 1336 4378 1461 4447; x_wconf 90' lang='lat' dir='ltr'><strong><em>quid</em></strong></span> <span class='ocrx_word' id='word_1_378' title='bbox 1517 4378 1641 4434; x_wconf 86' lang='lat' dir='ltr'><strong><em>hinc</em></strong></span> <span class='ocrx_word' id='word_1_379' title='bbox 1680 4380 1788 4444; x_wconf 85' lang='lat' dir='ltr'><strong><em>isti,</em></strong></span> <span class='ocrx_word' id='word_1_380' title='bbox 1833 4378 1960 4435; x_wconf 91' lang='lat' dir='ltr'><strong><em>dum</em></strong></span> <span class='ocrx_word' id='word_1_381' title='bbox 1983 4397 2089 4438; x_wconf 90' lang='lat' dir='ltr'><strong><em>non</em></strong></span> 
     </span>
    </p>
   </div>
   <div class='ocr_carea' id='block_1_46' title="bbox 499 4466 2087 4538">
    <p class='ocr_par' dir='ltr' id='par_1_46' title="bbox 499 4466 2087 4538">
     <span class='ocr_line' id='line_1_46' title="bbox 499 4466 2087 4538; baseline 0.004 -16"><span class='ocrx_word' id='word_1_382' title='bbox 499 4466 848 4538; x_wconf 81' lang='lat' dir='ltr'><strong><em>ﬂagellantur,</em></strong></span> <span class='ocrx_word' id='word_1_383' title='bbox 872 4469 998 4523; x_wconf 91' lang='lat' dir='ltr'><strong><em>dum</em></strong></span> <span class='ocrx_word' id='word_1_384' title='bbox 1029 4483 1134 4524; x_wconf 91' lang='lat' dir='ltr'><strong><em>non</em></strong></span> <span class='ocrx_word' id='word_1_385' title='bbox 1159 4469 1399 4524; x_wconf 83' lang='lat' dir='ltr'><strong><em>laborant</em></strong></span> <span class='ocrx_word' id='word_1_386' title='bbox 1425 4485 1545 4524; x_wconf 91' lang='lat' dir='ltr'><strong><em>cum</em></strong></span> <span class='ocrx_word' id='word_1_387' title='bbox 1562 4469 1867 4526; x_wconf 86' lang='lat' dir='ltr'><strong><em>hominibus</em></strong></span> <span class='ocrx_word' id='word_1_388' title='bbox 1891 4471 1915 4525; x_wconf 89' lang='lat'><strong>?</strong></span> <span class='ocrx_word' id='word_1_389' title='bbox 1939 4471 2087 4538; x_wconf 77' lang='lat' dir='ltr'><strong><em>Ideo,</em></strong></span> 
     </span>
    </p>
   </div>
   <div class='ocr_carea' id='block_1_47' title="bbox 499 4560 2087 4633">
    <p class='ocr_par' dir='ltr' id='par_1_47' title="bbox 499 4560 2087 4633">
     <span class='ocr_line' id='line_1_47' title="bbox 499 4560 2087 4633; baseline 0.006 -21"><span class='ocrx_word' id='word_1_390' title='bbox 499 4561 685 4629; x_wconf 83' lang='lat' dir='ltr'><strong><em>inquit,</em></strong></span> <span class='ocrx_word' id='word_1_391' title='bbox 709 4560 918 4614; x_wconf 86' lang='lat' dir='ltr'><strong><em>obtinuit</em></strong></span> <span class='ocrx_word' id='word_1_392' title='bbox 943 4576 1026 4614; x_wconf 84' lang='lat' dir='ltr'><strong><em>eos</em></strong></span> <span class='ocrx_word' id='word_1_393' title='bbox 1062 4560 1313 4629; x_wconf 83' lang='lat' dir='ltr'><strong><em>superbia.</em></strong></span> <span class='ocrx_word' id='word_1_394' title='bbox 1361 4561 1592 4618; x_wconf 85' lang='lat' dir='ltr'><strong><em>Attende</em></strong></span> <span class='ocrx_word' id='word_1_395' title='bbox 1643 4561 1762 4617; x_wconf 87' lang='lat' dir='ltr'><strong><em>illos</em></strong></span> <span class='ocrx_word' id='word_1_396' title='bbox 1807 4565 2087 4633; x_wconf 89' lang='lat' dir='ltr'><strong><em>superbos,</em></strong></span> 
     </span>
    </p>
   </div>
   <div class='ocr_carea' id='block_1_48' title="bbox 499 4651 2085 4724">
    <p class='ocr_par' dir='ltr' id='par_1_48' title="bbox 499 4651 2085 4724">
     <span class='ocr_line' id='line_1_48' title="bbox 499 4651 2085 4724; baseline 0.002 -15"><span class='ocrx_word' id='word_1_397' title='bbox 499 4651 965 4723; x_wconf 83' lang='lat' dir='ltr'><strong><em>indisciplinatos;</em></strong></span> <span class='ocrx_word' id='word_1_398' title='bbox 1010 4655 1227 4708; x_wconf 87' lang='lat' dir='ltr'><strong><em>attende</em></strong></span> <span class='ocrx_word' id='word_1_399' title='bbox 1277 4663 1484 4708; x_wconf 88' lang='lat' dir='ltr'><strong><em>taurum</em></strong></span> <span class='ocrx_word' id='word_1_400' title='bbox 1539 4655 1788 4710; x_wconf 89' lang='lat' dir='ltr'><strong><em>devotum</em></strong></span> <span class='ocrx_word' id='word_1_401' title='bbox 1834 4657 2085 4724; x_wconf 78' lang='lat' dir='ltr'><strong><em>victimze,</em></strong></span> 
     </span>
    </p>
   </div>
   <div class='ocr_carea' id='block_1_49' title="bbox 498 4745 2089 4822">
    <p class='ocr_par' dir='ltr' id='par_1_49' title="bbox 498 4745 2089 4822">
     <span class='ocr_line' id='line_1_49' title="bbox 498 4745 2089 4822; baseline 0.006 -23"><span class='ocrx_word' id='word_1_402' title='bbox 498 4745 817 4815; x_wconf 87' lang='lat' dir='ltr'><strong><em>permissum</em></strong></span> <span class='ocrx_word' id='word_1_403' title='bbox 833 4761 1014 4800; x_wconf 89' lang='lat' dir='ltr'><strong><em>errare</em></strong></span> <span class='ocrx_word' id='word_1_404' title='bbox 1038 4747 1222 4808; x_wconf 87' lang='lat' dir='ltr'><strong><em>libere.</em></strong></span> <span class='ocrx_word' id='word_1_405' title='bbox 1247 4757 1302 4802; x_wconf 86' lang='lat' dir='ltr'><strong><em>et</em></strong></span> <span class='ocrx_word' id='word_1_406' title='bbox 1321 4757 1531 4802; x_wconf 78' lang='lat' dir='ltr'><strong><em>vastare</em></strong></span> <span class='ocrx_word' id='word_1_407' title='bbox 1555 4763 1676 4819; x_wconf 78' lang='lat' dir='ltr'><strong><em>qua:</em></strong></span> <span class='ocrx_word' id='word_1_408' title='bbox 1704 4760 1899 4819; x_wconf 86' lang='lat' dir='ltr'><strong><em>potest,</em></strong></span> <span class='ocrx_word' id='word_1_409' title='bbox 1922 4767 2089 4822; x_wconf 88' lang='lat' dir='ltr'><strong><em>usque</em></strong></span> 
     </span>
    </p>
   </div>
   <div class='ocr_carea' id='block_1_50' title="bbox 497 4836 2087 4910">
    <p class='ocr_par' dir='ltr' id='par_1_50' title="bbox 497 4836 2087 4910">
     <span class='ocr_line' id='line_1_50' title="bbox 497 4836 2087 4910; baseline 0.004 -21"><span class='ocrx_word' id='word_1_410' title='bbox 497 4837 562 4890; x_wconf 90' lang='lat' dir='ltr'><strong><em>ad</em></strong></span> <span class='ocrx_word' id='word_1_411' title='bbox 591 4837 729 4891; x_wconf 84' lang='lat' dir='ltr'><strong><em>diem</em></strong></span> <span class='ocrx_word' id='word_1_412' title='bbox 749 4837 1053 4892; x_wconf 87' lang='lat' dir='ltr'><strong><em>occisionis.</em></strong></span> <span class='ocrx_word' id='word_1_413' title='bbox 1079 4836 1193 4891; x_wconf 76' lang='lat' dir='ltr'><strong><em>iam</em></strong></span> <span class='ocrx_word' id='word_1_414' title='bbox 1238 4838 1434 4892; x_wconf 87' lang='lat' dir='ltr'><strong><em>bonum</em></strong></span> <span class='ocrx_word' id='word_1_415' title='bbox 1483 4849 1586 4905; x_wconf 91' lang='lat' dir='ltr'><strong><em>est,</em></strong></span> <span class='ocrx_word' id='word_1_416' title='bbox 1631 4839 1843 4906; x_wconf 87' lang='lat' dir='ltr'><strong><em>fratres,</em></strong></span> <span class='ocrx_word' id='word_1_417' title='bbox 1874 4843 1925 4895; x_wconf 91' lang='lat' dir='ltr'><strong><em>in</em></strong></span> <span class='ocrx_word' id='word_1_418' title='bbox 1956 4842 2087 4910; x_wconf 92' lang='lat' dir='ltr'><strong><em>ipsis</em></strong></span> 
     </span>
    </p>
   </div>
   <div class='ocr_carea' id='block_1_51' title="bbox 496 4927 2087 5002">
    <p class='ocr_par' dir='ltr' id='par_1_51' title="bbox 496 4927 2087 5002">
     <span class='ocr_line' id='line_1_51' title="bbox 496 4927 2087 5002; baseline 0.005 -20"><span class='ocrx_word' id='word_1_419' title='bbox 496 4927 778 4996; x_wconf 60' lang='lat' dir='ltr'><strong><em>Prophetas</em></strong></span> <span class='ocrx_word' id='word_1_420' title='bbox 824 4929 1000 4985; x_wconf 86' lang='lat' dir='ltr'><strong><em>verbis</em></strong></span> <span class='ocrx_word' id='word_1_421' title='bbox 1040 4930 1321 4986; x_wconf 86' lang='lat' dir='ltr'><strong><em>audiamus</em></strong></span> <span class='ocrx_word' id='word_1_422' title='bbox 1374 4930 1516 4986; x_wconf 82' lang='lat' dir='ltr'><strong><em>hunc</em></strong></span> <span class='ocrx_word' id='word_1_423' title='bbox 1554 4933 1703 5002; x_wconf 89' lang='lat' dir='ltr'><strong><em>quasi</em></strong></span> <span class='ocrx_word' id='word_1_424' title='bbox 1755 4944 1962 4988; x_wconf 90' lang='lat' dir='ltr'><strong><em>taurum</em></strong></span> <span class='ocrx_word' id='word_1_425' title='bbox 2017 4935 2087 4990; x_wconf 91' lang='lat' dir='ltr'><strong><em>de</em></strong></span> 
     </span>
    </p>
   </div>
   <div class='ocr_carea' id='block_1_52' title="bbox 494 5021 2085 5093">
    <p class='ocr_par' dir='ltr' id='par_1_52' title="bbox 494 5021 2085 5093">
     <span class='ocr_line' id='line_1_52' title="bbox 494 5021 2085 5093; baseline 0.006 -21"><span class='ocrx_word' id='word_1_426' title='bbox 494 5036 601 5089; x_wconf 84' lang='lat' dir='ltr'><strong><em>quo</em></strong></span> <span class='ocrx_word' id='word_1_427' title='bbox 629 5021 756 5075; x_wconf 78' lang='lat' dir='ltr'><strong><em>dixi.</em></strong></span> <span class='ocrx_word' id='word_1_428' title='bbox 780 5022 868 5076; x_wconf 86' lang='lat' dir='ltr'><strong><em>Sic</em></strong></span> <span class='ocrx_word' id='word_1_429' title='bbox 885 5021 1026 5077; x_wconf 91' lang='lat' dir='ltr'><strong><em>enim</em></strong></span> <span class='ocrx_word' id='word_1_430' title='bbox 1046 5023 1190 5075; x_wconf 88' lang='lat' dir='ltr'><strong><em>illum</em></strong></span> <span class='ocrx_word' id='word_1_431' title='bbox 1222 5033 1274 5077; x_wconf 92' lang='lat' dir='ltr'><strong><em>ct</em></strong></span> <span class='ocrx_word' id='word_1_432' title='bbox 1304 5023 1426 5076; x_wconf 85' lang='lat' dir='ltr'><strong><em>alibi</em></strong></span> <span class='ocrx_word' id='word_1_433' title='bbox 1455 5024 1726 5093; x_wconf 80' lang='lat' dir='ltr'><strong><em>Scriptura</em></strong></span> <span class='ocrx_word' id='word_1_434' title='bbox 1755 5041 2085 5081; x_wconf 84' lang='lat' dir='ltr'><strong><em>commemo-</em></strong></span> 
     </span>
    </p>
   </div>
   <div class='ocr_carea' id='block_1_53' title="bbox 493 5112 2085 5184">
    <p class='ocr_par' dir='ltr' id='par_1_53' title="bbox 493 5112 2085 5184">
     <span class='ocr_line' id='line_1_53' title="bbox 493 5112 2085 5184; baseline 0.003 -18"><span class='ocrx_word' id='word_1_435' title='bbox 493 5121 610 5166; x_wconf 85' lang='lat' dir='ltr'><strong><em>rat:</em></strong></span> <span class='ocrx_word' id='word_1_436' title='bbox 641 5112 771 5166; x_wconf 89' lang='lat' dir='ltr'><strong><em>dicit</em></strong></span> <span class='ocrx_word' id='word_1_437' title='bbox 797 5126 892 5167; x_wconf 89' lang='lat' dir='ltr'><strong><em>eos</em></strong></span> <span class='ocrx_word' id='word_1_438' title='bbox 918 5121 1167 5182; x_wconf 84' lang='lat' dir='ltr'><strong><em>tanquam</em></strong></span> <span class='ocrx_word' id='word_1_439' title='bbox 1217 5113 1283 5166; x_wconf 89' lang='lat' dir='ltr'><strong><em>ad</em></strong></span> <span class='ocrx_word' id='word_1_440' title='bbox 1316 5113 1589 5168; x_wconf 88' lang='lat' dir='ltr'><strong><em>victimam</em></strong></span> <span class='ocrx_word' id='word_1_441' title='bbox 1635 5126 1977 5184; x_wconf 69' lang='lat' dir='ltr'><strong><em>praeparatos,</em></strong></span> <span class='ocrx_word' id='word_1_442' title='bbox 2027 5125 2085 5171; x_wconf 90' lang='lat' dir='ltr'><strong><em>et</em></strong></span> 
     </span>
    </p>
   </div>
   <div class='ocr_carea' id='block_1_54' title="bbox 495 5203 2081 5279">
    <p class='ocr_par' dir='ltr' id='par_1_54' title="bbox 495 5203 2081 5279">
     <span class='ocr_line' id='line_1_54' title="bbox 495 5203 2081 5279; baseline 0.004 -24"><span class='ocrx_word' id='word_1_443' title='bbox 495 5204 640 5275; x_wconf 85' lang='lat' dir='ltr'><strong><em>parci</em></strong></span> <span class='ocrx_word' id='word_1_444' title='bbox 669 5205 747 5258; x_wconf 83' lang='lat' dir='ltr'><strong><em>eis</em></strong></span> <span class='ocrx_word' id='word_1_445' title='bbox 767 5204 832 5257; x_wconf 88' lang='lat' dir='ltr'><strong><em>ad</em></strong></span> <span class='ocrx_word' id='word_1_446' title='bbox 865 5205 1058 5258; x_wconf 89' lang='lat' dir='ltr'><strong><em>malam</em></strong></span> <span class='ocrx_word' id='word_1_447' title='bbox 1089 5205 1388 5259; x_wconf 88' lang='lat' dir='ltr'><strong><em>libertatem</em></strong></span> <span class='ocrx_word' id='word_1_448' title='bbox 1415 5205 1434 5276; x_wconf 90' lang='lat'><strong>(</strong></span> <span class='ocrx_word' id='word_1_449' title='bbox 1466 5203 1620 5260; x_wconf 83' lang='lat' dir='ltr'><strong><em>Prov.</em></strong></span> <span class='ocrx_word' id='word_1_450' title='bbox 1649 5222 1743 5269; x_wconf 87' lang='lat' dir='ltr'><strong><em>vu,</em></strong></span> <span class='ocrx_word' id='word_1_451' title='bbox 1767 5207 1838 5260; x_wconf 65' lang='lat'><strong><em>2‘2</em></strong></span> <span class='ocrx_word' id='word_1_452' title='bbox 1865 5206 1904 5279; x_wconf 93' lang='lat'><strong><em>).</em></strong></span> <span class='ocrx_word' id='word_1_453' title='bbox 1936 5207 2081 5271; x_wconf 86' lang='lat' dir='ltr'><strong><em>Ideo,</em></strong></span> 
     </span>
    </p>
   </div>
   <div class='ocr_carea' id='block_1_55' title="bbox 495 5295 2086 5362">
    <p class='ocr_par' dir='ltr' id='par_1_55' title="bbox 495 5295 2086 5362">
     <span class='ocr_line' id='line_1_55' title="bbox 495 5295 2086 5362; baseline 0.001 -14"><span class='ocrx_word' id='word_1_454' title='bbox 495 5295 647 5356; x_wconf 74' lang='lat' dir='ltr'><strong><em>dixit,</em></strong></span> <span class='ocrx_word' id='word_1_455' title='bbox 677 5295 888 5348; x_wconf 87' lang='lat' dir='ltr'><strong><em>obtinuit</em></strong></span> <span class='ocrx_word' id='word_1_456' title='bbox 913 5310 997 5348; x_wconf 85' lang='lat' dir='ltr'><strong><em>eos</em></strong></span> <span class='ocrx_word' id='word_1_457' title='bbox 1030 5295 1284 5360; x_wconf 86' lang='lat' dir='ltr'><strong><em>superbia.</em></strong></span> <span class='ocrx_word' id='word_1_458' title='bbox 1309 5295 1442 5362; x_wconf 87' lang='lat' dir='ltr'><strong><em>Quid</em></strong></span> <span class='ocrx_word' id='word_1_459' title='bbox 1470 5305 1571 5358; x_wconf 90' lang='lat' dir='ltr'><strong><em>est,</em></strong></span> <span class='ocrx_word' id='word_1_460' title='bbox 1609 5296 1826 5349; x_wconf 88' lang='lat' dir='ltr'><strong><em>obtinuit</em></strong></span> <span class='ocrx_word' id='word_1_461' title='bbox 1873 5315 1955 5352; x_wconf 86' lang='lat' dir='ltr'><strong><em>eos</em></strong></span> <span class='ocrx_word' id='word_1_462' title='bbox 1998 5316 2086 5351; x_wconf 85' lang='lat' dir='ltr'><strong><em>su-</em></strong></span> 
     </span>
    </p>
   </div>
   <div class='ocr_carea' id='block_1_56' title="bbox 493 5384 2077 5457">
    <p class='ocr_par' dir='ltr' id='par_1_56' title="bbox 493 5384 2077 5457">
     <span class='ocr_line' id='line_1_56' title="bbox 493 5384 2077 5457; baseline 0.003 -18"><span class='ocrx_word' id='word_1_463' title='bbox 493 5385 665 5457; x_wconf 83' lang='lat' dir='ltr'><strong><em>perbia</em></strong></span> <span class='ocrx_word' id='word_1_464' title='bbox 688 5386 713 5440; x_wconf 66' lang='lat'><strong><em>2</em></strong></span> <span class='ocrx_word' id='word_1_465' title='bbox 750 5384 1121 5438; x_wconf 86' lang='lat' dir='ltr'><strong><em>Circumamicti</em></strong></span> <span class='ocrx_word' id='word_1_466' title='bbox 1148 5394 1266 5439; x_wconf 83' lang='lat' dir='ltr'><strong><em>sunt</em></strong></span> <span class='ocrx_word' id='word_1_467' title='bbox 1309 5385 1576 5455; x_wconf 82' lang='lat' dir='ltr'><strong><em>iniquitate</em></strong></span> <span class='ocrx_word' id='word_1_468' title='bbox 1615 5397 1665 5440; x_wconf 86' lang='lat' dir='ltr'><strong><em>et</em></strong></span> <span class='ocrx_word' id='word_1_469' title='bbox 1691 5387 1946 5457; x_wconf 78' lang='lat' dir='ltr'><strong><em>impietate</em></strong></span> <span class='ocrx_word' id='word_1_470' title='bbox 1964 5407 2077 5443; x_wconf 83' lang='lat' dir='ltr'><strong><em>sua.</em></strong></span> 
     </span>
    </p>
   </div>
   <div class='ocr_carea' id='block_1_57' title="bbox 493 5477 2080 5552">
    <p class='ocr_par' dir='ltr' id='par_1_57' title="bbox 493 5477 2080 5552">
     <span class='ocr_line' id='line_1_57' title="bbox 493 5477 2080 5552; baseline 0.003 -18"><span class='ocrx_word' id='word_1_471' title='bbox 493 5477 609 5534; x_wconf 79' lang='lat' dir='ltr'><strong><em>Non</em></strong></span> <span class='ocrx_word' id='word_1_472' title='bbox 639 5478 794 5542; x_wconf 80' lang='lat' dir='ltr'><strong><em>dixit,</em></strong></span> <span class='ocrx_word' id='word_1_473' title='bbox 819 5478 940 5535; x_wconf 78' lang='lat' dir='ltr'><strong><em>lecti</em></strong></span> <span class='ocrx_word' id='word_1_474' title='bbox 973 5495 988 5543; x_wconf 87' lang='lat'><strong>;</strong></span> <span class='ocrx_word' id='word_1_475' title='bbox 1018 5477 1134 5545; x_wconf 83' lang='lat' dir='ltr'><strong><em>sed,</em></strong></span> <span class='ocrx_word' id='word_1_476' title='bbox 1163 5478 1548 5545; x_wconf 87' lang='lat' dir='ltr'><strong><em>circumamicti,</em></strong></span> <span class='ocrx_word' id='word_1_477' title='bbox 1583 5480 1817 5550; x_wconf 86' lang='lat' dir='ltr'><strong><em>undique</em></strong></span> <span class='ocrx_word' id='word_1_478' title='bbox 1843 5482 2080 5552; x_wconf 77' lang='lat' dir='ltr'><strong><em>COOpcrti</em></strong></span> 
     </span>
    </p>
   </div>
   <div class='ocr_carea' id='block_1_58' title="bbox 555 5652 1385 5710">
    <p class='ocr_par' dir='ltr' id='par_1_58' title="bbox 555 5652 1385 5710">
     <span class='ocr_line' id='line_1_58' title="bbox 555 5652 1385 5710; baseline 0 -10"><span class='ocrx_word' id='word_1_479' title='bbox 555 5653 570 5682; x_wconf 84' lang='lat'><strong>&#39;</strong></span> <span class='ocrx_word' id='word_1_480' title='bbox 596 5657 728 5710; x_wconf 63' lang='lat' dir='ltr'><strong><em>Mss,</em></strong></span> <span class='ocrx_word' id='word_1_481' title='bbox 749 5663 842 5701; x_wconf 83' lang='lat' dir='ltr'><strong><em>non</em></strong></span> <span class='ocrx_word' id='word_1_482' title='bbox 865 5657 1097 5710; x_wconf 85' lang='lat' dir='ltr'><strong><em>mutatur,</em></strong></span> <span class='ocrx_word' id='word_1_483' title='bbox 1115 5652 1201 5702; x_wconf 87' lang='lat' dir='ltr'><strong><em>sed</em></strong></span> <span class='ocrx_word' id='word_1_484' title='bbox 1218 5657 1385 5702; x_wconf 75' lang='lat' dir='ltr'><strong><em>mum.</em></strong></span> 
     </span>
    </p>
   </div>
   <div class='ocr_carea' id='block_1_59' title="bbox 553 5713 1686 5786">
    <p class='ocr_par' dir='ltr' id='par_1_59' title="bbox 553 5713 1686 5786">
     <span class='ocr_line' id='line_1_59' title="bbox 553 5713 1686 5786; baseline 0.003 -25"><span class='ocrx_word' id='word_1_485' title='bbox 553 5717 576 5786; x_wconf 69' lang='grc' dir='ltr'><strong>ξ</strong></span> <span class='ocrx_word' id='word_1_486' title='bbox 599 5715 674 5786; x_wconf 72' lang='lat' dir='ltr'><strong><em>sic</em></strong></span> <span class='ocrx_word' id='word_1_487' title='bbox 695 5719 769 5786; x_wconf 74' lang='lat' dir='ltr'><strong><em>Er.</em></strong></span> <span class='ocrx_word' id='word_1_488' title='bbox 792 5721 844 5786; x_wconf 69' lang='lat' dir='ltr'><strong><em>et</em></strong></span> <span class='ocrx_word' id='word_1_489' title='bbox 861 5720 965 5762; x_wconf 79' lang='lat' dir='ltr'><strong><em>uss.</em></strong></span> <span class='ocrx_word' id='word_1_490' title='bbox 994 5722 1056 5786; x_wconf 69' lang='lat' dir='ltr'><strong><em>at</em></strong></span> <span class='ocrx_word' id='word_1_491' title='bbox 1071 5721 1203 5786; x_wconf 68' lang='lat' dir='ltr'><strong><em>Iov,</em></strong></span> <span class='ocrx_word' id='word_1_492' title='bbox 1226 5715 1311 5764; x_wconf 82' lang='lat' dir='ltr'><strong><em>sed</em></strong></span> <span class='ocrx_word' id='word_1_493' title='bbox 1328 5727 1487 5786; x_wconf 75' lang='lat' dir='ltr'><strong><em>quare</em></strong></span> <span class='ocrx_word' id='word_1_494' title='bbox 1497 5713 1564 5764; x_wconf 86' lang='lat' dir='ltr'><strong><em>ad</em></strong></span> <span class='ocrx_word' id='word_1_495' title='bbox 1582 5714 1686 5786; x_wconf 61' lang='lat' dir='ltr'><strong><em>hoc.</em></strong></span> 
     </span>
    </p>
   </div>
   <div class='ocr_carea' id='block_1_60' title="bbox 554 5775 1690 5841">
    <p class='ocr_par' dir='ltr' id='par_1_60' title="bbox 554 5775 1690 5841">
     <span class='ocr_line' id='line_1_60' title="bbox 554 5775 1690 5841; baseline 0.003 -16"><span class='ocrx_word' id='word_1_496' title='bbox 554 5775 574 5807; x_wconf 77' lang='lat'><strong><em>‘</em></strong></span> <span class='ocrx_word' id='word_1_497' title='bbox 591 5776 779 5839; x_wconf 69' lang='lat' dir='ltr'><strong><em>Aliquot</em></strong></span> <span class='ocrx_word' id='word_1_498' title='bbox 927 5784 1206 5827; x_wconf 79' lang='lat' dir='ltr'><strong><em>constamer</em></strong></span> <span class='ocrx_word' id='word_1_499' title='bbox 1229 5775 1511 5841; x_wconf 55' lang='lat' dir='ltr'><strong><em>praeierunt,</em></strong></span> <span class='ocrx_word' id='word_1_500' title='bbox 1535 5777 1690 5829; x_wconf 81' lang='lat' dir='ltr'><strong><em>morti.</em></strong></span> 
     </span>
    </p>
   </div>
   <div class='ocr_carea' id='block_1_61' title="bbox 1707 315 2514 380">
    <p class='ocr_par' dir='ltr' id='par_1_61' title="bbox 1707 315 2514 380">
     <span class='ocr_line' id='line_1_61' title="bbox 1707 315 2514 380; baseline -0.007 -2"><span class='ocrx_word' id='word_1_501' title='bbox 1707 325 1763 378; x_wconf 90' lang='lat' dir='ltr'><strong>S.</strong></span> <span class='ocrx_word' id='word_1_502' title='bbox 1807 315 2171 380; x_wconf 61' lang='lat' dir='ltr'><strong><em>AUliUS&#39;l&#39;lNl</em></strong></span> <span class='ocrx_word' id='word_1_503' title='bbox 2211 318 2514 375; x_wconf 79' lang='lat' dir='ltr'><strong><em>EPISCOPI</em></strong></span> 
     </span>
    </p>
   </div>
   <div class='ocr_carea' id='block_1_62' title="bbox 3677 325 3782 382">
    <p class='ocr_par' dir='ltr' id='par_1_62' title="bbox 3677 325 3782 382">
     <span class='ocr_line' id='line_1_62' title="bbox 3677 325 3782 382; baseline 0 -2"><span class='ocrx_word' id='word_1_504' title='bbox 3677 325 3782 382; x_wconf 71' lang='lat'><strong><em>920</em></strong></span> 
     </span>
    </p>
   </div>
   <div class='ocr_carea' id='block_1_63' title="bbox 2201 435 3784 503">
    <p class='ocr_par' dir='ltr' id='par_1_63' title="bbox 2201 435 3784 503">
     <span class='ocr_line' id='line_1_63' title="bbox 2201 435 3784 503; baseline 0.006 -17"><span class='ocrx_word' id='word_1_505' title='bbox 2201 435 2471 503; x_wconf 75' lang='lat' dir='ltr'><strong><em>impietate</em></strong></span> <span class='ocrx_word' id='word_1_506' title='bbox 2511 450 2627 488; x_wconf 90' lang='lat' dir='ltr'><strong><em>sua.</em></strong></span> <span class='ocrx_word' id='word_1_507' title='bbox 2675 436 2860 491; x_wconf 82' lang='lat' dir='ltr'><strong><em>Merito</em></strong></span> <span class='ocrx_word' id='word_1_508' title='bbox 2901 437 3081 492; x_wconf 87' lang='lat' dir='ltr'><strong><em>miseri</em></strong></span> <span class='ocrx_word' id='word_1_509' title='bbox 3107 453 3208 494; x_wconf 91' lang='lat' dir='ltr'><strong><em>ncc</em></strong></span> <span class='ocrx_word' id='word_1_510' title='bbox 3238 438 3438 503; x_wconf 86' lang='lat' dir='ltr'><strong><em>vident,</em></strong></span> <span class='ocrx_word' id='word_1_511' title='bbox 3478 455 3579 496; x_wconf 83' lang='lat' dir='ltr'><strong><em>nec</em></strong></span> <span class='ocrx_word' id='word_1_512' title='bbox 3601 441 3784 496; x_wconf 80' lang='lat' dir='ltr'><strong><em>viden-</em></strong></span> 
     </span>
    </p>
   </div>
   <div class='ocr_carea' id='block_1_64' title="bbox 2198 527 3782 596">
    <p class='ocr_par' dir='ltr' id='par_1_64' title="bbox 2198 527 3782 596">
     <span class='ocr_line' id='line_1_64' title="bbox 2198 527 3782 596; baseline 0.006 -17"><span class='ocrx_word' id='word_1_513' title='bbox 2198 537 2300 590; x_wconf 88' lang='lat' dir='ltr'><strong><em>tur,</em></strong></span> <span class='ocrx_word' id='word_1_514' title='bbox 2328 527 2450 596; x_wconf 90' lang='lat' dir='ltr'><strong><em>quia</em></strong></span> <span class='ocrx_word' id='word_1_515' title='bbox 2486 527 2866 583; x_wconf 89' lang='lat' dir='ltr'><strong><em>circumamicti</em></strong></span> <span class='ocrx_word' id='word_1_516' title='bbox 2898 541 3041 593; x_wconf 85' lang='lat' dir='ltr'><strong><em>sunt,</em></strong></span> <span class='ocrx_word' id='word_1_517' title='bbox 3072 547 3169 585; x_wconf 88' lang='lat' dir='ltr'><strong><em>nec</em></strong></span> <span class='ocrx_word' id='word_1_518' title='bbox 3223 531 3472 587; x_wconf 80' lang='lat' dir='ltr'><strong><em>videntur</em></strong></span> <span class='ocrx_word' id='word_1_519' title='bbox 3526 533 3782 589; x_wconf 86' lang='lat' dir='ltr'><strong><em>interiora</em></strong></span> 
     </span>
    </p>
   </div>
   <div class='ocr_carea' id='block_1_65' title="bbox 2194 617 3785 695">
    <p class='ocr_par' dir='ltr' id='par_1_65' title="bbox 2194 617 3785 695">
     <span class='ocr_line' id='line_1_65' title="bbox 2194 617 3785 695; baseline 0.006 -24"><span class='ocrx_word' id='word_1_520' title='bbox 2194 632 2401 671; x_wconf 89' lang='lat' dir='ltr'><strong><em>eorum.</em></strong></span> <span class='ocrx_word' id='word_1_521' title='bbox 2434 617 2564 673; x_wconf 77' lang='lat' dir='ltr'><strong><em>Nam</em></strong></span> <span class='ocrx_word' id='word_1_522' title='bbox 2593 618 2836 690; x_wconf 78' lang='lat' dir='ltr'><strong><em>quiSquis</em></strong></span> <span class='ocrx_word' id='word_1_523' title='bbox 2862 621 3119 674; x_wconf 86' lang='lat' dir='ltr'><strong><em>malorum</em></strong></span> <span class='ocrx_word' id='word_1_524' title='bbox 3153 621 3447 685; x_wconf 85' lang='lat' dir='ltr'><strong><em>hominum.</em></strong></span> <span class='ocrx_word' id='word_1_525' title='bbox 3490 627 3641 695; x_wconf 87' lang='lat' dir='ltr'><strong><em>quasi</em></strong></span> <span class='ocrx_word' id='word_1_526' title='bbox 3663 626 3785 681; x_wconf 67' lang='lat' dir='ltr'><strong><em>fcli«</em></strong></span> 
     </span>
    </p>
   </div>
   <div class='ocr_carea' id='block_1_66' title="bbox 2195 709 3786 786">
    <p class='ocr_par' dir='ltr' id='par_1_66' title="bbox 2195 709 3786 786">
     <span class='ocr_line' id='line_1_66' title="bbox 2195 709 3786 786; baseline 0.008 -24"><span class='ocrx_word' id='word_1_527' title='bbox 2195 710 2334 762; x_wconf 90' lang='lat' dir='ltr'><strong><em>cium</em></strong></span> <span class='ocrx_word' id='word_1_528' title='bbox 2361 709 2654 764; x_wconf 89' lang='lat' dir='ltr'><strong><em>secundum</em></strong></span> <span class='ocrx_word' id='word_1_529' title='bbox 2687 721 2917 779; x_wconf 84' lang='lat' dir='ltr'><strong><em>tempus,</em></strong></span> <span class='ocrx_word' id='word_1_530' title='bbox 2947 712 3196 767; x_wconf 88' lang='lat' dir='ltr'><strong><em>interiora</em></strong></span> <span class='ocrx_word' id='word_1_531' title='bbox 3225 712 3560 784; x_wconf 82' lang='lat' dir='ltr'><strong><em>conspiceret</em></strong></span> <span class='ocrx_word' id='word_1_532' title='bbox 3590 733 3606 782; x_wconf 91' lang='lat'><strong>;</strong></span> <span class='ocrx_word' id='word_1_533' title='bbox 3638 719 3786 786; x_wconf 75' lang='lat' dir='ltr'><strong><em>quis-</em></strong></span> 
     </span>
    </p>
   </div>
   <div class='ocr_carea' id='block_1_67' title="bbox 2195 807 3788 880">
    <p class='ocr_par' dir='ltr' id='par_1_67' title="bbox 2195 807 3788 880">
     <span class='ocr_line' id='line_1_67' title="bbox 2195 807 3788 880; baseline 0.006 -26"><span class='ocrx_word' id='word_1_534' title='bbox 2195 807 2312 876; x_wconf 87' lang='lat' dir='ltr'><strong><em>quis</em></strong></span> <span class='ocrx_word' id='word_1_535' title='bbox 2337 824 2522 860; x_wconf 86' lang='lat' dir='ltr'><strong><em>eorum</em></strong></span> <span class='ocrx_word' id='word_1_536' title='bbox 2546 808 2747 863; x_wconf 78' lang='lat' dir='ltr'><strong><em>videret</em></strong></span> <span class='ocrx_word' id='word_1_537' title='bbox 2782 818 2960 863; x_wconf 88' lang='lat' dir='ltr'><strong><em>truces</em></strong></span> <span class='ocrx_word' id='word_1_538' title='bbox 2983 811 3336 865; x_wconf 85' lang='lat' dir='ltr'><strong><em>ccnscientias</em></strong></span> <span class='ocrx_word' id='word_1_539' title='bbox 3359 850 3375 875; x_wconf 90' lang='lat'><strong><em>,</em></strong></span> <span class='ocrx_word' id='word_1_540' title='bbox 3405 809 3646 880; x_wconf 77' lang='lat' dir='ltr'><strong><em>quisquis</em></strong></span> <span class='ocrx_word' id='word_1_541' title='bbox 3669 811 3788 864; x_wconf 83' lang='lat' dir='ltr'><strong><em>ani-</em></strong></span> 
     </span>
    </p>
   </div>
   <div class='ocr_carea' id='block_1_68' title="bbox 2196 901 3788 970">
    <p class='ocr_par' dir='ltr' id='par_1_68' title="bbox 2196 901 3788 970">
     <span class='ocr_line' id='line_1_68' title="bbox 2196 901 3788 970; baseline 0.003 -20"><span class='ocrx_word' id='word_1_542' title='bbox 2196 913 2312 952; x_wconf 81' lang='lat' dir='ltr'><strong><em>mas</em></strong></span> <span class='ocrx_word' id='word_1_543' title='bbox 2339 915 2522 953; x_wconf 87' lang='lat' dir='ltr'><strong><em>eorum</em></strong></span> <span class='ocrx_word' id='word_1_544' title='bbox 2553 910 2732 967; x_wconf 89' lang='lat' dir='ltr'><strong><em>posset</em></strong></span> <span class='ocrx_word' id='word_1_545' title='bbox 2777 901 3038 970; x_wconf 89' lang='lat' dir='ltr'><strong><em>inspicere</em></strong></span> <span class='ocrx_word' id='word_1_546' title='bbox 3075 901 3402 955; x_wconf 85' lang='lat' dir='ltr'><strong><em>diverberari</em></strong></span> <span class='ocrx_word' id='word_1_547' title='bbox 3457 902 3617 954; x_wconf 85' lang='lat' dir='ltr'><strong><em>tantis</em></strong></span> <span class='ocrx_word' id='word_1_548' title='bbox 3667 916 3788 969; x_wconf 68' lang='lat' dir='ltr'><strong><em>pero</em></strong></span> 
     </span>
    </p>
   </div>
   <div class='ocr_carea' id='block_1_69' title="bbox 2199 989 3788 1060">
    <p class='ocr_par' dir='ltr' id='par_1_69' title="bbox 2199 989 3788 1060">
     <span class='ocr_line' id='line_1_69' title="bbox 2199 989 3788 1060; baseline 0.003 -20"><span class='ocrx_word' id='word_1_549' title='bbox 2199 989 2585 1043; x_wconf 84' lang='lat' dir='ltr'><strong><em>turbationibus</em></strong></span> <span class='ocrx_word' id='word_1_550' title='bbox 2638 990 2983 1060; x_wconf 87' lang='lat' dir='ltr'><strong><em>cupiditatum</em></strong></span> <span class='ocrx_word' id='word_1_551' title='bbox 3036 1003 3090 1046; x_wconf 90' lang='lat' dir='ltr'><strong><em>et</em></strong></span> <span class='ocrx_word' id='word_1_552' title='bbox 3119 992 3394 1055; x_wconf 87' lang='lat' dir='ltr'><strong><em>timorum,</em></strong></span> <span class='ocrx_word' id='word_1_553' title='bbox 3431 990 3637 1045; x_wconf 85' lang='lat' dir='ltr'><strong><em>videret</em></strong></span> <span class='ocrx_word' id='word_1_554' title='bbox 3667 990 3788 1046; x_wconf 87' lang='lat' dir='ltr'><strong><em>illos</em></strong></span> 
     </span>
    </p>
   </div>
   <div class='ocr_carea' id='block_1_70' title="bbox 2197 1079 3781 1152">
    <p class='ocr_par' dir='ltr' id='par_1_70' title="bbox 2197 1079 3781 1152">
     <span class='ocr_line' id='line_1_70' title="bbox 2197 1079 3781 1152; baseline 0.003 -22"><span class='ocrx_word' id='word_1_555' title='bbox 2197 1079 2440 1142; x_wconf 86' lang='lat' dir='ltr'><strong><em>miseros,</em></strong></span> <span class='ocrx_word' id='word_1_556' title='bbox 2465 1080 2748 1149; x_wconf 86' lang='lat' dir='ltr'><strong><em>etquando</em></strong></span> <span class='ocrx_word' id='word_1_557' title='bbox 2767 1080 2947 1136; x_wconf 81' lang='lat' dir='ltr'><strong><em>felices</em></strong></span> <span class='ocrx_word' id='word_1_558' title='bbox 2963 1092 3236 1137; x_wconf 80' lang='lat' dir='ltr'><strong><em>vocantur.</em></strong></span> <span class='ocrx_word' id='word_1_559' title='bbox 3260 1081 3364 1137; x_wconf 85' lang='lat' dir='ltr'><strong><em>Sed</em></strong></span> <span class='ocrx_word' id='word_1_560' title='bbox 3383 1083 3503 1152; x_wconf 87' lang='lat' dir='ltr'><strong><em>quia</em></strong></span> <span class='ocrx_word' id='word_1_561' title='bbox 3525 1083 3781 1136; x_wconf 82' lang='lat' dir='ltr'><strong><em>circuma-</em></strong></span> 
     </span>
    </p>
   </div>
   <div class='ocr_carea' id='block_1_71' title="bbox 2197 1171 3784 1246">
    <p class='ocr_par' dir='ltr' id='par_1_71' title="bbox 2197 1171 3784 1246">
     <span class='ocr_line' id='line_1_71' title="bbox 2197 1171 3784 1246; baseline 0.004 -24"><span class='ocrx_word' id='word_1_562' title='bbox 2197 1171 2334 1223; x_wconf 83' lang='lat' dir='ltr'><strong><em>micti</em></strong></span> <span class='ocrx_word' id='word_1_563' title='bbox 2362 1182 2479 1224; x_wconf 85' lang='lat' dir='ltr'><strong><em>sunt</em></strong></span> <span class='ocrx_word' id='word_1_564' title='bbox 2521 1173 2784 1234; x_wconf 81' lang='lat' dir='ltr'><strong><em>iniquitate</em></strong></span> <span class='ocrx_word' id='word_1_565' title='bbox 2828 1184 2877 1228; x_wconf 87' lang='lat' dir='ltr'><strong><em>et</em></strong></span> <span class='ocrx_word' id='word_1_566' title='bbox 2930 1174 3186 1246; x_wconf 85' lang='lat' dir='ltr'><strong><em>impietate</em></strong></span> <span class='ocrx_word' id='word_1_567' title='bbox 3242 1193 3357 1241; x_wconf 89' lang='lat' dir='ltr'><strong><em>sua,</em></strong></span> <span class='ocrx_word' id='word_1_568' title='bbox 3412 1191 3518 1230; x_wconf 89' lang='lat' dir='ltr'><strong><em>nou</em></strong></span> <span class='ocrx_word' id='word_1_569' title='bbox 3561 1175 3784 1237; x_wconf 82' lang='lat' dir='ltr'><strong><em>vident;</em></strong></span> 
     </span>
    </p>
   </div>
   <div class='ocr_carea' id='block_1_72' title="bbox 2197 1261 3788 1338">
    <p class='ocr_par' dir='ltr' id='par_1_72' title="bbox 2197 1261 3788 1338">
     <span class='ocr_line' id='line_1_72' title="bbox 2197 1261 3788 1338; baseline 0.004 -22"><span class='ocrx_word' id='word_1_570' title='bbox 2197 1261 2290 1316; x_wconf 88' lang='lat' dir='ltr'><strong><em>scd</em></strong></span> <span class='ocrx_word' id='word_1_571' title='bbox 2325 1279 2423 1317; x_wconf 90' lang='lat' dir='ltr'><strong><em>nec</em></strong></span> <span class='ocrx_word' id='word_1_572' title='bbox 2447 1263 2710 1317; x_wconf 85' lang='lat' dir='ltr'><strong><em>videntur.</em></strong></span> <span class='ocrx_word' id='word_1_573' title='bbox 2745 1265 2974 1320; x_wconf 78' lang='lat' dir='ltr'><strong><em>Noverat</em></strong></span> <span class='ocrx_word' id='word_1_574' title='bbox 3019 1266 3143 1321; x_wconf 91' lang='lat' dir='ltr'><strong><em>illos</em></strong></span> <span class='ocrx_word' id='word_1_575' title='bbox 3168 1267 3399 1337; x_wconf 88' lang='lat' dir='ltr'><strong><em>Spiritus</em></strong></span> <span class='ocrx_word' id='word_1_576' title='bbox 3453 1268 3542 1338; x_wconf 87' lang='lat' dir='ltr'><strong><em>qui</em></strong></span> <span class='ocrx_word' id='word_1_577' title='bbox 3581 1267 3649 1322; x_wconf 88' lang='lat' dir='ltr'><strong><em>de</em></strong></span> <span class='ocrx_word' id='word_1_578' title='bbox 3678 1266 3788 1322; x_wconf 86' lang='lat' dir='ltr'><strong><em>illis</em></strong></span> 
     </span>
    </p>
   </div>
   <div class='ocr_carea' id='block_1_73' title="bbox 2197 1352 3783 1428">
    <p class='ocr_par' dir='ltr' id='par_1_73' title="bbox 2197 1352 3783 1428">
     <span class='ocr_line' id='line_1_73' title="bbox 2197 1352 3783 1428; baseline 0.002 -21"><span class='ocrx_word' id='word_1_579' title='bbox 2197 1352 2295 1407; x_wconf 90' lang='lat' dir='ltr'><strong><em>ista</em></strong></span> <span class='ocrx_word' id='word_1_580' title='bbox 2325 1353 2452 1410; x_wconf 88' lang='lat' dir='ltr'><strong><em>dicit</em></strong></span> <span class='ocrx_word' id='word_1_581' title='bbox 2480 1372 2495 1419; x_wconf 89' lang='lat'><strong>;</strong></span> <span class='ocrx_word' id='word_1_582' title='bbox 2521 1364 2575 1408; x_wconf 90' lang='lat' dir='ltr'><strong><em>et</em></strong></span> <span class='ocrx_word' id='word_1_583' title='bbox 2600 1370 2666 1410; x_wconf 90' lang='lat' dir='ltr'><strong><em>eo</em></strong></span> <span class='ocrx_word' id='word_1_584' title='bbox 2707 1357 2865 1410; x_wconf 87' lang='lat' dir='ltr'><strong><em>oculo</em></strong></span> <span class='ocrx_word' id='word_1_585' title='bbox 2891 1358 3022 1411; x_wconf 86' lang='lat' dir='ltr'><strong><em>tales</em></strong></span> <span class='ocrx_word' id='word_1_586' title='bbox 3049 1357 3309 1412; x_wconf 86' lang='lat' dir='ltr'><strong><em>debemus</em></strong></span> <span class='ocrx_word' id='word_1_587' title='bbox 3355 1358 3643 1428; x_wconf 73' lang='lat' dir='ltr'><strong><em>inspicere,</em></strong></span> <span class='ocrx_word' id='word_1_588' title='bbox 3674 1374 3783 1427; x_wconf 91' lang='lat' dir='ltr'><strong><em>quo</em></strong></span> 
     </span>
    </p>
   </div>
   <div class='ocr_carea' id='block_1_74' title="bbox 2197 1445 3787 1523">
    <p class='ocr_par' dir='ltr' id='par_1_74' title="bbox 2197 1445 3787 1523">
     <span class='ocr_line' id='line_1_74' title="bbox 2197 1445 3787 1523; baseline 0.004 -26"><span class='ocrx_word' id='word_1_589' title='bbox 2197 1445 2395 1500; x_wconf 83' lang='lat' dir='ltr'><strong><em>scimus</em></strong></span> <span class='ocrx_word' id='word_1_590' title='bbox 2423 1447 2626 1511; x_wconf 83' lang='lat' dir='ltr'><strong><em>videre,</em></strong></span> <span class='ocrx_word' id='word_1_591' title='bbox 2658 1449 2700 1502; x_wconf 93' lang='lat' dir='ltr'><strong><em>si</em></strong></span> <span class='ocrx_word' id='word_1_592' title='bbox 2723 1450 2878 1506; x_wconf 87' lang='lat' dir='ltr'><strong><em>nobis</em></strong></span> <span class='ocrx_word' id='word_1_593' title='bbox 2922 1449 3194 1506; x_wconf 89' lang='lat' dir='ltr'><strong><em>auferatur</em></strong></span> <span class='ocrx_word' id='word_1_594' title='bbox 3239 1451 3306 1507; x_wconf 90' lang='lat' dir='ltr'><strong><em>ab</em></strong></span> <span class='ocrx_word' id='word_1_595' title='bbox 3331 1452 3498 1506; x_wconf 88' lang='lat' dir='ltr'><strong><em>oculis</em></strong></span> <span class='ocrx_word' id='word_1_596' title='bbox 3538 1462 3787 1523; x_wconf 45' lang='lat' dir='ltr'><strong><em>wumen</em></strong></span> 
     </span>
    </p>
   </div>
   <div class='ocr_carea' id='block_1_75' title="bbox 2198 1535 3787 1604">
    <p class='ocr_par' dir='ltr' id='par_1_75' title="bbox 2198 1535 3787 1604">
     <span class='ocr_line' id='line_1_75' title="bbox 2198 1535 3787 1604; baseline 0.004 -16"><span class='ocrx_word' id='word_1_597' title='bbox 2198 1535 2505 1604; x_wconf 75' lang='lat' dir='ltr'><strong><em>impietatis.</em></strong></span> <span class='ocrx_word' id='word_1_598' title='bbox 2539 1538 2826 1592; x_wconf 75' lang='lat' dir='ltr'><strong><em>Videamus</em></strong></span> <span class='ocrx_word' id='word_1_599' title='bbox 2873 1539 3043 1604; x_wconf 88' lang='lat' dir='ltr'><strong><em>istos;</em></strong></span> <span class='ocrx_word' id='word_1_600' title='bbox 3070 1549 3125 1595; x_wconf 91' lang='lat' dir='ltr'><strong><em>et</em></strong></span> <span class='ocrx_word' id='word_1_601' title='bbox 3166 1555 3287 1594; x_wconf 93' lang='lat' dir='ltr'><strong><em>cum</em></strong></span> <span class='ocrx_word' id='word_1_602' title='bbox 3318 1540 3500 1596; x_wconf 78' lang='lat' dir='ltr'><strong><em>felices</em></strong></span> <span class='ocrx_word' id='word_1_603' title='bbox 3537 1551 3682 1604; x_wconf 86' lang='lat' dir='ltr'><strong><em>sunt,</em></strong></span> <span class='ocrx_word' id='word_1_604' title='bbox 3707 1540 3787 1594; x_wconf 87' lang='lat' dir='ltr'><strong><em>fu-</em></strong></span> 
     </span>
    </p>
   </div>
   <div class='ocr_carea' id='block_1_76' title="bbox 2199 1628 3788 1698">
    <p class='ocr_par' dir='ltr' id='par_1_76' title="bbox 2199 1628 3788 1698">
     <span class='ocr_line' id='line_1_76' title="bbox 2199 1628 3788 1698; baseline 0.004 -18"><span class='ocrx_word' id='word_1_605' title='bbox 2199 1628 2516 1696; x_wconf 87' lang='lat' dir='ltr'><strong><em>giamus;et</em></strong></span> <span class='ocrx_word' id='word_1_606' title='bbox 2541 1645 2662 1685; x_wconf 90' lang='lat' dir='ltr'><strong><em>cum</em></strong></span> <span class='ocrx_word' id='word_1_607' title='bbox 2717 1630 2900 1686; x_wconf 87' lang='lat' dir='ltr'><strong><em>felices</em></strong></span> <span class='ocrx_word' id='word_1_608' title='bbox 2941 1643 3086 1698; x_wconf 87' lang='lat' dir='ltr'><strong><em>sunt,</em></strong></span> <span class='ocrx_word' id='word_1_609' title='bbox 3131 1649 3236 1686; x_wconf 92' lang='lat' dir='ltr'><strong><em>non</em></strong></span> <span class='ocrx_word' id='word_1_610' title='bbox 3294 1633 3605 1688; x_wconf 86' lang='lat' dir='ltr'><strong><em>imitemur:</em></strong></span> <span class='ocrx_word' id='word_1_611' title='bbox 3637 1650 3788 1688; x_wconf 85' lang='lat' dir='ltr'><strong><em>ncca</em></strong></span> 
     </span>
    </p>
   </div>
   <div class='ocr_carea' id='block_1_77' title="bbox 2202 1721 3783 1795">
    <p class='ocr_par' dir='ltr' id='par_1_77' title="bbox 2202 1721 3783 1795">
     <span class='ocr_line' id='line_1_77' title="bbox 2202 1721 3783 1795; baseline 0.001 -20"><span class='ocrx_word' id='word_1_612' title='bbox 2202 1721 2426 1775; x_wconf 86' lang='lat' dir='ltr'><strong><em>Domino</em></strong></span> <span class='ocrx_word' id='word_1_613' title='bbox 2448 1723 2556 1776; x_wconf 86' lang='lat' dir='ltr'><strong><em>Deo</em></strong></span> <span class='ocrx_word' id='word_1_614' title='bbox 2578 1732 2763 1778; x_wconf 77' lang='lat' dir='ltr'><strong><em>nostro</em></strong></span> <span class='ocrx_word' id='word_1_615' title='bbox 2791 1724 2913 1777; x_wconf 89' lang='lat' dir='ltr'><strong><em>talia</em></strong></span> <span class='ocrx_word' id='word_1_616' title='bbox 2943 1724 3098 1780; x_wconf 84' lang='lat' dir='ltr'><strong><em>nobis</em></strong></span> <span class='ocrx_word' id='word_1_617' title='bbox 3124 1741 3220 1793; x_wconf 87' lang='lat' dir='ltr'><strong><em>pro</em></strong></span> <span class='ocrx_word' id='word_1_618' title='bbox 3243 1741 3435 1795; x_wconf 83' lang='lat' dir='ltr'><strong><em>magno</em></strong></span> <span class='ocrx_word' id='word_1_619' title='bbox 3455 1735 3705 1794; x_wconf 88' lang='lat' dir='ltr'><strong><em>optenms</em></strong></span> <span class='ocrx_word' id='word_1_620' title='bbox 3739 1727 3783 1783; x_wconf 80' lang='grc'><strong><em>⁸.</em></strong></span> 
     </span>
    </p>
   </div>
   <div class='ocr_carea' id='block_1_78' title="bbox 2198 1815 3788 1888">
    <p class='ocr_par' dir='ltr' id='par_1_78' title="bbox 2198 1815 3788 1888">
     <span class='ocr_line' id='line_1_78' title="bbox 2198 1815 3788 1888; baseline 0.002 -22"><span class='ocrx_word' id='word_1_621' title='bbox 2198 1816 2371 1884; x_wconf 89' lang='lat' dir='ltr'><strong><em>qualia</em></strong></span> <span class='ocrx_word' id='word_1_622' title='bbox 2403 1815 2646 1885; x_wconf 82' lang='lat' dir='ltr'><strong><em>accipere</em></strong></span> <span class='ocrx_word' id='word_1_623' title='bbox 2673 1827 2986 1871; x_wconf 85' lang='lat' dir='ltr'><strong><em>meruerunt</em></strong></span> <span class='ocrx_word' id='word_1_624' title='bbox 3012 1817 3099 1888; x_wconf 89' lang='lat' dir='ltr'><strong><em>qui</em></strong></span> <span class='ocrx_word' id='word_1_625' title='bbox 3119 1817 3190 1871; x_wconf 89' lang='lat' dir='ltr'><strong>illi</strong></span> <span class='ocrx_word' id='word_1_626' title='bbox 3224 1834 3326 1871; x_wconf 90' lang='lat' dir='ltr'><strong><em>non</em></strong></span> <span class='ocrx_word' id='word_1_627' title='bbox 3346 1818 3604 1871; x_wconf 76' lang='lat' dir='ltr'><strong><em>serviunt.</em></strong></span> <span class='ocrx_word' id='word_1_628' title='bbox 3628 1816 3788 1872; x_wconf 79' lang='lat' dir='ltr'><strong><em>Aliud</em></strong></span> 
     </span>
    </p>
   </div>
   <div class='ocr_carea' id='block_1_79' title="bbox 2197 1907 3791 1978">
    <p class='ocr_par' dir='ltr' id='par_1_79' title="bbox 2197 1907 3791 1978">
     <span class='ocr_line' id='line_1_79' title="bbox 2197 1907 3791 1978; baseline 0.002 -19"><span class='ocrx_word' id='word_1_629' title='bbox 2197 1907 2450 1975; x_wconf 84' lang='lat' dir='ltr'><strong><em>quiddam</em></strong></span> <span class='ocrx_word' id='word_1_630' title='bbox 2497 1916 2717 1973; x_wconf 88' lang='lat' dir='ltr'><strong><em>servat;</em></strong></span> <span class='ocrx_word' id='word_1_631' title='bbox 2748 1908 2888 1964; x_wconf 88' lang='lat' dir='ltr'><strong><em>aliud</em></strong></span> <span class='ocrx_word' id='word_1_632' title='bbox 2931 1907 3344 1964; x_wconf 86' lang='lat' dir='ltr'><strong><em>desiderandum</em></strong></span> <span class='ocrx_word' id='word_1_633' title='bbox 3394 1921 3476 1964; x_wconf 84' lang='lat' dir='ltr'><strong><em>est</em></strong></span> <span class='ocrx_word' id='word_1_634' title='bbox 3506 1907 3668 1978; x_wconf 88' lang='lat' dir='ltr'><strong><em>:qnid</em></strong></span> <span class='ocrx_word' id='word_1_635' title='bbox 3721 1910 3791 1962; x_wconf 88' lang='lat' dir='ltr'><strong><em>sit</em></strong></span> 
     </span>
    </p>
   </div>
   <div class='ocr_carea' id='block_1_80' title="bbox 2199 1998 2635 2062">
    <p class='ocr_par' dir='ltr' id='par_1_80' title="bbox 2199 1998 2635 2062">
     <span class='ocr_line' id='line_1_80' title="bbox 2199 1998 2635 2062; baseline 0 -11"><span class='ocrx_word' id='word_1_636' title='bbox 2199 2007 2400 2062; x_wconf 86' lang='lat' dir='ltr'><strong><em>autem,</em></strong></span> <span class='ocrx_word' id='word_1_637' title='bbox 2435 1998 2635 2053; x_wconf 86' lang='lat' dir='ltr'><strong><em>audite.</em></strong></span> 
     </span>
    </p>
   </div>
   <div class='ocr_carea' id='block_1_81' title="bbox 2273 2087 3786 2162">
    <p class='ocr_par' dir='ltr' id='par_1_81' title="bbox 2273 2087 3786 2162">
     <span class='ocr_line' id='line_1_81' title="bbox 2273 2087 3786 2162; baseline 0 -20"><span class='ocrx_word' id='word_1_638' title='bbox 2273 2087 2359 2142; x_wconf 74' lang='grc'><strong><em>12.</em></strong></span> <span class='ocrx_word' id='word_1_639' title='bbox 2401 2087 2553 2161; x_wconf 66' lang='grc' dir='ltr'><strong><em>[νοτε.</em></strong></span> <span class='ocrx_word' id='word_1_640' title='bbox 2597 2087 2674 2162; x_wconf 85' lang='grc'><strong><em>7.]</em></strong></span> <span class='ocrx_word' id='word_1_641' title='bbox 2723 2089 2904 2144; x_wconf 79' lang='lat' dir='ltr'><strong><em>Primo</em></strong></span> <span class='ocrx_word' id='word_1_642' title='bbox 2955 2090 3038 2145; x_wconf 86' lang='lat' dir='ltr'><strong><em>isti</em></strong></span> <span class='ocrx_word' id='word_1_643' title='bbox 3083 2089 3475 2145; x_wconf 87' lang='lat' dir='ltr'><strong><em>describantur.</em></strong></span> <span class='ocrx_word' id='word_1_644' title='bbox 3531 2089 3736 2143; x_wconf 85' lang='lat' dir='ltr'><strong><em>Prodiet</em></strong></span> <span class='ocrx_word' id='word_1_645' title='bbox 3765 2093 3786 2122; x_wconf 87' lang='grc'>¹</span> 
     </span>
    </p>
   </div>
   <div class='ocr_carea' id='block_1_82' title="bbox 2199 2181 3789 2250">
    <p class='ocr_par' dir='ltr' id='par_1_82' title="bbox 2199 2181 3789 2250">
     <span class='ocr_line' id='line_1_82' title="bbox 2199 2181 3789 2250; baseline 0.004 -19"><span class='ocrx_word' id='word_1_646' title='bbox 2199 2181 2344 2249; x_wconf 84' lang='lat' dir='ltr'><strong><em>quasi</em></strong></span> <span class='ocrx_word' id='word_1_647' title='bbox 2374 2196 2436 2233; x_wconf 84' lang='lat' dir='ltr'><strong><em>ea:</em></strong></span> <span class='ocrx_word' id='word_1_648' title='bbox 2457 2182 2608 2250; x_wconf 85' lang='lat' dir='ltr'><strong><em>adipe</em></strong></span> <span class='ocrx_word' id='word_1_649' title='bbox 2633 2181 2870 2249; x_wconf 79' lang='lat' dir='ltr'><strong><em>iniquitas</em></strong></span> <span class='ocrx_word' id='word_1_650' title='bbox 2899 2197 3091 2236; x_wconf 82' lang='lat' dir='ltr'><strong><em>eorum.</em></strong></span> <span class='ocrx_word' id='word_1_651' title='bbox 3119 2182 3253 2238; x_wconf 77' lang='lat' dir='ltr'><strong><em>Vide</em></strong></span> <span class='ocrx_word' id='word_1_652' title='bbox 3283 2184 3326 2236; x_wconf 91' lang='lat' dir='ltr'><strong><em>si</em></strong></span> <span class='ocrx_word' id='word_1_653' title='bbox 3357 2199 3459 2238; x_wconf 90' lang='lat' dir='ltr'><strong><em>non</em></strong></span> <span class='ocrx_word' id='word_1_654' title='bbox 3487 2193 3671 2238; x_wconf 85' lang='lat' dir='ltr'><strong><em>taurus</em></strong></span> <span class='ocrx_word' id='word_1_655' title='bbox 3700 2183 3789 2238; x_wconf 80' lang='lat' dir='ltr'><strong><em>ille</em></strong></span> 
     </span>
    </p>
   </div>
   <div class='ocr_carea' id='block_1_83' title="bbox 2199 2271 3790 2342">
    <p class='ocr_par' dir='ltr' id='par_1_83' title="bbox 2199 2271 3790 2342">
     <span class='ocr_line' id='line_1_83' title="bbox 2199 2271 3790 2342; baseline 0.005 -20"><span class='ocrx_word' id='word_1_656' title='bbox 2199 2274 2412 2340; x_wconf 84' lang='lat' dir='ltr'><strong><em>agnitus</em></strong></span> <span class='ocrx_word' id='word_1_657' title='bbox 2449 2281 2550 2325; x_wconf 87' lang='lat' dir='ltr'><strong><em>est.</em></strong></span> <span class='ocrx_word' id='word_1_658' title='bbox 2597 2271 2825 2336; x_wconf 83' lang='lat' dir='ltr'><strong><em>Audite,</em></strong></span> <span class='ocrx_word' id='word_1_659' title='bbox 2873 2272 3064 2327; x_wconf 84' lang='lat' dir='ltr'><strong><em>fratres</em></strong></span> <span class='ocrx_word' id='word_1_660' title='bbox 3106 2288 3250 2328; x_wconf 90' lang='lat' dir='ltr'><strong><em>:non</em></strong></span> <span class='ocrx_word' id='word_1_661' title='bbox 3292 2273 3790 2342; x_wconf 85' lang='lat' dir='ltr'><strong><em>quomodocumque</em></strong></span> 
     </span>
    </p>
   </div>
   <div class='ocr_carea' id='block_1_84' title="bbox 2201 2365 3791 2436">
    <p class='ocr_par' dir='ltr' id='par_1_84' title="bbox 2201 2365 3791 2436">
     <span class='ocr_line' id='line_1_84' title="bbox 2201 2365 3791 2436; baseline 0.004 -21"><span class='ocrx_word' id='word_1_662' title='bbox 2201 2365 2584 2419; x_wconf 87' lang='lat' dir='ltr'><strong><em>transeundum</em></strong></span> <span class='ocrx_word' id='word_1_663' title='bbox 2634 2374 2716 2420; x_wconf 89' lang='lat' dir='ltr'><strong><em>est</em></strong></span> <span class='ocrx_word' id='word_1_664' title='bbox 2755 2365 2896 2436; x_wconf 89' lang='lat' dir='ltr'><strong><em>quod</em></strong></span> <span class='ocrx_word' id='word_1_665' title='bbox 2927 2365 3096 2434; x_wconf 72' lang='lat' dir='ltr'><strong><em>dixit,</em></strong></span> <span class='ocrx_word' id='word_1_666' title='bbox 3129 2365 3338 2420; x_wconf 74' lang='lat' dir='ltr'><strong><em>Prodici</em></strong></span> <span class='ocrx_word' id='word_1_667' title='bbox 3375 2368 3518 2436; x_wconf 83' lang='lat' dir='ltr'><strong><em>quasi</em></strong></span> <span class='ocrx_word' id='word_1_668' title='bbox 3546 2384 3612 2420; x_wconf 76' lang='lat' dir='ltr'><strong><em>ea:</em></strong></span> <span class='ocrx_word' id='word_1_669' title='bbox 3637 2368 3791 2434; x_wconf 78' lang='lat' dir='ltr'><strong><em>adipe</em></strong></span> 
     </span>
    </p>
   </div>
   <div class='ocr_carea' id='block_1_85' title="bbox 2199 2455 3786 2525">
    <p class='ocr_par' dir='ltr' id='par_1_85' title="bbox 2199 2455 3786 2525">
     <span class='ocr_line' id='line_1_85' title="bbox 2199 2455 3786 2525; baseline 0.004 -19"><span class='ocrx_word' id='word_1_670' title='bbox 2199 2455 2439 2525; x_wconf 78' lang='lat' dir='ltr'><strong><em>iniquitas</em></strong></span> <span class='ocrx_word' id='word_1_671' title='bbox 2479 2472 2673 2509; x_wconf 85' lang='lat' dir='ltr'><strong><em>eorum.</em></strong></span> <span class='ocrx_word' id='word_1_672' title='bbox 2719 2455 2858 2511; x_wconf 89' lang='lat' dir='ltr'><strong><em>Sunt</em></strong></span> <span class='ocrx_word' id='word_1_673' title='bbox 2895 2457 3036 2512; x_wconf 86' lang='lat' dir='ltr'><strong><em>enim</em></strong></span> <span class='ocrx_word' id='word_1_674' title='bbox 3087 2457 3243 2523; x_wconf 83' lang='lat' dir='ltr'><strong><em>mali,</em></strong></span> <span class='ocrx_word' id='word_1_675' title='bbox 3275 2458 3368 2510; x_wconf 85' lang='lat' dir='ltr'><strong><em>sed</em></strong></span> <span class='ocrx_word' id='word_1_676' title='bbox 3409 2459 3576 2512; x_wconf 87' lang='lat' dir='ltr'><strong><em>macie</em></strong></span> <span class='ocrx_word' id='word_1_677' title='bbox 3621 2459 3786 2521; x_wconf 85' lang='lat' dir='ltr'><strong><em>mali;</em></strong></span> 
     </span>
    </p>
   </div>
   <div class='ocr_carea' id='block_1_86' title="bbox 2201 2546 3789 2620">
    <p class='ocr_par' dir='ltr' id='par_1_86' title="bbox 2201 2546 3789 2620">
     <span class='ocr_line' id='line_1_86' title="bbox 2201 2546 3789 2620; baseline 0.004 -21"><span class='ocrx_word' id='word_1_678' title='bbox 2201 2546 2322 2600; x_wconf 89' lang='lat' dir='ltr'><strong><em>idco</em></strong></span> <span class='ocrx_word' id='word_1_679' title='bbox 2375 2547 2532 2610; x_wconf 77' lang='lat' dir='ltr'><strong><em>mali,</em></strong></span> <span class='ocrx_word' id='word_1_680' title='bbox 2565 2549 2686 2617; x_wconf 89' lang='lat' dir='ltr'><strong><em>quia</em></strong></span> <span class='ocrx_word' id='word_1_681' title='bbox 2737 2546 2934 2610; x_wconf 86' lang='lat' dir='ltr'><strong><em>macri.</em></strong></span> <span class='ocrx_word' id='word_1_682' title='bbox 2979 2549 3028 2603; x_wconf 91' lang='lat' dir='ltr'><strong>id</strong></span> <span class='ocrx_word' id='word_1_683' title='bbox 3069 2559 3153 2604; x_wconf 86' lang='lat' dir='ltr'><strong><em>est</em></strong></span> <span class='ocrx_word' id='word_1_684' title='bbox 3197 2550 3402 2614; x_wconf 75' lang='lat' dir='ltr'><strong><em>exiles,</em></strong></span> <span class='ocrx_word' id='word_1_685' title='bbox 3427 2550 3638 2620; x_wconf 77' lang='lat' dir='ltr'><strong><em>exigui,</em></strong></span> <span class='ocrx_word' id='word_1_686' title='bbox 3667 2551 3789 2606; x_wconf 81' lang='lat' dir='ltr'><strong><em>tabo</em></strong></span> 
     </span>
    </p>
   </div>
   <div class='ocr_carea' id='block_1_87' title="bbox 2203 2640 3789 2714">
    <p class='ocr_par' dir='ltr' id='par_1_87' title="bbox 2203 2640 3789 2714">
     <span class='ocr_line' id='line_1_87' title="bbox 2203 2640 3789 2714; baseline 0.004 -20"><span class='ocrx_word' id='word_1_687' title='bbox 2203 2640 2431 2710; x_wconf 87' lang='lat' dir='ltr'><strong><em>quadam</em></strong></span> <span class='ocrx_word' id='word_1_688' title='bbox 2461 2641 2482 2672; x_wconf 86' lang='grc'>⁸</span> <span class='ocrx_word' id='word_1_689' title='bbox 2514 2642 2849 2699; x_wconf 85' lang='lat' dir='ltr'><strong><em>necessitatis</em></strong></span> <span class='ocrx_word' id='word_1_690' title='bbox 2888 2642 3062 2698; x_wconf 80' lang='lat' dir='ltr'><strong><em>affecti</em></strong></span> <span class='ocrx_word' id='word_1_691' title='bbox 3092 2662 3106 2698; x_wconf 91' lang='lat'><strong><em>:</em></strong></span> <span class='ocrx_word' id='word_1_692' title='bbox 3136 2652 3192 2698; x_wconf 88' lang='lat' dir='ltr'><strong><em>et</em></strong></span> <span class='ocrx_word' id='word_1_693' title='bbox 3230 2644 3330 2714; x_wconf 89' lang='lat' dir='ltr'><strong><em>ipsi</em></strong></span> <span class='ocrx_word' id='word_1_694' title='bbox 3383 2645 3542 2708; x_wconf 68' lang='lat' dir='ltr'><strong><em>ntali,</em></strong></span> <span class='ocrx_word' id='word_1_695' title='bbox 3592 2657 3647 2699; x_wconf 90' lang='lat' dir='ltr'><strong><em>et</em></strong></span> <span class='ocrx_word' id='word_1_696' title='bbox 3695 2645 3789 2700; x_wconf 62' lang='grc' dir='ltr'><strong><em>ιιι.</em></strong></span> 
     </span>
    </p>
   </div>
   <div class='ocr_carea' id='block_1_88' title="bbox 2201 2733 3786 2807">
    <p class='ocr_par' dir='ltr' id='par_1_88' title="bbox 2201 2733 3786 2807">
     <span class='ocr_line' id='line_1_88' title="bbox 2201 2733 3786 2807; baseline 0.004 -21"><span class='ocrx_word' id='word_1_697' title='bbox 2201 2733 2452 2799; x_wconf 88' lang='lat' dir='ltr'><strong><em>mnandi;</em></strong></span> <span class='ocrx_word' id='word_1_698' title='bbox 2497 2734 2711 2790; x_wconf 88' lang='lat' dir='ltr'><strong><em>ferenda</em></strong></span> <span class='ocrx_word' id='word_1_699' title='bbox 2741 2744 2822 2790; x_wconf 89' lang='lat' dir='ltr'><strong><em>est</em></strong></span> <span class='ocrx_word' id='word_1_700' title='bbox 2852 2736 2994 2790; x_wconf 90' lang='lat' dir='ltr'><strong><em>cnim</em></strong></span> <span class='ocrx_word' id='word_1_701' title='bbox 3030 2737 3200 2807; x_wconf 83' lang='lat' dir='ltr'><strong><em>magis</em></strong></span> <span class='ocrx_word' id='word_1_702' title='bbox 3234 2738 3410 2792; x_wconf 88' lang='lat' dir='ltr'><strong><em>omnis</em></strong></span> <span class='ocrx_word' id='word_1_703' title='bbox 3456 2740 3746 2794; x_wconf 68' lang='lat' dir='ltr'><strong><em>necessitas</em></strong></span> <span class='ocrx_word' id='word_1_704' title='bbox 3769 2782 3786 2802; x_wconf 89' lang='lat'><strong><em>,</em></strong></span> 
     </span>
    </p>
   </div>
   <div class='ocr_carea' id='block_1_89' title="bbox 2199 2827 3788 2899">
    <p class='ocr_par' dir='ltr' id='par_1_89' title="bbox 2199 2827 3788 2899">
     <span class='ocr_line' id='line_1_89' title="bbox 2199 2827 3788 2899; baseline 0.005 -22"><span class='ocrx_word' id='word_1_705' title='bbox 2199 2840 2358 2894; x_wconf 91' lang='lat' dir='ltr'><strong><em>quam</em></strong></span> <span class='ocrx_word' id='word_1_706' title='bbox 2389 2827 2736 2895; x_wconf 87' lang='lat' dir='ltr'><strong><em>perpetranda</em></strong></span> <span class='ocrx_word' id='word_1_707' title='bbox 2769 2828 2941 2897; x_wconf 89' lang='lat' dir='ltr'><strong><em>aliqua</em></strong></span> <span class='ocrx_word' id='word_1_708' title='bbox 2987 2829 3259 2899; x_wconf 88' lang='lat' dir='ltr'><strong><em>iniquitas.</em></strong></span> <span class='ocrx_word' id='word_1_709' title='bbox 3285 2828 3486 2884; x_wconf 80' lang='lat' dir='ltr'><strong><em>Tamen</em></strong></span> <span class='ocrx_word' id='word_1_710' title='bbox 3518 2829 3658 2884; x_wconf 84' lang='lat' dir='ltr'><strong><em>aliud</em></strong></span> <span class='ocrx_word' id='word_1_711' title='bbox 3706 2839 3788 2886; x_wconf 72' lang='lat' dir='ltr'><strong><em>est</em></strong></span> 
     </span>
    </p>
   </div>
   <div class='ocr_carea' id='block_1_90' title="bbox 2200 2917 3788 2990">
    <p class='ocr_par' dir='ltr' id='par_1_90' title="bbox 2200 2917 3788 2990">
     <span class='ocr_line' id='line_1_90' title="bbox 2200 2917 3788 2990; baseline 0.004 -19"><span class='ocrx_word' id='word_1_712' title='bbox 2200 2917 2267 2974; x_wconf 92' lang='lat' dir='ltr'><strong><em>de</em></strong></span> <span class='ocrx_word' id='word_1_713' title='bbox 2296 2921 2616 2974; x_wconf 85' lang='lat' dir='ltr'><strong><em>necessitate</em></strong></span> <span class='ocrx_word' id='word_1_714' title='bbox 2641 2936 2903 2990; x_wconf 85' lang='lat' dir='ltr'><strong><em>peccare;</em></strong></span> <span class='ocrx_word' id='word_1_715' title='bbox 2935 2921 3078 2975; x_wconf 89' lang='lat' dir='ltr'><strong><em>aliud</em></strong></span> <span class='ocrx_word' id='word_1_716' title='bbox 3111 2921 3163 2974; x_wconf 92' lang='lat' dir='ltr'><strong><em>in</em></strong></span> <span class='ocrx_word' id='word_1_717' title='bbox 3204 2922 3546 2977; x_wconf 69' lang='lat' dir='ltr'><strong><em>abundantia.</em></strong></span> <span class='ocrx_word' id='word_1_718' title='bbox 3580 2921 3788 2990; x_wconf 81' lang='lat' dir='ltr'><strong><em>Pauper</em></strong></span> 
     </span>
    </p>
   </div>
   <div class='ocr_carea' id='block_1_91' title="bbox 2201 3011 3785 3083">
    <p class='ocr_par' dir='ltr' id='par_1_91' title="bbox 2201 3011 3785 3083">
     <span class='ocr_line' id='line_1_91' title="bbox 2201 3011 3785 3083; baseline 0.001 -19"><span class='ocrx_word' id='word_1_719' title='bbox 2201 3012 2476 3065; x_wconf 86' lang='lat' dir='ltr'><strong><em>mendicus</em></strong></span> <span class='ocrx_word' id='word_1_720' title='bbox 2500 3011 2700 3067; x_wconf 87' lang='lat' dir='ltr'><strong><em>furtum</em></strong></span> <span class='ocrx_word' id='word_1_721' title='bbox 2733 3012 2896 3079; x_wconf 79' lang='lat' dir='ltr'><strong><em>facit;</em></strong></span> <span class='ocrx_word' id='word_1_722' title='bbox 2925 3030 2987 3067; x_wconf 74' lang='lat' dir='ltr'><strong><em>ex</em></strong></span> <span class='ocrx_word' id='word_1_723' title='bbox 3031 3014 3199 3067; x_wconf 89' lang='lat' dir='ltr'><strong><em>macie</em></strong></span> <span class='ocrx_word' id='word_1_724' title='bbox 3224 3015 3482 3083; x_wconf 85' lang='lat' dir='ltr'><strong><em>processit</em></strong></span> <span class='ocrx_word' id='word_1_725' title='bbox 3509 3014 3785 3082; x_wconf 84' lang='lat' dir='ltr'><strong><em>iniquitas:</em></strong></span> 
     </span>
    </p>
   </div>
   <div class='ocr_carea' id='block_1_92' title="bbox 2201 3102 3787 3174">
    <p class='ocr_par' dir='ltr' id='par_1_92' title="bbox 2201 3102 3787 3174">
     <span class='ocr_line' id='line_1_92' title="bbox 2201 3102 3787 3174; baseline 0.001 -20"><span class='ocrx_word' id='word_1_726' title='bbox 2201 3102 2348 3157; x_wconf 86' lang='lat' dir='ltr'><strong><em>dives</em></strong></span> <span class='ocrx_word' id='word_1_727' title='bbox 2369 3103 2648 3158; x_wconf 86' lang='lat' dir='ltr'><strong><em>abundans</em></strong></span> <span class='ocrx_word' id='word_1_728' title='bbox 2673 3103 2832 3158; x_wconf 86' lang='lat' dir='ltr'><strong><em>rebus</em></strong></span> <span class='ocrx_word' id='word_1_729' title='bbox 2859 3105 3039 3170; x_wconf 87' lang='lat' dir='ltr'><strong><em>tantis,</em></strong></span> <span class='ocrx_word' id='word_1_730' title='bbox 3063 3120 3227 3174; x_wconf 82' lang='lat' dir='ltr'><strong><em>quare</em></strong></span> <span class='ocrx_word' id='word_1_731' title='bbox 3245 3104 3426 3172; x_wconf 86' lang='lat' dir='ltr'><strong><em>diripit</em></strong></span> <span class='ocrx_word' id='word_1_732' title='bbox 3447 3120 3531 3158; x_wconf 87' lang='lat' dir='ltr'><strong><em>res</em></strong></span> <span class='ocrx_word' id='word_1_733' title='bbox 3561 3104 3787 3160; x_wconf 78' lang='lat' dir='ltr'><strong><em>alienas?</em></strong></span> 
     </span>
    </p>
   </div>
   <div class='ocr_carea' id='block_1_93' title="bbox 2202 3193 3783 3265">
    <p class='ocr_par' dir='ltr' id='par_1_93' title="bbox 2202 3193 3783 3265">
     <span class='ocr_line' id='line_1_93' title="bbox 2202 3193 3783 3265; baseline 0.004 -18"><span class='ocrx_word' id='word_1_734' title='bbox 2202 3193 2349 3248; x_wconf 82' lang='lat' dir='ltr'><strong><em>Illius</em></strong></span> <span class='ocrx_word' id='word_1_735' title='bbox 2398 3194 2648 3264; x_wconf 88' lang='lat' dir='ltr'><strong><em>iniquitas</em></strong></span> <span class='ocrx_word' id='word_1_736' title='bbox 2671 3211 2736 3250; x_wconf 83' lang='lat' dir='ltr'><strong><em>ex</em></strong></span> <span class='ocrx_word' id='word_1_737' title='bbox 2791 3197 2993 3255; x_wconf 86' lang='lat' dir='ltr'><strong><em>macie:</em></strong></span> <span class='ocrx_word' id='word_1_738' title='bbox 3028 3195 3187 3265; x_wconf 85' lang='lat' dir='ltr'><strong><em>hujus</em></strong></span> <span class='ocrx_word' id='word_1_739' title='bbox 3228 3211 3293 3250; x_wconf 80' lang='lat' dir='ltr'><strong><em>ex</em></strong></span> <span class='ocrx_word' id='word_1_740' title='bbox 3321 3196 3477 3265; x_wconf 88' lang='lat' dir='ltr'><strong><em>adipe</em></strong></span> <span class='ocrx_word' id='word_1_741' title='bbox 3503 3197 3783 3265; x_wconf 62' lang='lat' dir='ltr'><strong><em>processit.</em></strong></span> 
     </span>
    </p>
   </div>
   <div class='ocr_carea' id='block_1_94' title="bbox 2200 3283 3787 3352">
    <p class='ocr_par' dir='ltr' id='par_1_94' title="bbox 2200 3283 3787 3352">
     <span class='ocr_line' id='line_1_94' title="bbox 2200 3283 3787 3352; baseline 0.003 -14"><span class='ocrx_word' id='word_1_742' title='bbox 2200 3283 2325 3338; x_wconf 89' lang='lat' dir='ltr'><strong><em>ldco</em></strong></span> <span class='ocrx_word' id='word_1_743' title='bbox 2355 3299 2536 3339; x_wconf 90' lang='lat' dir='ltr'><strong><em>macro</em></strong></span> <span class='ocrx_word' id='word_1_744' title='bbox 2564 3300 2685 3345; x_wconf 88' lang='lat' dir='ltr'><strong><em>cum</em></strong></span> <span class='ocrx_word' id='word_1_745' title='bbox 2716 3285 2851 3341; x_wconf 89' lang='lat' dir='ltr'><strong><em>dicis</em></strong></span> <span class='ocrx_word' id='word_1_746' title='bbox 2888 3303 2901 3339; x_wconf 92' lang='lat'><strong><em>:</em></strong></span> <span class='ocrx_word' id='word_1_747' title='bbox 2931 3285 3106 3352; x_wconf 86' lang='lat' dir='ltr'><strong><em>Quare</em></strong></span> <span class='ocrx_word' id='word_1_748' title='bbox 3135 3284 3236 3341; x_wconf 89' lang='lat' dir='ltr'><strong><em>hoc</em></strong></span> <span class='ocrx_word' id='word_1_749' title='bbox 3274 3286 3479 3339; x_wconf 80' lang='lat' dir='ltr'><strong><em>iecisti?</em></strong></span> <span class='ocrx_word' id='word_1_750' title='bbox 3506 3287 3787 3342; x_wconf 87' lang='lat' dir='ltr'><strong><em>llumiliter</em></strong></span> 
     </span>
    </p>
   </div>
   <div class='ocr_carea' id='block_1_95' title="bbox 2191 3373 3787 3447">
    <p class='ocr_par' dir='ltr' id='par_1_95' title="bbox 2191 3373 3787 3447">
     <span class='ocr_line' id='line_1_95' title="bbox 2191 3373 3787 3447; baseline 0.003 -20"><span class='ocrx_word' id='word_1_751' title='bbox 2191 3373 2429 3428; x_wconf 81' lang='lat' dir='ltr'><strong><em>afﬂictus</em></strong></span> <span class='ocrx_word' id='word_1_752' title='bbox 2469 3383 2525 3429; x_wconf 90' lang='lat' dir='ltr'><strong><em>et</em></strong></span> <span class='ocrx_word' id='word_1_753' title='bbox 2573 3375 2813 3444; x_wconf 86' lang='lat' dir='ltr'><strong><em>abjectus</em></strong></span> <span class='ocrx_word' id='word_1_754' title='bbox 2862 3375 3148 3444; x_wconf 87' lang='lat' dir='ltr'><strong><em>respondet</em></strong></span> <span class='ocrx_word' id='word_1_755' title='bbox 3195 3391 3208 3429; x_wconf 94' lang='lat'><strong><em>:</em></strong></span> <span class='ocrx_word' id='word_1_756' title='bbox 3255 3375 3555 3432; x_wconf 83' lang='lat' dir='ltr'><strong><em>Necessitas</em></strong></span> <span class='ocrx_word' id='word_1_757' title='bbox 3615 3378 3787 3447; x_wconf 79' lang='lat' dir='ltr'><strong><em>coegit</em></strong></span> 
     </span>
    </p>
   </div>
   <div class='ocr_carea' id='block_1_96' title="bbox 2199 3465 3787 3538">
    <p class='ocr_par' dir='ltr' id='par_1_96' title="bbox 2199 3465 3787 3538">
     <span class='ocr_line' id='line_1_96' title="bbox 2199 3465 3787 3538; baseline 0.003 -19"><span class='ocrx_word' id='word_1_758' title='bbox 2199 3481 2307 3520; x_wconf 88' lang='lat' dir='ltr'><strong><em>me.</em></strong></span> <span class='ocrx_word' id='word_1_759' title='bbox 2339 3465 2514 3533; x_wconf 87' lang='lat' dir='ltr'><strong><em>Quare</em></strong></span> <span class='ocrx_word' id='word_1_760' title='bbox 2541 3481 2646 3520; x_wconf 88' lang='lat' dir='ltr'><strong>non</strong></span> <span class='ocrx_word' id='word_1_761' title='bbox 2671 3466 2890 3520; x_wconf 91' lang='lat' dir='ltr'><strong><em>timuisti</em></strong></span> <span class='ocrx_word' id='word_1_762' title='bbox 2915 3467 3108 3521; x_wconf 80' lang='lat' dir='ltr'><strong><em>Deum?</em></strong></span> <span class='ocrx_word' id='word_1_763' title='bbox 3139 3468 3356 3538; x_wconf 76' lang='lat' dir='ltr'><strong><em>Egestas</em></strong></span> <span class='ocrx_word' id='word_1_764' title='bbox 3394 3470 3669 3536; x_wconf 88' lang='lat' dir='ltr'><strong><em>compulit.</em></strong></span> <span class='ocrx_word' id='word_1_765' title='bbox 3697 3470 3787 3524; x_wconf 83' lang='lat' dir='ltr'><strong><em>Dic</em></strong></span> 
     </span>
    </p>
   </div>
   <div class='ocr_carea' id='block_1_97' title="bbox 2198 3554 3786 3625">
    <p class='ocr_par' dir='ltr' id='par_1_97' title="bbox 2198 3554 3786 3625">
     <span class='ocr_line' id='line_1_97' title="bbox 2198 3554 3786 3625; baseline 0.001 -17"><span class='ocrx_word' id='word_1_766' title='bbox 2198 3554 2351 3610; x_wconf 92' lang='lat' dir='ltr'><strong>diviti</strong></span> <span class='ocrx_word' id='word_1_767' title='bbox 2388 3574 2402 3608; x_wconf 90' lang='lat'><strong><em>:</em></strong></span> <span class='ocrx_word' id='word_1_768' title='bbox 2433 3556 2609 3624; x_wconf 88' lang='lat' dir='ltr'><strong><em>Quare</em></strong></span> <span class='ocrx_word' id='word_1_769' title='bbox 2656 3557 2772 3612; x_wconf 73' lang='lat' dir='ltr'><strong><em>htec</em></strong></span> <span class='ocrx_word' id='word_1_770' title='bbox 2801 3555 2959 3625; x_wconf 85' lang='lat' dir='ltr'><strong><em>facis,</em></strong></span> <span class='ocrx_word' id='word_1_771' title='bbox 2995 3566 3051 3612; x_wconf 89' lang='lat' dir='ltr'><strong><em>et</em></strong></span> <span class='ocrx_word' id='word_1_772' title='bbox 3091 3573 3198 3612; x_wconf 89' lang='lat' dir='ltr'><strong><em>non</em></strong></span> <span class='ocrx_word' id='word_1_773' title='bbox 3225 3559 3382 3612; x_wconf 89' lang='lat' dir='ltr'><strong><em>times</em></strong></span> <span class='ocrx_word' id='word_1_774' title='bbox 3412 3559 3616 3613; x_wconf 80' lang='lat' dir='ltr'><strong><em>Deum?</em></strong></span> <span class='ocrx_word' id='word_1_775' title='bbox 3639 3561 3682 3613; x_wconf 90' lang='lat' dir='ltr'><strong><em>si</em></strong></span> <span class='ocrx_word' id='word_1_776' title='bbox 3712 3569 3786 3613; x_wconf 77' lang='lat' dir='ltr'><strong><em>ta.</em></strong></span> 
     </span>
    </p>
   </div>
   <div class='ocr_carea' id='block_1_98' title="bbox 2199 3647 3785 3719">
    <p class='ocr_par' dir='ltr' id='par_1_98' title="bbox 2199 3647 3785 3719">
     <span class='ocr_line' id='line_1_98' title="bbox 2199 3647 3785 3719; baseline 0.003 -20"><span class='ocrx_word' id='word_1_777' title='bbox 2199 3661 2322 3701; x_wconf 85' lang='lat' dir='ltr'><strong><em>men</em></strong></span> <span class='ocrx_word' id='word_1_778' title='bbox 2353 3656 2533 3701; x_wconf 89' lang='lat' dir='ltr'><strong><em>tantus</em></strong></span> <span class='ocrx_word' id='word_1_779' title='bbox 2574 3661 2634 3703; x_wconf 88' lang='lat' dir='ltr'><strong><em>es</em></strong></span> <span class='ocrx_word' id='word_1_780' title='bbox 2652 3647 2742 3717; x_wconf 89' lang='lat' dir='ltr'><strong><em>qui</em></strong></span> <span class='ocrx_word' id='word_1_781' title='bbox 2771 3647 2944 3718; x_wconf 86' lang='lat' dir='ltr'><strong><em>possis</em></strong></span> <span class='ocrx_word' id='word_1_782' title='bbox 2969 3647 3172 3704; x_wconf 88' lang='lat' dir='ltr'><strong><em>dicere.</em></strong></span> <span class='ocrx_word' id='word_1_783' title='bbox 3210 3647 3341 3704; x_wconf 80' lang='lat' dir='ltr'><strong><em>Vide</em></strong></span> <span class='ocrx_word' id='word_1_784' title='bbox 3367 3649 3410 3703; x_wconf 83' lang='lat' dir='ltr'><strong><em>si</em></strong></span> <span class='ocrx_word' id='word_1_785' title='bbox 3435 3649 3515 3703; x_wconf 88' lang='lat' dir='ltr'><strong><em>vel</em></strong></span> <span class='ocrx_word' id='word_1_786' title='bbox 3542 3649 3785 3719; x_wconf 84' lang='lat' dir='ltr'><strong><em>dignatur</em></strong></span> 
     </span>
    </p>
   </div>
   <div class='ocr_carea' id='block_1_99' title="bbox 2194 3738 3784 3809">
    <p class='ocr_par' dir='ltr' id='par_1_99' title="bbox 2194 3738 3784 3809">
     <span class='ocr_line' id='line_1_99' title="bbox 2194 3738 3784 3809; baseline 0.001 -18"><span class='ocrx_word' id='word_1_787' title='bbox 2194 3738 2416 3802; x_wconf 78' lang='lat' dir='ltr'><strong><em>audire;</em></strong></span> <span class='ocrx_word' id='word_1_788' title='bbox 2445 3738 2568 3792; x_wconf 90' lang='lat' dir='ltr'><strong><em>vide</em></strong></span> <span class='ocrx_word' id='word_1_789' title='bbox 2611 3739 2656 3793; x_wconf 87' lang='lat' dir='ltr'><strong><em>si</em></strong></span> <span class='ocrx_word' id='word_1_790' title='bbox 2688 3753 2794 3793; x_wconf 89' lang='lat' dir='ltr'><strong><em>non</em></strong></span> <span class='ocrx_word' id='word_1_791' title='bbox 2821 3738 2984 3793; x_wconf 88' lang='lat' dir='ltr'><strong><em>etiam</em></strong></span> <span class='ocrx_word' id='word_1_792' title='bbox 3019 3740 3072 3793; x_wconf 90' lang='lat' dir='ltr'><strong>in</strong></span> <span class='ocrx_word' id='word_1_793' title='bbox 3100 3748 3153 3794; x_wconf 83' lang='lat' dir='ltr'><strong><em>te</em></strong></span> <span class='ocrx_word' id='word_1_794' title='bbox 3182 3740 3295 3809; x_wconf 90' lang='lat' dir='ltr'><strong><em>ipso</em></strong></span> <span class='ocrx_word' id='word_1_795' title='bbox 3323 3739 3399 3809; x_wconf 89' lang='lat' dir='ltr'><strong><em>(a)</em></strong></span> <span class='ocrx_word' id='word_1_796' title='bbox 3427 3740 3634 3809; x_wconf 88' lang='lat' dir='ltr'><strong><em>prodiet</em></strong></span> <span class='ocrx_word' id='word_1_797' title='bbox 3683 3742 3784 3795; x_wconf 88' lang='lat' dir='ltr'><strong><em>iui-</em></strong></span> 
     </span>
    </p>
   </div>
   <div class='ocr_carea' id='block_1_100' title="bbox 2197 3829 3784 3900">
    <p class='ocr_par' dir='ltr' id='par_1_100' title="bbox 2197 3829 3784 3900">
     <span class='ocr_line' id='line_1_100' title="bbox 2197 3829 3784 3900; baseline 0.002 -16"><span class='ocrx_word' id='word_1_798' title='bbox 2197 3831 2372 3899; x_wconf 89' lang='lat' dir='ltr'><strong><em>quitas</em></strong></span> <span class='ocrx_word' id='word_1_799' title='bbox 2401 3846 2467 3884; x_wconf 80' lang='lat' dir='ltr'><strong><em>ex</em></strong></span> <span class='ocrx_word' id='word_1_800' title='bbox 2488 3829 2643 3899; x_wconf 88' lang='lat' dir='ltr'><strong><em>adipe</em></strong></span> <span class='ocrx_word' id='word_1_801' title='bbox 2665 3829 2800 3899; x_wconf 83' lang='lat' dir='ltr'><strong><em>ejus.</em></strong></span> <span class='ocrx_word' id='word_1_802' title='bbox 2823 3829 2941 3885; x_wconf 85' lang='lat' dir='ltr'><strong><em>Jam</em></strong></span> <span class='ocrx_word' id='word_1_803' title='bbox 2972 3829 3115 3886; x_wconf 89' lang='lat' dir='ltr'><strong><em>enim</em></strong></span> <span class='ocrx_word' id='word_1_804' title='bbox 3141 3831 3560 3900; x_wconf 67' lang='lat' dir='ltr'><strong><em>prmceptoribus</em></strong></span> <span class='ocrx_word' id='word_1_805' title='bbox 3586 3841 3641 3887; x_wconf 90' lang='lat' dir='ltr'><strong><em>et</em></strong></span> <span class='ocrx_word' id='word_1_806' title='bbox 3663 3847 3784 3887; x_wconf 88' lang='lat' dir='ltr'><strong><em>cor-</em></strong></span> 
     </span>
    </p>
   </div>
   <div class='ocr_carea' id='block_1_101' title="bbox 2196 3919 3784 3991">
    <p class='ocr_par' dir='ltr' id='par_1_101' title="bbox 2196 3919 3784 3991">
     <span class='ocr_line' id='line_1_101' title="bbox 2196 3919 3784 3991; baseline 0.001 -14"><span class='ocrx_word' id='word_1_807' title='bbox 2196 3922 2501 3991; x_wconf 88' lang='lat' dir='ltr'><strong><em>reptoribus</em></strong></span> <span class='ocrx_word' id='word_1_808' title='bbox 2523 3922 2638 3977; x_wconf 87' lang='lat' dir='ltr'><strong><em>suis</em></strong></span> <span class='ocrx_word' id='word_1_809' title='bbox 2663 3919 2966 3976; x_wconf 82' lang='lat' dir='ltr'><strong><em>inimicitias</em></strong></span> <span class='ocrx_word' id='word_1_810' title='bbox 3011 3920 3285 3987; x_wconf 90' lang='lat' dir='ltr'><strong><em>indicunt;</em></strong></span> <span class='ocrx_word' id='word_1_811' title='bbox 3316 3929 3372 3974; x_wconf 85' lang='lat' dir='ltr'><strong><em>ct</em></strong></span> <span class='ocrx_word' id='word_1_812' title='bbox 3417 3922 3550 3975; x_wconf 87' lang='lat' dir='ltr'><strong><em>ﬂunt</em></strong></span> <span class='ocrx_word' id='word_1_813' title='bbox 3587 3923 3784 3980; x_wconf 75' lang='lat' dir='ltr'><strong><em>inimici</em></strong></span> 
     </span>
    </p>
   </div>
   <div class='ocr_carea' id='block_1_102' title="bbox 2197 4012 3785 4082">
    <p class='ocr_par' dir='ltr' id='par_1_102' title="bbox 2197 4012 3785 4082">
     <span class='ocr_line' id='line_1_102' title="bbox 2197 4012 3785 4082; baseline 0.001 -16"><span class='ocrx_word' id='word_1_814' title='bbox 2197 4029 2380 4067; x_wconf 89' lang='lat' dir='ltr'><strong><em>verum</em></strong></span> <span class='ocrx_word' id='word_1_815' title='bbox 2404 4012 2706 4068; x_wconf 82' lang='lat' dir='ltr'><strong><em>dicentibus</em></strong></span> <span class='ocrx_word' id='word_1_816' title='bbox 2725 4052 2742 4079; x_wconf 92' lang='lat'><strong><em>,</em></strong></span> <span class='ocrx_word' id='word_1_817' title='bbox 2767 4012 2877 4081; x_wconf 81' lang='lat' dir='ltr'><strong><em>jam</em></strong></span> <span class='ocrx_word' id='word_1_818' title='bbox 2907 4012 3045 4066; x_wconf 90' lang='lat' dir='ltr'><strong><em>sueti</em></strong></span> <span class='ocrx_word' id='word_1_819' title='bbox 3087 4012 3415 4082; x_wconf 86' lang='lat' dir='ltr'><strong><em>compalpari</em></strong></span> <span class='ocrx_word' id='word_1_820' title='bbox 3453 4013 3629 4067; x_wconf 83' lang='lat' dir='ltr'><strong><em>verbis</em></strong></span> <span class='ocrx_word' id='word_1_821' title='bbox 3649 4013 3785 4068; x_wconf 77' lang='lat' dir='ltr'><strong><em>adu~</em></strong></span> 
     </span>
    </p>
   </div>
   <div class='ocr_carea' id='block_1_103' title="bbox 2197 4103 3784 4174">
    <p class='ocr_par' dir='ltr' id='par_1_103' title="bbox 2197 4103 3784 4174">
     <span class='ocr_line' id='line_1_103' title="bbox 2197 4103 3784 4174; baseline 0.001 -16"><span class='ocrx_word' id='word_1_822' title='bbox 2197 4104 2441 4170; x_wconf 78' lang='lat' dir='ltr'><strong><em>lantiunt,</em></strong></span> <span class='ocrx_word' id='word_1_823' title='bbox 2469 4119 2601 4159; x_wconf 90' lang='lat' dir='ltr'><strong><em>aure</em></strong></span> <span class='ocrx_word' id='word_1_824' title='bbox 2623 4103 2768 4159; x_wconf 91' lang='lat' dir='ltr'><strong><em>molli</em></strong></span> <span class='ocrx_word' id='word_1_825' title='bbox 2793 4143 2810 4168; x_wconf 90' lang='lat'><strong><em>,</em></strong></span> <span class='ocrx_word' id='word_1_826' title='bbox 2839 4104 3004 4159; x_wconf 90' lang='lat' dir='ltr'><strong><em>corde</em></strong></span> <span class='ocrx_word' id='word_1_827' title='bbox 3047 4119 3154 4166; x_wconf 87' lang='lat' dir='ltr'><strong><em>non</em></strong></span> <span class='ocrx_word' id='word_1_828' title='bbox 3195 4119 3343 4158; x_wconf 86' lang='lat' dir='ltr'><strong><em>sano.</em></strong></span> <span class='ocrx_word' id='word_1_829' title='bbox 3373 4104 3504 4174; x_wconf 87' lang='lat' dir='ltr'><strong><em>Quis</em></strong></span> <span class='ocrx_word' id='word_1_830' title='bbox 3531 4104 3676 4161; x_wconf 82' lang='lat' dir='ltr'><strong><em>dicat</em></strong></span> <span class='ocrx_word' id='word_1_831' title='bbox 3700 4107 3784 4160; x_wconf 84' lang='lat' dir='ltr'><strong><em>di-</em></strong></span> 
     </span>
    </p>
   </div>
   <div class='ocr_carea' id='block_1_104' title="bbox 2195 4196 3782 4266">
    <p class='ocr_par' dir='ltr' id='par_1_104' title="bbox 2195 4196 3782 4266">
     <span class='ocr_line' id='line_1_104' title="bbox 2195 4196 3782 4266; baseline 0.001 -16"><span class='ocrx_word' id='word_1_832' title='bbox 2195 4199 2289 4252; x_wconf 85' lang='lat' dir='ltr'><strong><em>viti</em></strong></span> <span class='ocrx_word' id='word_1_833' title='bbox 2324 4215 2338 4253; x_wconf 90' lang='lat'><strong><em>:</em></strong></span> <span class='ocrx_word' id='word_1_834' title='bbox 2371 4198 2508 4252; x_wconf 82' lang='lat' dir='ltr'><strong><em>Male</em></strong></span> <span class='ocrx_word' id='word_1_835' title='bbox 2547 4197 2717 4252; x_wconf 87' lang='lat' dir='ltr'><strong><em>fecisti</em></strong></span> <span class='ocrx_word' id='word_1_836' title='bbox 2765 4211 2956 4266; x_wconf 87' lang='lat' dir='ltr'><strong><em>rapere</em></strong></span> <span class='ocrx_word' id='word_1_837' title='bbox 3003 4212 3092 4251; x_wconf 87' lang='lat' dir='ltr'><strong><em>res</em></strong></span> <span class='ocrx_word' id='word_1_838' title='bbox 3135 4196 3378 4252; x_wconf 80' lang='lat' dir='ltr'><strong><em>alienas?</em></strong></span> <span class='ocrx_word' id='word_1_839' title='bbox 3407 4198 3514 4251; x_wconf 82' lang='lat' dir='ltr'><strong><em>Aut</em></strong></span> <span class='ocrx_word' id='word_1_840' title='bbox 3547 4197 3685 4253; x_wconf 88' lang='lat' dir='ltr'><strong><em>forte</em></strong></span> <span class='ocrx_word' id='word_1_841' title='bbox 3738 4199 3782 4252; x_wconf 87' lang='lat' dir='ltr'><strong><em>si</em></strong></span> 
     </span>
    </p>
   </div>
   <div class='ocr_carea' id='block_1_105' title="bbox 2196 4286 3783 4357">
    <p class='ocr_par' dir='ltr' id='par_1_105' title="bbox 2196 4286 3783 4357">
     <span class='ocr_line' id='line_1_105' title="bbox 2196 4286 3783 4357; baseline 0.001 -15"><span class='ocrx_word' id='word_1_842' title='bbox 2196 4304 2359 4343; x_wconf 83' lang='lat' dir='ltr'><strong><em>ausus</em></strong></span> <span class='ocrx_word' id='word_1_843' title='bbox 2387 4288 2545 4342; x_wconf 90' lang='lat' dir='ltr'><strong><em>fuerit</em></strong></span> <span class='ocrx_word' id='word_1_844' title='bbox 2574 4287 2767 4356; x_wconf 87' lang='lat' dir='ltr'><strong><em>aliquis</em></strong></span> <span class='ocrx_word' id='word_1_845' title='bbox 2795 4286 2976 4341; x_wconf 89' lang='lat' dir='ltr'><strong><em>dicere</em></strong></span> <span class='ocrx_word' id='word_1_846' title='bbox 2994 4328 3010 4352; x_wconf 92' lang='lat'><strong><em>,</em></strong></span> <span class='ocrx_word' id='word_1_847' title='bbox 3039 4297 3094 4342; x_wconf 86' lang='lat' dir='ltr'><strong><em>et</em></strong></span> <span class='ocrx_word' id='word_1_848' title='bbox 3121 4287 3244 4341; x_wconf 82' lang='lat' dir='ltr'><strong><em>talis</em></strong></span> <span class='ocrx_word' id='word_1_849' title='bbox 3267 4295 3351 4342; x_wconf 89' lang='lat' dir='ltr'><strong><em>est</em></strong></span> <span class='ocrx_word' id='word_1_850' title='bbox 3368 4287 3451 4341; x_wconf 92' lang='lat' dir='ltr'><strong><em>cui</em></strong></span> <span class='ocrx_word' id='word_1_851' title='bbox 3483 4303 3588 4342; x_wconf 92' lang='lat' dir='ltr'><strong><em>non</em></strong></span> <span class='ocrx_word' id='word_1_852' title='bbox 3615 4289 3783 4357; x_wconf 79' lang='lat' dir='ltr'><strong><em>possit</em></strong></span> 
     </span>
    </p>
   </div>
   <div class='ocr_carea' id='block_1_106' title="bbox 2195 4377 3779 4449">
    <p class='ocr_par' dir='ltr' id='par_1_106' title="bbox 2195 4377 3779 4449">
     <span class='ocr_line' id='line_1_106' title="bbox 2195 4377 3779 4449; baseline -0.001 -14"><span class='ocrx_word' id='word_1_853' title='bbox 2195 4381 2288 4436; x_wconf 85' lang='lat' dir='ltr'><strong><em>ille</em></strong></span> <span class='ocrx_word' id='word_1_854' title='bbox 2330 4381 2620 4445; x_wconf 74' lang='lat' dir='ltr'><strong><em>resistere,</em></strong></span> <span class='ocrx_word' id='word_1_855' title='bbox 2663 4378 2790 4449; x_wconf 87' lang='lat' dir='ltr'><strong><em>quid</em></strong></span> <span class='ocrx_word' id='word_1_856' title='bbox 2836 4377 3164 4447; x_wconf 84' lang='lat' dir='ltr'><strong><em>respondet?</em></strong></span> <span class='ocrx_word' id='word_1_857' title='bbox 3192 4377 3383 4433; x_wconf 83' lang='lat' dir='ltr'><strong><em>Totum</em></strong></span> <span class='ocrx_word' id='word_1_858' title='bbox 3435 4379 3486 4433; x_wconf 91' lang='lat' dir='ltr'><strong><em>in</em></strong></span> <span class='ocrx_word' id='word_1_859' title='bbox 3533 4389 3779 4434; x_wconf 88' lang='lat' dir='ltr'><strong><em>contem-</em></strong></span> 
     </span>
    </p>
   </div>
   <div class='ocr_carea' id='block_1_107' title="bbox 2195 4468 3782 4542">
    <p class='ocr_par' dir='ltr' id='par_1_107' title="bbox 2195 4468 3782 4542">
     <span class='ocr_line' id='line_1_107' title="bbox 2195 4468 3782 4542; baseline -0.001 -16"><span class='ocrx_word' id='word_1_860' title='bbox 2195 4483 2344 4542; x_wconf 89' lang='lat' dir='ltr'><strong><em>ptum</em></strong></span> <span class='ocrx_word' id='word_1_861' title='bbox 2371 4473 2459 4525; x_wconf 89' lang='lat' dir='ltr'><strong><em>Dei</em></strong></span> <span class='ocrx_word' id='word_1_862' title='bbox 2487 4470 2740 4540; x_wconf 87' lang='lat' dir='ltr'><strong><em>loquitur.</em></strong></span> <span class='ocrx_word' id='word_1_863' title='bbox 2771 4468 2971 4536; x_wconf 83' lang='lat' dir='ltr'><strong><em>Quare?</em></strong></span> <span class='ocrx_word' id='word_1_864' title='bbox 2991 4469 3124 4536; x_wconf 88' lang='lat' dir='ltr'><strong><em>Quia</em></strong></span> <span class='ocrx_word' id='word_1_865' title='bbox 3155 4469 3414 4539; x_wconf 86' lang='lat' dir='ltr'><strong><em>superbus</em></strong></span> <span class='ocrx_word' id='word_1_866' title='bbox 3437 4479 3542 4524; x_wconf 87' lang='lat' dir='ltr'><strong><em>est.</em></strong></span> <span class='ocrx_word' id='word_1_867' title='bbox 3566 4471 3782 4536; x_wconf 77' lang='lat' dir='ltr'><strong><em>Quare?</em></strong></span> 
     </span>
    </p>
   </div>
   <div class='ocr_carea' id='block_1_108' title="bbox 2193 4561 3782 4634">
    <p class='ocr_par' dir='ltr' id='par_1_108' title="bbox 2193 4561 3782 4634">
     <span class='ocr_line' id='line_1_108' title="bbox 2193 4561 3782 4634; baseline 0 -16"><span class='ocrx_word' id='word_1_868' title='bbox 2193 4567 2325 4632; x_wconf 86' lang='lat' dir='ltr'><strong><em>Quia</em></strong></span> <span class='ocrx_word' id='word_1_869' title='bbox 2356 4565 2564 4634; x_wconf 82' lang='lat' dir='ltr'><strong><em>pinguis</em></strong></span> <span class='ocrx_word' id='word_1_870' title='bbox 2586 4573 2690 4618; x_wconf 85' lang='lat' dir='ltr'><strong><em>est.</em></strong></span> <span class='ocrx_word' id='word_1_871' title='bbox 2719 4562 2922 4629; x_wconf 79' lang='lat' dir='ltr'><strong><em>Quare?</em></strong></span> <span class='ocrx_word' id='word_1_872' title='bbox 2961 4563 3095 4629; x_wconf 89' lang='lat' dir='ltr'><strong><em>Quia</em></strong></span> <span class='ocrx_word' id='word_1_873' title='bbox 3134 4561 3360 4616; x_wconf 89' lang='lat' dir='ltr'><strong><em>devotus</em></strong></span> <span class='ocrx_word' id='word_1_874' title='bbox 3401 4561 3470 4616; x_wconf 91' lang='lat' dir='ltr'><strong><em>ad</em></strong></span> <span class='ocrx_word' id='word_1_875' title='bbox 3511 4561 3782 4618; x_wconf 87' lang='lat' dir='ltr'><strong><em>victimam</em></strong></span> 
     </span>
    </p>
   </div>
   <div class='ocr_carea' id='block_1_109' title="bbox 2192 4653 3458 4722">
    <p class='ocr_par' dir='ltr' id='par_1_109' title="bbox 2192 4653 3458 4722">
     <span class='ocr_line' id='line_1_109' title="bbox 2192 4653 3458 4722; baseline -0.005 -10"><span class='ocrx_word' id='word_1_876' title='bbox 2192 4666 2296 4712; x_wconf 89' lang='lat' dir='ltr'><strong><em>est.</em></strong></span> <span class='ocrx_word' id='word_1_877' title='bbox 2330 4653 2541 4709; x_wconf 82' lang='lat' dir='ltr'><strong><em>Prodiet</em></strong></span> <span class='ocrx_word' id='word_1_878' title='bbox 2563 4655 2709 4722; x_wconf 86' lang='lat' dir='ltr'><strong><em>quasi</em></strong></span> <span class='ocrx_word' id='word_1_879' title='bbox 2737 4670 2802 4708; x_wconf 77' lang='lat' dir='ltr'><strong><em>ea:</em></strong></span> <span class='ocrx_word' id='word_1_880' title='bbox 2836 4655 2989 4722; x_wconf 83' lang='lat' dir='ltr'><strong><em>adipe</em></strong></span> <span class='ocrx_word' id='word_1_881' title='bbox 3003 4653 3240 4722; x_wconf 83' lang='lat' dir='ltr'><strong><em>iniquitas</em></strong></span> <span class='ocrx_word' id='word_1_882' title='bbox 3267 4669 3458 4707; x_wconf 82' lang='lat' dir='ltr'><strong><em>eorum.</em></strong></span> 
     </span>
    </p>
   </div>
   <div class='ocr_carea' id='block_1_110' title="bbox 2267 4743 3783 4816">
    <p class='ocr_par' dir='ltr' id='par_1_110' title="bbox 2267 4743 3783 4816">
     <span class='ocr_line' id='line_1_110' title="bbox 2267 4743 3783 4816; baseline -0.003 -13"><span class='ocrx_word' id='word_1_883' title='bbox 2267 4749 2351 4803; x_wconf 79' lang='grc'><strong><em>15.</em></strong></span> <span class='ocrx_word' id='word_1_884' title='bbox 2401 4747 2733 4801; x_wconf 84' lang='lat' dir='ltr'><strong><em>Transierunt</em></strong></span> <span class='ocrx_word' id='word_1_885' title='bbox 2775 4747 2828 4800; x_wconf 86' lang='lat' dir='ltr'><strong><em>in</em></strong></span> <span class='ocrx_word' id='word_1_886' title='bbox 2855 4746 3238 4816; x_wconf 79' lang='lat' dir='ltr'><strong><em>dispositionem</em></strong></span> <span class='ocrx_word' id='word_1_887' title='bbox 3276 4745 3461 4800; x_wconf 85' lang='lat' dir='ltr'><strong><em>cordis.</em></strong></span> <span class='ocrx_word' id='word_1_888' title='bbox 3510 4743 3587 4802; x_wconf 86' lang='lat' dir='ltr'><strong><em>lbi</em></strong></span> <span class='ocrx_word' id='word_1_889' title='bbox 3642 4748 3783 4800; x_wconf 82' lang='lat' dir='ltr'><strong><em>intus</em></strong></span> 
     </span>
    </p>
   </div>
   <div class='ocr_carea' id='block_1_111' title="bbox 2191 4835 3782 4906">
    <p class='ocr_par' dir='ltr' id='par_1_111' title="bbox 2191 4835 3782 4906">
     <span class='ocr_line' id='line_1_111' title="bbox 2191 4835 3782 4906; baseline -0.001 -11"><span class='ocrx_word' id='word_1_890' title='bbox 2191 4842 2535 4895; x_wconf 74' lang='lat' dir='ltr'><strong><em>transierunt.</em></strong></span> <span class='ocrx_word' id='word_1_891' title='bbox 2565 4839 2700 4906; x_wconf 88' lang='lat' dir='ltr'><strong><em>Quid</em></strong></span> <span class='ocrx_word' id='word_1_892' title='bbox 2747 4847 2829 4893; x_wconf 88' lang='lat' dir='ltr'><strong><em>est</em></strong></span> <span class='ocrx_word' id='word_1_893' title='bbox 2868 4836 3216 4890; x_wconf 72' lang='lat' dir='ltr'><strong><em>transierunt!</em></strong></span> <span class='ocrx_word' id='word_1_894' title='bbox 3255 4835 3630 4906; x_wconf 69' lang='lat' dir='ltr'><strong><em>Praetergressi</em></strong></span> <span class='ocrx_word' id='word_1_895' title='bbox 3658 4849 3782 4894; x_wconf 77' lang='lat' dir='ltr'><strong><em>Sunt</em></strong></span> 
     </span>
    </p>
   </div>
   <div class='ocr_carea' id='block_1_112' title="bbox 2192 4927 3782 4998">
    <p class='ocr_par' dir='ltr' id='par_1_112' title="bbox 2192 4927 3782 4998">
     <span class='ocr_line' id='line_1_112' title="bbox 2192 4927 3782 4998; baseline -0.003 -13"><span class='ocrx_word' id='word_1_896' title='bbox 2192 4931 2350 4985; x_wconf 90' lang='lat' dir='ltr'><strong><em>viam.</em></strong></span> <span class='ocrx_word' id='word_1_897' title='bbox 2379 4931 2516 4998; x_wconf 87' lang='lat' dir='ltr'><strong><em>Quid</em></strong></span> <span class='ocrx_word' id='word_1_898' title='bbox 2560 4939 2642 4985; x_wconf 71' lang='lat' dir='ltr'><strong><em>est</em></strong></span> <span class='ocrx_word' id='word_1_899' title='bbox 2690 4927 3425 4983; x_wconf 64' lang='lat' dir='ltr'><strong><em>transierunNExcessct-unt</em></strong></span> <span class='ocrx_word' id='word_1_900' title='bbox 3470 4938 3641 4982; x_wconf 85' lang='lat' dir='ltr'><strong><em>metas</em></strong></span> <span class='ocrx_word' id='word_1_901' title='bbox 3685 4928 3782 4983; x_wconf 84' lang='lat' dir='ltr'><strong><em>hn-</em></strong></span> 
     </span>
    </p>
   </div>
   <div class='ocr_carea' id='block_1_113' title="bbox 2191 5020 3776 5092">
    <p class='ocr_par' dir='ltr' id='par_1_113' title="bbox 2191 5020 3776 5092">
     <span class='ocr_line' id='line_1_113' title="bbox 2191 5020 3776 5092; baseline 0 -16"><span class='ocrx_word' id='word_1_902' title='bbox 2191 5025 2334 5076; x_wconf 88' lang='lat' dir='ltr'><strong><em>mani</em></strong></span> <span class='ocrx_word' id='word_1_903' title='bbox 2360 5024 2571 5092; x_wconf 66' lang='lat' dir='ltr'><strong><em>generis</em></strong></span> <span class='ocrx_word' id='word_1_904' title='bbox 2595 5039 2609 5085; x_wconf 92' lang='lat'><strong>;</strong></span> <span class='ocrx_word' id='word_1_905' title='bbox 2644 5021 2888 5076; x_wconf 88' lang='lat' dir='ltr'><strong><em>homines</em></strong></span> <span class='ocrx_word' id='word_1_906' title='bbox 2914 5035 2972 5075; x_wconf 90' lang='lat' dir='ltr'><strong><em>se</em></strong></span> <span class='ocrx_word' id='word_1_907' title='bbox 3010 5034 3165 5088; x_wconf 86' lang='lat' dir='ltr'><strong><em>pares</em></strong></span> <span class='ocrx_word' id='word_1_908' title='bbox 3192 5020 3404 5074; x_wconf 62' lang='lat' dir='ltr'><strong><em>ueteris</em></strong></span> <span class='ocrx_word' id='word_1_909' title='bbox 3433 5036 3538 5074; x_wconf 89' lang='lat' dir='ltr'><strong><em>non</em></strong></span> <span class='ocrx_word' id='word_1_910' title='bbox 3569 5031 3776 5089; x_wconf 81' lang='lat' dir='ltr'><strong><em>putant.</em></strong></span> 
     </span>
    </p>
   </div>
   <div class='ocr_carea' id='block_1_114' title="bbox 2190 5110 3777 5178">
    <p class='ocr_par' dir='ltr' id='par_1_114' title="bbox 2190 5110 3777 5178">
     <span class='ocr_line' id='line_1_114' title="bbox 2190 5110 3777 5178; baseline -0.003 -10"><span class='ocrx_word' id='word_1_911' title='bbox 2190 5113 2559 5175; x_wconf 78' lang='lat' dir='ltr'><strong><em>Transierunt,</em></strong></span> <span class='ocrx_word' id='word_1_912' title='bbox 2595 5113 2830 5178; x_wconf 79' lang='lat' dir='ltr'><strong><em>inquam,</em></strong></span> <span class='ocrx_word' id='word_1_913' title='bbox 2853 5120 3023 5165; x_wconf 84' lang='lat' dir='ltr'><strong><em>metas</em></strong></span> <span class='ocrx_word' id='word_1_914' title='bbox 3046 5110 3264 5164; x_wconf 86' lang='lat' dir='ltr'><strong><em>humani</em></strong></span> <span class='ocrx_word' id='word_1_915' title='bbox 3290 5111 3524 5178; x_wconf 79' lang='lat' dir='ltr'><strong><em>generis.</em></strong></span> <span class='ocrx_word' id='word_1_916' title='bbox 3552 5111 3777 5177; x_wconf 82' lang='lat' dir='ltr'><strong><em>Quando</em></strong></span> 
     </span>
    </p>
   </div>
   <div class='ocr_carea' id='block_1_115' title="bbox 2189 5204 3775 5273">
    <p class='ocr_par' dir='ltr' id='par_1_115' title="bbox 2189 5204 3775 5273">
     <span class='ocr_line' id='line_1_115' title="bbox 2189 5204 3775 5273; baseline -0.002 -13"><span class='ocrx_word' id='word_1_917' title='bbox 2189 5205 2322 5260; x_wconf 88' lang='lat' dir='ltr'><strong><em>dicis</em></strong></span> <span class='ocrx_word' id='word_1_918' title='bbox 2352 5207 2440 5260; x_wconf 89' lang='lat' dir='ltr'><strong><em>tali</em></strong></span> <span class='ocrx_word' id='word_1_919' title='bbox 2493 5205 2692 5258; x_wconf 88' lang='lat' dir='ltr'><strong><em>homini</em></strong></span> <span class='ocrx_word' id='word_1_920' title='bbox 2720 5222 2732 5254; x_wconf 91' lang='lat'><strong><em>:</em></strong></span> <span class='ocrx_word' id='word_1_921' title='bbox 2765 5204 2952 5258; x_wconf 84' lang='lat' dir='ltr'><strong><em>Frater</em></strong></span> <span class='ocrx_word' id='word_1_922' title='bbox 2993 5213 3115 5257; x_wconf 90' lang='lat' dir='ltr'><strong><em>tuus</em></strong></span> <span class='ocrx_word' id='word_1_923' title='bbox 3152 5211 3235 5257; x_wconf 86' lang='lat' dir='ltr'><strong><em>est</em></strong></span> <span class='ocrx_word' id='word_1_924' title='bbox 3263 5205 3362 5257; x_wconf 88' lang='lat' dir='ltr'><strong><em>iste</em></strong></span> <span class='ocrx_word' id='word_1_925' title='bbox 3392 5218 3625 5273; x_wconf 87' lang='lat' dir='ltr'><strong><em>pauper;</em></strong></span> <span class='ocrx_word' id='word_1_926' title='bbox 3659 5222 3775 5258; x_wconf 78' lang='lat' dir='ltr'><strong><em>cus-</em></strong></span> 
     </span>
    </p>
   </div>
   <div class='ocr_carea' id='block_1_116' title="bbox 2188 5293 3775 5366">
    <p class='ocr_par' dir='ltr' id='par_1_116' title="bbox 2188 5293 3775 5366">
     <span class='ocr_line' id='line_1_116' title="bbox 2188 5293 3775 5366; baseline 0 -15"><span class='ocrx_word' id='word_1_927' title='bbox 2188 5298 2309 5351; x_wconf 85' lang='lat' dir='ltr'><strong><em>dem</em></strong></span> <span class='ocrx_word' id='word_1_928' title='bbox 2340 5307 2584 5366; x_wconf 79' lang='lat' dir='ltr'><strong><em>parentes</em></strong></span> <span class='ocrx_word' id='word_1_929' title='bbox 2615 5294 2874 5349; x_wconf 70' lang='lat' dir='ltr'><strong><em>habuistis</em></strong></span> <span class='ocrx_word' id='word_1_930' title='bbox 2899 5335 2914 5361; x_wconf 93' lang='lat'><strong><em>,</em></strong></span> <span class='ocrx_word' id='word_1_931' title='bbox 2949 5293 3116 5348; x_wconf 81' lang='lat' dir='ltr'><strong><em>Adam</em></strong></span> <span class='ocrx_word' id='word_1_932' title='bbox 3139 5303 3193 5348; x_wconf 87' lang='lat' dir='ltr'><strong><em>et</em></strong></span> <span class='ocrx_word' id='word_1_933' title='bbox 3223 5293 3390 5348; x_wconf 85' lang='lat' dir='ltr'><strong><em>Evam</em></strong></span> <span class='ocrx_word' id='word_1_934' title='bbox 3423 5312 3438 5350; x_wconf 88' lang='lat'><strong><em>:</em></strong></span> <span class='ocrx_word' id='word_1_935' title='bbox 3467 5295 3573 5348; x_wconf 90' lang='lat' dir='ltr'><strong><em>noli</em></strong></span> <span class='ocrx_word' id='word_1_936' title='bbox 3605 5304 3775 5350; x_wconf 85' lang='lat' dir='ltr'><strong><em>atten-</em></strong></span> 
     </span>
    </p>
   </div>
   <div class='ocr_carea' id='block_1_117' title="bbox 2255 5448 3030 5507">
    <p class='ocr_par' dir='ltr' id='par_1_117' title="bbox 2255 5448 3030 5507">
     <span class='ocr_line' id='line_1_117' title="bbox 2255 5448 3030 5507; baseline 0 -11"><span class='ocrx_word' id='word_1_937' title='bbox 2255 5453 2267 5481; x_wconf 81' lang='grc' dir='ltr'>ι</span> <span class='ocrx_word' id='word_1_938' title='bbox 2291 5452 2361 5498; x_wconf 75' lang='lat' dir='ltr'><strong><em>sic</em></strong></span> <span class='ocrx_word' id='word_1_939' title='bbox 2378 5457 2484 5499; x_wconf 75' lang='lat' dir='ltr'><strong><em>Mss.</em></strong></span> <span class='ocrx_word' id='word_1_940' title='bbox 2503 5448 2614 5497; x_wconf 71' lang='lat' dir='ltr'><strong><em>de.</em></strong></span> <span class='ocrx_word' id='word_1_941' title='bbox 2633 5461 2770 5507; x_wconf 84' lang='lat' dir='ltr'><strong><em>vero,</em></strong></span> <span class='ocrx_word' id='word_1_942' title='bbox 2798 5453 3030 5507; x_wconf 83' lang='lat' dir='ltr'><strong><em>petamus.</em></strong></span> 
     </span>
    </p>
   </div>
   <div class='ocr_carea' id='block_1_118' title="bbox 2251 5507 3770 5573">
    <p class='ocr_par' dir='ltr' id='par_1_118' title="bbox 2251 5507 3770 5573">
     <span class='ocr_line' id='line_1_118' title="bbox 2251 5507 3770 5573; baseline 0.001 -15"><span class='ocrx_word' id='word_1_943' title='bbox 2251 5516 2272 5542; x_wconf 80' lang='grc'>²</span> <span class='ocrx_word' id='word_1_944' title='bbox 2299 5511 2430 5570; x_wconf 65' lang='lat' dir='ltr'><strong><em>Hild,</em></strong></span> <span class='ocrx_word' id='word_1_945' title='bbox 2456 5509 2652 5573; x_wconf 75' lang='lat' dir='ltr'><strong><em>prodiit.</em></strong></span> <span class='ocrx_word' id='word_1_946' title='bbox 2693 5517 2748 5558; x_wconf 75' lang='lat' dir='ltr'><strong><em>At</em></strong></span> <span class='ocrx_word' id='word_1_947' title='bbox 2772 5507 2994 5573; x_wconf 83' lang='lat' dir='ltr'><strong><em>plerique</em></strong></span> <span class='ocrx_word' id='word_1_948' title='bbox 3041 5514 3095 5557; x_wconf 91' lang='lat' dir='ltr'><strong><em>et</em></strong></span> <span class='ocrx_word' id='word_1_949' title='bbox 3115 5508 3331 5570; x_wconf 87' lang='lat' dir='ltr'><strong><em>potiores</em></strong></span> <span class='ocrx_word' id='word_1_950' title='bbox 3365 5513 3494 5568; x_wconf 74' lang='lat' dir='ltr'><strong><em>uss,</em></strong></span> <span class='ocrx_word' id='word_1_951' title='bbox 3530 5507 3716 5565; x_wconf 78' lang='lat' dir='ltr'><strong><em>prodiet</em></strong></span> <span class='ocrx_word' id='word_1_952' title='bbox 3750 5520 3770 5559; x_wconf 88' lang='lat'><strong><em>:</em></strong></span> 
     </span>
    </p>
   </div>
   <div class='ocr_carea' id='block_1_119' title="bbox 2184 5569 2985 5635">
    <p class='ocr_par' dir='ltr' id='par_1_119' title="bbox 2184 5569 2985 5635">
     <span class='ocr_line' id='line_1_119' title="bbox 2184 5569 2985 5635; baseline -0.002 -13"><span class='ocrx_word' id='word_1_953' title='bbox 2184 5575 2322 5635; x_wconf 79' lang='lat' dir='ltr'><strong><em>juxta</em></strong></span> <span class='ocrx_word' id='word_1_954' title='bbox 2348 5569 2494 5622; x_wconf 73' lang='lat' dir='ltr'><strong><em>Graec.</em></strong></span> <span class='ocrx_word' id='word_1_955' title='bbox 2522 5579 2649 5627; x_wconf 71' lang='lat' dir='ltr'><strong><em>LXX,</em></strong></span> <span class='ocrx_word' id='word_1_956' title='bbox 2676 5569 2985 5635; x_wconf 73' lang='lat' dir='ltr'><strong><em>ea&#39;cleusethi.</em></strong></span> 
     </span>
    </p>
   </div>
   <div class='ocr_carea' id='block_1_120' title="bbox 2188 5629 3768 5747">
    <p class='ocr_par' dir='ltr' id='par_1_120' title="bbox 2188 5629 3768 5747">
     <span class='ocr_line' id='line_1_120' title="bbox 2188 5629 3768 5747; baseline 0.001 -67"><span class='ocrx_word' id='word_1_957' title='bbox 2188 5629 2223 5747; x_wconf 33' lang='grc' dir='ltr'><strong><em>ξι</em></strong></span> <span class='ocrx_word' id='word_1_958' title='bbox 2253 5639 2274 5667; x_wconf 79' lang='grc'>³</span> <span class='ocrx_word' id='word_1_959' title='bbox 2298 5638 2369 5684; x_wconf 64' lang='lat' dir='ltr'><strong><em>sic</em></strong></span> <span class='ocrx_word' id='word_1_960' title='bbox 2405 5635 2500 5697; x_wconf 83' lang='lat' dir='ltr'><strong><em>aliq</em></strong></span> <span class='ocrx_word' id='word_1_961' title='bbox 2519 5641 2588 5684; x_wconf 86' lang='lat' dir='ltr'><strong><em>tot</em></strong></span> <span class='ocrx_word' id='word_1_962' title='bbox 2621 5634 2784 5696; x_wconf 57' lang='lat' dir='ltr'><strong><em>probe</em></strong></span> <span class='ocrx_word' id='word_1_963' title='bbox 2821 5641 2947 5683; x_wconf 78' lang='lat' dir='ltr'><strong><em>nota:</em></strong></span> <span class='ocrx_word' id='word_1_964' title='bbox 2971 5639 3078 5682; x_wconf 68' lang='lat' dir='ltr'><strong><em>Mss.</em></strong></span> <span class='ocrx_word' id='word_1_965' title='bbox 3115 5637 3172 5682; x_wconf 78' lang='lat' dir='ltr'><strong><em>At</em></strong></span> <span class='ocrx_word' id='word_1_966' title='bbox 3203 5630 3337 5692; x_wconf 82' lang='lat' dir='ltr'><strong><em>Edd.,</em></strong></span> <span class='ocrx_word' id='word_1_967' title='bbox 3360 5629 3623 5694; x_wconf 66' lang='lat' dir='ltr'><strong><em>exiguitate</em></strong></span> <span class='ocrx_word' id='word_1_968' title='bbox 3653 5643 3768 5696; x_wconf 73' lang='grc' dir='ltr'><strong><em>φω-</em></strong></span> 
     </span>
     <span class='ocr_line' id='line_1_121' title="bbox 2223 5709 2321 5747; baseline -0.051 0"><span class='ocrx_word' id='word_1_969' title='bbox 2223 5709 2321 5747; x_wconf 87' lang='lat' dir='ltr'><strong><em>am.</em></strong></span> 
     </span>
    </p>
   </div>
   <div class='ocr_carea' id='block_1_121' title="bbox 2223 5709 2321 5747">
    <p class='ocr_par' dir='ltr' id='par_1_121' title="bbox 2223 5709 2321 5747">
     <span class='ocr_line' id='line_1_122' title="bbox 2223 5709 2321 5747; baseline -0.051 0"><span class='ocrx_word' id='word_1_970' title='bbox 2223 5709 2321 5747; x_wconf 86' lang='lat' dir='ltr'><strong><em>ant.</em></strong></span> 
     </span>
    </p>
   </div>
   <div class='ocr_carea' id='block_1_122' title="bbox 2253 5777 2845 5844">
    <p class='ocr_par' dir='ltr' id='par_1_122' title="bbox 2253 5777 2845 5844">
     <span class='ocr_line' id='line_1_123' title="bbox 2253 5777 2845 5844; baseline -0.002 -16"><span class='ocrx_word' id='word_1_971' title='bbox 2253 5779 2326 5844; x_wconf 90' lang='lat' dir='ltr'><strong><em>(a)</em></strong></span> <span class='ocrx_word' id='word_1_972' title='bbox 2344 5786 2501 5840; x_wconf 73' lang='lat' dir='ltr'><strong><em>Forte,</em></strong></span> <span class='ocrx_word' id='word_1_973' title='bbox 2536 5777 2584 5830; x_wconf 79' lang='lat' dir='ltr'><strong><em>in</em></strong></span> <span class='ocrx_word' id='word_1_974' title='bbox 2609 5786 2654 5831; x_wconf 86' lang='lat' dir='ltr'><strong><em>te</em></strong></span> <span class='ocrx_word' id='word_1_975' title='bbox 2670 5777 2845 5843; x_wconf 86' lang='lat' dir='ltr'><strong><em>ipsum.</em></strong></span> 
     </span>
    </p>
   </div>
  </div>
