3990 6296
242 343 343 399 99.!

237 462 372 516 dere
400 468 662 514 tumorem
690 466 867 511 tuum.
900 453 1005 505 noli
1028 450 1302 505 attendere
1332 451 1550 516 typhum
1583 463 1633 500 ιη
1660 460 1817 518 quem

237 554 494 609 clatuses
518 567 532 615 ;
563 551 661 603 etsi
692 559 742 602 te
765 548 1074 598 circumstat
1102 543 1320 604 familia,
1353 542 1452 594 etsi
1481 553 1824 593 numerosum

237 661 428 700 aurum
450 652 505 698 et
530 649 828 711 argentum,
853 639 952 690 etsi
982 636 1174 689 domus
1203 642 1521 686 marmorata
1548 629 1784 685 continet
1806 669 1822 691 ,

237 738 339 792 etsi
372 743 511 790 tecta
541 733 782 802 laqueata
811 739 1131 796 contegunt.
1159 724 1316 779 simul
1361 734 1412 777 te
1457 732 1510 776 et
1536 735 1823 791 pauperem

235 825 473 896 contegit
523 834 722 880 tectum
772 821 953 875 mundi
999 819 1229 878 cmlum;
1275 815 1369 869 sed
1414 814 1662 868 diversus
1706 827 1765 866 es
1793 827 1822 865 a

239 931 473 987 paupere
500 914 662 970 rebus
691 928 796 966 non
826 911 963 971 tuis,
991 909 1324 961 extrinsecus
1367 905 1623 974 appositis
1653 922 1667 960 :
1697 904 1822 958 tein

238 1010 344 1065 illis
364 1007 506 1068 vide.
540 1021 644 1060 non
673 1003 792 1058 illas
817 1001 868 1055 in
891 1009 967 1054 te.
1001 999 1228 1054 Attende
1256 998 1481 1067 teipsum
1501 1039 1518 1062 ,
1540 996 1629 1067 qui
1659 997 1733 1050 sis
1754 996 1821 1049 ad

235 1117 525 1172 pauperem
550 1116 566 1166 ;
596 1100 848 1169 teipsum.
878 1112 982 1151 non
1007 1095 1146 1166 quod
1177 1094 1361 1149 habes.
1390 1093 1527 1161 Quid
1557 1093 1698 1146 enim
1728 1091 1822 1144 de-

233 1192 400 1261 spicis
422 1193 663 1246 fratrem?
689 1189 745 1244 In
770 1188 1062 1243 visceribus
1085 1195 1312 1239 malrum
1347 1194 1639 1236 vestrarum
1662 1180 1819 1234 ambo

235 1283 362 1336 nudi
391 1283 584 1336 fuistis.
614 1281 771 1337 Certe
791 1280 950 1335 etiam
985 1294 1106 1332 cum
1137 1277 1203 1330 de
1225 1276 1322 1330 ista
1354 1275 1457 1328 vita
1485 1272 1738 1333 exieritis,
1765 1281 1821 1326 et

234 1375 354 1428 ista:
400 1388 619 1440 carnes,
665 1372 909 1427 exhalata
938 1371 1187 1434 ‘anima,
1232 1366 1426 1422 fuerint
1475 1365 1816 1434 putrefactte,

231 1467 618 1536 dignoscantur
655 1480 774 1519 ossa
803 1463 980 1517 divitis
1006 1473 1061 1516 et
1103 1459 1376 1532 pauperis!
1409 1459 1482 1512 De
1513 1457 1819 1512 conditione

233 1559 428 1627 loquor
463 1557 685 1626 :eqnali,
719 1556 785 1611 de
820 1556 932 1625 ipsa
960 1563 1104 1609 sorte
1129 1554 1343 1622 generis
1384 1549 1599 1604 lmmani
1631 1549 1682 1603 in
1712 1563 1817 1617 qua

229 1662 422 1700 unmes
472 1654 762 1700 nascuntur
789 1664 802 1700 :
832 1656 884 1699 et
907 1644 1055 1698 dives
1080 1659 1200 1696 cum
1231 1641 1318 1697 hic
1361 1642 1461 1704 sit,
1489 1651 1542 1695 et
1577 1654 1815 1710 pauper,

235 1754 347 1792 tum
381 1752 594 1804 semper
634 1736 718 1789 hic
746 1739 880 1796 erit;
912 1745 976 1787 σοι
998 1734 1136 1788 sicut
1160 1733 1311 1787 dives
1339 1747 1445 1786 non
1477 1731 1813 1794 venitdives,

229 1831 310 1882 sic
364 1844 460 1883 nee
485 1829 634 1883 dives
663 1828 899 1882 abscedit
929 1844 944 1879 :
977 1825 1114 1880 idem
1148 1826 1261 1894 ipse
1299 1833 1382 1879 est
1407 1824 1685 1893 utriusque
1729 1823 1814 1876 in-

233 1920 448 1982 troitus,
477 1927 530 1971 et
562 1933 655 1987 par
683 1917 876 1971 exitus.
901 1915 1053 1970 Addo
1077 1914 1219 1984 quod
1251 1913 1390 1969 forte
1435 1914 1706 1968 mutabilis
1732 1912 1814 1966 vi-

227 2025 342 2064 ees.
392 2009 509 2065 Jam
564 2010 756 2078 ubique
803 2008 1146 2080 Evangelium
1210 2006 1568 2077 praedicatur:
1598 2005 1815 2061 attende

227 2101 514 2170 quemdam
548 2116 833 2172 pauperem
865 2101 1162 2153 ulcerosum
1187 2098 1275 2169 qni
1324 2097 1532 2166 iacebat
1574 2106 1698 2152 ante
1731 2096 1813 2167 ja-

229 2209 392 2248 tmam
423 2193 622 2255 divitis,
663 2201 717 2246 et
756 2191 1003 2262 cupiebat
1031 2191 1258 2245 saturari
1307 2191 1375 2246 de
1403 2191 1553 2244 micis
1582 2207 1698 2259 qua:
1725 2205 1813 2243 ca-

227 2285 428 2339 debant
465 2285 533 2339 de
576 2300 761 2339 tnettsa
814 2285 1018 2345 divitis;
1050 2285 1264 2338 attende
1310 2294 1363 2338 et
1402 2284 1547 2337 illum
1579 2299 1757 2352 parem
1787 2283 1810 2314 ¹

229 2389 382 2432 tuum
413 2379 500 2447 qui
533 2378 846 2432 induebatur
871 2393 1103 2448 purpura
1131 2389 1184 2432 et
1204 2379 1365 2450 bysso
1383 2417 1400 2441 ,
1427 2385 1481 2430 et
1500 2376 1812 2446 epulabatur

223 2470 466 2539 quotidie
481 2469 773 2539 Splendide.
791 2469 1022 2540 Centigit
1041 2484 1232 2538 nempe
1252 2469 1384 2523 mori
1406 2468 1616 2536 inopem
1638 2467 1808 2534 illum,

226 2570 284 2616 et
312 2561 508 2617 auferri
538 2560 606 2614 ab
649 2559 866 2632 Angelis
893 2561 944 2615 in
992 2561 1167 2615 simnn
1212 2559 1438 2614 Abrahae
1467 2576 1482 2614 :
1515 2560 1602 2614 ille
1630 2569 1808 2613 autem

226 2665 476 2709 mortuus
500 2662 583 2708 est
607 2693 621 2715 .
649 2664 704 2708 et
735 2654 976 2723 sepultus
1001 2662 1112 2716 est;
1138 2667 1262 2706 nam
1293 2651 1434 2705 illius
1460 2649 1596 2705 forte
1622 2650 1805 2719 sepul-

228 2753 404 2796 turam
430 2759 592 2797 nemo
614 2741 824 2798 curavit
850 2762 866 2791 ε
895 2753 948 2797 et
975 2759 1097 2797 cum
1126 2742 1267 2811 apud
1296 2741 1496 2796 inferos
1520 2740 1612 2795 ille
1657 2739 1810 2795 dives

226 2835 281 2888 in
311 2836 587 2888 tormentis
613 2844 771 2896 esset,
798 2848 975 2889 nonne
1000 2833 1225 2888 elevavit
1251 2830 1437 2886 oculos
1458 2845 1618 2894 suos,
1647 2841 1703 2884 et
1726 2830 1807 2884 vi-

224 2925 306 2979 dit
334 2925 385 2978 iu
413 2925 621 2978 infinito
657 2924 850 2994 gaudio
887 2940 1005 2976 eum
1031 2938 1191 2992 quem
1230 2922 1550 2989 contempsit
1571 2929 1695 2975 ante
1720 2919 1805 2988 ja-

227 3031 390 3069 nuam
421 3030 569 3069 suam
595 3056 609 3078 ,
635 3025 690 3068 et
717 3014 785 3068 de
831 3013 997 3082 digito
1025 3014 1139 3081 ejus
1179 3027 1330 3080 aqua:
1372 3012 1570 3064 stillam
1597 3009 1809 3065 deside-

227 3108 398 3165 ravit,
427 3107 514 3175 qui
536 3106 602 3158 de
624 3119 802 3157 mensa
833 3104 948 3172 ejus
976 3103 1226 3157 cadentes
1262 3100 1424 3156 micas
1465 3099 1804 3154 desiderave-

225 3196 353 3250 rat?
384 3195 632 3255 Fratres.
664 3193 814 3247 labor
838 3193 926 3247 ille
958 3192 1204 3260 pauperis
1242 3199 1469 3260 quantus
1494 3189 1633 3242 fuit?
1662 3188 1804 3242 Deli-

225 3288 326 3339 cia:
369 3285 473 3338 illa:
523 3284 700 3339 divitis
742 3298 903 3354 quam
941 3281 1112 3350 longte
1153 3281 1400 3335 fuerunt?
1437 3279 1588 3344 Quod
1627 3289 1803 3334 autem

227 3386 608 3440 tnnLaverunt,
656 3386 969 3444 perpetuum
1012 3385 1114 3428 est.
1166 3373 1307 3426 Illius
1353 3386 1481 3440 ergo
1528 3372 1649 3439 quia
1695 3387 1802 3425 non

226 3478 345 3523 erat
366 3467 650 3521 declinatio
677 3466 727 3518 in
763 3477 960 3529 morte,
992 3474 1046 3518 et
1069 3465 1455 3518 firmamentum
1481 3473 1596 3516 erat
1625 3460 1676 3516 in
1703 3461 1802 3516 tla-

225 3559 370 3629 gello
419 3558 575 3626 ejus;
607 3559 657 3610 in
690 3557 956 3611 laboribus
993 3556 1262 3610 hominum
1291 3572 1394 3609 non
1441 3555 1560 3620 fuit,
1585 3565 1640 3611 et
1663 3557 1804 3611 inter

227 3651 474 3702 homines
517 3647 807 3718 ﬂagellatus
847 3663 950 3700 non
1003 3657 1124 3701 est:
1157 3645 1246 3700 ille
1294 3655 1468 3699 autem
1509 3645 1803 3716 ﬂagellatus

227 3743 337 3805 hic,
366 3742 624 3808 requievit
656 3741 760 3803 ibi;
793 3741 913 3809 quia
956 3739 1183 3808 ﬂagellat
1205 3753 1418 3791 omnem
1451 3737 1614 3792 lilium
1641 3753 1800 3808 quem

224 3833 416 3902 recipit
457 3831 638 3900 (Ilebr.
667 3848 770 3893 su.
804 3831 880 3899 6).
915 3830 1016 3884 Sed
1061 3829 1146 3884 cui
1194 3828 1328 3884 dicis
1373 3829 1512 3884 ista?
1551 3829 1800 3896 Epulanti

225 3923 526 3992 splendide,
555 3932 610 3977 et
635 3923 874 3977 induenti
915 3937 973 3976 se
1000 3920 1238 3991 quotidie
1284 3937 1512 3992 purpura
1539 3929 1593 3974 et
1619 3921 1794 3990 bysso.

220 4013 319 4067 Cui
343 4013 474 4066 dicis
494 4014 517 4067 ?
539 4013 638 4081 Qui
667 4013 876 4067 transiit
901 4013 952 4066 in
990 4012 1366 4080 dispositione»:
1403 4011 1587 4064 cordis.
1616 4011 1801 4063 Merito

221 4118 347 4155 sero
368 4105 604 4158 dicturus
642 4114 730 4158 est
752 4146 767 4168 ,
801 4102 947 4157 Mitte
985 4102 1276 4168 Lazarum;
1299 4103 1434 4156 dicat
1460 4104 1534 4157 vel
1561 4101 1800 4172 fratribus

221 4194 346 4247 meis
377 4193 524 4262 (Luc.
574 4211 694 4257 XVI,
739 4193 944 4264 l9-3l);
989 4193 1202 4264 quando
1242 4194 1292 4248 ei
1338 4208 1445 4247 non
1489 4193 1801 4248 conceditur

221 4285 428 4340 fructus
459 4288 804 4355 pmniteutite.
828 4286 944 4342 Non
967 4286 1109 4341 enim
1134 4285 1462 4354 panitentia,
1493 4300 1597 4338 non
1619 4284 1794 4348 datur;

219 4376 318 4431 sed
363 4378 686 4446 sempiterna
737 4378 833 4432 erit
878 4377 1185 4446 pteuitentia
1229 4385 1284 4432 et
1311 4377 1454 4430 nulla
1486 4377 1632 4431 salus
1677 4385 1799 4446 post

222 4469 611 4537 ptenitentiam.
666 4469 809 4538 Ergo
851 4469 937 4524 isti
987 4469 1292 4524 transierunt
1326 4470 1381 4523 in
1425 4469 1797 4540 dispositionem

216 4559 407 4612 cordis.

295 4649 381 4702 Η.
414 4648 565 4719 [rers.
589 4646 670 4722 8.]
708 4649 1060 4720 Cogitat'erunt
1086 4659 1133 4704 et
1171 4649 1326 4703 locuti
1363 4660 1479 4703 sunt
1508 4649 1799 4721 malignita-

219 4752 339 4792 tem.
366 4735 474 4793 Sed
505 4739 794 4808 loquuntur
817 4740 1196 4808 malignitatem
1227 4740 1469 4794 homines
1498 4749 1553 4795 et
1582 4755 1703 4797 cum
1732 4740 1798 4794 tio

217 4844 370 4883 more
393 4871 409 4892 ,
434 4829 518 4882 isti
548 4838 726 4884 autem
770 4829 1077 4898 quomodo?
1100 4829 1421 4900 Iniquitatem
1454 4833 1506 4885 in
1532 4831 1689 4884 altum
1715 4830 1796 4885 lo.

216 4919 322 4972 cuti
374 4929 508 4973 sunt.
555 4919 668 4974 Non
717 4921 886 4974 solum
934 4920 1093 4975 locuti
1141 4929 1267 4975 sunt
1304 4919 1796 4990 iniquitatem;sed

216 5013 380 5066 etiam
404 5013 568 5079 clare,
600 5013 940 5066 audientibus
966 5013 1214 5067 omnibus
1235 5054 1251 5077 ,
1283 5013 1510 5082 superbe
1537 5032 1551 5068 :
1585 5013 1695 5084 Ego
1718 5013 1799 5067 fa—

216 5101 323 5165 cio,
358 5117 457 5171 ego
489 5103 752 5167 ostendo;
785 5104 984 5156 senties
1011 5118 1131 5157 cum
1172 5119 1276 5174 quo
1302 5103 1500 5170 habes,
1531 5104 1714 5159 vivere
1743 5113 1796 5160 te

216 5208 327 5246 non
353 5193 524 5247 sinam
555 5193 597 5244 ³.
631 5192 726 5247 Vel
750 5194 1012 5263 cogitares
1040 5209 1123 5257 ea,
1144 5210 1248 5248 non
1274 5195 1432 5249 etiam
1459 5194 1792 5250 ell’underes:

214 5283 300 5337 vel
323 5283 457 5335 intra
489 5283 717 5338 claustra
748 5285 1082 5353 cogitationis
1128 5285 1264 5338 mala
1290 5285 1548 5354 cupiditas
1573 5300 1795 5342 coerce-

213 5385 385 5438 retur,
412 5375 492 5428 vel
526 5378 816 5430 refrenaret
866 5391 984 5448 eaq]
1026 5377 1160 5431 intra
1207 5377 1577 5446 cogitationem
1621 5393 1790 5434 suam.

213 5471 432 5536 Quare?
458 5482 524 5522 an
575 5469 708 5523 forte
751 5485 931 5524 macer
957 5470 1080 5524 est?
1110 5468 1318 5524 Prodiet
1358 5471 1503 5542 quasi
1547 5486 1612 5525 ea:
1645 5471 1796 5543 adipe

278 5643 294 5674 ι
331 5643 405 5704 sle
429 5641 596 5704 plures
610 5649 718 5691 Mss.
747 5641 832 5691 Alli
853 5656 963 5692 cum
984 5643 1116 5704 Edd.,
1140 5651 1300 5694 exuta.

277 5705 297 5735 ³
333 5703 515 5759 Aliquot
538 5711 666 5763 llas...
686 5713 886 5765 patrem.

276 5766 298 5798 ³
330 5767 413 5816 llic
437 5767 484 5816 in
510 5767 619 5815 ωδ.
646 5767 966 5830 ντίιιωὶιιὶῑω,
988 5765 1193 5831 superbe
1221 5779 1239 5820 .'
1261 5766 1387 5832 quod
1405 5779 1434 5819 a
1456 5774 1559 5820 llas.
1585 5767 1741 5821 abest.

1306 329 1704 389 ENAllRATlO
1743 332 1806 387 ΙΝ
1849 335 2166 395 PSALMUM
2207 340 2418 398 LXXII.

3407 360 3512 398 ἢθη)

3409 393 3513 415 dicit

1927 449 2166 517 iniquitas
2228 471 2416 507 eorum.
2477 456 2794 528 Iniquitatem
2846 467 2895 516 in
2958 465 3116 518 altum
3168 466 3322 520 locuti
3363 484 3502 523 sunt.

2005 541 2086 595 15.
2113 541 2258 612 [νει-ε.
2289 543 2368 616 9.]
2390 544 2670 603 Posucrunt
2706 553 2758 603 in
2779 552 2954 605 cmlum
3005 573 3051 608 ιε
3071 573 3234 624 suum,
3259 570 3302 611 et
3328 561 3502 629 lingua

1931 648 2100 686 eorum
2121 636 2315 689 transiit
2335 653 2487 708 super
2512 649 2710 693 terram.
2730 643 2864 710 Quid
2887 656 2963 700 est
2991 647 3112 712 hoc,
3136 651 3334 703 transiit
3351 669 3504 719 super

1930 727 2154 779 terram?
2176 726 2324 792 Quod
2341 727 2541 782 dictqu
2562 740 2662 794 est,
2687 729 2972 789 Posuerunt
2987 738 3036 789 in
3055 738 3233 791 caelum
3252 757 3307 792 os
3327 757 3494 795 suum.

1931 812 2043 868 lloc
2069 824 2149 869 est.
2176 817 2334 879 enim,
2358 821 2557 872 transiit
2580 837 2731 888 super
2761 834 2961 889 terram,
2993 837 3263 883 transeunt
3291 839 3500 888 terrena

1928 904 2125 957 omnia.
2146 905 2280 970 Quid
2303 918 2403 970 est,
2425 912 2648 963 transire
2670 920 2874 966 terrena
2897 917 3099 971 omnia?
3115 919 3224 972 Non
3238 936 3296 975 se
3309 925 3502 992 rogitat

1928 994 2195 1051 hominem
2209 997 2385 1052 subito
2398 1001 2529 1054 mori
2548 1017 2722 1071 posse,
2738 1021 2856 1057 cum
2873 1006 3120 1075 loquitur:
3136 1013 3280 1076 quasi
3293 1027 3504 1082 semper

1928 1087 2165 1142 victurus
2188 1091 2418 1145 minatur
2441 1111 2454 1146 :
2476 1095 2799 1148 transcendit
2816 1100 3063 1164 cogitatio
3083 1099 3221 1153 illius
3237 1112 3500 1157 terrenam

1927 1177 2277 1249 fragilitatem;
2295 1182 2460 1236 nescit
2475 1185 2612 1252 quali
2627 1202 2752 1238 vase
2769 1200 3050 1256 coopertus
3067 1202 3166 1254 est,
3184 1195 3349 1248 nescit
3363 1195 3505 1265 quod

1923 1272 2178 1338 scriptum
2207 1281 2288 1326 est
2314 1273 2417 1326 alio
2447 1274 2563 1327 loro
2583 1275 2649 1329 de
2696 1277 2885 1330 talibus
2914 1295 2928 1333 :
2955 1276 3103 1332 Exiet
3124 1282 3333 1348 spiritus
3355 1287 3464 1353 ejus
3484 1327 3500 1350 ,

1923 1373 1968 1416 ct
1993 1373 2261 1418 revertetur
2280 1366 2332 1418 in
2369 1375 2555 1420 terram
2580 1385 2757 1432 suam;
2783 1371 2833 1422 in
2864 1370 2954 1423 illa
2976 1370 3058 1425 die
3081 1373 3309 1438 peribunt
3330 1392 3501 1428 omnes

1921 1453 2246 1523 cogitationes
2265 1457 2373 1520 ejus
2399 1455 2571 1527 (Psal.
2602 1474 2760 1522 CXLV,
2793 1458 2868 1524 4).
2906 1460 3012 1515 Sed
3063 1463 3151 1516 isti
3191 1462 3331 1516 diem
3377 1465 3498 1518 ulti-

1920 1559 2064 1597 mum
2091 1559 2243 1598 suum
2283 1561 2390 1600 non
2431 1549 2756 1616 cogitantes,
2787 1549 3074 1622 loquuntur
3106 1555 3406 1623 superbiam
3442 1557 3495 1619 ¹;

1919 1645 1974 1689 et
2001 1637 2050 1688 in
2079 1638 2271 1693 cmlnm
2294 1651 2496 1707 ponunt
2518 1656 2580 1694 os
2609 1659 2761 1695 suum
2779 1685 2794 1708 ,
2819 1653 2873 1698 et
2904 1646 3246 1700 trascendunt
3275 1655 3490 1703 terram.

1917 1725 1971 1781 Si
2021 1727 2260 1782 ultimum
2288 1744 2440 1784 suum
2466 1730 2606 1785 diem
2654 1747 2757 1786 non
2803 1735 3100 1802 cogitaret,
3131 1736 3182 1790 id
3204 1747 3283 1790 est
3307 1737 3492 1805 judicil

1918 1817 1998 1871 Sui
2041 1818 2282 1872 ultimum
2328 1819 2468 1875 diem
2495 1863 2510 1884 ,
2545 1822 2678 1875 latro
2717 1823 2910 1878 missus
2940 1825 2990 1877 in
3021 1841 3320 1890 carcerem,
3365 1828 3494 1882 nihil

1917 1907 2008 1962 illo
2050 1922 2194 1965 esset
2244 1911 2558 1976 immanius;
2588 1924 2638 1968 et
2681 1925 2854 1969 tamen
2883 1925 3063 1983 posset
3095 1916 3346 1986 effugere.
3378 1919 3496 1984 Quo

1916 1999 2053 2071 fugis
2081 2019 2148 2058 ne
2189 2005 2467 2060 moriaris?
2491 2007 2676 2062 Certus
2709 2009 2810 2062 erit
2849 2009 2936 2065 ille
2963 2009 3098 2065 dies.
3128 2012 3261 2079 Quid
3294 2025 3375 2066 est
3404 2014 3492 2067 diu

1915 2093 2054 2162 quod
2083 2095 2314 2149 victurus
2333 2099 2425 2151 es?
2445 2099 2709 2163 Quantum
2740 2111 2820 2154 est
2846 2101 2936 2154 diu
2965 2102 3105 2171 quod
3131 2102 3284 2157 habet
3308 2105 3489 2170 linem,

1915 2185 2014 2238 etsi
2043 2184 2131 2238 diu
2154 2187 2335 2240 esset?
2367 2188 2479 2243 lluc
2516 2190 2724 2244 accedit
2761 2191 2881 2260 quia
2909 2208 3013 2246 non
3049 2202 3166 2247 est:
3197 2205 3251 2248 et
3277 2210 3380 2248 non
3409 2205 3493 2249 est

1914 2272 2003 2326 diu
2026 2315 2042 2340 ,
2069 2283 2120 2328 et
2163 2275 2422 2330 inccrtmn
2449 2290 2531 2332 est
2557 2279 2726 2347 ipsum
2765 2279 2906 2350 quod
2937 2281 3134 2336 dicitur
3170 2283 3280 2337 ditt.
3313 2283 3490 2352 Quare

1914 2362 2016 2418 hoc
2042 2380 2146 2420 non
2177 2367 2414 2435 cogitat?
2441 2368 2574 2434 Quia
2608 2370 2782 2438 posuit
2810 2371 2860 2424 in
2895 2373 3093 2426 ctelum
3123 2386 3185 2427 os
3209 2388 3363 2427 suum
3389 2415 3403 2438 ,
3435 2385 3491 2431 et

1914 2455 2086 2523 lingua
2112 2456 2228 2526 ejus
2250 2460 2457 2512 transiit
2477 2476 2638 2528 super
2661 2470 2875 2517 terram.

1985 2551 2071 2605 l6.
2115 2549 2262 2619 [vers.
2302 2551 2414 2623 10.]
2437 2550 2560 2605 Ideo
2599 2563 2869 2607 revertetur
2915 2555 3014 2609 huc
3055 2555 3273 2627 populus
3325 2575 3483 2612 meus.

1911 2641 2026 2696 Jam
2054 2645 2166 2712 ipse
2193 2645 2362 2713 Asapli
2387 2646 2665 2699 revertitur
2693 2646 2812 2701 huc.
2849 2647 2988 2701 Vidit
3015 2648 3156 2702 enim
3189 2650 3286 2703 ista
3315 2652 3484 2705 abun—

1911 2732 2038 2786 dare
2059 2732 2268 2803 iuiquis,
2289 2734 2714 2804 viditSnperbis:
2745 2737 2880 2791 redit
2905 2737 2968 2789 ad
3001 2739 3187 2802 Deum,
3220 2751 3274 2792 et
3307 2740 3488 2809 incipit

1911 2837 2148 2891 qna'rere
2176 2833 2230 2878 et
2257 2824 2544 2894 disputare.
2572 2827 2676 2882 Sed
2703 2829 2950 2896 quando?
2973 2829 3098 2883 Cum
3120 2833 3225 2885 dies
3249 2835 3384 2900 pleni
3404 2833 3489 2884 in-

1913 2916 2168 2967 venientur
2195 2915 2246 2969 in
2276 2917 2363 2968 eis.
2396 2916 2531 2984 Quid
2563 2927 2682 2984 est,
2713 2918 2818 2972 dies
2859 2919 3036 2988 pleni?
3062 2919 3185 2974 Cum
3212 2931 3377 2976 autem
3404 2939 3486 2976 ve-

1911 3007 1982 3056 nit
2005 3004 2260 3071 plenitudo
2302 3009 2536 3076 temporis
2557 3050 2573 3073 ,
2600 3009 2733 3062 misit
2771 3008 2908 3064 Deus
2931 3009 3121 3064 Filium
3165 3029 3308 3065 suum
3340 3013 3482 3082 (Gal.

1910 3111 1978 3157 tv,
2009 3095 2087 3164 4).
2123 3096 2235 3166 Ipsa
2263 3106 2345 3152 est
2380 3099 2653 3167 plenitudo
2683 3101 2932 3170 temporis
2952 3143 2968 3166 ,
2994 3101 3208 3170 quando
3236 3106 3375 3158 venit
3397 3105 3485 3159 ille

1911 3188 2217 3255 temporalia
2260 3188 2452 3243 docere
2499 3193 2765 3245 contemni
2792 3233 2804 3255 .
2849 3208 2952 3246 non
2997 3194 3191 3250 habere
3234 3211 3482 3267 maguum

1907 3281 2158 3349 quidquid
2205 3281 2324 3336 mali
2357 3281 2597 3336 homines
2638 3284 2889 3354 cupiunt;
2933 3287 3033 3357 pati
3063 3287 3312 3358 quidquid
3359 3291 3482 3343 mali

1909 3370 2150 3450 homines
2175 3381 2433 3428 metuunt.
2480 3374 2671 3429 Factus
2700 3389 2778 3430 est
2805 3378 2883 3429 via
2905 3420 2918 3442 ,
2951 3382 3217 3433 revocavit
3241 3379 3305 3434 ad
3335 3382 3483 3451 cogi-

1907 3464 2159 3518 tationem
2190 3464 2423 3518 intimam
2448 3506 2464 3529 ,
2500 3466 2769 3520 admonuit
2803 3467 2924 3536 quid
2952 3483 2979 3521 a
3009 3469 3116 3522 Deo
3140 3471 3479 3538 quzerendum

1906 3562 2067 3608 esset.
2099 3553 2160 3607 Et
2196 3556 2317 3609 vide
2344 3555 2411 3610 de
2450 3571 2549 3624 qua
2577 3557 2894 3625 cogitatione
2937 3560 3272 3614 reverberata
3305 3562 3354 3614 in
3380 3577 3439 3615 se
3462 3603 3477 3627 ,

1907 3655 1960 3699 et
1987 3644 2377 3714 quodammodo
2404 3657 2682 3701 revocante
2712 3647 2900 3703 ﬂuetus
2927 3649 3153 3718 impetus
3177 3651 3279 3715 sui,
3306 3663 3479 3705 trans-

1907 3737 2011 3790 itur
2046 3735 2114 3790 ad
2157 3752 2280 3790 vera
2322 3737 2583 3807 eligenda.
2617 3737 2742 3792 Ideo
2791 3751 3059 3795 revertetur
3096 3742 3315 3812 populus
3341 3761 3482 3798 mens

1907 3831 2044 3895 huc;
2071 3840 2120 3884 et
2148 3831 2253 3885 dies
2274 3832 2408 3900 pleni
2436 3834 2741 3887 invenientur
2766 3836 2816 3888 in
2837 3836 2926 3890 eis.

1979 3923 2064 3976 l7.
2115 3921 2264 3995 [vers.
2295 3921 2404 3997 H.]
2449 3925 2516 3978 Et
2543 3927 2778 3979 dixerunt
2811 3945 2823 3981 :
2852 3927 3112 3992 Quomodo
3138 3930 3279 3983 scivit
3310 3929 3441 3983 Dens
3461 3972 3476 3996 ,

1905 4021 1950 4063 et
1993 4013 2037 4065 si
2065 4022 2135 4066 est
2155 4014 2359 4066 scientia
2386 4015 2439 4067 in
2467 4016 2758 4070 Allissimo?
2789 4017 2919 4070 Vide
2962 4035 3055 4088 per
3082 4036 3238 4088 quam
3279 4023 3478 4089 eogita-

1907 4103 2100 4155 tionem
2133 4113 2422 4157 transeunt.
2456 4105 2590 4159 Ecce
2613 4106 2772 4175 iniqui
2821 4106 2997 4161 felices
3024 4119 3166 4173 sunt,
3195 4126 3298 4162 non
3327 4124 3478 4164 curat

1907 4193 2044 4246 Deus
2094 4209 2180 4247 res
2225 4194 2498 4248 humanas.
2537 4195 2668 4251 Vere
2717 4198 2815 4251 scit
2853 4199 2976 4266 quid
3010 4201 3260 4268 agamus?
3291 4201 3477 4256 Videte

1904 4299 2020 4351 qu:e
2047 4284 2312 4338 dicuntur.
2345 4285 2609 4355 Rogamus
2631 4327 2648 4349 ,
2679 4285 2901 4352 fratres;
2923 4288 3030 4354 jam
3060 4290 3340 4344 Christiani
3370 4309 3473 4346 non

1901 4372 2080 4427 dicant
2109 4391 2122 4426 :
2155 4373 2416 4440 Quomodo
2454 4373 2594 4429 scivit
2624 4373 2786 4444 Deus,
2826 4384 2872 4429 et
2912 4377 2957 4431 si
2980 4387 3053 4431 est
3077 4379 3284 4433 scientia
3307 4381 3360 4434 in
3387 4383 3477 4436 Al-

1901 4465 2112 4518 tissime.

1976 4557 2061 4611 18.
2118 4555 2265 4630 [σει-ε.
2300 4555 2411 4630 12.]
2462 4557 2616 4614 Unde
2640 4559 2782 4613 enim
2835 4559 2924 4614 tibi
2959 4560 3166 4616 videtur
3204 4579 3307 4618 non
3340 4565 3476 4620 scire

1903 4647 2090 4708 Deum,
2124 4658 2177 4700 et
2201 4663 2303 4701 non
2346 4663 2465 4703 esse
2493 4649 2765 4704 scientiam
2804 4651 2854 4704 in
2886 4651 3203 4707 Altissimo?
3231 4654 3475 4722 Respon-

1901 4740 1992 4794 det
2021 4757 2034 4793 :
2066 4740 2193 4794 Ecce
2217 4741 2316 4810 ipsi
2353 4751 2670 4810 peccatores,
2699 4751 2744 4794 et
2768 4740 3073 4797 abundantes
3097 4745 3149 4797 in
3176 4745 3360 4798 strcnlo
3385 4745 3476 4798 ob-

1903 4832 2156 4885 tinuerunt
2175 4831 2392 4886 divitias.
2425 4832 2492 4886 Et
2533 4841 2834 4902 peccatores
2868 4841 3019 4896 sunt,
3050 4841 3104 4888 et
3147 4835 3476 4891 abundantes

1902 4921 2111 4976 divitias
2148 4922 2200 4977 in
2247 4923 2444 4977 sasculo
2484 4923 2844 4978 obtinuerunt.
2887 4925 3170 4981 Confessus
3217 4938 3300 4983 est
3350 4929 3474 4995 quia

1900 5014 2022 5070 ideo
2050 5014 2264 5070 nolebat
2299 5029 2418 5070 esse
2460 5025 2724 5083 peccator,
2750 5023 2807 5069 ut
2832 5016 3048 5072 haberet
3086 5017 3316 5073 divitias.
3345 5019 3476 5073 Car-

1902 5105 2037 5160 nalis
2084 5105 2260 5159 anima
2286 5104 2578 5159 visibilibus
2616 5105 2776 5160 rebus
2799 5117 2853 5161 et
2899 5108 3124 5161 terrenis
3165 5107 3476 5164 vendiderat

1897 5195 2153 5264 justitiam
2198 5210 2368 5249 suam.
2414 5195 2596 5262 Qualis
2613 5196 2814 5266 justitia
2838 5237 2855 5264 ,
2883 5214 3000 5266 qua:
3037 5209 3254 5268 propter
3286 5216 3473 5256 aurum

1900 5287 2159 5353 habetur;
2189 5288 2335 5356 quasi
2364 5289 2644 5356 pretiosius
2687 5288 2756 5340 sit
2782 5304 2970 5341 aurum
3000 5305 3154 5358 quam
3185 5290 3293 5358 ipsa
3315 5289 3473 5359 juSIi-

1905 5381 1996 5444 lia,
2023 5388 2114 5432 aut
2140 5394 2258 5432 cum
2295 5380 2569 5448 quisquam
2601 5389 2755 5448 negat
2806 5395 2894 5433 res
2918 5383 3136 5442 alienas,
3164 5396 3333 5448 majus
3375 5381 3473 5436 da-

1900 5485 2080 5526 mnum
2100 5471 2332 5540 patiatur
2353 5471 2436 5524 cui
2466 5480 2642 5540 negat,
2662 5486 2818 5538 quam
2837 5471 2924 5524 ille
2947 5472 3033 5540 qui
3067 5472 3139 5526 illi
3169 5475 3357 5542 negat!
3383 5471 3476 5529 ille

1901 5561 2074 5633 perdit
2113 5573 2311 5615 vestem
2337 5602 2352 5626 ,
2384 5562 2484 5616 iste
2533 5561 2709 5616 fidem.
2759 5560 2890 5615 Ecce
2933 5563 3032 5631 ipsi
3081 5574 3396 5632 peccatores,
3427 5578 3477 5620 et

1897 5651 2207 5706 abundantes
2235 5653 2284 5705 in
2325 5653 2510 5707 seculo
2550 5652 2865 5708 obtinuerunt
2906 5653 3126 5709 divitias.
3180 5654 3303 5711 Inde
3347 5673 3476 5729 ergo

1962 5768 1977 5798 ι
2002 5761 2132 5828 Mss,
2159 5764 2382 5831 superba.
