3990 6302
520 390 626 447 9‘25

515 502 693 560 nescit
718 499 878 558 Deus.
910 503 965 552 et
989 481 1114 549 inde
1140 505 1246 544 non
1275 495 1359 544 est
1387 480 1608 540 scientia
1639 477 1694 532 in
1727 468 2036 530 Altissimo!

592 593 681 649 i9.
737 589 892 666 [verm
947 583 1064 660 15.]
1090 581 1158 639 Et
1183 582 1293 636 dixi
1323 595 1341 635 :
1375 577 1521 647 Ergo
1546 575 1565 606 ⁸
1596 570 1706 627 sine
1732 583 1888 622 causa
1911 559 2117 666 iustiﬁ-

519 690 630 743 caui
653 656 943 740 cornicum.
974 656 1198 749 Quando
1222 672 1401 730 servio
1423 668 1557 732 Deo,
1577 673 1633 720 et
1656 664 1759 717 ista
1781 675 1884 714 non
1911 656 2114 718 habeo;

523 793 630 832 non
660 758 908 830 serviunt.
942 770 1052 832 illi,
1099 775 1155 822 et
1179 765 1264 819 bis
1289 759 1562 817 abundant
1591 771 1607 810 :
1647 751 1786 822 Ergo
1833 749 1940 803 sine
1965 758 2120 798 causa

521 863 793 937 iustiﬁcari
844 877 931 917 cor
973 873 1140 913 meum
1161 897 1176 919 ,
1203 863 1247 908 et
1295 850 1395 906 lavi
1423 850 1476 903 in
1519 841 1862 900 innocentibus
1888 839 1908 870 ¹¹
1940 848 2121 889 manus

523 927 677 1010 ineas.
709 955 824 1009 Hoc
849 953 967 1007 sine
993 963 1151 1005 causa
1179 944 1296 1000 feci.
1327 940 1428 998 Ubi
1473 946 1559 995 est
1587 949 1792 991 merces
1815 932 1969 986 bona:
2000 927 2121 980 vita:

524 1048 697 1102 mese?
730 1047 815 1101 ubi
838 1055 921 1099 est
946 1039 1220 1113 praemium
1240 1031 1508 1090 servitutis
1529 1026 1700 1083 mem?
1728 1023 1872 1078 Bene
1895 1020 2036 1082 vivo,
2069 1024 2122 1070 et

526 1153 693 1208 egeo;
722 1148 777 1192 et
826 1109 1038 1204 iniquus
1065 1130 1086 1162 ³
1113 1126 1363 1184 abundat.
1417 1121 1486 1176 Et
1535 1119 1635 1174 lavi
1679 1117 1734 1171 in
1775 1109 2123 1168 innocentibus

530 1245 711 1282 manus
740 1244 897 1281 meas.

603 1320 694 1375 20.
724 1317 874 1391 [vers.
910 1310 1022 1387 LL]
1053 1309 1118 1365 Et
1141 1309 1216 1382 {iii
1244 1305 1531 1379 ﬂagellatus
1565 1310 1669 1356 tota
1693 1297 1794 1353 die.
1824 1295 1867 1352 Α
1899 1309 1988 1350 me
2015 1305 2121 1347 non

531 1389 791 1468 recedunt
836 1405 1045 1477 flagella
1085 1401 1201 1457 Dei.
1241 1400 1385 1455 Bene
1412 1396 1618 1460 servio;
1647 1401 1701 1449 et
1726 1389 1996 1477 ﬂagellor,
2018 1401 2123 1477 non

531 1502 716 1567 servit,
767 1508 822 1554 et
866 1475 1107 1552 ornatur.
1151 1492 1391 1561 Magnam
1439 1484 1789 1558 quaestionem
1835 1479 1934 1535 sibi
1976 1475 2122 1530 fecit.

534 1596 775 1667 Agitatur
819 1591 1018 1654 anima,
1052 1586 1242 1642 transit
1277 1583 1455 1639 anima
1504 1577 1791 1634 transitum
1835 1570 1902 1627 ad
1941 1578 2126 1625 conte-

531 1660 766 1743 timenda
797 1694 1008 1739 terrena
1043 1688 1097 1735 et
1122 1670 1550 1744 concupiscenda
1577 1678 1800 1725 aeterna.
1847 1660 2128 1718 Transitus

534 1790 618 1836 cst
659 1778 828 1849 ipsius
867 1776 1060 1829 anima:
1097 1769 1149 1824 in
1187 1768 1288 1823 hac
1313 1763 1678 1836 cogitatione:
1707 1755 1796 1815 ubi
1828 1755 2046 1811 fluctuat
2075 1752 2127 1805 in

535 1842 765 1944 quadam
813 1872 1154 1936 tempestate,
1196 1868 1516 1930 perventura
1552 1862 1638 1909 εει
1676 1850 1742 1906 ad
1790 1857 2021 1920 portum.
2065 1842 2132 1898 Et

537 1935 810 2034 quomodo
835 1958 1012 2013 solent
1039 1953 1187 2025 tegri,
1210 1950 1300 2022 qui
1326 1947 1519 2004 lentius
1543 1944 1804 2016 aegrotant
1827 1953 1949 1994 cum
1989 1935 2133 1991 sani-

540 2026 620 2108 tas
644 2052 799 2120 longe
825 2056 938 2112 est,
965 2045 1136 2100 vicina
1165 2043 1389 2095 sanitate
1417 2036 1536 2108 plus
1565 2040 1793 2090 :estuant
1820 2047 1834 2084 :
1863 2026 2131 2083 accessio-

538 2158 662 2197 nem
693 2115 946 2195 creticum
968 2134 990 2167 ⁸
1017 2133 1207 2190 medici
1236 2139 1445 2193 vocant,
1481 2141 1574 2195 per
1600 2138 1760 2194 qttam
1785 2121 2040 2176 transitur
2065 2115 2134 2170 ad

539 2233 860 2296 sanitatem;
889 2227 1060 2298 major
1084 2223 1156 2279 ibi
1182 2232 1372 2284 aestus,
1402 2217 1493 2273 sed
1523 2216 1723 2272 ducens
1761 2211 1828 2267 ad
1868 2211 2131 2272 salutem;

545 2328 716 2397 major
747 2325 818 2379 ibi
851 2323 1011 2377 ardor
1030 2361 1044 2384 ,
1080 2317 1174 2374 sed
1205 2315 1376 2370 vicina
1405 2309 1625 2368 refectio
1659 2325 1673 2364 :
1700 2308 1777 2362 sic
1811 2319 1940 2375 ergo
1970 2314 2021 2358 et
2049 2299 2136 2356 hic

541 2395 750 2473 :cstuat.
797 2408 932 2470 Nam
960 2409 1253 2483 periculosa
1283 2406 1440 2463 verba
1464 2411 1609 2466 sunt,
1643 2401 1854 2462 fratres,
1885 2395 2134 2457 molesta,

540 2520 594 2564 et
620 2523 759 2580 pene
787 2505 1118 2575 blaspliema,
1151 2496 1417 2566 Quomodo
1444 2493 1584 2550 scivit
1622 2488 1802 2546 Deus?
1840 2486 1951 2542 Hoc
1974 2493 2058 2540 est
2083 2491 2140 2539 et

545 2576 671 2672 pene
701 2618 720 2655 :
748 2586 855 2654 non
893 2595 1060 2659 dixit,
1097 2591 1332 2648 Nescivit
1370 2588 1542 2651 Deus;
1574 2598 1681 2639 non
1714 2579 1848 2636 dixit
1868 2619 1884 2645 ,
1913 2576 2032 2632 Non
2056 2584 2140 2632 est

543 2671 767 2750 scientia
799 2691 849 2744 in
882 2685 1153 2743 Altissimo
1183 2700 1198 2738 :
1231 2680 1325 2738 sed
1353 2680 1502 2753 quasi
1537 2690 1820 2750 quaerens,
1849 2671 2136 2735 bmsitans,

543 2785 793 2840 dubitans
848 2781 959 2836 line
1002 2786 1085 2833 est
1129 2774 1268 2847 quod
1305 2774 1380 2827 ait
1424 2771 1583 2841 paulo
1608 2778 1776 2824 ante:
1812 2764 1952 2821 Penc
1991 2758 2141 2830 επιιεὶ

544 2883 663 2932 sunt
689 2889 888 2944 gressus
914 2871 1031 2924 mei.
1059 2865 1323 2932 Quomodo
1352 2863 1493 2918 scivit
1513 2861 1674 2925 Deus,
1701 2867 1750 2913 et
1771 2857 1815 2912 si
1835 2866 1909 2912 est
1933 2855 2143 2910 scientia

546 2972 601 3024 in
629 2963 930 3022 Altissinto.’
966 2961 1081 3017 Non
1104 2959 1417 3020 confirmat;
1447 2955 1542 3009 sed
1571 2955 1682 3024 ipsa
1707 2949 1969 3006 dubitatio
2001 2948 2145 3018 peri-

547 3064 728 3120 culosa
757 3070 858 3115 est.
902 3058 1005 3112 Per
1033 3051 1327 3127 periculum
1357 3047 1546 3104 transit
1569 3045 1632 3100 ad
1655 3043 1964 3099 sanitatem.
2005 3037 2144 3094 Audi

547 3157 654 3227 iam
686 3152 966 3207 sanitatem
997 3166 1011 3202 :
1039 3145 1174 3217 Ergo
1201 3143 1252 3196 in
1276 3157 1460 3196 vanum
1479 3135 1751 3207 iustiﬁcuvi
1771 3149 1858 3187 cor
1885 3147 2074 3194 meum,
2097 3138 2146 3183 et

551 3221 653 3301 lavi
680 3245 810 3299 inter
836 3241 1124 3295 innocentes
1151 3251 1332 3289 manus
1353 3247 1487 3286 meas
1516 3245 1535 3283 .'
1555 3239 1603 3285 ct
1623 3228 1702 3296 fui
1727 3223 2018 3298 ﬂagellatus
2033 3221 2146 3276 tota

551 3340 665 3404 die,
691 3346 739 3393 et
763 3334 962 3404 argutia
991 3348 1100 3385 mea
1129 3328 1182 3381 in
1208 3326 1535 3381 matutinum.
1575 3320 1798 3390 Argutio
1820 3357 1837 3386 ,
1879 3314 2148 3384 correptio

552 3441 636 3488 est
665 3448 681 3485 :
708 3427 798 3498 qui
825 3425 1085 3496 arguitur,
1114 3420 1418 3488 corripitur.
1443 3413 1579 3484 Quid
1606 3419 1708 3475 est,
1734 3410 1786 3465 in
1803 3405 2147 3463 matutinum?

552 3525 669 3581 Non
690 3523 953 3578 differtur.
983 3517 1233 3574 Dili'ertur
1249 3513 1570 3583 impiorum;
1599 3520 1713 3562 mea
1737 3520 1845 3559 non
1867 3501 2144 3558 differtur:

555 3618 643 3672 illa
666 3630 808 3679 sera,
829 3614 914 3668 vel
945 3611 1088 3666 nulla
1112 3617 1228 3672 est;
1260 3620 1377 3660 mea
1404 3604 1458 3656 in
1493 3599 1817 3654 matutinum.
1858 3593 1926 3650 Et
1951 3594 2026 3664 fui
2051 3595 2152 3665 [ta-

555 3708 777 3779 gcllatus
800 3713 905 3759 tota
934 3703 1035 3763 die,
1063 3682 1336 3768 et'argutio
1367 3710 1478 3747 mea
1507 3692 1561 3746 in
1584 3689 1910 3744 matutinum.

629 3797 718 3851 2i.
752 3794 904 3868 [υεη.
931 3789 1045 3863 15.]
1078 3785 1139 3845 Si
1167 3786 1414 3851 dicebam,
1444 3781 1683 3836 Narrabo
1707 3779 1781 3833 sic
1808 3794 1828 3833 :
1849 3776 1900 3832 id
1922 3783 2025 3843 est,
2054 3775 2153 3832 do-

558 3888 693 3944 cebo
713 3867 812 3941 sic.
839 3881 1121 3952 Quomodo
1140 3879 1396 3933 docturus
1417 3875 1511 3930 es?
1536 3872 1669 3940 Quia
1694 3885 1801 3926 non
1826 3878 1909 3925 est
1929 3867 2152 3923 scientia

562 3980 616 4035 iu
644 3975 952 4034 Altissimo?
990 3973 1112 4044 quia
1157 3986 1262 4026 non
1303 3969 1404 4024 scit
1445 3963 1622 4023 Deus?
1659 3963 1809 4019 lianc
1834 3960 2152 4016 sententiam

563 4071 644 4126 vis
674 4067 934 4139 profane,
965 4066 1088 4135 quia
1116 4063 1232 4118 sine
1265 4075 1424 4117 causa
1462 4058 1609 4129 justo
1650 4056 1838 4112 vivunt
1881 4053 1971 4124 qui
2009 4053 2155 4123 juste

568 4162 775 4222 vivunt,
799 4157 923 4228 quia
959 4153 1192 4226 perdidit
1222 4154 1384 4206 homo
1408 4149 1584 4221 justus
1621 4146 1933 4204 servitutem
1963 4158 2151 4210 suam,

564 4251 688 4324 quia
713 4249 880 4319 magis
909 4247 1049 4303 Deus
1070 4243 1224 4300 malis
1248 4242 1412 4304 favet,
1437 4248 1530 4295 aut
1555 4238 1823 4294 neminem
1847 4234 2031 4292 curat?
2054 4239 2156 4291 hoc

565 4343 647 4398 vis
689 4341 892 4404 dicere,
938 4337 1043 4392 hoc
1093 4333 1350 4389 narrare?
1399 4329 1662 4401 Reprimit
1714 4344 1794 4393 se,
1841 4327 2158 4383 auctoritate

565 4438 962 4502 compescente.
999 4428 1111 4495 Qua
1137 4421 1488 4479 auctoritate?
1525 4420 1651 4476 Vult
1689 4419 1852 4475 homo
1876 4417 2158 4488 aliquando

565 4536 850 4592 erumpere
887 4518 940 4574 in
973 4519 1128 4573 istam
1157 4513 1520 4577 sententiam;
1560 4509 1655 4566 sed
1696 4520 1976 4565 revocatur
2011 4507 2158 4563 Scri-

568 4613 742 4685 pluris
765 4608 1068 4666 dicentibus
1094 4616 1152 4661 ut
1178 4618 1391 4675 semper
1415 4603 1554 4660 bene
1583 4601 1791 4656 vivatur
1808 4641 1823 4667 ,
1861 4599 2160 4654 dicentibus

568 4704 693 4776 quia
736 4705 877 4758 Deus
915 4708 1067 4757 curat
1107 4713 1196 4754 res
1238 4696 1520 4762 humanas,
1565 4695 1688 4765 quia
1727 4692 1984 4748 discernit
2023 4691 2163 4748 inter

569 4798 714 4868 pium
755 4803 813 4850 et
843 4791 1089 4862 impium.
1123 4789 1267 4862 Ergo
1291 4797 1347 4845 et
1375 4788 1475 4844 iste
1498 4787 1685 4842 volens
1709 4785 1817 4855 jam
1849 4785 2002 4839 istam
2033 4798 2162 4854 pro-

572 4889 715 4942 ferre
737 4882 1078 4948 sententiam,
1101 4885 1316 4935 revocat
1333 4892 1414 4933 se.
1446 4875 1515 4932 Et
1541 4873 1667 4946 quid
1693 4874 1803 4929 ait?
1830 4874 1892 4929 Si
1912 4873 2160 4938 dicebam,

575 4975 815 5031 Narrabo
833 4973 906 5028 sic
933 4989 953 5029 :
981 4987 1093 5028 cccc
1113 4969 1488 5043 generationem
1509 4966 1731 5038 ﬁliorum
1764 4975 1964 5020 tuorum
1988 4979 2164 5034 repro-

574 5069 707 5125 baci.
752 5062 1054 5141 Reprobavi
1097 5060 1500 5134 generationem
1545 5057 1775 5113 filiorum
1822 5065 2032 5111 tuorum
2057 5097 2076 5122 ,
2117 5054 2164 5110 si

578 5145 810 5232 narrabo
827 5158 909 5214 sic
932 5175 945 5211 :
967 5154 1366 5228 generationem
1384 5150 1650 5221 iustorum
1672 5147 1993 5219 reprobabo.
2014 5144 2164 5201 Sicut

573 5263 630 5309 et
658 5249 899 5324 quadam
930 5245 1128 5301 habent
1152 5241 1478 5312 exemplaria
1518 5256 1534 5296 :
1565 5237 1702 5295 Ecce
1725 5237 2036 5308 generationi
2055 5235 2076 5268 '
2101 5234 2169 5305 [i-

581 5347 766 5400 tiarum
789 5349 992 5394 tuorum
1016 5336 1102 5396 cui
1125 5334 1399 5390 concinui?
1427 5331 1498 5388 .id
1540 5339 1643 5399 est,
1675 5329 1760 5386 cui
1789 5328 2020 5384 filiorum
2051 5336 2167 5383 tuo-

642 5456 660 5489 ι
695 5458 816 5509 Vox,
837 5459 972 5513 emo,
993 5447 1090 5497 hoc
1107 5444 1216 5495 loco
1228 5443 1374 5513 deest
1398 5441 1450 5513 in
1464 5447 1538 5513 Ιιξι-3
1555 5448 1608 5513 _et
1623 5439 1671 5511 in
1684 5445 1792 5513 tuas.

638 5518 662 5548 ι
694 5499 919 5564 Sic—itas?
915 5499 1056 5572 juxta
1071 5513 1219 5557 στα.
1243 5511 1386 5572 unt.
1399 5511 1456 5553 At
1477 5503 1610 5572 edd,

641 5575 664 5609 ³
695 5559 769 5624 ἐνῖᾶ
790 5559 847 5621 Er
888 5559 947 5623 o't
965 5569 1150 5632 aliquot
1172 5566 1389 5632 Manlii
1410 5577 1519 5632 eum
1536 5559 1667 5621 Lov.,
1687 5559 1923 5612 inimicus.

643 5637 666 5668 ⁵
1204 5637 1259 5679 Al.
1281 5626 1578 5678 inomnibus
1618 5633 1726 5675 uss.
1752 5636 1842 5686 per
1879 5633 1905 5673 s
1939 5621 2173 5684 scriptum

581 5707 676 5755 est.
696 5702 941 5746 creticum
1649 5747 1660 5758 _

793 5755 1010 5807 melioris
1032 5761 1158 5806 uota:
1181 5757 1289 5804 Mss.
1317 5747 1399 5800 alii
1446 5753 1705 5814 generatio.
1731 5753 1787 5801 Ai.
1810 5740 1944 5809 ωδ..
1973 5754 2174 5810 genera-

605 5833 722 5875 δυκερ

1747 359 1807 416 S.
1849 343 2222 412 AUGUSTINI-
2252 340 2551 403 EPISCOPI

3707 326 3820 393 93$

2225 476 2343 517 rum
2371 457 2656 518 concinui?
2690 457 2742 512 id
2768 463 2871 522 est,
2898 452 2988 511 cui
3005 450 3249 524 congrui,
3271 449 3354 506 cui
3377 450 3818 514 accommodatus

2222 556 2383 609 sum?
2429 550 2675 607 Dissonui
2718 547 2786 604 ab
2827 547 3096 613 omnibus,
3123 544 3171 603 si
3210 543 3289 600 sic
3328 540 3518 598 doceo.
3563 535 3818 593 Concinit

2223 646 2364 701 enim
2412 647 2502 714 qui
2549 647 2840 706 consonat;
2889 637 2978 709 qui
3025 646 3205 692 autem
3251 649 3357 690 non
3400 638 3684 691 consonat.
3705 642 3817 682 non

2223 737 2478 797 concinit.
2517 734 2671 790 Aliud
2701 733 2945 789 dicturus
2972 745 3091 785 sum
3119 743 3278 800 quam
3319 727 3454 782 dixit
3497 724 3771 779 Abraham
3799 762 3812 779 .

2226 844 2385 899 quam
2430 827 2562 883 dixit
2605 826 2778 892 Isaae,
2811 840 2970 896 quam
3001 823 3133 878 dixit
3157 819 3345 885 ἔλθοι),
3375 824 3535 890 quain
3565 817 3821 872 dixerunt

2227 921 2554 992 Prophetm?
2586 901 2664 973 illi
2690 919 2832 973 enim
2861 932 3051 971 omnes
3075 915 3328 971 dixerunt
3344 913 3466 985 quia
3489 921 3648 967 cumt
3681 911 3821 963 Deus

2227 1028 2317 1070 res
2342 1015 2600 1067 humanas
2629 1029 2645 1067 :
2673 1025 2772 1081 ego
2801 1011 3044 1064 dicturus
3071 1023 3186 1063 sum
3215 1007 3336 1078 quia
3362 1020 3467 1060 non
3495 1002 3688 1058 curat?
3713 1002 3821 1055 Ma-

2222 1105 2378 1174 jorne
2401 1104 2452 1157 in
2476 1118 2562 1157 me
2589 1102 2888 1170 prudentia,
2914 1115 3073 1171 quam
3105 1099 3156 1154 in
3179 1097 3322 1155 illis?
3349 1098 3590 1166 majorne
3618 1093 3826 1149 int‘elle»

2229 1207 2345 1250 Cius
2377 1195 2428 1248 in
2460 1212 2545 1250 me
2572 1209 2730 1263 cpiam
2773 1195 2825 1248 in
2860 1192 3005 1248 illis?
3027 1191 3389 1248 Salubcrrima
3419 1188 3713 1245 auctoritas
3738 1201 3823 1242 reo

2228 1292 2436 1346 vocavit
2462 1292 2839 1362 cogitationem
2874 1291 2942 1343 ab
2975 1288 3266 1358 impietate.

2299 1383 2388 1437 2‘2.
2429 1381 2577 1455 (vers.
2609 1379 2723 1456 16.]
2763 1383 2830 1436 Et
2860 1373 2986 1451 quid
3030 1379 3302 1450 sequitur?
3333 1377 3395 1433 Si
3419 1376 3668 1438 dicebam,
3703 1397 3826 1436 nar.

2229 1475 2355 1529 rabo
2377 1475 2452 1530 sic
2477 1490 2496 1528 :
2518 1491 2632 1529 ecce
2656 1473 3026 1545 generationem
3056 1472 3280 1542 ﬁliorum
3300 1481 3502 1525 tuorum
3532 1473 3817 1539 reprobaci.

2231 1569 2372 1639 Ergo
2401 1584 2465 1623 ne
2493 1569 2825 1638 reprobaret,
2849 1566 2973 1638 quid
3000 1565 3124 1622 fecit
3142 1565 3168 1619 i
3199 1564 3265 1619 Et
3285 1565 3820 1636 suscepicognoscerc.

2231 1662 2477 1731 Suscepit
2520 1675 2845 1730 cognoscere
2875 1677 2890 1713 :
2920 1659 3059 1714 Deus
3104 1658 3179 1712 illi
3216 1656 3373 1722 adsit,
3414 1664 3472 1711 ut
3511 1638 3824 1729 cognoscat.

2235 1749 2471 1814 interim,
2504 1749 2727 1809 fratres.
2772 1767 2801 1803 a
2843 1765 3037 1819 magno
3080 1749 3232 1817 lapsu
3274 1757 3574 1810 revocatur,
3603 1750 3818 1818 quando

2235 1860 2342 1900 non
2372 1858 2433 1899 se
2470 1833 2579 1913 jam
2599 1843 2874 1898 scientem
2905 1841 3181 1912 praesumit
3199 1883 3214 1906 ,
3243 1840 3337 1896 sed
3365 1842 3599 1912 suscepit
3625 1855 3827 1908 cingite.

2237 1951 2389 1992 scere
2416 1935 2557 2006 quod
2585 1933 2880 1991 nesciebat.
2923 1933 3039 1988 iam
3068 1933 3211 1988 enim
3237 1931 3448 1988 volebat
3474 1933 3623 2002 quasi
3649 1935 3827 1989 sciens

2235 2026 2427 2090 videri,
2458 2033 2513 2081 et
2543 2026 2832 2095 przcdirare
2863 2025 3061 2078 nullam
3085 2037 3207 2079 esse
3233 2023 3346 2078 Deo
3367 2038 3549 2078 curam
3574 2023 3644 2079 de
3665 2021 3828 2079 rebus

2238 2117 2508 2172 humanis.
2555 2117 2713 2172 Facta
2745 2125 2826 2172 est
2852 2116 2994 2171 enim
3037 2115 3136 2170 ista
3168 2114 3471 2183 iniquorum
3503 2116 3826 2183 nequissima

2237 2217 2295 2266 et
2324 2209 2483 2280 impia
2511 2208 2774 2263 doctrina.
2821 2207 3032 2273 Sciatis,
3067 2205 3278 2270 fratres,
3306 2208 3502 2262 multos
3526 2207 3826 2276 disputare,

2241 2311 2294 2356 et
2312 2302 2490 2357 dicere
2520 2302 2639 2372 quia
2668 2301 2809 2357 Deus
2847 2315 2935 2356 res
2966 2300 3226 2357 humanas
3260 2317 3365 2357 non
3393 2311 3563 2370 curat,
3591 2302 3712 2373 quia
3741 2315 3832 2357 ca-

2240 2395 2389 2450 sibus
2415 2403 2671 2464 reguntur
2709 2394 2887 2448 omnia
2910 2435 2925 2459 ,
2963 2392 3046 2450 vel
3074 2395 3198 2465 quia
3224 2392 3397 2449 stellis
3424 2393 3681 2463 subjecta:
3704 2402 3832 2449 sunt

2245 2486 2549 2542 voluntates
2577 2496 2799 2552 nostrm,
2827 2487 2949 2555 quia
2970 2485 3337 2556 unusquisque
3366 2500 3472 2539 non
3501 2499 3597 2554 pro
3621 2486 3856 2540 meritis-~

2243 2577 2441 2648 agitur,
2485 2575 2578 2631 sed
2627 2576 2943 2632 necessitate
2982 2576 3255 2631 stellarum
3301 2589 3517 2630 suarum
3547 2590 3562 2628 :
3590 2573 3833 2630 doctrina

2245 2668 2383 2723 mala
2403 2701 2419 2726 ν
2451 2666 2694 2723 doctrina
2736 2667 2930 2737 impia!
2981 2667 3033 2721 In
3079 2667 3192 2722 haec
3230 2666 3332 2721 iste
3360 2665 3497 2731 ibat,
3529 2668 3681 2735 cujus
3709 2678 3838 2737 pas

2245 2759 2482 2816 commoti
2515 2768 2630 2812 sunt
2661 2759 2813 2831 pedes
2834 2800 2850 2825 ,
2893 2768 2949 2815 et
2985 2758 3137 2828 cujus
3163 2759 3315 2830 paulo
3339 2762 3508 2814 minus
3542 2758 3690 2826 effusi
3716 2769 3835 2814 sunt

2246 2870 2478 2923 gressus;
2507 2853 2560 2908 in
2593 2855 2730 2907 hunc
2761 2852 2870 2907 ibat
2894 2866 3132 2906 errorem
3157 2869 3171 2906 :
3201 2851 3295 2906 sed
3316 2853 3437 2922 quia
3460 2866 3563 2906 non
3584 2851 3838 2908 concine-

2247 2945 2336 3000 bat
2355 2943 2687 3016 generationi
2719 2943 2949 2998 filiorum
2991 2942 3108 3009 Dei,
3136 2925 3367 3012 suscepit
3393 2957 3752 3012 cognoscere;
3779 2952 3836 2998 ct

2247 3035 2518 3092 damnavit
2541 3034 2818 3091 scientiam
2846 3035 2896 3088 in
2924 3047 3026 3105 qua
3049 3034 3210 3104 justis
3236 3034 3326 3089 Dei
3349 3048 3454 3104 non
3483 3034 3831 3104 congruebat.

2248 3127 2315 3183 Et
2352 3126 2477 3199 quid
2511 3127 2648 3182 dicat
2675 3125 2988 3190 audiamus;
3032 3125 3154 3195 quia
3197 3124 3428 3193 suscepit
3465 3139 3834 3196 cognoscere,

2248 3226 2304 3273 et
2337 3217 2550 3291 adjutus
2589 3218 2690 3283 est,
2722 3225 2775 3273 et
2800 3216 2985 3284 didicit
3020 3214 3240 3287 aliquid.
3262 3225 3319 3271 et
3363 3216 3611 3271 indicavit
3658 3216 3832 3271 nobis.

2252 3312 2321 3368 Et
2345 3311 2571 3381 suscepi,
2601 3311 2790 3382 inquit,
2821 3326 3137 3381 cognoscere.
3179 3307 3294 3363 Hoc
3327 3308 3469 3363 iabor
3497 3320 3568 3362 cst
3593 3319 3712 3363 ante
3735 3326 3835 3365 me.

2252 3405 2392 3460 Vere
2433 3407 2654 3476 magnus
2703 3403 2884 3468 labor,
2929 3388 3253 3474 cognoscere
3296 3401 3569 3471 quomodo
3605 3409 3660 3457 et
3696 3402 3839 3459 Deus

2253 3509 2404 3553 curet
2432 3513 2519 3553 res
2545 3496 2824 3564 humanas,
2853 3504 2908 3552 et
2936 3495 3074 3551 bene
3100 3495 3169 3550 sit
3191 3494 3364 3560 malis,
3394 3505 3448 3551 et
3473 3494 3716 3550 laborent
3737 3495 3836 3550 bo-

2254 3590 2337 3645 nil
2379 3589 2562 3660 Magna
2589 3588 2671 3643 vis
2698 3587 3043 3657 qumstionisl
3091 3586 3211 3642 ideo
3233 3629 3250 3652 ,
3295 3585 3410 3640 Hoc
3448 3584 3590 3642 labor
3617 3595 3692 3641 est
3723 3598 3842 3643 ante

2254 3699 2353 3736 me.
2380 3681 2540 3750 Quasi
2565 3688 2670 3734 stat
2693 3679 2824 3734 mihi
2850 3679 2901 3733 in
2925 3677 3057 3735 facie
3080 3694 3263 3734 murus
3287 3679 3536 3750 quidam:
3559 3678 3652 3732 sed
3675 3677 3836 3735 habes

2254 3786 2443 3828 vocem
2467 3771 2675 3844 psalmi,
2707 3769 2773 3826 In
2800 3770 2905 3824 Deo
2933 3787 3042 3824 meo
3071 3771 3413 3843 transgredior
3429 3786 3630 3824 murum
3651 3770 3671 3844 (
3694 3769 3838 3828 Puri.

2255 3879 2384 3931 xvtt,
2413 3864 2484 3920 5t)
2497 3861 2540 3936 ).
2572 3860 2685 3917 Hoc
2712 3861 2855 3917 labor
2871 3871 2942 3917 est
2967 3870 3083 3918 ante
3105 3877 3204 3917 me.

2326 3955 2417 4012 25.
2447 3953 2599 4028 [vcrs.
2625 3951 2738 4028 17.]
2781 3954 2976 4008 Verum
3001 3952 3135 4009 dicis
3161 3969 3176 4010 :
3203 3952 3352 4009 labor
3370 3963 3452 4010 est
3479 3961 3602 4008 ante
3634 3961 3721 4019 te;
3748 3953 3839 4007 sed

2257 4059 2383 4103 ante
2431 4048 2596 4104 Deum
2643 4063 2748 4102 non
2794 4058 2877 4102 est
2921 4046 3072 4103 labor
3113 4063 3126 4100 :
3170 4045 3254 4102 fac
3291 4054 3343 4102 te
3383 4055 3509 4103 ante
3548 4046 3716 4104 Deum
3754 4047 3841 4102 ubi

2256 4154 2365 4195 non
2405 4149 2488 4196 est
2530 4139 2713 4204 labor,
2742 4147 2798 4194 et
2832 4153 2931 4194 nec
2961 4137 3054 4194 tibi
3083 4137 3184 4193 erit
3207 4136 3378 4192 labor.
3425 4137 3493 4193 Et
3533 4136 3658 4194 fecit
3703 4136 3844 4205 hoc;

2259 4246 2382 4285 nam
2409 4229 2536 4285 dicit
2562 4228 2816 4300 quamdiu
2870 4227 3019 4283 laboi-
3047 4237 3172 4284 ante
3205 4242 3265 4284 se
3293 4246 3307 4282 :
3331 4227 3504 4283 Donec
3530 4228 3775 4288 introeant
3793 4230 3845 4285 in

2260 4323 2605 4377 sanctuarium
2632 4321 2748 4385 Dei.
2773 4330 2820 4377 et
2844 4321 3124 4392 intelligam
3145 4321 3197 4375 in
3215 4320 3504 4375 novissima.
3530 4317 3717 4396 Magna
3738 4336 3844 4387 res,

2263 4414 2472 4470 fratres.
2503 4413 2621 4470 Jam
2646 4412 2737 4470 diu
2764 4413 2971 4478 laboro,
3003 4411 3194 4482 inquit,
3227 4421 3280 4467 et
3303 4422 3428 4476 ante
3454 4409 3644 4467 faciem
3674 4427 3845 4468 meum

2262 4506 2500 4561 laborem
2529 4504 2810 4576 quemdam
2835 4503 2984 4573 quasi
3014 4501 3432 4564 inextricabilem
3458 4500 3615 4558 video
3632 4543 3650 4570 ,
3673 4511 3733 4557 ut
3754 4518 3846 4558 eo-

2262 4610 2514 4666 gnoscam
2540 4593 2807 4666 quomodo
2833 4602 2889 4649 et
2906 4593 3082 4666 justus
3108 4592 3177 4648 sit
3203 4593 3365 4660 Deus,
3389 4601 3445 4650 et
3470 4607 3559 4648 res
3589 4594 3846 4648 humanas

2264 4697 2438 4755 curet,
2480 4694 2535 4743 et
2575 4701 2682 4742 non
2725 4686 2796 4742 sit
2838 4685 3070 4757 iniquus,
3097 4685 3239 4756 quod
3268 4694 3547 4755 peccantes
3571 4695 3628 4740 et
3648 4686 3846 4741 scelera

2267 4780 2522 4838 facientes
2561 4779 2862 4836 felicitatem
2889 4778 3088 4834 habent
3110 4779 3161 4832 in
3189 4779 3290 4833 hac
3329 4788 3496 4842 terra;
3534 4776 3604 4848 pii
3637 4793 3766 4834 vero
3797 4785 3849 4834 et

2268 4874 2379 4929 Deo
2403 4872 2699 4928 servientes
2722 4873 2774 4928 in
2805 4869 3185 4927 tentationibus
3210 4869 3524 4941 plerumque
3543 4879 3597 4926 et
3623 4869 3676 4925 in
3703 4871 3848 4926 labo-

2268 4966 2416 5021 ribus
2442 4963 2727 5035 fatigantur
2767 4979 2782 5016 :
2814 4976 3004 5032 magna
3027 4960 3313 5016 difficultas
3331 4970 3414 5033 est
3437 4959 3538 5016 hoc
3559 4961 3734 5026 scire;
3758 4959 3848 5019 sed

2268 5056 2428 5110 donec
2454 5045 2703 5110 introeam'
2724 5053 2777 5108 in
2795 5053 3137 5110 sanctuari'um
3163 5051 3278 5106 Dei.
3311 5051 3366 5106 in
3386 5053 3689 5108 sanctuario
3711 5054 3847 5108 enim

2271 5147 2367 5205 Dei
2392 5147 2518 5218 quid
2549 5145 2638 5201 tibi
2666 5152 2972 5218 praestatur,
3002 5151 3060 5198 ut
3097 5143 3233 5199 hanc
3267 5143 3444 5200 solvas
3467 5144 3851 5212 quaestionem!

2273 5238 2339 5294 Et
2363 5237 2660 5308 intelligam,
2692 5236 2881 5306 inquit,
2907 5235 2962 5289 in
2989 5233 3295 5300 novissima;
3336 5249 3442 5289 non
3467 5233 3520 5288 in
3549 5236 3848 5303 praseutia.

2273 5332 2404 5403 Ego.
2435 5330 2626 5401 inquit,
2664 5328 2731 5385 de
2773 5327 3077 5384 sanctuario
3111 5326 3202 5382 Dei
3234 5324 3454 5382 intendo
3472 5325 3683 5382 oculum
3713 5327 3766 5381 in
3795 5329 3852 5380 ft-

2273 5436 2431 5484 nem;
2462 5419 2745 5492 praesentia
2771 5415 3152 5489 transgredior.
3191 5415 3384 5488 Totum
3410 5414 3512 5472 hoc
3532 5415 3675 5488 quod
3697 5431 3850 5470 voca-

2274 5523 2362 5570 tur
2402 5511 2691 5568 bumanum
2731 5525 2936 5582 genus,
2971 5507 3147 5564 omnis
3187 5505 3285 5563 ista
3323 5519 3499 5576 massa
3523 5507 3851 5563 mortalitatis

2218 5600 2222 5602 ⁷
2277 5613 2496 5661 ventura
2525 5611 2609 5658 est
2632 5601 2696 5657 ad
2727 5616 2974 5668 examen,
2998 5608 3223 5656 ventura
3264 5607 3348 5659 est
3386 5597 3456 5654 ad
3498 5597 3725 5663 libram;
3765 5613 3851 5668 ap.

2280 5694 2583 5780 pendentur
2617 5693 2686 5748 ibi
2718 5708 2879 5780 opera
2921 5690 3223 5746 hominum.
3257 5689 3459 5744 Cuncta
3495 5687 3656 5742 modo
3696 5689 3853 5745 nubes

2284 5785 2533 5854 involvit;
2561 5778 2655 5844 sed
2679 5776 2792 5843 Deo
2817 5785 3026 5858 cognita
3052 5789 3174 5841 sunt
3201 5776 3388 5839 merita
3416 5778 3761 5853 singulorum.
3793 5778 3852 5834 Et
