3990 6306
246 359 358 420 99.3

246 467 548 540 intelligam,
581 463 786 538 inquit,
820 467 872 520 in
902 465 1170 520 novissima
1200 480 1221 521 :
1253 465 1346 522 sed
1384 481 1487 521 non
1515 481 1543 516 a
1572 479 1695 530 me;
1720 479 1841 520 nam

246 569 374 615 ante
399 576 486 615 nte
507 559 662 614 labor
684 569 786 614 est.
829 556 982 614 Unde
1008 559 1290 630 intelligam
1325 559 1377 612 in
1416 558 1723 612 novissima?
1760 555 1843 611 lno

249 663 388 708 trem
415 651 468 708 in
496 650 858 706 sanctuarium
906 651 1018 704 Dei.
1060 649 1134 704 lbi
1164 664 1292 721 ergo
1316 647 1601 718 intellexit,
1627 657 1682 702 et
1706 647 1844 702 unde

248 744 412 800 Inodo
436 742 523 798 lsti
548 742 756 802 felices.

320 834 411 888 ει.
442 833 594 907 [rem
625 831 738 906 l8.]
775 830 1128 887 Verumtamen
1165 843 1370 904 propter
1393 831 1712 888 dolositatem
1753 847 1845 902 po-

244 927 392 982 suisti
429 928 530 980 eis.“
563 926 696 993 Quia
725 924 897 979 dolosi
927 933 1072 990 sunt,
1101 924 1152 980 id
1196 933 1278 978 est
1320 922 1680 990 fraudulenti;
1719 923 1842 991 quia

245 1017 417 1072 dolosi
449 1025 592 1084 sunt,
621 1015 772 1071 dolos
803 1016 1092 1087 patiuntur.
1121 1015 1256 1083 Quid
1282 1025 1366 1068 est
1396 1014 1517 1080 hoc,
1545 1014 1668 1085 quia
1700 1013 1842 1068 frau-

245 1111 453 1166 dulenti
479 1120 623 1174 sunt,
655 1108 894 1164 fraudem
923 1108 1231 1178 patiuntur?
1258 1107 1524 1163 Fraudcm
1553 1107 1738 1161 volunt
1761 1105 1841 1159 fa-

244 1217 372 1256 cere
394 1199 576 1272 generi
611 1199 846 1254 humano
884 1199 934 1253 in
971 1179 1219 1254 omnibus
1245 1197 1495 1268 nequitiis
1521 1198 1661 1261 suis;
1694 1194 1841 1251 frau-

243 1294 372 1348 dem
401 1302 455 1347 et
493 1292 592 1362 ipsi
623 1291 913 1362 patiuntur.
941 1299 998 1345 ut
1025 1297 1234 1345 terrena
1264 1289 1397 1343 bona
1429 1288 1646 1357 eligant,
1675 1297 1728 1341 et
1752 1303 1842 1341 re-

243 1388 488 1457 linquant
529 1395 750 1440 :eterna.
796 1385 938 1453 Ergo
958 1425 973 1449 ,
1013 1382 1224 1449 fratres,
1253 1381 1307 1436 in
1331 1397 1398 1437 eo
1425 1380 1568 1450 quod
1600 1379 1839 1435 fraudem

245 1479 470 1544 faciunt,
498 1477 737 1534 fraudem
761 1477 1046 1548 patiuntur.
1070 1475 1223 1544 Quod
1241 1473 1555 1545 jamdudum
1581 1473 1714 1540 dixi,
1737 1475 1845 1528 ira-

244 1582 396 1637 tres;
437 1572 595 1642 quale
618 1585 712 1626 cor
737 1569 916 1634 habet,
949 1569 1037 1638 qui
1069 1578 1125 1622 ut
1155 1568 1388 1622 lucretur
1415 1577 1640 1630 vestem,
1670 1565 1845 1636 perdit

244 1663 454 1719 fidem?
499 1662 596 1718 llle
617 1662 702 1718 cui
732 1661 853 1716 tulit
881 1671 1082 1715 vestem
1127 1674 1312 1730 passus
1345 1667 1429 1714 est
1469 1657 1706 1712 fraudem
1727 1697 1742 1720 ,
1773 1673 1840 1712 an

243 1757 350 1812 iste
394 1757 485 1829 qui
525 1764 671 1810 tanto
711 1754 911 1809 damno
956 1751 1286 1823 percutitur?
1329 1749 1385 1805 Si
1434 1749 1721 1820 pretiosior
1757 1757 1844 1803 est

245 1849 415 1904 vestis
439 1863 598 1918 quam
626 1847 776 1908 ﬁdes,
805 1845 1008 1915 majore
1030 1845 1224 1899 damno
1253 1843 1346 1899 ille
1373 1841 1605 1896 afﬁcitur
1631 1858 1646 1896 :
1669 1842 1712 1894 si
1743 1855 1841 1894 au-

242 1952 356 1998 tem
404 1939 890 2010 incomparabiliter
934 1939 1065 1993 ﬁdes
1102 1936 1318 1993 excedit
1360 1945 1527 1990 totum
1559 1933 1838 1998 mundum,

244 2034 338 2090 ille
367 2031 631 2088 videbitur
657 2031 911 2086 damnum
938 2029 1102 2084 vestis
1129 2027 1368 2099 perpeti;
1402 2026 1524 2081 huic
1550 2035 1726 2081 autem
1754 2024 1839 2080 di-

242 2126 402 2190 citur,
434 2124 571 2190 Quid
593 2123 795 2194 prodest
823 2121 1035 2188 homini,
1053 2122 1099 2176 si
1123 2130 1284 2174 totum
1307 2119 1552 2172 mundum
1582 2119 1840 2182 lucretur;

241 2219 431 2272 anima:
458 2228 624 2270 autem
647 2231 756 2270 sate
781 2215 1022 2269 damnum
1051 2214 1275 2282 patiatur
1304 2212 1524 2284 (Matth.
1557 2227 1666 2275 xvr,
1694 2210 1840 2280 26)?

245 2310 390 2383 Ergo
418 2310 542 2382 quid
575 2310 682 2364 illis
722 2306 984 2378 contigit?
1032 2305 1251 2376 Propter
1282 2305 1598 2360 dolositatem
1628 2303 1839 2372 posuisti

239 2406 316 2461 eis
346 2419 368 2461 :
391 2401 616 2474 dejecisti
645 2417 729 2455 eos
754 2401 875 2454 dum
898 2399 1276 2455 extollerentur.
1299 2396 1414 2451 Non
1442 2396 1594 2463 dixit,
1628 2395 1836 2464 Dejeci-

241 2495 454 2557 sti‘eos,
484 2494 607 2563 quia
635 2491 758 2546 elati
789 2499 914 2546 sunt
943 2508 956 2544 :
991 2505 1095 2544 non
1133 2489 1283 2560 quasi
1332 2498 1674 2558 posteaquam
1710 2485 1837 2542 elati

239 2595 410 2652 sunt,
448 2584 686 2656 deiecisti
736 2584 890 2646 illos;
921 2582 1016 2638 sed
1047 2581 1100 2636 in
1129 2597 1196 2637 eo
1225 2573 1340 2651 ipso
1366 2579 1508 2651 quod
1537 2579 1662 2634 elati
1691 2587 1837 2644 sunt,

216 2677 434 2747 ‘tlcjecti
464 2666 611 2754 sunt.
653 2676 741 2732 Sic
766 2663 916 2730 enim.
937 2671 1136 2740 eﬂ‘erri,
1169 2673 1282 2748 jam
1306 2671 1501 2728 cadere
1528 2678 1613 2726 est
1639 2689 1652 2724 :
1681 2669 1836 2741 Deje-

236 2771 353 2824 cisti
380 2787 466 2825 eos
492 2758 614 2826 dum
642 2769 1012 2824 extollerentur.

312 2865 408 2922 25.
438 2863 586 2937 [vers.
615 2862 728 2936 l9.]
770 2861 1034 2930 Quomodo
1064 2862 1188 2933 facti
1225 2869 1344 2916 sunt
1383 2861 1436 2914 in
1479 2860 1840 2914 desolationem

237 2955 446 3013 subito!
473 2957 783 3012 Admiratnr
809 2972 972 3025 super
994 2955 1093 3018 eis.
1120 2955 1418 3025 intelligens
1449 2955 1500 3008 in
1528 2953 1836 3008 novissima.

241 3050 549 3120 Defecerttnl
578 3065 597 3103 :
618 3065 745 3104 vere
769 3049 1040 3118 quomodo
1069 3047 1264 3113 fumus,
1287 3049 1373 3119 qui
1396 3048 1520 3101 dum
1543 3047 1836 3111 extollitur,

238 3141 455 3206 deﬁcit,
493 3139 822 3196 defecerunt.
856 3137 1137 3207 Quomodo
1161 3139 1310 3198 dicit,
1342 3128 1678 3205 defecerunt?
1698 3134 1840 3201 Quo-

241 3232 405 3286 modo
423 3232 510 3303 qui
528 3231 774 3300 intelligit
795 3229 846 3284 in
875 3229 1182 3284 novissima.
1210 3226 1512 3300 Defecerunt
1541 3241 1561 3279 :
1587 3227 1840 3294 perierunt

240 3333 452 3394 propter
479 3319 792 3390 iniquitatem
813 3337 978 3374 suam.
1560 3387 1562 3389 ῠ

313 3414 404 3470 26.
455 3411 605 3487 [uers.
644 3409 762 3484 20.]
814 3411 983 3466 Veluti
1024 3410 1276 3464 somnium
1319 3409 1649 3479 exsurgentis.
1692 3405 1841 3474 Quo-

240 3506 406 3561 modo
448 3503 796 3560 defecerunt?
839 3501 1120 3571 Quomodo
1145 3499 1324 3556 deficit
1349 3499 1616 3554 somnium
1652 3512 1841 3553 exsur-

239 3601 437 3669 gentis.
486 3598 592 3654 Fac
638 3598 906 3652 hominem
951 3595 1003 3650 in
1049 3596 1250 3650 somnis
1280 3592 1462 3648 videre
1487 3607 1547 3648 se
1577 3590 1843 3646 invenisse

243 3696 526 3746 thesauros
561 3705 576 3745 :
610 3689 760 3743 dives
801 3697 884 3743 est
907 3729 922 3753 ,
955 3685 1050 3742 sed
1093 3684 1263 3740 donec
1291 3684 1527 3753 evigilet.
1567 3681 1733 3736 Veluti
1753 3699 1842 3735 so-

242 3783 438 3836 mnium
458 3779 774 3851 exsurgentis
798 3795 816 3832 :
834 3780 912 3833 sic
932 3776 1265 3842 defecerunt,
1283 3773 1553 3847 quomodo
1574 3773 1840 3828 somnium

239 3874 562 3944 evigilantis.
606 3867 876 3940 Qua‘ritur
900 3870 1079 3940 igitur,
1108 3878 1164 3924 et
1192 3883 1299 3922 non
1330 3876 1413 3923 est
1445 3885 1456 3920 :
1482 3865 1613 3920 nihil
1642 3865 1693 3919 in
1724 3878 1842 3918 ma-

242 3966 424 4032 nibus,
449 3964 579 4019 nihil
610 3964 660 4017 in
691 3962 850 4017 lecto.
899 3960 1113 4030 Pauper
1151 3957 1466 4023 dormierat,
1495 3957 1644 4012 dives
1675 3955 1726 4009 in
1755 3969 1843 4009 so-

242 4058 388 4113 mnis
419 4059 586 4111 lactus
621 4056 820 4119 fuerat;
866 4052 910 4106 si
951 4067 1058 4107 non
1094 4050 1393 4120 evigilasset
1417 4090 1432 4116 ,
1462 4049 1612 4102 dives
1647 4058 1794 4102 esset
1825 4063 1840 4099 :

241 4147 555 4216 evigilavit,
598 4143 803 4198 invenit
844 4156 1140 4198 mruumam
1190 4155 1348 4210 quam
1398 4139 1673 4193 dimiserat
1716 4137 1845 4192 dor-

242 4238 438 4294 miens.
467 4237 535 4293 Et
559 4235 644 4291 isti
665 4235 682 4267 ¹
714 4233 987 4289 invenient
1007 4231 1277 4288 miseriam
1307 4245 1465 4301 quam
1497 4230 1595 4284 sibi
1628 4243 1846 4296 compa-

239 4318 493 4386 ravera‘nt
517 4346 530 4381 :
559 4342 680 4380 cum
708 4324 1072 4395 evigilaverint
1097 4323 1168 4378 de
1197 4323 1295 4376 hac
1324 4321 1428 4375 vita
1451 4362 1466 4385 ,
1497 4320 1689 4375 transit
1713 4319 1843 4374 illud

242 4420 385 4491 quod
402 4420 564 4490 quasi
590 4420 642 4472 in
674 4431 867 4473 somno
893 4415 1188 4479 tenebatur,
1219 4412 1372 4468 veluti
1394 4412 1643 4467 somnium
1665 4427 1846 4465 exsur-

240 4513 425 4585 geutis.
456 4512 522 4566 Et
547 4525 614 4565 ne
641 4509 910 4564 diceretur
935 4524 948 4560 :
971 4506 1107 4574 Quid
1136 4520 1263 4576 ergo
1275 4507 1310 4558 ‘t.
1329 4519 1489 4575 parva
1519 4503 1612 4557 tibi
1637 4502 1846 4558 videtur

240 4603 463 4658 claritas
484 4617 696 4666 eorum,
723 4614 880 4669 parva
910 4598 1000 4654 tibi
1021 4597 1228 4652 videtur
1248 4611 1437 4665 pompa
1461 4610 1670 4660 eorum,
1695 4594 1844 4663 parvi

242 4695 341 4751 tibi
371 4693 620 4750 videntur
650 4691 822 4754 tituli,
855 4690 1134 4760 imagines,
1175 4697 1399 4752 statuae,
1432 4686 1642 4751 laudes,
1687 4685 1840 4740 cunei

242 4784 558 4844 clientium?
589 4782 823 4845 Domine,
851 4781 944 4846 ait,
975 4782 1027 4834 in
1051 4779 1249 4832 civitate
1271 4789 1356 4831 tua
1383 4777 1654 4849 imaginem
1673 4779 1694 4809 ³
1723 4778 1844 4832 illo-

242 4895 360 4934 rum
380 4877 448 4930 ad
474 4876 686 4930 nihilum
711 4872 928 4941 redigcs.
960 4871 1161 4941 Itaque,
1195 4868 1386 4923 fratres
1417 4869 1542 4936 mei,
1572 4868 1736 4925 libere
1763 4870 1841 4924 lo-

241 4985 416 5040 quens
457 4967 523 5023 de
553 4967 654 5022 hoc
679 4967 797 5022 loco
817 5006 832 5031 ,
856 4962 942 5018 vel
967 4962 1108 5017 unde
1133 4961 1334 5022 licet‘;
1363 4961 1487 5032 quia
1511 4961 1724 5030 quando
1753 4977 1849 5016 vo-

243 5060 332 5116 bis
360 5058 669 5137 miscetnur,
697 5070 864 5125 magis
889 5068 983 5108 vos
1011 5053 1230 5108 ferimus
1257 5067 1415 5122 quam
1444 5051 1699 5109 docemus
1733 5069 1746 5107 :
1792 5054 1844 5108 in

243 5150 466 5207 nomine
503 5148 700 5203 Christi
745 5156 799 5202 et
844 5147 899 5200 in
943 5145 1136 5199 timore
1175 5141 1291 5212 ejus
1330 5142 1585 5198 exhortor
1627 5160 1743 5210 vos,
1789 5153 1848 5200 ut

243 5245 570 5314 quicumque
594 5242 693 5296 ista
721 5256 822 5294 non
857 5237 1083 5299 habetis,
1103 5250 1208 5290 non
1240 5236 1496 5305 cupiatis;
1525 5237 1846 5308 quicumque
1881 5311 1885 5315 γ

245 5334 478 5397 habetis,
509 5347 616 5387 non
644 5331 695 5386 in
717 5330 797 5385 eis
826 5327 1182 5399 prmsumatis.
1215 5325 1353 5381 Ecce
1376 5325 1484 5381 dixi
1511 5328 1663 5382 vobis
1695 5345 1710 5383 :
1740 5343 1844 5384 non

247 5426 392 5490 dico,
423 5423 754 5479 Damnamini
776 5463 792 5487 ,
822 5421 944 5491 quia
990 5418 1232 5482 habetis;
1275 5416 1392 5482 sed,
1421 5417 1771 5485 damnamini,
1801 5420 1848 5475 si

245 5519 317 5575 sle
344 5517 536 5572 talibus
565 5513 921 5586 prmsumatis,
951 5510 996 5566 si
1022 5509 1091 5566 de
1119 5509 1314 5564 talibus
1344 5507 1626 5578 inflemini,
1649 5511 1694 5565 si
1724 5526 1848 5582 pro-

313 5651 327 5679 ¹
367 5647 501 5702 πω..
527 5658 620 5696 non
645 5641 898 5696 inveniam.
926 5644 1092 5700 Αιψει,
1113 5652 1227 5700 non,
1251 5653 1278 5689 a
1297 5645 1405 5689 ass.

309 5715 335 5748 ι
367 5717 437 5760 ιι),
469 5700 520 5760 ει
545 5709 769 5772 plerique
790 5705 1016 5772 Mss-tboc
1040 5711 1227 5772 tantum:
1251 5700 1647 5772 Ιφορκίωᾳθρξεδο

313 5776 334 5806 ι
366 5775 438 5821 stc
459 5763 631 5824 heims
649 5763 822 5820 eodem
845 5765 928 5817 alii
953 5775 1081 5826 διεδ.)
1101 5765 1171 5816 ret
1189 5765 1314 5816 unde
1330 5763 1460 5815 libet.
1479 5763 1591 5813 ωδ.
1607 5767 1853 5828 vero,vet-

251 5835 327 5886 uti
353 5835 480 5885 unde
503 5831 633 5885 libet.

1317 346 1718 408 ENARRATIO
1755 347 1824 404 IN
1861 349 2185 410 PSAUIUM
2225 353 2440 411 LXXII.

1953 475 2073 535 pter
2121 467 2241 522 talia
2287 468 2464 539 magni
2508 469 2660 528 vobis
2701 473 3023 542 videamini,
3066 475 3113 532 si
3152 485 3379 550 propter
3426 480 3550 532 talia

1951 572 2215 629 pauperes
2243 576 2348 614 non
2370 563 2669 632 agnoscatis
2687 606 2705 632 ,
2733 566 2779 619 si
2797 566 3010 636 generis
3031 563 3248 624 humani
3278 570 3548 626 conditio-

1951 662 2074 706 nem
2101 663 2439 706 communem
2470 662 2686 722 propter
2712 654 3062 711 excellentem
3090 658 3374 712 vanitatem
3407 658 3542 714 obli-

1950 739 2246 795 viscamini.
2276 741 2426 797 Tunc
2463 744 2606 799 enim
2645 744 2788 800 Deus
2826 762 3048 803 necesse
3074 759 3158 803 est
3191 749 3452 805 retribuat
3493 751 3545 804 in

1950 833 2260 896 novissima,
2283 843 2340 889 et
2359 833 2409 887 in
2436 835 2652 892 civitate
2671 851 2766 890 sua
2793 838 3077 908 imaginem
3108 840 3289 894 talium
3316 840 3381 895 ad
3408 840 3542 896 nihi-

1950 921 2061 976 ium
2091 923 2315 994 redigat.
2359 926 2459 991 Qui
2502 935 2682 982 autem
2708 927 2860 982 dives
2889 938 3003 994 est,
3034 929 3135 984 hoc
3160 932 3319 985 modo
3345 935 3414 987 sit
3439 949 3544 1002 quo

1948 1015 2202 1084 prmcepit
2234 1018 2523 1083 Apostolus
2557 1036 2627 1094 τι(
2657 1018 2930 1090 Prmcipe,
2958 1039 2976 1072 ι
3010 1020 3212 1090 inquit,
3245 1041 3264 1073 ι
3293 1024 3548 1078 divitibus

1949 1105 2105 1176 lmjus
2137 1109 2316 1163 mundi
2346 1126 2451 1166 non
2478 1111 2713 1182 superbe
2749 1127 2982 1180 sapere;
3021 1128 3196 1184 neque
3241 1130 3460 1184 sperare
3495 1116 3547 1169 in

1947 1197 2152 1255 incerto
2192 1200 2493 1257 divitiarum
2525 1219 2764 1268 suarum,
2791 1205 2887 1260 sed
2909 1205 2964 1259 in
2996 1205 3107 1261 Deo
3127 1207 3268 1272 vivo,
3295 1207 3385 1276 qui
3412 1222 3550 1276 prze-

1946 1298 2053 1343 stat
2073 1290 2226 1345 nobis
2254 1293 2434 1346 omnia
2461 1293 2796 1350 abundanter
2813 1295 2880 1349 ad
2910 1294 3217 1350 fruendum.
3244 1314 3264 1348 ι
3314 1296 3549 1350 Abstulit

1945 1381 2250 1449 superbiam
2289 1383 2552 1451 divitum;
2591 1385 2683 1440 dat
2713 1385 3015 1441 consilium.
3063 1387 3226 1452 Quasi
3255 1386 3496 1442 dicerent
3531 1404 3544 1440 :

1948 1471 2146 1528 Divites
2169 1489 2388 1542 sumus;
2429 1477 2707 1547 superbire
2735 1493 2832 1533 nos
2867 1476 3138 1547 prohibes,
3164 1479 3368 1547 jactare
3395 1493 3544 1547 pom-

1948 1577 2044 1632 pas
2069 1562 2372 1620 divitiarum
2402 1577 2704 1621 nostrarum
2733 1577 2916 1634 vetas;
2943 1567 3069 1637 quid
3096 1583 3224 1637 ergo
3248 1566 3434 1622 facturi
3461 1584 3558 1623 sum.

1946 1671 2066 1710 mus
2107 1656 2176 1712 dc
2214 1658 2327 1711 istis
2366 1657 2600 1715 divitiis?
2643 1658 2823 1731 Usque
2852 1659 2988 1714 adeo
3015 1675 3119 1714 non
3147 1659 3394 1730 estquod
3423 1661 3546 1715 inde

1947 1747 2180 1802 faciant?
2211 1748 2402 1803 Divites
2429 1751 2553 1817 sint,
2581 1751 2772 1820 inquit,
2801 1752 2852 1805 in
2891 1751 3126 1822 operibus
3167 1751 3343 1814 bonis;
3392 1751 3544 1819 facile

1947 1842 2188 1905 tribuant,
2217 1847 2608 1900 communicent.
2637 1846 2702 1900 Et
2730 1845 2856 1917 quid
2887 1846 3103 1916 prodest
3130 1846 3272 1902 hoc?
3306 1846 3544 1901 Thesau-

1945 1938 2103 1990 rizent
2127 1937 2222 1991 sibi
2245 1939 2634 2010 fundamentum
2669 1940 2854 1994 bonum
2887 1941 2938 1994 in
2974 1939 3205 2010 futurum
3227 1983 3242 2001 ,
3275 1950 3331 1995 ut
3360 1957 3543 2010 appre-

1945 2030 2167 2084 hendant
2188 2049 2357 2086 veram
2378 2034 2528 2086 vitam
2557 2032 2601 2102 (l
2621 2032 2757 2090 Tim.
2785 2051 2856 2101 vt,
2878 2035 2965 2100 i7,
2987 2035 3206 2108 l8,19).
3229 2034 3329 2092 Ubi
3345 2036 3544 2091 debent

1943 2122 2043 2198 sibi
2089 2122 2489 2178 thesaurizare?
2533 2124 2652 2193 Quo
2689 2125 2836 2180 misit
2861 2126 2962 2181 iste
2989 2126 3459 2189 oculum,'intrans
3487 2129 3539 2181 in

1943 2214 2306 2268 sanctuarium
2350 2214 2460 2268 Dei.
2496 2213 2894 2270 Exhorrescant
2923 2231 3110 2270 onmes
3134 2216 3342 2287 _fratres
3372 2214 3542 2272 nostri

1942 2304 2151 2370 divites,
2183 2305 2516 2361 abundantes
2557 2308 2799 2375 pecunia,
2837 2323 2990 2374 auro,
3028 2316 3272 2380 argento,
3315 2308 3538 2375 familia,

1944 2394 2272 2460 honoribus;
2302 2397 2846 2468 exhorrescantquod
2872 2399 3032 2454 modo
3051 2399 3252 2455 dictum
3279 2408 3400 2456 est:
3432 2399 3543 2456 Do-

1943 2488 2097 2554 mine,
2127 2488 2179 2540 in
2205 2487 2405 2542 civitate
2429 2499 2518 2542 tua
2555 2489 2825 2558 imaginem
2851 2491 3057 2544 illorum
3085 2491 3154 2544 ad
3177 2491 3394 2545 nihilum
3418 2493 3541 2546 red-

1941 2580 2066 2652 iges.
2092 2580 2280 2635 Nonne
2319 2581 2462 2650 digni
2493 2593 2620 2637 sunt
2663 2584 2778 2639 htec
2817 2582 2963 2656 pati,
2993 2591 3052 2639 ut
3081 2583 3224 2639 Deus
3253 2586 3304 2640 in
3325 2584 3543 2641 civitate

1942 2686 2036 2725 sua
2084 2671 2370 2742 imaginem
2411 2672 2623 2728 illorum
2666 2673 2734 2728 ad
2781 2674 3004 2729 nihilum
3047 2675 3286 2746 redigat;
3327 2677 3450 2747 quia
3487 2688 3544 2733 et

1943 2761 2042 2832 ipsi
2068 2762 2120 2817 in
2150 2764 2361 2818 civitate
2387 2779 2480 2819 sua
2519 2772 2732 2822 terrena
2778 2765 3061 2836 imaginem
3101 2767 3194 2823 Dei
3222 2769 3287 2823 ad
3318 2770 3555 2824 nihilum‘

1943 2852 2301 2924 redegerunt?
2330 2853 2396 2909 In
2413 2856 2613 2910 civitate
2635 2866 2722 2910 tua
2740 2857 3014 2928 imaginem
3037 2875 3210 2913 eorum
3231 2860 3302 2913 ad
3326 2860 3543 2914 nihilum

1942 2945 2161 3017 rediges.

2014 3040 2104 3092 27.
2131 3036 2284 3112 [νει-δ.
2311 3037 2429 3112 21.]
2455 3039 2590 3107 Quia
2632 3040 2935 3096 delectatum
2978 3053 3051 3096 est
3081 3059 3168 3097 cor
3188 3060 3372 3101 meum.
3407 3044 3545 3106 Dicit

1944 3130 2136 3200 quibus
2163 3132 2320 3185 rebus
2361 3140 2639 3186 tentatur:
2674 3130 2808 3197 Quia
2845 3134 3146 3187 delectatum
3170 3143 3279 3200 est,
3333 3135 3541 3203 inquit,

1944 3240 2032 3276 cor
2065 3240 2228 3285 meum
2245 3240 2264 3287 ;
2284 3231 2328 3276 et
2351 3241 2494 3278 renes
2516 3225 2612 3277 mei
2637 3226 2818 3278 mutati
2841 3237 2978 3280 sunt.
3010 3227 3235 3292 Quando
3267 3243 3352 3282 me
3392 3228 3542 3283 dele-

1945 3324 2223 3370 ctaverunt
2255 3316 2565 3383 temporalia
2595 3316 2714 3380 ista,
2747 3317 2936 3371 mutati
2968 3328 3094 3372 sunt
3115 3334 3272 3372 renes
3293 3320 3418 3374 mei.
3445 3320 3546 3374 Po-

1947 3414 2052 3460 tcst
2071 3415 2125 3461 et
2153 3406 2231 3460 sic
2253 3404 2474 3477 intelligi
2500 3425 2514 3461 :
2549 3406 2681 3474 Quia
2711 3407 3013 3461 delectatum
3042 3418 3116 3462 est
3135 3425 3224 3463 cor
3259 3426 3457 3475 meum,
3487 3412 3542 3465 in

1947 3497 2150 3563 Deum;
2180 3507 2228 3551 et
2247 3514 2390 3551 renes
2409 3499 2506 3552 mei
2536 3499 2718 3552 mutati
2741 3509 2881 3564 sunt,
2906 3501 2958 3554 id
2980 3509 3064 3556 est
3084 3543 3100 3565 ,
3133 3501 3383 3558 libidines
3410 3520 3544 3558 mea:

1946 3599 2164 3644 mutatas
2208 3600 2373 3655 sunt,
2406 3600 2461 3646 et
2488 3601 2668 3646 castus
2707 3598 2851 3646 totus
2879 3591 3053 3648 factus
3079 3608 3220 3648 sum.
3256 3595 3424 3650 Renes
3448 3597 3546 3651 mei

1947 3682 2127 3734 mutati
2145 3691 2280 3735 sunt.
2307 3681 2376 3736 Et
2394 3681 2516 3735 audi
2538 3684 2827 3751 quomodo.

2017 3772 2108 3828 28.
2140 3771 2290 3847 [vers.
2313 3771 2432 3848 22.]
2465 3771 2532 3826 Et
2553 3789 2644 3845 ego
2671 3775 2739 3826 ad
2783 3775 3002 3828 nihilum
3043 3776 3282 3830 redactus
3323 3793 3469 3844 sum,
3498 3787 3547 3832 et

1948 3881 2050 3918 non
2066 3865 2292 3936 cognoui.
2327 3863 2440 3935 Ego
2466 3865 2554 3920 ille
2573 3906 2588 3930 ,
2617 3865 2707 3935 qui
2738 3866 3022 3931 modoista
3045 3868 3166 3922 dico
3186 3867 3254 3922 de
3270 3867 3546 3934 divitibus,

1946 3955 2232 4026 aliquando
2259 3956 2382 4010 talia
2403 3955 2705 4013 desideravi
2730 3975 2744 4011 :
2765 3956 2887 4012 ideo
2912 3967 2961 4012 et
2976 3974 3068 4029 ego
3093 3959 3162 4011 ad
3185 3957 3403 4012 nilulum
3422 3959 3514 4012 red
3524 3990 3544 3999 -

1947 4058 2090 4104 actus
2132 4067 2280 4114 sum,
2313 4050 2528 4121 quando
2569 4050 2696 4120 pene
2748 4049 2902 4116 eﬂ'usi
2933 4061 3051 4104 sunt
3091 4067 3292 4120 gressus
3318 4051 3434 4104 mei.
3480 4049 3547 4104 Et

1948 4158 2039 4213 ego
2068 4141 2137 4195 ad
2183 4141 2400 4195 nihilum
2437 4141 2673 4196 redactus
2716 4158 2862 4205 sum,
2910 4152 2957 4195 et
3004 4158 3106 4195 non
3151 4143 3403 4212 cognovi:
3438 4159 3544 4196 non

1947 4243 2033 4290 est
2060 4248 2190 4304 ergo
2216 4233 2610 4304 desperandum
2631 4242 2685 4288 et
2712 4232 2782 4288 de
2811 4232 2947 4300 illis,
2981 4233 3034 4287 in
3071 4248 3206 4304 quos
3239 4233 3360 4287 talia
3396 4233 3544 4288 dice-

1948 4325 2093 4381 bam.

2018 4417 2110 4473 29.
2138 4415 2290 4490 [vers.
2313 4414 2432 4490 25.]
2459 4416 2598 4485 Quid
2622 4425 2707 4472 est
2729 4458 2744 4480 ,
2784 4432 2886 4470 non
2914 4417 3169 4487 cognovi?
3207 4417 3368 4481 Quasi
3394 4434 3545 4486 pecus

1949 4514 2114 4582 factus
2131 4527 2245 4564 sum
2265 4509 2333 4562 ad
2361 4520 2439 4574 te;
2458 4518 2506 4562 et
2529 4525 2620 4578 ego
2640 4524 2836 4576 semper
2853 4518 3033 4562 tecum.
3068 4508 3288 4561 Multum
3321 4493 3545 4564 interest

1950 4603 2091 4656 inter
2113 4603 2273 4657 istum
2301 4611 2354 4660 et
2384 4601 2537 4654 alios.
2569 4598 2673 4654 Iste
2697 4599 2846 4668 quasi
2881 4614 3041 4668 pecus
3087 4598 3256 4653 factus
3291 4599 3544 4653 estdesi-

1899 4723 1905 4736 ι
1950 4692 2188 4747 derando
2216 4701 2459 4755 terrena,
2493 4689 2708 4762 quando
2746 4689 2995 4743 redactus
3041 4689 3107 4743 ad
3155 4689 3381 4743 nihilum
3438 4707 3546 4744 non

1952 4785 2202 4854 cognovit
2231 4793 2430 4838 mterna
2462 4801 2476 4836 :
2509 4783 2602 4836 sed
2637 4797 2742 4836 non
2789 4782 3064 4837 recessita
3100 4781 3212 4835 Deo
3254 4797 3354 4836 suo
3377 4823 3390 4848 ,
3423 4783 3546 4852 quia

1953 4894 2060 4931 non
2098 4877 2182 4932 illa
2210 4876 2554 4952 desideravit
2583 4890 2612 4930 a
2665 4875 3031 4939 dmmonibus,
3080 4889 3110 4928 a
3149 4869 3384 4930 diabolo.
3437 4878 3547 4934 lloe

1951 4968 2230 5037 enimﬁjam
2252 4966 2403 5020 vobis
2433 4965 2842 5021 commendavi:
2873 4980 2973 5018 vox
3000 4974 3082 5019 est
3109 4964 3441 5037 Synagogaa,
3490 4966 3547 5024 id

1953 5069 2073 5124 est,
2100 5060 2243 5114 illius
2271 5057 2448 5128 populi
2479 5058 2570 5128 qui
2597 5070 2704 5110 non
2749 5055 2975 5111 servivit
3014 5055 3194 5111 idolis.
3229 5057 3397 5113 Pecus
3422 5062 3549 5128 qui-

1952 5153 2082 5221 dem
2107 5151 2414 5206 lactussum
2437 5191 2453 5214 ,
2477 5165 2506 5203 a
2540 5150 2648 5202 Deo
2679 5163 2800 5203 meo
2827 5157 3040 5203 terrena
3066 5149 3420 5215 desiderans;
3446 5149 3546 5205 sed

1953 5259 2220 5314 nunquam
2250 5242 2447 5296 recessi
2469 5240 2536 5295 ab
2558 5240 2673 5310 ipso
2699 5240 2807 5295 Deo
2835 5255 2976 5296 meo.

2026 5334 2115 5390 ⁸50.
2149 5331 2300 5407 [vers.
2352 5328 2470 5405 24.]
2493 5330 2624 5398 Quia
2655 5345 2783 5401 ergo
2804 5371 2819 5396 ,
2848 5329 3091 5400 quamvis
3127 5317 3298 5384 factus
3337 5345 3500 5399 pecus
3525 5373 3547 5403 ,

1955 5443 2061 5482 non
2104 5416 2310 5481 lecessi
2339 5439 2370 5478 a
2403 5423 2511 5482 Deo
2553 5437 2675 5476 meo
2695 5463 2710 5488 ,
2756 5422 2999 5492 sequitur
3030 5439 3043 5475 :
3077 5420 3304 5476 Te‘nuisti
3343 5437 3551 5478 manum

1955 5517 2175 5571 dexterae
2205 5531 2344 5570 mete.
2377 5513 2493 5570 Non
2537 5513 2701 5579 dixit,
2735 5529 2951 5569 manum
3000 5513 3275 5569 dexteram
3329 5529 3545 5581 meam;

1956 5611 2087 5679 sed,
2117 5627 2321 5664 manum
2359 5610 2577 5664 dextera:
2629 5621 2771 5663 meae.
2831 5606 2886 5663 Si
2931 5607 3164 5662 dexterae
3209 5621 3398 5662 manus
3442 5617 3548 5674 est,

1959 5719 2149 5759 manus
2170 5701 2334 5758 habet
2363 5716 2580 5757 manum
2609 5717 2622 5753 :
2658 5699 2873 5752 Manum
2905 5700 3108 5753 tenuisti
3145 5701 3362 5754 dexterae
3383 5715 3508 5753 mese
3531 5738 3550 5766 ,

1961 5811 2015 5854 ut
2059 5794 2353 5852 deducercs
2410 5808 2516 5850 mc.
2570 5790 2706 5862 Quid
2760 5791 2968 5862 posuit,
3014 5791 3261 5847 utanmn.’
3311 5791 3552 5846 Potesta-
