3990 6304
495 368 602 426 99.7

487 497 617 543 tem.
643 485 756 542 lloc
783 482 926 541 enim
955 478 1185 538 dicimus
1218 493 1542 552 quamquam
1571 476 1770 532 habere
1803 474 1857 530 in
1883 486 2080 536 manu,
2110 504 2111 508 η

486 580 630 650 quod
660 578 823 633 habet
849 578 903 632 in
935 582 1233 647 potestate;
1261 570 1530 644 quomodo
1550 567 1683 625 dixit
1706 566 1949 623 diabolus
1974 566 2086 622 Deo

489 671 561 725 de
586 671 689 725 Job
722 687 737 723 :
768 669 916 723 Mitte
939 683 1147 722 manum
1171 676 1312 719 tuam
1330 706 1345 730 ,
1375 672 1423 719 et
1453 661 1574 717 tolle
1619 676 1731 730 qua:
1760 659 1909 714 habet
1961 658 2085 732 (Job

490 776 508 816 ι
533 802 549 827 ,
582 759 695 831 ll).
724 759 861 828 Quid
887 768 1008 826 est,
1035 758 1177 813 mitte
1198 771 1403 809 manum
1426 754 1605 809 tuam?
1641 753 1713 807 Da
1742 759 2082 821 potestatem.

490 852 707 907 Manum
731 851 858 914 Dei,
887 858 1206 921 potestatem
1237 847 1331 901 Dei
1360 845 1523 911 dixit;
1555 844 1691 900 sicut
1728 844 1981 912 scriptum
2004 852 2088 897 est

489 941 599 995 alio
622 942 742 996 loco
773 959 787 996 :
819 940 963 995 Mors
989 950 1035 994 et
1060 940 1163 994 vita
1186 938 1237 992 in
1260 936 1492 991 omnibus
1518 936 1704 1007 (iugum
1727 933 1908 1001 (Prov.
1936 948 2085 997 xvut,

489 1029 613 1100 21).
643 1030 910 1101 Numquid
942 1030 1120 1099 lingua
1151 1030 1313 1083 habet
1341 1030 1570 1083 manus?
1601 1026 1705 1081 Sed
1736 1024 1862 1095 quid
1897 1036 1999 1089 est,
2033 1026 2086 1079 in

491 1122 729 1176 manibus
753 1122 987 1194 (iugata?
1013 1121 1068 1176 In
1118 1129 1381 1194 potestate
1424 1120 1635 1189 linguai.
1689 1117 1825 1187 Quid
1856 1126 1972 1181 est,
2031 1117 2084 1173 in

497 1220 767 1281 potestate
796 1211 1027 1282 linguai!
1058 1210 1139 1267 Ea:
1156 1227 1243 1265 ore
1284 1221 1370 1265 tuo
1386 1208 1784 1281 jastiﬁcaberis,
1815 1218 1863 1264 et
1898 1225 1960 1263 e1:
1998 1223 2089 1263 ore

496 1311 584 1359 tuo
608 1304 1016 1358 condemnaberis
1041 1302 1253 1375 (Matth.
1281 1318 1354 1356 xu
1376 1343 1392 1368 ,
1420 1303 1533 1369 '57).
1565 1300 1796 1356 Tenuisti
1830 1318 1947 1370 ergo
1972 1317 2085 1353 ma-

495 1412 620 1450 num
669 1397 892 1451 dexteras
938 1412 1099 1461 mete,
1131 1403 1448 1464 potestatem
1478 1394 1714 1449 dexterae
1762 1409 1916 1446 meze.
1955 1392 2086 1456 Quae

492 1498 614 1543 erat
643 1486 861 1543 dextera
889 1489 1052 1543 mea?
1087 1488 1221 1556 Quia
1276 1503 1367 1559 ego
1395 1492 1609 1555 semper
1641 1494 1821 1539 tecum.
1854 1485 1907 1538 lu
1951 1483 2085 1538 siui—

495 1588 665 1634 stram
698 1581 714 1612 ί
747 1579 1040 1646 habebam,
1072 1581 1194 1650 quia
1227 1597 1379 1650 prcus
1405 1580 1568 1649 [actus
1588 1578 1804 1641 sum;id
1831 1589 1932 1645 est,
1962 1578 2085 1648 quia

493 1678 706 1728 terrena
736 1673 789 1727 in
817 1687 903 1729 me
947 1673 1044 1728 iuit
1089 1673 1562 1743 concupiscentia:
1597 1671 1691 1727 sed
1723 1670 1941 1725 dextera
1968 1686 2084 1726 mea

494 1773 645 1830 erat.
677 1766 798 1836 quia
825 1781 1042 1837 semper
1072 1775 1246 1821 tecum
1274 1781 1444 1821 eram.
1491 1765 1657 1834 Hujus
1691 1763 1927 1819 dexterae
1954 1779 2086 1818 mea:

466 1842 713 1914 'tuanum
760 1859 1011 1924 tenuisti,
1056 1858 1107 1914 id
1144 1866 1267 1925 est,
1317 1866 1635 1928 potestatem
1681 1857 1885 1913 resisti.
1917 1856 2086 1923 Quam

498 1950 863 2023 potestatem?
890 1950 1045 2006 Dedit
1065 1950 1137 2007 eis
1162 1961 1459 2023 potestatem
1480 1950 1616 2019 ﬁlios
1638 1950 1733 2004 Dei
1761 1951 1875 2021 fieri
1901 1948 2083 2017 (Joan.

495 2057 556 2108 ι,
606 2041 699 2112 12)
723 2059 737 2096 :
760 2042 927 2112 coepit
967 2056 1089 2099 esse
1112 2042 1222 2112 jam
1266 2041 1408 2097 inter
1446 2043 1584 2097 filios
1612 2040 1738 2109 Dei,
1770 2041 1837 2095 ad
1878 2038 2085 2096 Novum

494 2132 899 2189 Testamentum
928 2135 1224 2205 pertinens.
1255 2133 1389 2190 Vide
1440 2134 1710 2206 quomodo
1752 2143 1955 2189 retenta
2004 2142 2090 2189 est

498 2237 691 2278 manus
718 2223 954 2280 dextera:
980 2224 1117 2294 ejus.
1152 2222 1220 2279 In
1252 2224 1510 2279 voluntate
1555 2235 1643 2279 tua
1683 2223 1940 2279 deduxisti
1984 2239 2081 2278 me.

493 2315 633 2383 Quid
660 2325 743 2372 est
761 2358 776 2384 ,
806 2317 861 2371 in
883 2316 1141 2372 voluntate
1160 2320 1288 2373 tua?
1314 2318 1429 2374 Non
1450 2319 1502 2374 in
1533 2320 1738 2374 meritis
1761 2319 1914 2373 meis.
1947 2318 2085 2384 Quid

493 2415 614 2473 est,
635 2407 691 2462 in
712 2408 971 2463 voluntate
994 2410 1123 2464 tua?
1151 2410 1286 2465 Audi
1312 2410 1650 2481 Apostolum,
1683 2412 1773 2480 qui
1803 2411 1897 2466 fuit
1924 2426 2086 2480 pecus

492 2499 669 2568 primo
693 2509 903 2556 terrena
923 2500 1237 2557 desiderans
1255 2543 1269 2563 ,
1298 2512 1353 2557 et
1375 2502 1666 2558 secundum
1692 2504 1855 2559 Vetus
1891 2504 2081 2560 'I‘esu-

495 2599 737 2646 mentum
763 2591 985 2657 vivens;
1017 2590 1144 2662 quid
1168 2592 1282 2648 ait?
1316 2594 1418 2662 Qui
1438 2595 1601 2664 primo
1619 2592 1705 2663 [ui
1730 2594 2083 2667 blasphemus,

493 2690 543 2735 et
564 2691 857 2752 persecutor
873 2724 889 2748 ,
916 2692 965 2738 et
984 2683 1263 2753 iniuriosus
1278 2698 1300 2749 ,°
1317 2686 1407 2739 sed
1426 2686 1822 2742 misericordiam
1842 2705 2084 2743 consecu-

495 2780 580 2827 tus
598 2788 711 2825 sum
734 2772 777 2845 (l
806 2772 935 2828 Tim.
956 2789 996 2841 ι,
1024 2776 1135 2846 15).
1167 2774 1305 2844 Quid
1324 2785 1427 2844 est,
1448 2777 1501 2833 in
1521 2777 1775 2835 voluntate
1796 2790 1884 2834 tua
1909 2781 1935 2835 2
1954 2780 2087 2836 Gra-

494 2864 571 2920 tia
594 2863 692 2920 Dei
718 2882 832 2921 sum
858 2867 915 2921 id
939 2867 1077 2938 quod
1091 2884 1205 2923 sum
1234 2869 1275 2942 (I
1301 2868 1421 2926 Cor.
1449 2885 1520 2926 xv
1540 2912 1555 2937 ,
1585 2872 1699 2944 10).
1731 2871 1801 2928 Et
1826 2889 1941 2929 cum
1968 2875 2085 2947 glo-

494 2957 615 3011 ria'
643 2959 964 3026 assumpsisti
993 2976 1090 3015 me.
1119 2960 1237 3016 .latu
1286 2977 1394 3033 quo
1428 2974 1738 3034 assumptus
1784 2975 1902 3034 est,
1946 2978 2002 3023 et
2031 2969 2083 3025 in

494 3063 597 3120 qua
622 3048 791 3119 gloria
814 3092 832 3118 ,
871 3051 992 3123 quis
1014 3051 1277 3124 explicat?
1317 3052 1441 3124 quis
1478 3052 1649 3113 dicit!
1695 3056 2086 3127 Exspectemus

493 3141 597 3197 hoc
618 3181 637 3209 ,
664 3142 785 3213 quia
814 3144 866 3198 in
896 3146 1290 3203 resurrectione
1317 3146 1455 3216 erit;
1507 3148 1563 3205 in
1604 3149 1911 3208 novissimis
1933 3152 2037 3208 erit
2064 3168 2080 3209 :

492 3233 625 3292 Cum
648 3236 813 3307 gloria
829 3240 1145 3310 assumpsisti
1170 3257 1265 3297 me.

566 3328 656 3383 5|.
680 3327 830 3400 [νει-ε.
861 3328 978 3402 25.]
1011 3331 1075 3386 Et
1098 3332 1261 3401 cmpit
1282 3333 1519 3404 cogitare
1566 3333 1873 3393 felicitatem
1912 3336 2083 3409 ipsam

490 3420 770 3475 emlesteiu
790 3464 806 3487 ,
835 3431 889 3477 et
908 3437 1131 3493 arguere
1161 3439 1219 3479 se
1241 3465 1257 3491 ,
1285 3427 1407 3497 quia
1432 3442 1596 3496 pecus
1622 3428 1755 3495 fuit,
1786 3437 1842 3486 et
1870 3440 2081 3489 terrena

491 3511 836 3567 desideravit.
863 3514 1001 3580 Quid
1024 3516 1155 3569 enim
1201 3517 1327 3570 mihi
1352 3527 1424 3571 est
1449 3518 1503 3573 in
1536 3522 1692 3586 aeto,
1726 3530 1775 3575 et
1808 3539 1841 3576 a
1878 3532 1926 3576 te
1962 3524 2084 3593 quid

493 3603 631 3657 votui
672 3621 823 3672 super
846 3605 1069 3659 terram?
1108 3606 1185 3660 Ex
1227 3622 1358 3663 voce
1404 3618 1583 3665 vestra
1633 3612 1961 3669 intellexisse
1985 3628 2084 3671 vos

497 3692 675 3748 video.
703 3693 1049 3764 Comparavit
1076 3696 1333 3753 voluntati
1377 3715 1489 3757 sua:
1534 3709 1764 3758 terrena:
1801 3706 2081 3775 praemium

491 3783 717 3839 cmleste
740 3785 881 3856 quod
907 3797 1222 3858 accepturus
1241 3798 1325 3846 est
1347 3806 1363 3855 ;
1390 3791 1523 3848 vidit
1550 3794 1675 3864 quid
1701 3794 1773 3851 ibi
1820 3796 1921 3852 sibi
1960 3814 2080 3854 ser-

495 3884 715 3930 varetur
731 3916 747 3940 ,
770 3884 826 3931 et
846 3878 1085 3948 cogitans
1106 3921 1122 3942 .
1152 3890 1208 3935 et
1222 3892 1453 3938 aestuans
1479 3884 1531 3938 in
1556 3886 1880 3955 cogitatione
1902 3889 2086 3959 cujus-

496 3964 619 4021 dam
644 3966 719 4021 rei
749 3966 1033 4024 inetl‘abilts
1054 4010 1070 4035 ,
1097 3985 1256 4040 quam
1286 3988 1389 4028 nec
1407 3976 1595 4031 oculus
1623 3976 1783 4045 vidit,
1816 3995 1914 4035 nec
1940 3982 2086 4040 auris

496 4059 732 4121 audivit,
784 4075 883 4115 nec
931 4062 983 4117 in
1012 4076 1107 4117 cor
1152 4062 1385 4120 hominis
1434 4068 1676 4123 ascendit
1714 4067 1821 4142 (Id.
1855 4088 1926 4140 tt,
1977 4076 2083 4145 9),

496 4165 607 4206 non
631 4149 797 4217 dixit,
830 4151 962 4208 Illud
986 4192 1002 4218 ,
1047 4161 1142 4207 aut
1188 4154 1318 4210 illud
1359 4156 1487 4210 mihi
1520 4169 1602 4213 est
1633 4159 1683 4214 in
1707 4163 1883 4225 uelo;
1936 4165 2031 4220 sed
2066 4207 2084 4232 ,

501 4242 639 4309 Quid
659 4244 784 4299 mihi
804 4252 878 4299 est
924 4245 977 4298 in
1017 4245 1184 4300 creto?
1208 4246 1345 4312 Quid
1376 4257 1461 4302 est
1480 4248 1607 4305 illud
1636 4253 1778 4321 quod
1808 4253 1983 4310 habeo
2030 4256 2084 4312 in

497 4335 675 4392 cutio?
697 4334 823 4405 quid
869 4336 994 4391 est?
1023 4348 1276 4407 quantum
1325 4338 1442 4393 est?
1487 4341 1643 4410 quale
1666 4344 1792 4399 est!
1830 4343 1931 4412 Et,
1963 4360 2085 4403 cum

497 4442 605 4482 non
636 4427 825 4481 transit
847 4427 986 4496 quod
1007 4427 1179 4483 habeo
1200 4428 1252 4487 in
1281 4430 1419 4485 caelo
1442 4471 1459 4497 ,
1490 4447 1522 4484 a
1552 4442 1600 4485 te
1619 4433 1741 4500 quid
1769 4438 1908 4490 volui
1932 4453 2089 4510 super

498 4517 724 4570 terram!
769 4515 966 4572 Servas
993 4516 1124 4573 mihi
1163 4526 1220 4573 tu
1246 4536 1261 4573 :
1290 4520 1368 4574 sic
1404 4520 1577 4576 dicam
1607 4530 1667 4579 ut
1704 4540 1952 4596 possunt,
1990 4530 2086 4585 sed

497 4608 621 4664 date
642 4609 851 4665 veniam
883 4626 899 4677 ;
935 4610 1162 4678 accipite
1213 4621 1460 4667 conatum
1508 4629 1717 4682 meum,
1746 4616 2087 4676 devotionem

498 4700 733 4765 nitendi;
759 4716 880 4755 nam
910 4700 1210 4771 eXplicandi
1237 4702 1381 4757 nulla
1410 4702 1633 4761 facultas
1653 4717 1736 4762 est
1762 4706 1821 4763 ἐ
1863 4722 2046 4765 servas
2068 4752 2085 4779 ,

499 4792 703 4863 inquit,
733 4790 863 4846 mihi
885 4800 940 4846 tu
987 4792 1039 4847 in
1082 4793 1222 4848 ctelo
1247 4792 1460 4851 divitias
1503 4797 1869 4867 immortales,
1914 4809 1964 4856 te
2004 4802 2087 4872 ip-

498 4899 619 4939 sum
643 4901 658 4948 ;
687 4892 741 4937 et
766 4898 865 4953 ego
893 4884 1031 4939 volui
1062 4899 1090 4937 a
1116 4893 1168 4941 te
1196 4883 1250 4940 in
1280 4894 1423 4942 terra
1448 4889 1591 4958 quod
1620 4889 1816 4947 habent
1836 4902 1890 4948 et
1916 4894 2084 4965 impii,

496 4973 639 5045 quod
665 4973 864 5029 habent
888 4984 943 5029 et
963 4973 1118 5040 mali,
1148 4975 1291 5045 quod
1318 4977 1518 5033 habent
1543 4990 1596 5035 et
1639 4981 1962 5051 facinorosi;
1995 5000 2091 5055 pe-

497 5067 742 5131 cuniam,
773 5080 959 5121 aurum
980 5107 997 5133 ,
1017 5078 1331 5137 argentum,
1363 5084 1634 5140 gemmas,
1663 5072 1923 5141 familias;
1945 5077 2087 5147 quod

498 5156 699 5214 habent
725 5166 780 5213 et
804 5158 1045 5214 scelerati
1069 5160 1243 5228 multi,
1272 5162 1415 5232 quod
1444 5163 1639 5219 habent
1665 5166 1847 5221 multa:
1874 5167 2087 5225 femina:

500 5261 717 5321 turpes,
742 5249 895 5305 multi
920 5249 1017 5305 viri
1049 5259 1233 5320 turpes
1260 5269 1274 5306 :
1306 5253 1419 5309 lucc
1444 5269 1540 5324 pro
1575 5270 1770 5326 magno
1789 5257 2087 5317 desideravi

498 5362 530 5400 a
563 5350 673 5404 Dea
695 5362 817 5406 meo
839 5362 1002 5420 super
1025 5358 1221 5405 terram
1241 5391 1257 5416 ,
1288 5366 1409 5406 cum
1429 5362 1611 5408 servet
1635 5368 1695 5409 se
1720 5355 1847 5409 mihi
1881 5356 1930 5411 in
1953 5358 2092 5414 casio

503 5441 645 5497 Deus
687 5456 857 5497 meus.
884 5442 1021 5509 Quid
1047 5444 1179 5497 enim
1206 5444 1331 5497 mihi
1369 5453 1439 5498 est
1480 5446 1534 5497 in
1584 5446 1751 5499 caelo?
1794 5447 2091 5506 Ostendere

500 5530 665 5587 habet
687 5531 858 5602 ipsum
887 5531 1035 5603 quid.
1060 5530 1130 5587 Et
1153 5543 1251 5587 ate
1269 5533 1391 5601 quid
1411 5535 1549 5589 votui
1582 5553 1740 5608 super
1765 5539 1986 5594 terram?

562 5680 582 5715 ⁸
606 5681 691 5736 Sic
707 5690 924 5739 melioris
944 5699 1075 5752 notae
1096 5696 1204 5741 mss.
1224 5698 1279 5743 Αι
1299 5692 1434 5752 ΡΜ..
1458 5692 1510 5746 in
1534 5694 1754 5748 simum.

563 5756 586 5820 ξ
616 5758 797 5820 {tiones
819 5758 923 5820 uss.
945 5751 1037 5820 hoc
1059 5751 1180 5820 lem,
1211 5752 1262 5803 in
1278 5754 1452 5820 gloria.

563 5809 585 5844 ⁸
615 5817 744 5877 8:55.,
764 5813 944 5864 nutum:
960 5809 1256 5876 fucuitatem.

1732 355 1791 414 S.
1825 350 2199 413 AUGUSTINI
2238 352 2541 410 EPISCOPI

3682 361 3792 419 9‘18

2266 468 2355 524 32.
2378 469 2531 543 [νει-ε.
2557 469 2675 545 26.]
2704 470 2901 542 Defeci!
2917 488 3005 528 cor
3032 489 3199 528 meum
3236 483 3284 529 et
3307 489 3427 530 caro
3466 492 3581 533 mea
3598 518 3615 545 ,
3652 476 3786 533 Deus

2192 559 2359 615 cordis
2383 562 2500 615 mei.
2534 562 2645 617 Hoc
2668 578 2797 634 ergo
2819 564 2948 620 mihi
2972 574 3057 621 est
3077 568 3129 621 in
3150 568 3287 621 caelo
3309 579 3576 623 servatum
3597 611 3612 632 ,
3640 568 3780 624 Deus

2192 651 2361 707 cordis
2387 654 2512 717 mei,
2536 663 2581 708 et
2608 672 2726 723 pars
2749 672 2861 709 mea
2889 654 3023 711 Deus
3042 673 3201 712 meus.
3230 656 3365 726 Quid
3392 668 3475 713 est
3499 701 3512 720 .
3544 658 3738 714 fratres
3755 660 3781 713 ?

2194 742 2531 800 lnveniamus
2553 744 2768 801 divitias
2795 757 3004 801 nostras
3033 763 3049 811 ;
3079 748 3238 818 eligat
3265 748 3367 802 sibi
3396 759 3573 819 partes
3608 765 3775 819 genus

2195 832 2503 889 humanum.
2525 836 2811 892 Videamus
2841 836 3084 892 homines
3103 839 3447 909 cupiditatum
3471 841 3779 897 diversitate

2196 926 2382 982 laniari
2411 944 2425 982 :
2452 929 2649 998 eligant
2676 930 2763 983 alii
2788 929 3029 985 militiam
3049 971 3064 996 ,
3096 932 3182 985 alii
3212 932 3652 1000 advocationem,
3685 934 3774 989 alii

2194 1019 2435 1076 diversas
2463 1022 2741 1091 variasque
2761 1022 3035 1077 doctrinas
3055 1064 3069 1085 ,
3095 1023 3183 1078 alii
3214 1026 3626 1095 negotiationem
3648 1068 3663 1091 ,
3687 1027 3774 1081 alii

2192 1113 2598 1181 agriculturam;
2627 1113 2758 1169 istas
2785 1122 2961 1184 partes
2982 1115 3081 1170 sibi
3108 1114 3298 1171 faciant
3318 1119 3386 1171 de
3412 1117 3568 1171 rebus
3590 1117 3780 1171 huma-

2190 1203 2278 1258 nis
2305 1221 2319 1257 :
2345 1204 2539 1259 clamet
2569 1206 2791 1276 populus
2816 1208 2910 1263 Dei
2936 1248 2953 1273 ,
2979 1206 3111 1262 Pars
3139 1226 3251 1263 mea
3282 1208 3420 1263 Deus
3466 1227 3625 1266 meus.
3658 1210 3776 1267 Non

2192 1292 2258 1347 ad
2289 1302 2494 1365 tempus
2518 1310 2643 1365 pars
2672 1312 2825 1361 mea;
2873 1299 2967 1352 sed
3014 1315 3135 1369 pars
3161 1315 3271 1352 mea
3310 1298 3447 1353 Deus
3482 1302 3534 1353 in
3560 1303 3775 1355 sa’cula.

2192 1387 2392 1446 Aurum
2419 1387 2516 1442 etsi
2553 1401 2767 1458 semper
2806 1389 3009 1457 habeo,
3041 1390 3169 1459 quid
3197 1389 3413 1445 habeo?
3468 1392 3633 1446 Deum
3674 1394 3776 1447 etsi

2192 1491 2299 1529 non
2327 1490 2540 1547 semper
2566 1478 2816 1535 haberem
2847 1480 2895 1541 ί,
2945 1496 3102 1551 quam
3151 1496 3399 1551 maguum
3431 1482 3629 1537 bonum
3685 1483 3779 1538 ha-

2192 1565 2408 1621 berem!
2435 1567 2547 1622 lluc
2571 1567 2776 1623 accedit
2799 1571 2922 1639 quia
2966 1571 3093 1625 mihi
3138 1572 3372 1640 seipsum
3403 1573 3695 1642 promittit,
3723 1582 3780 1630 et

2192 1655 2245 1709 id
2277 1671 2363 1711 me
2386 1656 2438 1711 in
2459 1667 2719 1713 artcruum
2755 1659 3059 1714 habiturum
3089 1662 3368 1730 promittit.
3402 1662 3628 1717 Tantum
3676 1663 3777 1718 ha-

2191 1746 2294 1803 beo
2316 1791 2333 1816 ,
2363 1760 2418 1804 et
2445 1767 2715 1823 nunquam
2745 1768 2850 1807 non
2877 1753 3081 1809 habeo!
3133 1754 3316 1823 Magna
3350 1754 3610 1811 felicitas!
3645 1754 3779 1810 Pars

2191 1857 2305 1895 mea
2340 1840 2500 1896 Deus.
2528 1843 2829 1909 Quamdiu?
2872 1844 2939 1898 In
2983 1845 3190 1901 saecula.
3220 1845 3479 1912 Quoniam
3500 1861 3625 1901 ecce
3656 1846 3781 1903 vide

2191 1934 2461 2004 quomodo
2488 1936 2634 1991 illum
2676 1938 2872 1993 amavit
2896 1953 2910 2003 ;
2939 1938 3065 1993 fecit
3087 1952 3184 1992 cor
3206 1948 3411 1993 castum
3434 1954 3452 1992 :
3498 1937 3631 1991 Deus
3658 1955 3775 1992 ror-

2191 2026 2271 2081 dis
2288 2029 2387 2082 mei
2404 2070 2420 2094 ,
2451 2038 2499 2083 et
2528 2045 2649 2100 pars
2670 2047 2781 2085 mea
2802 2029 2939 2083 Deus
2982 2031 3035 2084 iu
3062 2031 3266 2085 sarcula.
3309 2030 3527 2085 Factum
3558 2040 3641 2086 est
3679 2045 3778 2086 eor

2190 2131 2434 2187 castum;
2462 2121 2624 2192 gratis
2646 2122 2754 2191 jam
2786 2131 2995 2177 amatur
3019 2124 3159 2178 Deus
3181 2165 3196 2187 ,
3232 2140 3336 2177 non
3364 2124 3431 2179 ab
3457 2124 3549 2178 illo
3579 2124 3778 2192 petitur

2191 2213 2337 2267 aliud
2374 2214 2669 2281 prmmium.
2715 2216 2812 2283 Qui
2838 2215 2977 2270 aliud
3010 2217 3287 2285 praunium
3329 2216 3457 2286 petit
3485 2231 3513 2270 a
3545 2216 3688 2280 Deo,
3718 2226 3775 2273 et

2192 2316 2474 2377 propterea
2513 2308 2629 2362 vult
2673 2307 2876 2363 servire
2923 2308 3067 2367 Deo.
3097 2308 3275 2363 carius
3309 2307 3432 2363 facit
3475 2307 3618 2377 quod
3663 2308 3775 2364 vult

2191 2399 2471 2468 accipere,
2526 2415 2687 2469 quam
2739 2400 2910 2469 ipsum
2955 2414 2985 2454 a
3040 2414 3149 2468 quo
3182 2399 3587 2469 vultacciperc.
3635 2398 3775 2467 Quid

2190 2492 2352 2559 ergo?
2377 2490 2580 2545 nullum
2603 2492 2878 2561 praemium
2912 2492 3049 2545 Dei?
3078 2479 3321 2556 Nullum,
3359 2499 3553 2561 praeter
3577 2491 3769 2559 ipsum.

2193 2582 2474 2638 Prmmium
2506 2583 2597 2638 Dei
2623 2625 2637 2650 ,
2669 2583 2784 2654 ipse
2809 2583 2945 2638 Deus
2967 2592 3069 2638 est.
3103 2583 3215 2638 lloc
3236 2593 3413 2649 amat,
3442 2582 3542 2637 hoc
3570 2582 3772 2652 diligit:

2189 2674 2235 2728 si
2259 2673 2400 2729 aliud
2431 2674 2716 2740 dilexerit,
2745 2689 2850 2730 non
2891 2675 2993 2730 erit
3032 2685 3210 2730 castus
3235 2666 3407 2729 amor.
3455 2675 3682 2729 Recedis
3702 2675 3777 2730 ah

2191 2767 2313 2838 igne
2353 2767 2672 2833 immortali;
2704 2760 2957 2838 frigesces
2980 2809 2998 2835 ,
3045 2768 3429 2837 corrumperis.
3469 2767 3584 2822 Noli
3625 2784 3775 2823 rece-

2188 2858 2351 2925 dere;
2381 2860 2654 2929 eorruptio
2683 2868 2772 2915 tua
2798 2861 2938 2927 erit,
2967 2860 3246 2915 ioruicatio
3273 2870 3358 2915 tua
3389 2860 3512 2917 erit.
3539 2860 3656 2915 .lam
3674 2861 3774 2915 iste

2188 2948 2355 3017 redit,
2378 2951 2489 3021 jam
2521 2951 2681 3007 istum
2712 2951 2934 3021 pmnitet
2956 2994 2971 3018 ,
2994 2951 3105 3022 jam
3135 2951 3504 3021 ptenitentiam
3554 2952 3653 3007 iste
3674 2951 3776 3007 eli-

2187 3042 2295 3113 git,
2320 3043 2429 3113 jam
2453 3043 2617 3110 dicit,
2652 3043 2787 3100 Pars
2808 3059 2919 3099 mea
2941 3042 3099 3099 Deus.
3132 3044 3196 3099 Et
3234 3043 3504 3115 quomodo
3538 3044 3775 3100 delecta—

2188 3143 2277 3188 tur
2305 3134 2356 3189 in
2381 3134 2497 3206 ipso
2520 3178 2534 3199 ,
2558 3150 2718 3203 quem
2744 3136 2845 3190 sibi
2876 3145 3079 3205 partem
3106 3133 3303 3204 elegit!

2258 3225 2349 3279 '53.
2377 3222 2531 3298 [verm
2558 3224 2676 3299 27.]
2702 3224 2839 3280 Ecce
2866 3227 2951 3297 qui
2991 3225 3140 3298 longe
3163 3242 3217 3281 se
3258 3225 3453 3297 faciunt
3475 3243 3507 3279 a
3547 3234 3624 3292 te,
3654 3242 3773 3293 per-

2184 3313 2345 3371 ibunt.
2365 3316 2469 3371 Iste
2485 3331 2613 3385 etgo
2639 3317 2859 3372 recessit
2886 3334 2916 3373 a
2950 3318 3059 3373 Deo
3083 3357 3099 3385 ,
3129 3317 3222 3373 sed
3264 3334 3369 3373 non
3399 3318 3556 3391 longe
3590 3336 3605 3373 :
3646 3320 3770 3388 quia

2185 3409 2332 3480 quasi
2356 3426 2508 3481 pecus
2531 3410 2699 3481 [actus
2722 3426 2833 3464 sitm
2858 3452 2873 3473 ,
2898 3411 3105 3479 inquit,
3138 3420 3185 3464 et
3221 3426 3315 3481 ego
3358 3426 3554 3480 semper
3587 3419 3770 3466 tecum.

2187 3500 2263 3556 Illi
2296 3517 2427 3556 vero
2457 3501 2615 3572 longe
2644 3510 3018 3569 recesserunt,
3051 3503 3172 3571 quia
3228 3518 3333 3557 non
3362 3502 3531 3557 solum
3561 3511 3773 3557 terrena

2187 3593 2663 3659 desideraverunt,
2689 3592 2783 3649 sed
2810 3608 2872 3648 ea
2900 3607 2928 3646 a
2955 3593 3288 3661 daunouibus
3313 3600 3368 3649 et
3386 3608 3414 3645 a
3439 3592 3654 3647 diabolo
3677 3607 3773 3662 pe-

2191 3686 2407 3741 tierunt.
2439 3686 2543 3752 Qui
2567 3686 2715 3757 longe
2737 3702 2792 3740 se
2819 3686 3013 3757 faciunt
3040 3702 3071 3739 a
3120 3697 3169 3741 te
3188 3727 3203 3751 ,
3250 3687 3504 3756 peribunt.
3551 3685 3619 3741 Et
3641 3686 3773 3755 quid

2187 3786 2272 3833 est
2291 3819 2306 3845 ,
2336 3778 2493 3848 longe
2517 3794 2545 3831 a
2579 3778 2687 3834 Deo
2710 3778 2819 3833 ﬁeri
2839 3780 2864 3832 ἰ
2892 3776 3174 3833 Perdidisti
3197 3795 3394 3833 onmem
3428 3780 3516 3849 qui
3556 3779 3775 3848 fornica-

2189 3878 2273 3924 tur
2290 3870 2380 3926 abs
2403 3882 2468 3925 te.
2498 3871 2631 3926 lluic
2657 3868 2991 3926 fornicationi
3023 3872 3324 3926 contrarius
3370 3881 3453 3927 est
3493 3886 3645 3926 amor
3678 3887 3772 3927 ea-

2190 3972 2325 4017 stus.
2355 3962 2488 4031 Quis
2525 3973 2609 4017 cst
2648 3976 2804 4019 amor
2838 3963 3049 4018 castus?
3084 3963 3240 4017 Amat
3271 3962 3381 4033 jam
3416 3962 3593 4016 anima
3622 3978 3779 4032 spon-

2190 4067 2308 4109 sum
2335 4070 2490 4109 suum
2522 4073 2535 4108 :
2559 4053 2685 4126 quid
2712 4055 2780 4109 ab
2809 4055 2898 4109 illo
2919 4056 3141 4125 qumrit,
3172 4054 3239 4109 ab
3259 4068 3459 4124 sponso
3489 4070 3587 4111 suo
3615 4070 3771 4125 quem

2190 4144 2407 4215 diligit?
2437 4146 2599 4201 Forte
2624 4145 2893 4218 quomodo
2912 4146 3011 4201 sibi
3035 4146 3237 4217 eligunt
3264 4144 3507 4199 homines
3550 4154 3642 4198 aut
3679 4160 3775 4213 ge-

2193 4252 2387 4305 neros,
2414 4247 2506 4293 aut
2533 4253 2761 4307 sponsos
2789 4238 3028 4305 feminae;
3068 4237 3216 4308 eligit
3264 4236 3401 4292 forte
3428 4236 3640 4292 divitias
3665 4277 3681 4300 ,
3725 4244 3780 4290 ct

2192 4346 2378 4386 aurum
2410 4331 2525 4401 ejus
2553 4340 2696 4386 amat
2720 4373 2736 4395 .
2765 4338 2819 4386 et
2844 4331 3035 4386 fundos
3058 4373 3073 4397 ,
3106 4340 3160 4386 et
3192 4339 3507 4401 argentum,
3536 4338 3590 4383 et
3615 4344 3777 4398 pecn-

2194 4422 2334 4476 niam
2360 4461 2377 4487 ,
2400 4432 2454 4477 et
2480 4436 2650 4492 equos
2671 4463 2688 4487 ,
2717 4422 3039 4477 etfamiliam
3065 4462 3081 4486 ,
3105 4430 3161 4476 et
3194 4430 3408 4475 ca-tera.
3449 4418 3601 4474 Absit
3631 4436 3645 4470 :
3680 4420 3781 4473 iste

2193 4514 2366 4583 ipsum
2389 4512 2561 4568 solum
2584 4522 2760 4576 autat,
2807 4513 2973 4583 gratis
2997 4520 3177 4577 amat;
3225 4514 3346 4582 quia
3380 4512 3433 4565 in
3463 4511 3577 4580 ipso
3620 4509 3782 4564 habet

2193 4606 2403 4669 omnia,
2436 4605 2555 4675 quia
2604 4620 2698 4674 per
2735 4606 2905 4674 ipsum
2960 4604 3093 4659 facta
3148 4612 3273 4657 sunt
3299 4602 3477 4657 omnia
3510 4600 3688 4671 (Iona.
3722 4618 3777 4668 ι,

2192 4692 2271 4768 ⁸5).
2315 4694 2626 4760 Perdidisti,
2652 4695 2858 4765 inquit,
2887 4709 3086 4747 omnem
3107 4695 3193 4762 qui
3216 4694 3499 4761 fornicatur
3523 4692 3611 4746 abs
3639 4703 3704 4746 te.

2266 4785 2354 4840 3i.
2387 4784 2539 4858 [vei-3.
2562 4784 2679 4856 9.8.]
2724 4784 2803 4839 Tu
2832 4793 3010 4839 autem
3039 4783 3164 4853 quid
3216 4784 3345 4837 facis
3367 4782 3393 4835 τ
3442 4781 3572 4835 Mihi
3615 4792 3781 4836 autem

2200 4876 2464 4933 adhazrere
2495 4876 2598 4930 Deo
2620 4878 2806 4930 bonum
2844 4884 2937 4929 est.
2969 4873 3083 4930 Hoc
3106 4884 3191 4929 est
3210 4885 3377 4930 totum
3409 4875 3627 4928 bonum.
3656 4873 3784 4927 Vul-

2197 4969 2267 5024 tis
2295 4968 2557 5038 amplius?
2582 4968 2747 5023 Doleo
2774 4969 3033 5022 volentes.
3066 4965 3284 5021 Fratres
3304 5007 3320 5029 ,
3343 4966 3467 5035 quid
3493 4966 3655 5020 vultis
3677 4980 3785 5019 am-

2194 5060 2375 5131 plius?
2400 5061 2510 5114 Deo
2529 5058 2807 5114 utilia-rere
2833 5057 2961 5111 nihil
2987 5066 3073 5110 est
3113 5056 3303 5111 melius
3327 5098 3342 5122 ,
3396 5057 3609 5125 quando
3659 5071 3781 5108 etnn

2196 5151 2494 5208 videbimus
2525 5151 2658 5205 facie
2683 5148 2750 5204 ad
2803 5147 2989 5201 larium
3038 5146 3078 5217 (Ι
3110 5146 3227 5199 Cor.
3271 5162 3301 5200 ς
3329 5162 3397 5201 u.
3459 5145 3568 5213 12).
3628 5144 3785 5199 Modo

2197 5260 2328 5315 ergo
2354 5244 2519 5315 quid?
2546 5243 2679 5310 Quia
2709 5241 2881 5297 adhuc
2899 5240 3207 5310 peregrinus
3233 5240 3422 5304 loquor
3448 5255 3461 5291 :
3494 5237 3785 5302 Adha'rerc,

2200 5335 2403 5407 inquit,
2432 5333 2538 5388 Deo
2563 5333 2747 5387 bonum
2775 5341 2846 5386 est
2869 5346 2888 5396 ;
2923 5330 3015 5385 sed
3048 5328 3207 5383 modo
3236 5329 3288 5382 in
3317 5326 3744 5398 peregrinatione
3766 5366 3781 5392 ,

2199 5432 2321 5502 quia
2348 5428 2585 5483 nondum
2625 5426 2769 5481 venit
2815 5439 2925 5489 res,
2959 5422 3157 5477 Ponere
3195 5423 3247 5475 in
3289 5420 3396 5474 Deo
3432 5435 3571 5489 spem
3602 5433 3782 5471 nteant.

2201 5519 2464 5590 Quamdiu
2512 5534 2639 5589 ergo
2682 5517 2918 5572 nondum
2949 5512 3255 5578 adhzesisti,
3306 5512 3375 5565 ibi
3424 5525 3564 5581 pone
3612 5524 3783 5579 spem.

2202 5615 2483 5672 Fluctuas:
2516 5612 2780 5682 prauuitte
2800 5610 2865 5665 ad
2888 5618 3084 5663 terram
3108 5619 3380 5660 ancoram.
3401 5601 3646 5656 Nondum
3674 5600 3787 5654 ha:-

2207 5722 2294 5763 rcs
2325 5722 2418 5777 per
2444 5703 2811 5776 [)rmsetttiattt;
2840 5702 3040 5755 inlnere
3066 5714 3159 5770 per
3180 5714 3352 5767 spem.
3381 5696 3582 5750 Ponere
3608 5694 3663 5747 in
3688 5692 3790 5747 Deo

2275 5820 2293 5853 ι
2326 5821 2399 5871 sic
2423 5819 2566 5871 tudio
2576 5829 2649 5872 ms
2667 5823 2774 5867 r-tss.
2798 5822 2850 5866 At
2865 5814 3000 5877 md,
3016 5810 3409 5876 L't‘tttttaist’mpt'r
3430 5807 3673 5870 haberem,
3697 5815 3791 5859 etc.
