3990 6304
293 369 400 425 ωε)

289 500 428 551 apum
471 500 646 537 meam.
699 484 762 538 Et
788 484 912 554 quid
945 485 1030 539 hic
1057 500 1180 554 ages
1203 525 1216 548 ,
1249 499 1451 553 ponens
1482 486 1532 540 in
1566 486 1676 540 Deo
1717 501 1868 554 spem

291 575 473 627 tamn?
499 574 649 638 Quod
671 575 775 628 erit
795 578 1060 643 negotium
1095 586 1262 640 tuum,
1294 576 1391 628 nisi
1424 570 1479 629 u't
1501 576 1680 628 laudes
1710 591 1866 644 quem

288 665 464 733 diligis
486 706 500 729 ,
532 675 587 718 et
626 665 785 720 facias
831 676 1004 720 tecum
1055 678 1388 721 coamatores
1417 667 1534 735 ejus
1563 670 1574 698 '
1600 669 1622 720 'l
1655 667 1792 720 Ecce
1822 667 1868 721 si

289 771 495 810 amares
523 758 759 826 aurigam
781 799 796 822 ,
826 774 931 811 non
963 774 1175 827 raperes
1193 767 1416 813 exteros
1437 769 1492 812 ut
1522 769 1694 813 tecmn
1724 775 1870 811 ama-

285 859 406 902 rent
431 851 454 902 ζ’
484 852 700 903 Amator
727 851 924 919 auriga:
945 866 1274 919 quacumque
1310 852 1498 905 transit
1539 851 1772 920 loquitur
1801 850 1869 905 de

288 939 378 990 illo
397 979 413 1002 ,
444 948 498 991 ut
519 955 638 992 cum
662 940 750 993 illo
775 957 895 994 eutn
914 949 1092 994 ament
1114 950 1166 994 et
1196 942 1395 994 cancri.
1428 940 1602 994 Gratis
1623 951 1868 995 amantur

289 1028 532 1094 llagitiosi
582 1027 852 1092 homines;
899 1041 953 1083 et
1004 1047 1030 1082 a
1075 1030 1181 1084 Deo
1211 1031 1485 1097 pnemium
1517 1034 1770 1098 quatt'itttr
1807 1041 1867 1086 ut

285 1127 494 1172 ametur
519 1119 532 1173 ι
559 1121 689 1171 Ama
721 1121 882 1172 Deum
911 1121 1107 1188 gratis;
1133 1121 1258 1174 nulli
1287 1121 1520 1174 invideas
1547 1121 1730 1173 Detun.
1763 1121 1867 1174 Ra-

287 1211 397 1278 pite
424 1225 545 1263 eum
589 1219 849 1279 quotquot
893 1212 1144 1278 potestis,
1173 1222 1432 1280 quotquot
1458 1227 1552 1279 pos
1581 1213 1749 1264 essuri
1775 1227 1863 1266 es-

285 1303 392 1354 tis:
427 1318 532 1356 non
563 1302 621 1355 lit
647 1313 935 1373 angustus;
969 1305 1144 1357 nullos
1173 1306 1223 1357 in
1257 1305 1344 1357 illo
1383 1304 1577 1357 limites
1619 1304 1859 1369 facietis;

283 1403 452 1448 totum
481 1395 669 1465 singuli
695 1396 1030 1463 possidebitis
1049 1438 1061 1461 _.
1085 1407 1139 1450 et
1165 1405 1331 1449 totum
1359 1411 1546 1450 omnes
1572 1396 1857 1449 habebitis.

286 1485 425 1552 l'lrgo
455 1485 557 1551 hoc.
585 1486 666 1539 fac
692 1500 812 1538 cum
846 1487 930 1539 hic
959 1501 1020 1541 es
1039 1528 1054 1549 ,
1085 1487 1134 1540 id
1170 1496 1252 1542 est
1277 1527 1292 1551 ,
1321 1503 1442 1540 eum
1487 1489 1638 1555 ponis
1668 1489 1720 1541 in
1753 1488 1862 1542 Deo

278 1589 430 1645 Spem
452 1585 613 1630 tuam.
640 1577 774 1645 Quid
803 1579 944 1643 enim
972 1579 1250 1647 sequitur?
1279 1577 1346 1632 Ut
1366 1580 1657 1633 annuntiem
1693 1595 1862 1632 omnes

281 1666 457 1721 laudes
494 1678 605 1720 tuas
650 1669 704 1720 in
741 1669 885 1720 atriis
935 1668 1057 1736 ﬁlia:
1082 1668 1228 1722 Sion.
1269 1667 1336 1724 Ut
1365 1670 1656 1721 annuntiem
1691 1685 1861 1720 omnes

281 1760 460 1812 laudes
476 1769 588 1812 tuas
609 1775 628 1813 :
649 1757 742 1813 sed
774 1759 897 1812 ubi?
928 1759 995 1811 In
1016 1759 1158 1812 atriis
1188 1760 1309 1826 ﬁlia:
1330 1758 1497 1824 Sion;
1516 1759 1637 1828 quia
1671 1758 1861 1827 praedi-

277 1850 420 1904 catio
450 1850 541 1903 Dei
584 1859 776 1920 praeter
820 1850 1112 1904 Ecclesium
1165 1849 1336 1904 inanis
1380 1857 1480 1904 est.
1540 1850 1734 1902 Parum
1779 1857 1862 1904 est

282 1942 502 1996 laudare
527 1942 691 1996 Deum
714 1983 728 2006 ,
759 1950 817 1996 et
837 1942 1152 1995 annuntiare
1182 1956 1369 1996 omnes
1391 1940 1576 1996 laudes
1596 1941 1711 2009 ejus
1745 1959 1757 1994 :
1794 1939 1859 1992 In

279 2035 427 2088 atriis
451 2035 576 2102 ﬁlia:
598 2034 726 2088 Sion
756 2034 1035 2088 annuntia.
1071 2034 1152 2088 Ad
1169 2033 1426 2088 unitatem
1453 2032 1609 2088 tende
1633 2034 1653 2064 ³
1679 2073 1696 2097 ,
1749 2031 1858 2086 noli

279 2124 520 2178 dividere
549 2123 835 2192 populum;
865 2122 958 2177 sed
999 2137 1125 2191 rape
1169 2122 1235 2177 ad
1261 2139 1422 2177 unum
1444 2163 1461 2189 ,
1491 2131 1546 2177 et
1565 2123 1646 2176 fac
1669 2138 1854 2176 unum.

279 2217 489 2273 Oblitus
515 2231 632 2271 sum
655 2215 906 2285 quamdiu
936 2215 1066 2270 dixi.
1088 2214 1205 2269 Jam
1235 2216 1382 2268 linito
1429 2214 1640 2269 Psalmo
1665 2254 1680 2280 ,
1711 2222 1765 2268 et
1793 2228 1859 2268 ex

279 2307 384 2362 isto
404 2305 614 2366 odore,‘
648 2303 875 2374 conjicio
916 2320 1003 2358 me
1025 2303 1330 2358 diuturmnn
1377 2303 1626 2358 habuisse
1654 2319 1860 2356 sermo.

277 2411 402 2451 nem
432 2414 445 2448 :
475 2395 567 2450 sed
603 2395 791 2450 Studiis
828 2395 1018 2449 \estris
1061 2411 1166 2448 non
1212 2394 1452 2458 sufficio;
1483 2393 1698 2447 violenti
1730 2393 1858 2448 estis

282 2489 445 2543 nimis
473 2503 486 2541 :
520 2487 719 2541 utinam
771 2487 870 2542 ista
925 2486 1170 2542 violentia
1197 2487 1416 2557 rapiatis
1443 2502 1661 2556 regnum
1689 2487 1856 2541 coelo:

278 2595 396 2633 rum
421 2579 436 2632 ἓ

638 2781 720 2847 1N
773 2781 1151 2846 PSALMUM
1195 2781 1460 2845 LXXIII

843 2902 1256 2958 EN.\RR.—\Tl0.

787 3021 956 3062 εειιιιο
987 3024 1052 3063 ιιι)
1083 3023 1343 3063 ιὀιιυιυιι.

354 3121 406 3174 1.
449 3116 598 3191 [verm
646 3117 722 3190 1.]
758 3117 951 3174 Psalmi
996 3117 1151 3188 hujus
1194 3119 1376 3173 titulus
1413 3127 1495 3174 est
1527 3137 1539 3174 :
1568 3119 1860 3175 Intellectus

272 3211 469 3281 Amph.
499 3209 676 3279 Asaph
705 3208 1257 3280 latine‘Congregatio,
1281 3226 1453 3280 gratce
1480 3213 1754 3283 Synagoga
1778 3214 1860 3268 di-

274 3305 436 3360 citur.
477 3302 762 3358 Videamus
788 3303 913 3374 quid
953 3304 1272 3359 intellexerit
1300 3305 1396 3358 ista
1433 3320 1719 3377 synagoga.
1751 3307 1858 3364 Nos

272 3404 452 3449 autem
493 3394 849 3464 intelligamus
885 3394 1128 3463 primitus
1161 3409 1516 3466 synagogam;
1549 3397 1739 3451 exinde
1774 3399 1858 3452 in-

271 3485 575 3553 telligemus
600 3483 727 3554 quid
758 3484 1077 3539 intellexerit
1105 3498 1390 3556 synagoga.
1419 3485 1605 3540 Omnis
1632 3501 1858 3557 congre-

270 3573 416 3645 gatio
440 3573 673 3644 generali
714 3573 929 3628 nomine
956 3589 1220 3644 synagoga
1256 3576 1550 3643 appellatur
1578 3593 1591 3631 :
1620 3586 1673 3632 et
1701 3592 1859 3645 peco-

273 3681 392 3720 rum
419 3675 473 3720 et
502 3664 775 3719 hominum
804 3673 976 3733 potest
1009 3665 1112 3720 dici
1146 3668 1517 3736 congregatio;
1545 3683 1649 3722 non
1676 3677 1855 3724 autem

272 3759 362 3814 hic
402 3773 648 3826 pecorum
684 3758 1023 3827 congregatio
1058 3767 1173 3822 est,
1202 3758 1412 3827 quando
1446 3759 1741 3814 audivimus
1777 3759 1856 3814 in-

273 3850 564 3904 tellectum.
605 3848 737 3904 Nam
779 3848 937 3903 homo
977 3863 1099 3902 cum
1142 3849 1192 3903 in
1229 3864 1288 3903 se
1325 3849 1618 3919 neglexerit
1653 3850 1858 3908 intelle-

269 3951 414 3994 ctum
447 3939 500 3992 in
528 3939 728 3992 honore
754 3939 975 4007 positus,
1003 3937 1129 4005 quid
1154 3937 1220 3992 de
1246 3938 1339 3992 illo
1367 3939 1563 3992 dictum
1587 3949 1669 3995 est
1693 3939 1855 3999 audi:

272 4031 440 4086 IIonto
469 4031 522 4082 in
551 4029 738 4082 honore
776 4029 965 4100 positus
993 4046 1094 4084 non
1130 4031 1371 4084 intellexit
1394 4048 1413 4096 ,°
1440 4043 1756 4101 comparatus
1783 4043 1857 4088 est

263 4121 506 4190 jnmentis
528 4119 810 4181 insensatis,
833 4127 877 4172 et
892 4118 1070 4172 similis
1087 4121 1250 4190 [actus
1269 4130 1341 4172 est
1361 4122 1462 4174 illis
1479 4119 1652 4192 (Psal.
1673 4140 1852 4192 vaut,

274 4213 384 4281 15).
411 4210 544 4278 Quia
571 4225 698 4281 ergo
725 4225 830 4264 non
862 4220 946 4265 est
974 4227 1221 4279 pecorum
1251 4215 1608 4283 congregatio,
1639 4232 1739 4272 nec
1765 4219 1854 4272 diu

267 4305 638 4360 disserendum
662 4314 765 4368 est,
791 4320 889 4359 nec
908 4304 1209 4376 diligentius
1229 4310 1736 4382 commendandum;
1761 4313 1853 4366 sed

265 4398 388 4466 quia
431 4395 702 4450 hominum
732 4405 842 4462 est,
873 4413 1096 4467 quorum
1139 4398 1412 4453 hominum
1453 4401 1522 4455 sit
1559 4403 1660 4456 hoc
1687 4403 1854 4458 debe-

268 4472 390 4541 mus
419 4488 735 4558 intelligere.
768 4487 880 4541 Non
912 4491 1093 4557 utique
1116 4505 1300 4543 eorum
1327 4491 1599 4546 hominum
1628 4503 1731 4559 est,
1762 4495 1850 4563 qui

266 4579 319 4632 in
350 4578 554 4633 honore
581 4577 737 4647 positi
764 4594 866 4632 non
897 4578 1272 4648 intelligentes,
1300 4583 1593 4651 comparati
1622 4595 1744 4638 sunt
1764 4586 1852 4654 ju-

266 4670 460 4722 mentis
484 4667 782 4730 insensatis,
809 4676 863 4722 et
884 4668 1085 4722 similes
1109 4668 1230 4722 facti
1256 4680 1379 4723 sunt
1401 4671 1513 4733 eis;
1544 4673 1636 4726 sed
1665 4689 1851 4730 eorum

263 4760 356 4828 qui
402 4758 718 4828 intelligunt.
754 4757 1058 4813 Praescribit
1097 4760 1236 4812 enim
1277 4759 1378 4814 hoc
1407 4762 1590 4816 titulus
1619 4763 1849 4831 Psalmi,

261 4854 449 4907 dicens
477 4868 491 4906 :
527 4849 816 4907 Intellectus
842 4849 1041 4922 Asaplt.
1085 4851 1425 4921 lntelligens‘
1451 4868 1578 4922 ergo
1606 4855 1849 4922 qumdant

262 4943 606 5011 congregatio
627 4950 726 5007 est,
753 4941 904 5010 cujus
924 4956 1109 4996 vocem
1131 4942 1356 4996 audituri
1383 4958 1582 4997 sumus.
1607 4945 1710 4998 Sed
1729 4962 1851 5012 quo-

265 5037 408 5088 niam
456 5035 664 5104 pmprie
705 5036 980 5104 Synagoga
1013 5034 1150 5088 dicta
1170 5038 1264 5087 ‘cst
1294 5037 1634 5105 congregatio
1671 5039 1846 5105 populi

265 5125 447 5188 Israel,
479 5126 546 5178 ita
574 5135 631 5180 ιιι
661 5125 976 5193 ubicumque
1006 5124 1326 5178 audierimus
1356 5125 1708 5194 Synagogam,
1741 5143 1844 5180 non

259 5215 368 5284 jam
413 5217 679 5269 soleamus
723 5216 1016 5282 intelligere
1060 5215 1158 5268 nisi
1199 5215 1449 5283 populqu
1499 5214 1845 5278 Judmorum;

266 5307 539 5362 videamus
569 5322 634 5361 ne
673 5306 810 5360 forte
850 5305 1017 5375 ipsius
1047 5319 1148 5357 vox
1180 5305 1248 5357 sit
1278 5306 1328 5358 in
1360 5306 1459 5358 isto
1489 5304 1710 5374 psalmo.
1740 5306 1846 5361 Sed

327 5486 347 5556 ξ
379 5485 676 5556 εἱς-Μεεεβι
697 5481 829 5556 ιλιι..
854 5488 905 5556 e_t_
916 5479 1063 5556 saties
1085 5487 1131 5556 te
1160 5495 1269 5556 cunt
1286 5481 1574 5533 amatoribus
1598 5487 1722 5556 eius.

327 5548 348 5577 ³
382 5545 514 5610 ζόα..
547 5545 752 5594 attende.
781 5551 835 5610 At
872 5550 996 5598 1155.,
1018 5544 1159 5610 tende
1180 5557 1198 5593 .'
1225 5542 1485 5606 pluresque
1512 5557 1576 5594 ex
1612 5542 1671 5595 iis
1706 5546 1848 5610 paulo

260 5613 373 5674 post
394 5606 736 5674 habent,__rape
761 5603 824 5652 ad
851 5617 997 5674 iurum
1013 5610 1060 5674 et
1072 5605 1154 5674 fac
1176 5603 1340 5655 unum.

329 5669 347 5699 ³
385 5668 557 5728 tit-gius
595 5664 735 5722 liber,
776 5665 972 5714 ardore.
999 5664 1083 5714 Alii
1122 5674 1223 5715 Mss.
1264 5680 1372 5715 cum
1405 5666 1538 5728 ιλιι,
1563 5665 1714 5720 odore
1742 5679 1844 5720 :an

261 5729 387 5780 forte
414 5743 513 5790 pro,
534 5730 723 5777 sudore.

325 5791 347 5820 ι
380 5784 450 5838 sic
471 5791 650 5854 aliquot
685 5799 786 5840 διες.
815 5784 898 5835 Alii
925 5801 1033 5836 cum
1057 5787 1188 5844 Edd.,
1214 5786 1492 5839 intellectus.

1353 373 1749 430 ENARRATlO
1789 374 1854 429 ΙΝ
1895 375 2212 434 PSALMUM
2259 381 2492 439 LXXIII.

3457 404 3563 461 950

1974 488 2212 554 qualium
2236 490 2562 558 Iudaeorum,
2585 506 2639 550 et
2658 500 2828 567 qualis
2850 503 3027 571 populi
3052 505 3252 560 lsracl‘l
3275 507 3389 564 Non
3415 515 3559 568 enim

1979 581 2162 646 paleae.
2193 583 2285 636 sed
2317 584 2450 637 forte
2480 588 2724 643 frtnnenti
2758 592 2966 662 (Matth.
2998 611 3074 660 ιιι,
3105 598 3222 664 12);
3254 617 3356 653 non
3384 618 3561 657 ramo-

1973 683 2090 720 rum
2127 670 2410 725 fractorum
2443 673 2630 745 (liam.
2662 694 2735 743 xl,
2767 682 2829 734 l7
2849 685 2889 751 ),
2919 684 3011 737 sed
3049 685 3183 740 forte
3210 690 3558 749 confirmato-

1973 773 2110 814 rum.
2140 759 2260 812 Non
2289 764 2420 815 enim
2447 782 2617 818 omnes
2641 769 2728 834 qui
2751 782 2865 823 sunt
2891 789 2951 823 ea:
2971 774 3152 840 Israel,
3180 779 3232 830 lii
3251 793 3366 832 sunt
3389 782 3560 837 Israec

1973 847 2077 900 lita:
2096 866 2114 914 ;
2135 852 2223 902 sed
2248 852 2298 903 in
2327 852 2494 916 Isaac,
2526 856 2714 925 inquit,
2744 862 2997 915 vocabitur
3017 867 3103 918 tibi
3121 885 3285 924 semen
3307 887 3326 925 :
3348 873 3440 925 hoc
3459 887 3554 937 est,

1971 957 2070 993 non
2097 943 2148 993 hi
2173 945 2260 1013 qui
2285 946 2380 1011 ﬁlii
2409 950 2596 1011 carnis,
2626 951 2677 1002 hi
2706 951 2801 1020 ﬁlii
2833 953 2962 1016 Dei;
2984 957 3071 1008 sed
3093 961 3186 1024 ﬁlii
3212 967 3556 1026 promissionis

1969 1031 2275 1099 deputantur
2300 1035 2351 1088 in
2385 1040 2572 1091 semine
2601 1040 2708 1110 (Id.
2740 1057 2814 1109 ιιι,
2845 1044 2986 1116 6-8).
3024 1046 3158 1102 Sunt
3179 1067 3305 1120 ergo
3334 1057 3553 1124 quidam

1971 1121 2242 1187 Israelita),
2271 1142 2334 1181 ex
2358 1130 2549 1197 quibus
2573 1142 2686 1186 erat
2713 1133 2802 1188 ille
2823 1135 2889 1190 de
2915 1154 3022 1206 quo
3048 1139 3247 1197 dictum
3277 1121 3366 1199 est
3386 1165 3398 1199 :
3427 1149 3557 1203 Ecce

1967 1226 2080 1266 vere
2105 1213 2372 1282 Israelita,
2409 1220 2460 1271 in
2488 1236 2585 1288 quo
2614 1221 2761 1277 dolus
2790 1242 2890 1278 non
2920 1237 2992 1280 est
3021 1227 3201 1299 (Joan.
3231 1248 3267 1300 l,
3299 1236 3410 1306 47).
3437 1238 3555 1294 Non

1968 1307 2259 1363 secundum
2289 1310 2386 1364 hoc
2407 1312 2548 1378 dico,
2575 1315 2716 1382 quod
2739 1326 2792 1370 et
2813 1334 2911 1373 nos
2931 1319 3183 1378 lsraelita:
3205 1341 3406 1390 sumus,
3432 1333 3551 1397 quia

1965 1404 2019 1449 et
2048 1413 2143 1450 nos
2169 1414 2349 1454 semen
2380 1403 2606 1456 Abrahae
2630 1421 2848 1472 smnus;
2871 1409 3130 1466 Gentibus
3152 1417 3347 1485 quippe
3369 1420 3553 1488 loque-

1966 1488 2121 1544 hatnr
2160 1494 2444 1560 Apostolus
2466 1536 2482 1560 ,
2525 1513 2644 1551 cum
2680 1498 2881 1554 diceret
2911 1519 2924 1554 τ
2954 1501 3094 1574 Ergo
3130 1523 3296 1561 semen
3331 1512 3553 1566 Abrahae

1965 1585 2108 1678 estis,
2139 1591 2414 1641 secundum
2457 1593 2834 1658 promissionem
2873 1594 3095 1650 Iueredes
3127 1598 3278 1668 (Gal.
3311 1619 3395 1668 ιιι,
3422 1606 3539 1678 29).

1962 1671 2263 1729 Secundum
2307 1677 2406 1732 hoc
2449 1696 2576 1748 ergo
2618 1697 2805 1736 omnes
2842 1683 3126 1755 Israelitae,
3158 1691 3246 1760 qui
3277 1671 3551 1762 sequimur

1965 1765 2183 1832 vestigia
2214 1767 2334 1821 fidei
2366 1771 2526 1837 patris
2552 1773 2717 1826 nostri
2747 1775 2992 1830 Abrahze.
3025 1779 3128 1834 Sed
3156 1781 3249 1836 illo
3275 1786 3434 1838 modo
3463 1788 3552 1843 hic

1963 1853 2315 1924 intelligamus
2338 1859 2692 1915 Israelitarnm
2719 1865 2928 1932 vocem,
2955 1871 3224 1937 quomodo
3248 1873 3380 1928 dixit
3403 1876 3551 1943 Apo-

1961 1946 2129 1999 stolus
2162 1965 2174 2000 :
2208 1947 2344 2001 Nam
2374 1960 2421 2003 et
2451 1969 2545 2021 ego
2588 1952 2825 2008 Israelita
2855 1973 2968 2011 sum
2994 1975 3057 2013 ea:
3081 1963 3266 2016 semine
3293 1965 3547 2034 Abrahae,

1961 2036 2024 2089 de
2046 2037 2177 2089 tribu
2204 2037 2469 2110 Benjumin
2497 2043 2671 2113 (Rom.
2703 2061 2777 2111 xl,
2807 2048 2885 2114 1).
2917 2049 3014 2104 Hic
3038 2066 3164 2120 ergo
3191 2053 3550 2126 intelligamus

1960 2129 2099 2195 quod
2144 2129 2423 2197 Propheta}
2465 2132 2714 2189 dixerunt
2751 2153 2765 2189 :
2801 2136 3049 2206 Reliquiw
3084 2141 3238 2195 salva:
3273 2145 3394 2210 [ient
3419 2145 3543 2216 (Id.

1963 2233 2034 2279 ιιι,
2063 2219 2177 2289 27).
2210 2220 2572 2292 Reliquiaruni
2603 2225 2783 2295 itaque
2808 2228 3128 2284 salvatarum
3153 2233 3430 2289 audiamus
3460 2238 3549 2292 hic

1961 2323 2182 2370 vocem;
2217 2321 2272 2364 ut
2306 2312 2550 2382 loquatur
2575 2312 2851 2386 Synagoga
2873 2358 2889 2382 ,
2919 2335 3038 2388 qua:
3072 2335 3350 2392 acceperat
3382 2326 3550 2383 Vetus

1961 2398 2386 2468 Tesmmentum,
2415 2414 2470 2458 et
2505 2406 2704 2462 intenta
2745 2418 2858 2463 erat
2895 2409 2946 2464 in
2989 2413 3244 2479 promissa
3275 2419 3547 2485 carnalia;

1961 2500 2013 2542 et
2039 2507 2100 2544 ex
2133 2492 2234 2546 hoc
2262 2492 2456 2548 factum
2485 2506 2569 2551 est
2595 2508 2651 2549 ut
2678 2507 2928 2554 notarent
2956 2502 3002 2554 ei
3031 2503 3212 2570 pedes.
3246 2504 3377 2560 Nam
3408 2519 3456 2562 et
3491 2510 3546 2565 in

1962 2580 2065 2634 alio
2094 2582 2321 2650 quodam
2353 2585 2592 2653 psalmo,
2625 2585 2715 2640 ubi
2743 2589 2901 2642 etiam
2931 2591 3114 2646 titulus
3146 2592 3302 2648 habet
3338 2598 3540 2667 Asaph,

1961 2674 2086 2741 quid
2125 2675 2352 2730 dicitur?
2393 2677 2556 2743 Quam
2594 2677 2754 2732 bonus
2793 2677 2935 2734 Deus
2972 2683 3139 2738 Israel
3178 2688 3324 2743 rectis
3361 2691 3549 2745 corde!

1965 2761 2069 2818 Mei
2092 2777 2258 2822 autem
2282 2785 2408 2839 pene
2435 2770 2558 2825 moti
2582 2781 2701 2826 sunt
2737 2775 2908 2844 pedes.
2936 2776 3004 2830 Et
3027 2777 3175 2845 quasi
3201 2780 3496 2836 diceremus
3528 2800 3544 2837 :

1962 2856 2113 2915 Unde
2141 2860 2232 2913 tibi
2262 2863 2390 2916 moti
2421 2874 2544 2917 sunt
2573 2864 2778 2933 pedes?
2811 2864 2978 2921 Paulo
3007 2869 3199 2933 minus,
3235 2872 3435 2941 inquit,
3466 2877 3546 2943 cf-

1962 2953 2065 3023 fusi
2083 2961 2196 3005 sunt
2215 2970 2413 3022 gressus
2442 2957 2555 3021 mei,
2581 2957 2701 3025 quia
2725 2959 2882 3011 zelavi
2907 2961 2958 3012 in
2986 2964 3343 3029 peccatoribus,
3373 2984 3547 3034 pacein

1961 3054 2277 3111 peccatorum
2320 3048 2540 3101 intuens.
2587 3048 2721 3103 Cum
2766 3051 2908 3105 enim
2953 3054 3243 3108 secundum
3286 3060 3542 3125 promiSsa

1963 3136 2054 3190 Dei
2082 3136 2147 3190 ad
2177 3137 2335 3192 Vetus
2356 3139 2755 3195 Testamentum
2785 3143 3098 3210 pertinentia
3123 3158 3453 3217 exspectaret
3479 3151 3546 3203 l'e-

1961 3224 2215 3280 licitatem
2243 3237 2505 3282 terrenam
2526 3269 2540 3293 ,
2569 3231 2941 3286 animadvertit
2966 3248 3082 3287 eam
3109 3235 3376 3292 abundare
3403 3241 3546 3307 apud

1962 3315 2188 3386 impios;
2220 3320 2269 3372 in
2299 3319 2382 3373 his
2409 3320 2568 3373 rebus
2597 3336 2728 3390 quas
2756 3325 3103 3391 exspectabat
3127 3342 3154 3376 a
3187 3327 3313 3390 Deo,
3346 3331 3549 3397 pollere

1959 3408 2079 3463 illos
2105 3411 2193 3479 qui
2227 3426 2328 3463 non
2358 3411 2598 3466 colerent
2625 3412 2828 3478 Deum;
2860 3425 2912 3470 et
2947 3425 3194 3485 tanquam
3231 3421 3346 3475 sine
3383 3438 3545 3478 causa

1961 3498 2070 3553 Deo
2096 3500 2364 3563 servisset,
2393 3512 2710 3556 nutaverant
2739 3503 2900 3572 pedes
2927 3505 3061 3572 ejus.
3094 3507 3164 3560 lbi
3194 3509 3340 3563 enim
3367 3511 3492 3566 dicit
3525 3530 3542 3566 :

1959 3590 2093 3643 Ecce
2117 3591 2213 3657 ipsi
2250 3608 2560 3659 peccatores,
2591 3602 2642 3646 et
2667 3604 2976 3648 abunaantes
3014 3596 3065 3649 in
3103 3600 3288 3652 steculo
3311 3601 3541 3655 obtinue-

1958 3691 2078 3733 runt
2114 3680 2332 3734 divitias.
2377 3679 2638 3751 Numquid
2679 3683 2730 3736 in
2776 3700 2904 3738 vano
2937 3687 3215 3755 justi/icatn'
3254 3707 3342 3743 cor
3380 3710 3543 3748 meum

1960 3771 2131 3842 (Psal.
2162 3788 2319 3834 Lxxu,
2351 3774 2402 3837 l,
2429 3775 2485 3837 2,
2516 3775 2569 3834 5,
2606 3775 2695 3840 12,
2726 3774 2856 3847 l5)?
2890 3777 3072 3832 Videte
3095 3781 3539 3850 quemadmodum

1959 3863 2117 3933 paulo
2137 3865 2312 3918 minus
2332 3864 2480 3918 elfusi
2509 3875 2629 3919 sunt
2656 3881 2871 3935 gressus
2896 3867 3031 3936 ejus,
3062 3880 3116 3922 ut
3139 3869 3248 3936 jam
3277 3871 3418 3925 dicat
3441 3875 3540 3929 sibi

1956 3952 2132 4006 anima
2165 3971 2177 4006 :
2207 3953 2335 4020 Qme
2364 3954 2585 4015 utilitas,
2615 3955 2737 4022 quia
2769 3958 2941 4009 servio
2969 3957 3118 4012 Deo?
3147 3959 3282 4015 Ecce
3317 3962 3406 4017 ille
3435 3980 3538 4017 non

1957 4047 2156 4104 servit,
2197 4055 2248 4097 et
2281 4043 2404 4097 felix
2437 4055 2548 4107 est;
2581 4060 2680 4114 ego
2706 4047 2912 4111 servio,
2943 4056 2996 4101 et
3027 4049 3227 4103 laboro.
3267 4060 3541 4107 t'ostretno

1961 4145 2083 4206 puta
2115 4136 2234 4205 quia
2264 4151 2362 4205 ego
2394 4134 2515 4190 felix
2547 4151 2704 4202 sum;
2736 4138 2948 4207 quando
2981 4150 3034 4193 et
3065 4140 3151 4194 ille
3191 4143 3310 4196 felix
3344 4154 3425 4197 est
3449 4145 3537 4212 qni

1959 4245 2062 4284 non
2106 4230 2301 4294 servit,
2330 4245 2492 4298 quare
2535 4246 2619 4282 me
2662 4240 2837 4298 putem
2881 4231 3000 4284 ideo
3039 4231 3242 4286 felicem
3271 4250 3390 4289 esse
3417 4240 3538 4301 quia

1957 4320 2164 4374 servio?
2187 4319 2274 4372 Ille
2293 4329 2466 4372 autem
2490 4320 2722 4387 pszdinus
2739 4322 2889 4388 cujus
2913 4323 3269 4376 testimonium
3293 4319 3560 4394 produxi;

1959 4410 2208 4480 przccodit
2235 4410 2390 4463 istum
2421 4423 2578 4478 quem
2606 4424 2747 4463 nunc
2773 4409 2824 4463 in
2857 4412 3099 4465 manibus
3129 4412 3403 4468 habemus.

2025 4503 2080 4556 2.
2109 4501 2413 4570 Opportune
2437 4510 2614 4554 autem
2643 4515 2749 4554 non
2766 4517 2834 4555 ex
2865 4512 3064 4564 nostra,
3092 4503 3186 4557 sed
3214 4519 3276 4558 ex
3309 4504 3400 4558 Dei
3427 4506 3542 4560 dis-

1957 4591 2264 4660 pensatione
2290 4590 2484 4644 factum
2514 4598 2615 4653 est,
2643 4600 2699 4644 ut
2742 4590 2901 4644 modo
2941 4591 3246 4647 audiremus
3272 4609 3338 4649 ex
3369 4595 3540 4650 Evari-

1954 4683 2122 4752 gelio.
2157 4681 2286 4748 Quia
2327 4681 2408 4734 lex
2445 4698 2534 4750 per
2562 4681 2774 4751 Moysen
2805 4683 2925 4735 data
2949 4694 3057 4749 est;
3087 4683 3264 4738 Gratia
3290 4699 3334 4738 et
3365 4689 3543 4740 ueritas

1957 4789 2046 4841 per
2071 4773 2246 4824 .lesnm
2277 4772 2528 4824 Christum
2566 4775 2699 4842 facta
2739 4781 2811 4825 est
2839 4772 3032 4844 (Joan.
3063 4791 3099 4840 I,
3142 4776 3269 4844 17).
3304 4775 3359 4830 St
3397 4779 3538 4832 enim

1954 4866 2306 4919 discernimus
2335 4865 2439 4917 duo
2480 4863 2815 4918 Testamenta
2836 4903 2853 4929 ,
2883 4863 3048 4919 Vetus
3074 4876 3126 4919 et
3155 4865 3361 4920 Novum
3385 4909 3400 4932 ,
3434 4884 3538 4923 non

1953 4963 2078 5007 sunt
2101 4954 2285 5008 eadem
2315 4955 2677 5018 Sacramenta,
2701 4969 2797 5007 nec
2821 4954 3006 5008 eadem
3036 4957 3327 5024 promissa;
3354 4958 3539 5011 eadem

1955 5053 2130 5097 tamen
2177 5046 2428 5113 pleraque
2469 5053 2751 5112 praecepta.
2792 5044 2960 5110 Nam,
2997 5045 3117 5098 Non
3162 5049 3386 5114 occides,
3418 5047 3541 5102 Non

1953 5136 2296 5195 mmo/laberis,
2330 5135 2448 5187 Non
2479 5135 2744 5206 furaberis,
2777 5133 2988 5188 Honora
3014 5125 3207 5205 patrem
3236 5151 3279 5191 et
3308 5153 3538 5205 matrem,

1956 5226 2076 5280 Non
2106 5227 2290 5294 falsum
2322 5228 2658 5280 testimonium
2686 5226 2874 5280 dixeris
2893 5267 2908 5290 ,
2941 5225 3061 5279 Non
3091 5230 3409 5294 concupisces
3436 5248 3542 5284 rem

1953 5320 2169 5387 proximi
2189 5319 2279 5380 tui,
2307 5317 2425 5371 Non
2448 5320 2768 5387 concupisces
2787 5334 2994 5371 uxorem
3016 5320 3230 5386 proximi
3253 5321 3323 5372 tui
3345 5320 3538 5391 (Exod.

1953 5425 2019 5465 xx
2039 5451 2054 5476 ,
2090 5409 2250 5464 12-17
2275 5415 2289 5475 )
2310 5451 2324 5474 ,
2352 5420 2405 5462 et
2434 5411 2586 5464 nobis
2615 5420 2933 5478 prmeeptum
2964 5419 3084 5475 est;
3122 5420 3176 5464 et
3212 5411 3447 5480 quisquis
3476 5429 3539 5468 ea

1951 5517 2056 5555 non
2083 5501 2443 5554 obsorvaverit
2464 5540 2476 5562 ,
2506 5499 2677 5554 deviat
2698 5540 2713 5565 ,
2741 5515 2839 5555 nec
2877 5501 3095 5555 omnino
3123 5501 3313 5570 dignus
3341 5511 3424 5556 est
3448 5507 3540 5572 qui

1950 5589 2197 5660 accipere
2220 5591 2236 5620 ¹
2267 5599 2533 5643 mercatur
2562 5601 2793 5643 montem
2823 5599 3065 5644 sanctum
3095 5590 3208 5656 Dei,
3235 5590 3301 5645 de
3331 5606 3434 5661 quo
3458 5595 3541 5646 di-

1949 5689 2095 5740 ctum
2130 5689 2216 5737 est
2246 5696 2260 5733 :
2293 5679 2418 5748 Quis
2447 5682 2687 5737 habitabit
2721 5685 2773 5737 in
2803 5683 3122 5738 tabernaculo
3161 5695 3246 5739 tuo
3263 5698 3284 5750 ;
3311 5695 3398 5739 aut
3425 5691 3540 5756 quis

2011 5805 2025 5833 ι
2052 5799 2160 5850 Duo
2184 5798 2318 5864 Mss,
2337 5797 2612 5851 ascendere.
