  <div class='ocr_page' id='page_1' title='image "/cluster/home/n/w/nwhite01/storage/ocr_20150623/36/umn.319510024773307/475.png"; bbox 0 0 3990 6358; ppageno 0'>
   <div class='ocr_carea' id='block_1_1' title="bbox 489 387 612 460">
    <p class='ocr_par' dir='ltr' id='par_1_1' title="bbox 489 387 612 460">
     <span class='ocr_line' id='line_1_1' title="bbox 489 387 612 460; baseline -0.016 0"><span class='ocrx_word' id='word_1_1' title='bbox 489 387 493 395; x_wconf 77' lang='grc'><em>’</em></span> <span class='ocrx_word' id='word_1_2' title='bbox 514 402 612 460; x_wconf 69' lang='lat' dir='ltr'><strong>sat</strong></span> 
     </span>
    </p>
   </div>
   <div class='ocr_carea' id='block_1_2' title="bbox 511 507 2107 588">
    <p class='ocr_par' dir='ltr' id='par_1_2' title="bbox 511 507 2107 588">
     <span class='ocr_line' id='line_1_2' title="bbox 511 507 2107 588; baseline -0.007 -14"><span class='ocrx_word' id='word_1_3' title='bbox 511 517 779 588; x_wconf 67' lang='lat' dir='ltr'><strong>requiescet</strong></span> <span class='ocrx_word' id='word_1_4' title='bbox 807 514 858 568; x_wconf 82' lang='lat' dir='ltr'><strong>in</strong></span> <span class='ocrx_word' id='word_1_5' title='bbox 886 520 1052 568; x_wconf 79' lang='lat' dir='ltr'><strong>monte</strong></span> <span class='ocrx_word' id='word_1_6' title='bbox 1077 521 1255 567; x_wconf 76' lang='lat' dir='ltr'><strong>sancto</strong></span> <span class='ocrx_word' id='word_1_7' title='bbox 1280 520 1364 565; x_wconf 85' lang='lat' dir='ltr'><strong>tuo</strong></span> <span class='ocrx_word' id='word_1_8' title='bbox 1391 507 1564 575; x_wconf 72' lang='lat' dir='ltr'><strong>(Paul.</strong></span> <span class='ocrx_word' id='word_1_9' title='bbox 1596 524 1711 575; x_wconf 78' lang='lat' dir='ltr'><strong>xrv,</strong></span> <span class='ocrx_word' id='word_1_10' title='bbox 1738 507 1829 579; x_wconf 64' lang='grc' dir='ltr'><strong>ην</strong></span> <span class='ocrx_word' id='word_1_11' title='bbox 1856 508 2107 563; x_wconf 79' lang='lat' dir='ltr'><strong>Innocens</strong></span> 
     </span>
    </p>
   </div>
   <div class='ocr_carea' id='block_1_3' title="bbox 512 598 2108 673">
    <p class='ocr_par' dir='ltr' id='par_1_3' title="bbox 512 598 2108 673">
     <span class='ocr_line' id='line_1_3' title="bbox 512 598 2108 673; baseline -0.005 -10"><span class='ocrx_word' id='word_1_12' title='bbox 512 609 778 673; x_wconf 77' lang='lat' dir='ltr'><strong>manibus,</strong></span> <span class='ocrx_word' id='word_1_13' title='bbox 808 615 855 660; x_wconf 73' lang='lat' dir='ltr'><strong>et</strong></span> <span class='ocrx_word' id='word_1_14' title='bbox 879 612 1070 659; x_wconf 82' lang='lat' dir='ltr'><strong>mundo</strong></span> <span class='ocrx_word' id='word_1_15' title='bbox 1099 602 1285 657; x_wconf 73' lang='lat' dir='ltr'><strong>corde‘</strong></span> <span class='ocrx_word' id='word_1_16' title='bbox 1313 599 1499 673; x_wconf 65' lang='lat' dir='ltr'><strong>(Prol.</strong></span> <span class='ocrx_word' id='word_1_17' title='bbox 1540 616 1668 655; x_wconf 76' lang='lat' dir='ltr'><strong>xxtn</strong></span> <span class='ocrx_word' id='word_1_18' title='bbox 1687 641 1703 665; x_wconf 91' lang='lat'><strong>,</strong></span> <span class='ocrx_word' id='word_1_19' title='bbox 1735 600 1768 655; x_wconf 72' lang='grc'><strong>4</strong></span> <span class='ocrx_word' id='word_1_20' title='bbox 1788 601 1826 667; x_wconf 88' lang='grc'><strong>).</strong></span> <span class='ocrx_word' id='word_1_21' title='bbox 1861 598 2108 655; x_wconf 77' lang='lat' dir='ltr'><strong>Discussa</strong></span> 
     </span>
    </p>
   </div>
   <div class='ocr_carea' id='block_1_4' title="bbox 512 688 2110 768">
    <p class='ocr_par' dir='ltr' id='par_1_4' title="bbox 512 688 2110 768">
     <span class='ocr_line' id='line_1_4' title="bbox 512 688 2110 768; baseline -0.006 -15"><span class='ocrx_word' id='word_1_22' title='bbox 512 714 640 765; x_wconf 68' lang='lat' dir='ltr'><strong>ergo</strong></span> <span class='ocrx_word' id='word_1_23' title='bbox 667 706 950 768; x_wconf 72' lang='lat' dir='ltr'><strong>prmeepta,</strong></span> <span class='ocrx_word' id='word_1_24' title='bbox 978 702 1071 749; x_wconf 89' lang='lat' dir='ltr'><strong>aut</strong></span> <span class='ocrx_word' id='word_1_25' title='bbox 1098 692 1275 748; x_wconf 81' lang='lat' dir='ltr'><strong>omnia</strong></span> <span class='ocrx_word' id='word_1_26' title='bbox 1300 690 1487 755; x_wconf 86' lang='lat' dir='ltr'><strong>eadem</strong></span> <span class='ocrx_word' id='word_1_27' title='bbox 1518 688 1879 755; x_wconf 87' lang='lat' dir='ltr'><strong>inveniuntur,</strong></span> <span class='ocrx_word' id='word_1_28' title='bbox 1905 699 1996 744; x_wconf 90' lang='lat' dir='ltr'><strong>aut</strong></span> <span class='ocrx_word' id='word_1_29' title='bbox 2021 689 2110 744; x_wconf 82' lang='lat' dir='ltr'><strong>vix</strong></span> 
     </span>
    </p>
   </div>
   <div class='ocr_carea' id='block_1_5' title="bbox 512 777 2106 857">
    <p class='ocr_par' dir='ltr' id='par_1_5' title="bbox 512 777 2106 857">
     <span class='ocr_line' id='line_1_5' title="bbox 512 777 2106 857; baseline -0.006 -16"><span class='ocrx_word' id='word_1_30' title='bbox 512 789 689 857; x_wconf 84' lang='lat' dir='ltr'><strong>aliqua</strong></span> <span class='ocrx_word' id='word_1_31' title='bbox 712 786 775 840; x_wconf 88' lang='lat' dir='ltr'><strong>in</strong></span> <span class='ocrx_word' id='word_1_32' title='bbox 814 784 1105 856; x_wconf 81' lang='lat' dir='ltr'><strong>Evangelia</strong></span> <span class='ocrx_word' id='word_1_33' title='bbox 1131 797 1251 852; x_wconf 67' lang='lat' dir='ltr'><strong>qua:</strong></span> <span class='ocrx_word' id='word_1_34' title='bbox 1288 795 1395 835; x_wconf 86' lang='lat' dir='ltr'><strong>non</strong></span> <span class='ocrx_word' id='word_1_35' title='bbox 1432 779 1572 833; x_wconf 88' lang='lat' dir='ltr'><strong>dicta</strong></span> <span class='ocrx_word' id='word_1_36' title='bbox 1611 778 1719 834; x_wconf 88' lang='lat' dir='ltr'><strong>sint</strong></span> <span class='ocrx_word' id='word_1_37' title='bbox 1745 793 1772 831; x_wconf 92' lang='lat' dir='ltr'><strong>a</strong></span> <span class='ocrx_word' id='word_1_38' title='bbox 1804 777 2106 847; x_wconf 84' lang='lat' dir='ltr'><strong>Prophetis.</strong></span> 
     </span>
    </p>
   </div>
   <div class='ocr_carea' id='block_1_6' title="bbox 516 866 2110 946">
    <p class='ocr_par' dir='ltr' id='par_1_6' title="bbox 516 866 2110 946">
     <span class='ocr_line' id='line_1_6' title="bbox 516 866 2110 946; baseline -0.006 -14"><span class='ocrx_word' id='word_1_39' title='bbox 516 878 790 946; x_wconf 71' lang='lat' dir='ltr'><strong>Prmcepta</strong></span> <span class='ocrx_word' id='word_1_40' title='bbox 810 875 1049 937; x_wconf 75' lang='lat' dir='ltr'><strong>eadem;</strong></span> <span class='ocrx_word' id='word_1_41' title='bbox 1084 873 1428 928; x_wconf 74' lang='lat' dir='ltr'><strong>Sacramenta</strong></span> <span class='ocrx_word' id='word_1_42' title='bbox 1459 884 1566 924; x_wconf 86' lang='lat' dir='ltr'><strong>non</strong></span> <span class='ocrx_word' id='word_1_43' title='bbox 1590 866 1778 923; x_wconf 86' lang='lat' dir='ltr'><strong>eadem</strong></span> <span class='ocrx_word' id='word_1_44' title='bbox 1797 908 1814 930; x_wconf 90' lang='lat'><strong>,</strong></span> <span class='ocrx_word' id='word_1_45' title='bbox 1844 866 2110 937; x_wconf 81' lang='lat' dir='ltr'><strong>promissa</strong></span> 
     </span>
    </p>
   </div>
   <div class='ocr_carea' id='block_1_7' title="bbox 516 957 2109 1033">
    <p class='ocr_par' dir='ltr' id='par_1_7' title="bbox 516 957 2109 1033">
     <span class='ocr_line' id='line_1_7' title="bbox 516 957 2109 1033; baseline -0.008 -11"><span class='ocrx_word' id='word_1_46' title='bbox 516 986 623 1023; x_wconf 80' lang='lat' dir='ltr'><strong>non</strong></span> <span class='ocrx_word' id='word_1_47' title='bbox 652 968 862 1023; x_wconf 85' lang='lat' dir='ltr'><strong>eadem.</strong></span> <span class='ocrx_word' id='word_1_48' title='bbox 900 966 1184 1020; x_wconf 79' lang='lat' dir='ltr'><strong>Videamus</strong></span> <span class='ocrx_word' id='word_1_49' title='bbox 1212 976 1376 1033; x_wconf 87' lang='lat' dir='ltr'><strong>quare</strong></span> <span class='ocrx_word' id='word_1_50' title='bbox 1420 970 1679 1028; x_wconf 68' lang='lat' dir='ltr'><strong>prmoepta</strong></span> <span class='ocrx_word' id='word_1_51' title='bbox 1722 957 1908 1013; x_wconf 88' lang='lat' dir='ltr'><strong>eadem</strong></span> <span class='ocrx_word' id='word_1_52' title='bbox 1938 973 1953 1009; x_wconf 88' lang='lat'><strong>:</strong></span> <span class='ocrx_word' id='word_1_53' title='bbox 1983 957 2109 1027; x_wconf 91' lang='lat' dir='ltr'><strong>quia</strong></span> 
     </span>
    </p>
   </div>
   <div class='ocr_carea' id='block_1_8' title="bbox 513 1051 2105 1118">
    <p class='ocr_par' dir='ltr' id='par_1_8' title="bbox 513 1051 2105 1118">
     <span class='ocr_line' id='line_1_8' title="bbox 513 1051 2105 1118; baseline -0.009 -1"><span class='ocrx_word' id='word_1_54' title='bbox 513 1061 807 1118; x_wconf 88' lang='lat' dir='ltr'><strong>secundum</strong></span> <span class='ocrx_word' id='word_1_55' title='bbox 836 1059 949 1113; x_wconf 81' lang='lat' dir='ltr'><strong>lucc</strong></span> <span class='ocrx_word' id='word_1_56' title='bbox 976 1059 1085 1113; x_wconf 90' lang='lat' dir='ltr'><strong>Deo</strong></span> <span class='ocrx_word' id='word_1_57' title='bbox 1104 1054 1604 1115; x_wconf 84' lang='lat' dir='ltr'><strong>serviredebemus.</strong></span> <span class='ocrx_word' id='word_1_58' title='bbox 1632 1051 1972 1107; x_wconf 86' lang='lat' dir='ltr'><strong>Sacramenta</strong></span> <span class='ocrx_word' id='word_1_59' title='bbox 2000 1064 2105 1104; x_wconf 90' lang='lat' dir='ltr'><strong>non</strong></span> 
     </span>
    </p>
   </div>
   <div class='ocr_carea' id='block_1_9' title="bbox 513 1142 2105 1220">
    <p class='ocr_par' dir='ltr' id='par_1_9' title="bbox 513 1142 2105 1220">
     <span class='ocr_line' id='line_1_9' title="bbox 513 1142 2105 1220; baseline -0.007 -14"><span class='ocrx_word' id='word_1_60' title='bbox 513 1153 726 1210; x_wconf 85' lang='lat' dir='ltr'><strong>eadem,</strong></span> <span class='ocrx_word' id='word_1_61' title='bbox 745 1152 872 1220; x_wconf 82' lang='lat' dir='ltr'><strong>&#39;quia</strong></span> <span class='ocrx_word' id='word_1_62' title='bbox 897 1150 999 1203; x_wconf 89' lang='lat' dir='ltr'><strong>alia</strong></span> <span class='ocrx_word' id='word_1_63' title='bbox 1023 1156 1149 1203; x_wconf 90' lang='lat' dir='ltr'><strong>sunt</strong></span> <span class='ocrx_word' id='word_1_64' title='bbox 1166 1145 1508 1205; x_wconf 85' lang='lat' dir='ltr'><strong>Sacramenta</strong></span> <span class='ocrx_word' id='word_1_65' title='bbox 1533 1145 1707 1198; x_wconf 83' lang='lat' dir='ltr'><strong>dantia</strong></span> <span class='ocrx_word' id='word_1_66' title='bbox 1732 1143 1981 1205; x_wconf 69' lang='lat' dir='ltr'><strong>salutem,</strong></span> <span class='ocrx_word' id='word_1_67' title='bbox 2004 1142 2105 1195; x_wconf 91' lang='lat' dir='ltr'><strong>alia</strong></span> 
     </span>
    </p>
   </div>
   <div class='ocr_carea' id='block_1_10' title="bbox 515 1232 2106 1311">
    <p class='ocr_par' dir='ltr' id='par_1_10' title="bbox 515 1232 2106 1311">
     <span class='ocr_line' id='line_1_10' title="bbox 515 1232 2106 1311; baseline -0.003 -19"><span class='ocrx_word' id='word_1_68' title='bbox 515 1240 873 1311; x_wconf 70' lang='lat' dir='ltr'><strong>promittenda</strong></span> <span class='ocrx_word' id='word_1_69' title='bbox 893 1240 1241 1294; x_wconf 85' lang='lat' dir='ltr'><strong>Salvatorem.</strong></span> <span class='ocrx_word' id='word_1_70' title='bbox 1266 1236 1609 1291; x_wconf 89' lang='lat' dir='ltr'><strong>Sacramenta</strong></span> <span class='ocrx_word' id='word_1_71' title='bbox 1630 1233 1762 1288; x_wconf 87' lang='lat' dir='ltr'><strong>Novi</strong></span> <span class='ocrx_word' id='word_1_72' title='bbox 1779 1232 2106 1287; x_wconf 85' lang='lat' dir='ltr'><strong>&#39;l‘estantenti</strong></span> 
     </span>
    </p>
   </div>
   <div class='ocr_carea' id='block_1_11' title="bbox 512 1320 2107 1393">
    <p class='ocr_par' dir='ltr' id='par_1_11' title="bbox 512 1320 2107 1393">
     <span class='ocr_line' id='line_1_11' title="bbox 512 1320 2107 1393; baseline -0.004 -9"><span class='ocrx_word' id='word_1_73' title='bbox 512 1332 639 1384; x_wconf 89' lang='lat' dir='ltr'><strong>dant</strong></span> <span class='ocrx_word' id='word_1_74' title='bbox 665 1331 923 1393; x_wconf 90' lang='lat' dir='ltr'><strong>salutem;</strong></span> <span class='ocrx_word' id='word_1_75' title='bbox 950 1328 1289 1383; x_wconf 82' lang='lat' dir='ltr'><strong>Sacramenta</strong></span> <span class='ocrx_word' id='word_1_76' title='bbox 1314 1325 1526 1381; x_wconf 81' lang='lat' dir='ltr'><strong>Veteris</strong></span> <span class='ocrx_word' id='word_1_77' title='bbox 1552 1320 1876 1379; x_wconf 85' lang='lat' dir='ltr'><strong>Testamenti</strong></span> <span class='ocrx_word' id='word_1_78' title='bbox 1908 1323 2107 1392; x_wconf 78' lang='lat' dir='ltr'><strong>promi-</strong></span> 
     </span>
    </p>
   </div>
   <div class='ocr_carea' id='block_1_12' title="bbox 512 1414 2103 1488">
    <p class='ocr_par' dir='ltr' id='par_1_12' title="bbox 512 1414 2103 1488">
     <span class='ocr_line' id='line_1_12' title="bbox 512 1414 2103 1488; baseline -0.006 -12"><span class='ocrx_word' id='word_1_79' title='bbox 512 1430 698 1476; x_wconf 89' lang='lat' dir='ltr'><strong>serunt</strong></span> <span class='ocrx_word' id='word_1_80' title='bbox 725 1420 1076 1475; x_wconf 77' lang='lat' dir='ltr'><strong>Salvato‘rem.</strong></span> <span class='ocrx_word' id='word_1_81' title='bbox 1107 1416 1243 1472; x_wconf 86' lang='lat' dir='ltr'><strong>Cum</strong></span> <span class='ocrx_word' id='word_1_82' title='bbox 1275 1433 1404 1488; x_wconf 78' lang='lat' dir='ltr'><strong>ergo</strong></span> <span class='ocrx_word' id='word_1_83' title='bbox 1438 1417 1548 1485; x_wconf 85' lang='lat' dir='ltr'><strong>jam</strong></span> <span class='ocrx_word' id='word_1_84' title='bbox 1587 1425 1771 1471; x_wconf 84' lang='lat' dir='ltr'><strong>teneas</strong></span> <span class='ocrx_word' id='word_1_85' title='bbox 1807 1414 2064 1484; x_wconf 87' lang='lat' dir='ltr'><strong>promissa</strong></span> <span class='ocrx_word' id='word_1_86' title='bbox 2086 1454 2103 1480; x_wconf 92' lang='lat'><strong>,</strong></span> 
     </span>
    </p>
   </div>
   <div class='ocr_carea' id='block_1_13' title="bbox 509 1506 2108 1581">
    <p class='ocr_par' dir='ltr' id='par_1_13' title="bbox 509 1506 2108 1581">
     <span class='ocr_line' id='line_1_13' title="bbox 509 1506 2108 1581; baseline -0.004 -16"><span class='ocrx_word' id='word_1_87' title='bbox 509 1511 637 1580; x_wconf 87' lang='lat' dir='ltr'><strong>quid</strong></span> <span class='ocrx_word' id='word_1_88' title='bbox 672 1512 867 1581; x_wconf 73' lang='lat' dir='ltr'><strong>qumris</strong></span> <span class='ocrx_word' id='word_1_89' title='bbox 909 1509 1266 1581; x_wconf 74' lang='lat' dir='ltr'><strong>prominentia</strong></span> <span class='ocrx_word' id='word_1_90' title='bbox 1290 1550 1307 1573; x_wconf 91' lang='lat'><strong>,</strong></span> <span class='ocrx_word' id='word_1_91' title='bbox 1351 1508 1555 1565; x_wconf 82' lang='lat' dir='ltr'><strong>habens</strong></span> <span class='ocrx_word' id='word_1_92' title='bbox 1586 1508 1697 1577; x_wconf 81' lang='lat' dir='ltr'><strong>jam</strong></span> <span class='ocrx_word' id='word_1_93' title='bbox 1736 1506 2108 1562; x_wconf 83' lang='lat' dir='ltr'><strong>Salvatorem?</strong></span> 
     </span>
    </p>
   </div>
   <div class='ocr_carea' id='block_1_14' title="bbox 501 1598 2106 1673">
    <p class='ocr_par' dir='ltr' id='par_1_14' title="bbox 501 1598 2106 1673">
     <span class='ocr_line' id='line_1_14' title="bbox 501 1598 2106 1673; baseline -0.004 -14"><span class='ocrx_word' id='word_1_94' title='bbox 501 1602 625 1659; x_wconf 82' lang='lat' dir='ltr'><strong>Hoc</strong></span> <span class='ocrx_word' id='word_1_95' title='bbox 651 1604 793 1669; x_wconf 84' lang='lat' dir='ltr'><strong>dico,</strong></span> <span class='ocrx_word' id='word_1_96' title='bbox 823 1612 1005 1659; x_wconf 89' lang='lat' dir='ltr'><strong>teneas</strong></span> <span class='ocrx_word' id='word_1_97' title='bbox 1034 1602 1356 1673; x_wconf 81' lang='lat' dir='ltr'><strong>promissa’,</strong></span> <span class='ocrx_word' id='word_1_98' title='bbox 1385 1616 1490 1657; x_wconf 91' lang='lat' dir='ltr'><strong>non</strong></span> <span class='ocrx_word' id='word_1_99' title='bbox 1517 1599 1660 1671; x_wconf 87' lang='lat' dir='ltr'><strong>quod</strong></span> <span class='ocrx_word' id='word_1_100' title='bbox 1694 1598 1805 1668; x_wconf 84' lang='lat' dir='ltr'><strong>jam</strong></span> <span class='ocrx_word' id='word_1_101' title='bbox 1832 1598 2106 1668; x_wconf 85' lang='lat' dir='ltr'><strong>acceperi-</strong></span> 
     </span>
    </p>
   </div>
   <div class='ocr_carea' id='block_1_15' title="bbox 510 1691 2103 1765">
    <p class='ocr_par' dir='ltr' id='par_1_15' title="bbox 510 1691 2103 1765">
     <span class='ocr_line' id='line_1_15' title="bbox 510 1691 2103 1765; baseline -0.003 -14"><span class='ocrx_word' id='word_1_102' title='bbox 510 1711 634 1751; x_wconf 88' lang='lat' dir='ltr'><strong>mus</strong></span> <span class='ocrx_word' id='word_1_103' title='bbox 660 1698 822 1751; x_wconf 85' lang='lat' dir='ltr'><strong>vitam</strong></span> <span class='ocrx_word' id='word_1_104' title='bbox 848 1704 1102 1751; x_wconf 81' lang='lat' dir='ltr'><strong>:cternam</strong></span> <span class='ocrx_word' id='word_1_105' title='bbox 1126 1712 1141 1762; x_wconf 95' lang='lat'><strong>;</strong></span> <span class='ocrx_word' id='word_1_106' title='bbox 1171 1694 1265 1750; x_wconf 89' lang='lat' dir='ltr'><strong>sed</strong></span> <span class='ocrx_word' id='word_1_107' title='bbox 1292 1694 1415 1765; x_wconf 84' lang='lat' dir='ltr'><strong>quia</strong></span> <span class='ocrx_word' id='word_1_108' title='bbox 1448 1693 1558 1763; x_wconf 89' lang='lat' dir='ltr'><strong>jam</strong></span> <span class='ocrx_word' id='word_1_109' title='bbox 1596 1692 1802 1749; x_wconf 82' lang='lat' dir='ltr'><strong>venerit</strong></span> <span class='ocrx_word' id='word_1_110' title='bbox 1830 1691 2103 1758; x_wconf 88' lang='lat' dir='ltr'><strong>Christus,</strong></span> 
     </span>
    </p>
   </div>
   <div class='ocr_carea' id='block_1_16' title="bbox 510 1780 2106 1857">
    <p class='ocr_par' dir='ltr' id='par_1_16' title="bbox 510 1780 2106 1857">
     <span class='ocr_line' id='line_1_16' title="bbox 510 1780 2106 1857; baseline -0.001 -17"><span class='ocrx_word' id='word_1_111' title='bbox 510 1788 599 1856; x_wconf 87' lang='lat' dir='ltr'><strong>qui</strong></span> <span class='ocrx_word' id='word_1_112' title='bbox 638 1802 732 1856; x_wconf 91' lang='lat' dir='ltr'><strong>per</strong></span> <span class='ocrx_word' id='word_1_113' title='bbox 770 1787 1063 1856; x_wconf 81' lang='lat' dir='ltr'><strong>Prophetas</strong></span> <span class='ocrx_word' id='word_1_114' title='bbox 1097 1784 1570 1857; x_wconf 64' lang='lat' dir='ltr'><strong>praruuntiabatur.</strong></span> <span class='ocrx_word' id='word_1_115' title='bbox 1609 1780 1806 1838; x_wconf 77' lang='lat' dir='ltr'><strong>Mutata</strong></span> <span class='ocrx_word' id='word_1_116' title='bbox 1843 1792 1967 1838; x_wconf 88' lang='lat' dir='ltr'><strong>sunt</strong></span> <span class='ocrx_word' id='word_1_117' title='bbox 2003 1782 2106 1839; x_wconf 82' lang='lat' dir='ltr'><strong>Sa-</strong></span> 
     </span>
    </p>
   </div>
   <div class='ocr_carea' id='block_1_17' title="bbox 511 1873 2100 1945">
    <p class='ocr_par' dir='ltr' id='par_1_17' title="bbox 511 1873 2100 1945">
     <span class='ocr_line' id='line_1_17' title="bbox 511 1873 2100 1945; baseline -0.001 -15"><span class='ocrx_word' id='word_1_118' title='bbox 511 1887 819 1942; x_wconf 84' lang='lat' dir='ltr'><strong>cramenta;</strong></span> <span class='ocrx_word' id='word_1_119' title='bbox 850 1877 984 1932; x_wconf 86' lang='lat' dir='ltr'><strong>facta</strong></span> <span class='ocrx_word' id='word_1_120' title='bbox 1014 1883 1142 1933; x_wconf 86' lang='lat' dir='ltr'><strong>sunt</strong></span> <span class='ocrx_word' id='word_1_121' title='bbox 1166 1876 1401 1931; x_wconf 88' lang='lat' dir='ltr'><strong>faciliora</strong></span> <span class='ocrx_word' id='word_1_122' title='bbox 1420 1917 1436 1941; x_wconf 92' lang='lat'><strong>,</strong></span> <span class='ocrx_word' id='word_1_123' title='bbox 1463 1875 1710 1945; x_wconf 82' lang='lat' dir='ltr'><strong>pauciora</strong></span> <span class='ocrx_word' id='word_1_124' title='bbox 1729 1914 1745 1941; x_wconf 92' lang='lat'><strong>,</strong></span> <span class='ocrx_word' id='word_1_125' title='bbox 1775 1873 2100 1939; x_wconf 83' lang='lat' dir='ltr'><strong>salubriora,</strong></span> 
     </span>
    </p>
   </div>
   <div class='ocr_carea' id='block_1_18' title="bbox 511 1963 2104 2040">
    <p class='ocr_par' dir='ltr' id='par_1_18' title="bbox 511 1963 2104 2040">
     <span class='ocr_line' id='line_1_18' title="bbox 511 1963 2104 2040; baseline -0.001 -18"><span class='ocrx_word' id='word_1_126' title='bbox 511 1965 790 2022; x_wconf 67' lang='lat' dir='ltr'><strong>feliciora:</strong></span> <span class='ocrx_word' id='word_1_127' title='bbox 802 1965 1068 2021; x_wconf 87' lang='lat' dir='ltr'><strong>Promissa</strong></span> <span class='ocrx_word' id='word_1_128' title='bbox 1095 1981 1260 2035; x_wconf 88' lang='lat' dir='ltr'><strong>quare</strong></span> <span class='ocrx_word' id='word_1_129' title='bbox 1292 1980 1399 2020; x_wconf 88' lang='lat' dir='ltr'><strong>non</strong></span> <span class='ocrx_word' id='word_1_130' title='bbox 1426 1963 1653 2021; x_wconf 76' lang='lat' dir='ltr'><strong>eadem?</strong></span> <span class='ocrx_word' id='word_1_131' title='bbox 1680 1964 1813 2034; x_wconf 85' lang='lat' dir='ltr'><strong>Quia</strong></span> <span class='ocrx_word' id='word_1_132' title='bbox 1845 1964 2104 2040; x_wconf 86' lang='lat' dir='ltr'><strong>promissa</strong></span> 
     </span>
    </p>
   </div>
   <div class='ocr_carea' id='block_1_19' title="bbox 510 2054 2104 2127">
    <p class='ocr_par' dir='ltr' id='par_1_19' title="bbox 510 2054 2104 2127">
     <span class='ocr_line' id='line_1_19' title="bbox 510 2054 2104 2127; baseline -0.001 -14"><span class='ocrx_word' id='word_1_133' title='bbox 510 2066 596 2113; x_wconf 88' lang='lat' dir='ltr'><strong>est</strong></span> <span class='ocrx_word' id='word_1_134' title='bbox 621 2067 761 2113; x_wconf 88' lang='lat' dir='ltr'><strong>terra</strong></span> <span class='ocrx_word' id='word_1_135' title='bbox 787 2057 1039 2113; x_wconf 80' lang='lat' dir='ltr'><strong>Chanaan</strong></span> <span class='ocrx_word' id='word_1_136' title='bbox 1060 2099 1077 2125; x_wconf 92' lang='lat'><strong>,</strong></span> <span class='ocrx_word' id='word_1_137' title='bbox 1108 2068 1248 2113; x_wconf 88' lang='lat' dir='ltr'><strong>terra</strong></span> <span class='ocrx_word' id='word_1_138' title='bbox 1271 2058 1487 2127; x_wconf 89' lang='lat' dir='ltr'><strong>copiosa</strong></span> <span class='ocrx_word' id='word_1_139' title='bbox 1505 2099 1523 2126; x_wconf 90' lang='lat'><strong>,</strong></span> <span class='ocrx_word' id='word_1_140' title='bbox 1550 2056 1817 2117; x_wconf 83' lang='lat' dir='ltr'><strong>fructuote</strong></span> <span class='ocrx_word' id='word_1_141' title='bbox 1834 2096 1849 2123; x_wconf 91' lang='lat'><strong>,</strong></span> <span class='ocrx_word' id='word_1_142' title='bbox 1879 2054 2104 2112; x_wconf 80' lang='lat' dir='ltr'><strong>afﬂuens</strong></span> 
     </span>
    </p>
   </div>
   <div class='ocr_carea' id='block_1_20' title="bbox 512 2145 2103 2219">
    <p class='ocr_par' dir='ltr' id='par_1_20' title="bbox 512 2145 2103 2219">
     <span class='ocr_line' id='line_1_20' title="bbox 512 2145 2103 2219; baseline -0.003 -16"><span class='ocrx_word' id='word_1_143' title='bbox 512 2148 653 2204; x_wconf 87' lang='lat' dir='ltr'><strong>lacte</strong></span> <span class='ocrx_word' id='word_1_144' title='bbox 684 2158 740 2203; x_wconf 91' lang='lat' dir='ltr'><strong>et</strong></span> <span class='ocrx_word' id='word_1_145' title='bbox 768 2148 964 2213; x_wconf 85' lang='lat' dir='ltr'><strong>melle;</strong></span> <span class='ocrx_word' id='word_1_146' title='bbox 996 2148 1317 2217; x_wconf 84' lang='lat' dir='ltr'><strong>promissum</strong></span> <span class='ocrx_word' id='word_1_147' title='bbox 1357 2162 1581 2218; x_wconf 88' lang='lat' dir='ltr'><strong>regnum</strong></span> <span class='ocrx_word' id='word_1_148' title='bbox 1623 2145 1945 2219; x_wconf 85' lang='lat' dir='ltr'><strong>temporale,</strong></span> <span class='ocrx_word' id='word_1_149' title='bbox 1973 2160 2103 2218; x_wconf 86' lang='lat' dir='ltr'><strong>pro-</strong></span> 
     </span>
    </p>
   </div>
   <div class='ocr_carea' id='block_1_21' title="bbox 510 2235 2099 2309">
    <p class='ocr_par' dir='ltr' id='par_1_21' title="bbox 510 2235 2099 2309">
     <span class='ocr_line' id='line_1_21' title="bbox 510 2235 2099 2309; baseline -0.003 -14"><span class='ocrx_word' id='word_1_150' title='bbox 510 2243 673 2295; x_wconf 90' lang='lat' dir='ltr'><strong>missa</strong></span> <span class='ocrx_word' id='word_1_151' title='bbox 704 2239 927 2296; x_wconf 87' lang='lat' dir='ltr'><strong>felicitas</strong></span> <span class='ocrx_word' id='word_1_152' title='bbox 956 2238 1136 2295; x_wconf 58' lang='lat' dir='ltr'><strong>saeculi</strong></span> <span class='ocrx_word' id='word_1_153' title='bbox 1158 2281 1175 2307; x_wconf 92' lang='lat'><strong>,</strong></span> <span class='ocrx_word' id='word_1_154' title='bbox 1208 2238 1469 2309; x_wconf 83' lang='lat' dir='ltr'><strong>promissa</strong></span> <span class='ocrx_word' id='word_1_155' title='bbox 1504 2236 1797 2294; x_wconf 80' lang='lat' dir='ltr'><strong>fecunditas</strong></span> <span class='ocrx_word' id='word_1_156' title='bbox 1835 2235 2062 2294; x_wconf 85' lang='lat' dir='ltr'><strong>filiorum</strong></span> <span class='ocrx_word' id='word_1_157' title='bbox 2082 2278 2099 2304; x_wconf 94' lang='lat'><strong>,</strong></span> 
     </span>
    </p>
   </div>
   <div class='ocr_carea' id='block_1_22' title="bbox 510 2325 2103 2401">
    <p class='ocr_par' dir='ltr' id='par_1_22' title="bbox 510 2325 2103 2401">
     <span class='ocr_line' id='line_1_22' title="bbox 510 2325 2103 2401; baseline 0 -18"><span class='ocrx_word' id='word_1_158' title='bbox 510 2330 769 2401; x_wconf 87' lang='lat' dir='ltr'><strong>promissa</strong></span> <span class='ocrx_word' id='word_1_159' title='bbox 810 2330 1073 2399; x_wconf 76' lang='lat' dir='ltr'><strong>subjeCtio</strong></span> <span class='ocrx_word' id='word_1_160' title='bbox 1113 2330 1448 2385; x_wconf 88' lang='lat' dir='ltr'><strong>inimicorum</strong></span> <span class='ocrx_word' id='word_1_161' title='bbox 1477 2327 1683 2400; x_wconf 68' lang='lat' dir='ltr'><strong>(Exod.</strong></span> <span class='ocrx_word' id='word_1_162' title='bbox 1722 2343 1815 2393; x_wconf 83' lang='lat' dir='ltr'><strong>tu,</strong></span> <span class='ocrx_word' id='word_1_163' title='bbox 1842 2328 1908 2398; x_wconf 86' lang='lat'><strong>8)</strong></span> <span class='ocrx_word' id='word_1_164' title='bbox 1942 2345 1956 2382; x_wconf 88' lang='lat'><strong>:</strong></span> <span class='ocrx_word' id='word_1_165' title='bbox 1986 2325 2103 2383; x_wconf 73' lang='lat' dir='ltr'><strong>hare</strong></span> 
     </span>
    </p>
   </div>
   <div class='ocr_carea' id='block_1_23' title="bbox 508 2417 2102 2496">
    <p class='ocr_par' dir='ltr' id='par_1_23' title="bbox 508 2417 2102 2496">
     <span class='ocr_line' id='line_1_23' title="bbox 508 2417 2102 2496; baseline 0.001 -21"><span class='ocrx_word' id='word_1_166' title='bbox 508 2424 686 2476; x_wconf 81' lang='lat' dir='ltr'><strong>ontnia</strong></span> <span class='ocrx_word' id='word_1_167' title='bbox 717 2420 783 2487; x_wconf 82' lang='lat' dir='ltr'><strong>ad</strong></span> <span class='ocrx_word' id='word_1_168' title='bbox 814 2432 1081 2477; x_wconf 86' lang='lat' dir='ltr'><strong>terrenam</strong></span> <span class='ocrx_word' id='word_1_169' title='bbox 1121 2421 1425 2476; x_wconf 85' lang='lat' dir='ltr'><strong>felicitatem</strong></span> <span class='ocrx_word' id='word_1_170' title='bbox 1468 2421 1755 2491; x_wconf 83' lang='lat' dir='ltr'><strong>pertinent.</strong></span> <span class='ocrx_word' id='word_1_171' title='bbox 1793 2417 1897 2496; x_wconf 76' lang='lat' dir='ltr'><strong>Sed</strong></span> <span class='ocrx_word' id='word_1_172' title='bbox 1935 2434 2102 2490; x_wconf 89' lang='lat' dir='ltr'><strong>quare</strong></span> 
     </span>
    </p>
   </div>
   <div class='ocr_carea' id='block_1_24' title="bbox 506 2509 2103 2583">
    <p class='ocr_par' dir='ltr' id='par_1_24' title="bbox 506 2509 2103 2583">
     <span class='ocr_line' id='line_1_24' title="bbox 506 2509 2103 2583; baseline -0.001 -16"><span class='ocrx_word' id='word_1_173' title='bbox 506 2512 620 2583; x_wconf 88' lang='lat' dir='ltr'><strong>ipsa</strong></span> <span class='ocrx_word' id='word_1_174' title='bbox 644 2512 816 2583; x_wconf 91' lang='lat' dir='ltr'><strong>primo</strong></span> <span class='ocrx_word' id='word_1_175' title='bbox 837 2512 1070 2583; x_wconf 81' lang='lat' dir='ltr'><strong>promitti</strong></span> <span class='ocrx_word' id='word_1_176' title='bbox 1093 2512 1407 2582; x_wconf 75' lang='lat' dir='ltr'><strong>oportebat?</strong></span> <span class='ocrx_word' id='word_1_177' title='bbox 1425 2509 1559 2579; x_wconf 83' lang='lat' dir='ltr'><strong>Quia</strong></span> <span class='ocrx_word' id='word_1_178' title='bbox 1587 2529 1606 2563; x_wconf 72' lang='grc' dir='ltr'>ι</span> <span class='ocrx_word' id='word_1_179' title='bbox 1637 2526 1739 2565; x_wconf 90' lang='lat' dir='ltr'><strong>non</strong></span> <span class='ocrx_word' id='word_1_180' title='bbox 1768 2513 1939 2581; x_wconf 90' lang='lat' dir='ltr'><strong>primo</strong></span> <span class='ocrx_word' id='word_1_181' title='bbox 1959 2509 2103 2583; x_wconf 87' lang='lat' dir='ltr'><strong>quod</strong></span> 
     </span>
    </p>
   </div>
   <div class='ocr_carea' id='block_1_25' title="bbox 506 2602 2094 2676">
    <p class='ocr_par' dir='ltr' id='par_1_25' title="bbox 506 2602 2094 2676">
     <span class='ocr_line' id='line_1_25' title="bbox 506 2602 2094 2676; baseline 0.001 -20"><span class='ocrx_word' id='word_1_182' title='bbox 506 2604 783 2674; x_wconf 77' lang='lat' dir='ltr'><strong>apiritnale</strong></span> <span class='ocrx_word' id='word_1_183' title='bbox 817 2613 935 2670; x_wconf 89' lang='lat' dir='ltr'><strong>est,</strong></span> <span class='ocrx_word' id='word_1_184' title='bbox 965 2602 1058 2659; x_wconf 89' lang='lat' dir='ltr'><strong>sed</strong></span> <span class='ocrx_word' id='word_1_185' title='bbox 1096 2602 1241 2673; x_wconf 85' lang='lat' dir='ltr'><strong>quod</strong></span> <span class='ocrx_word' id='word_1_186' title='bbox 1279 2603 1544 2671; x_wconf 79' lang='lat' dir='ltr'><strong>animale;</strong></span> <span class='ocrx_word' id='word_1_187' title='bbox 1585 2613 1805 2676; x_wconf 81' lang='lat' dir='ltr'><strong>postea,</strong></span> <span class='ocrx_word' id='word_1_188' title='bbox 1844 2620 1864 2655; x_wconf 72' lang='grc' dir='ltr'><strong>ι</strong></span> <span class='ocrx_word' id='word_1_189' title='bbox 1896 2603 2094 2674; x_wconf 87' lang='lat' dir='ltr'><strong>inquit,</strong></span> 
     </span>
    </p>
   </div>
   <div class='ocr_carea' id='block_1_26' title="bbox 513 2695 2099 2765">
    <p class='ocr_par' dir='ltr' id='par_1_26' title="bbox 513 2695 2099 2765">
     <span class='ocr_line' id='line_1_26' title="bbox 513 2695 2099 2765; baseline 0.002 -18"><span class='ocrx_word' id='word_1_190' title='bbox 513 2714 532 2747; x_wconf 79' lang='grc' dir='ltr'>ι</span> <span class='ocrx_word' id='word_1_191' title='bbox 566 2695 864 2765; x_wconf 85' lang='lat' dir='ltr'><strong>spirituale.</strong></span> <span class='ocrx_word' id='word_1_192' title='bbox 895 2695 1106 2752; x_wconf 86' lang='lat' dir='ltr'><strong>Primus</strong></span> <span class='ocrx_word' id='word_1_193' title='bbox 1139 2699 1300 2751; x_wconf 88' lang='lat' dir='ltr'><strong>homo</strong></span> <span class='ocrx_word' id='word_1_194' title='bbox 1325 2695 1393 2753; x_wconf 88' lang='lat' dir='ltr'><strong>de</strong></span> <span class='ocrx_word' id='word_1_195' title='bbox 1422 2703 1560 2753; x_wconf 90' lang='lat' dir='ltr'><strong>terra</strong></span> <span class='ocrx_word' id='word_1_196' title='bbox 1591 2704 1873 2765; x_wconf 87' lang='lat' dir='ltr'><strong>terrenus;</strong></span> <span class='ocrx_word' id='word_1_197' title='bbox 1903 2709 2099 2751; x_wconf 82' lang='lat' dir='ltr'><strong>secun-</strong></span> 
     </span>
    </p>
   </div>
   <div class='ocr_carea' id='block_1_27' title="bbox 504 2784 2102 2859">
    <p class='ocr_par' dir='ltr' id='par_1_27' title="bbox 504 2784 2102 2859">
     <span class='ocr_line' id='line_1_27' title="bbox 504 2784 2102 2859; baseline -0.001 -18"><span class='ocrx_word' id='word_1_198' title='bbox 504 2786 608 2842; x_wconf 86' lang='lat' dir='ltr'><strong>dus</strong></span> <span class='ocrx_word' id='word_1_199' title='bbox 636 2785 799 2841; x_wconf 89' lang='lat' dir='ltr'><strong>homo</strong></span> <span class='ocrx_word' id='word_1_200' title='bbox 823 2785 894 2843; x_wconf 90' lang='lat' dir='ltr'><strong>de</strong></span> <span class='ocrx_word' id='word_1_201' title='bbox 921 2786 1059 2844; x_wconf 74' lang='lat' dir='ltr'><strong>cmlo</strong></span> <span class='ocrx_word' id='word_1_202' title='bbox 1084 2786 1321 2844; x_wconf 78' lang='lat' dir='ltr'><strong>cteles‘tis</strong></span> <span class='ocrx_word' id='word_1_203' title='bbox 1348 2803 1363 2841; x_wconf 89' lang='lat'><strong>:</strong></span> <span class='ocrx_word' id='word_1_204' title='bbox 1392 2785 1562 2859; x_wconf 86' lang='lat' dir='ltr'><strong>qualis</strong></span> <span class='ocrx_word' id='word_1_205' title='bbox 1586 2794 1854 2854; x_wconf 88' lang='lat' dir='ltr'><strong>terrenus,</strong></span> <span class='ocrx_word' id='word_1_206' title='bbox 1883 2784 2016 2842; x_wconf 87' lang='lat' dir='ltr'><strong>tales</strong></span> <span class='ocrx_word' id='word_1_207' title='bbox 2044 2793 2102 2843; x_wconf 90' lang='lat' dir='ltr'><strong>et</strong></span> 
     </span>
    </p>
   </div>
   <div class='ocr_carea' id='block_1_28' title="bbox 506 2875 2100 2951">
    <p class='ocr_par' dir='ltr' id='par_1_28' title="bbox 506 2875 2100 2951">
     <span class='ocr_line' id='line_1_28' title="bbox 506 2875 2100 2951; baseline -0.003 -16"><span class='ocrx_word' id='word_1_208' title='bbox 506 2878 737 2943; x_wconf 88' lang='lat' dir='ltr'><strong>terreni;</strong></span> <span class='ocrx_word' id='word_1_209' title='bbox 772 2886 828 2934; x_wconf 89' lang='lat' dir='ltr'><strong>et</strong></span> <span class='ocrx_word' id='word_1_210' title='bbox 862 2876 1036 2951; x_wconf 84' lang='lat' dir='ltr'><strong>qualis</strong></span> <span class='ocrx_word' id='word_1_211' title='bbox 1075 2876 1346 2941; x_wconf 75' lang='lat' dir='ltr'><strong>caelestis,</strong></span> <span class='ocrx_word' id='word_1_212' title='bbox 1380 2876 1514 2933; x_wconf 87' lang='lat' dir='ltr'><strong>tales</strong></span> <span class='ocrx_word' id='word_1_213' title='bbox 1551 2884 1605 2933; x_wconf 90' lang='lat' dir='ltr'><strong>et</strong></span> <span class='ocrx_word' id='word_1_214' title='bbox 1641 2876 1907 2933; x_wconf 79' lang='lat' dir='ltr'><strong>ctelestes.</strong></span> <span class='ocrx_word' id='word_1_215' title='bbox 1950 2875 2100 2931; x_wconf 89' lang='lat' dir='ltr'><strong>Sicut</strong></span> 
     </span>
    </p>
   </div>
   <div class='ocr_carea' id='block_1_29' title="bbox 504 2967 2095 3043">
    <p class='ocr_par' dir='ltr' id='par_1_29' title="bbox 504 2967 2095 3043">
     <span class='ocr_line' id='line_1_29' title="bbox 504 2967 2095 3043; baseline -0.002 -17"><span class='ocrx_word' id='word_1_216' title='bbox 504 2970 835 3043; x_wconf 79' lang='lat' dir='ltr'><strong>portavimus</strong></span> <span class='ocrx_word' id='word_1_217' title='bbox 863 2969 1145 3042; x_wconf 73' lang='lat' dir='ltr'><strong>imaginem</strong></span> <span class='ocrx_word' id='word_1_218' title='bbox 1173 2970 1408 3035; x_wconf 89' lang='lat' dir='ltr'><strong>terreni,</strong></span> <span class='ocrx_word' id='word_1_219' title='bbox 1435 2977 1709 3039; x_wconf 91' lang='lat' dir='ltr'><strong>portemus</strong></span> <span class='ocrx_word' id='word_1_220' title='bbox 1732 2976 1787 3025; x_wconf 91' lang='lat' dir='ltr'><strong>et</strong></span> <span class='ocrx_word' id='word_1_221' title='bbox 1810 2967 2095 3041; x_wconf 85' lang='lat' dir='ltr'><strong>imaginem</strong></span> 
     </span>
    </p>
   </div>
   <div class='ocr_carea' id='block_1_30' title="bbox 504 3058 2096 3134">
    <p class='ocr_par' dir='ltr' id='par_1_30' title="bbox 504 3058 2096 3134">
     <span class='ocr_line' id='line_1_30' title="bbox 504 3058 2096 3134; baseline -0.001 -15"><span class='ocrx_word' id='word_1_222' title='bbox 504 3062 621 3133; x_wconf 82' lang='lat' dir='ltr'><strong>ejus</strong></span> <span class='ocrx_word' id='word_1_223' title='bbox 646 3061 733 3134; x_wconf 87' lang='lat' dir='ltr'><strong>qui</strong></span> <span class='ocrx_word' id='word_1_224' title='bbox 762 3061 831 3120; x_wconf 88' lang='lat' dir='ltr'><strong>de</strong></span> <span class='ocrx_word' id='word_1_225' title='bbox 857 3060 995 3119; x_wconf 70' lang='lat' dir='ltr'><strong>c0310</strong></span> <span class='ocrx_word' id='word_1_226' title='bbox 1023 3070 1105 3119; x_wconf 85' lang='lat' dir='ltr'><strong>est</strong></span> <span class='ocrx_word' id='word_1_227' title='bbox 1135 3079 1155 3114; x_wconf 72' lang='grc' dir='ltr'><strong>ι</strong></span> <span class='ocrx_word' id='word_1_228' title='bbox 1189 3059 1247 3131; x_wconf 93' lang='lat' dir='ltr'><strong>(l</strong></span> <span class='ocrx_word' id='word_1_229' title='bbox 1276 3059 1394 3117; x_wconf 85' lang='lat' dir='ltr'><strong>Cor.</strong></span> <span class='ocrx_word' id='word_1_230' title='bbox 1427 3077 1517 3128; x_wconf 79' lang='lat' dir='ltr'><strong>xv,</strong></span> <span class='ocrx_word' id='word_1_231' title='bbox 1544 3058 1766 3134; x_wconf 62' lang='grc'><strong>4649).</strong></span> <span class='ocrx_word' id='word_1_232' title='bbox 1796 3060 1878 3116; x_wconf 82' lang='lat' dir='ltr'><strong>Ad</strong></span> <span class='ocrx_word' id='word_1_233' title='bbox 1908 3060 2096 3131; x_wconf 83' lang='lat' dir='ltr'><strong>imagi-</strong></span> 
     </span>
    </p>
   </div>
   <div class='ocr_carea' id='block_1_31' title="bbox 504 3149 2096 3224">
    <p class='ocr_par' dir='ltr' id='par_1_31' title="bbox 504 3149 2096 3224">
     <span class='ocr_line' id='line_1_31' title="bbox 504 3149 2096 3224; baseline -0.001 -16"><span class='ocrx_word' id='word_1_234' title='bbox 504 3167 628 3209; x_wconf 88' lang='lat' dir='ltr'><strong>nem</strong></span> <span class='ocrx_word' id='word_1_235' title='bbox 656 3153 855 3211; x_wconf 88' lang='lat' dir='ltr'><strong>terreni</strong></span> <span class='ocrx_word' id='word_1_236' title='bbox 897 3153 1126 3224; x_wconf 86' lang='lat' dir='ltr'><strong>pertinet</strong></span> <span class='ocrx_word' id='word_1_237' title='bbox 1157 3151 1317 3209; x_wconf 83' lang='lat' dir='ltr'><strong>Vetus</strong></span> <span class='ocrx_word' id='word_1_238' title='bbox 1341 3152 1778 3217; x_wconf 83' lang='lat' dir='ltr'><strong>Testamentum;</strong></span> <span class='ocrx_word' id='word_1_239' title='bbox 1809 3149 1876 3207; x_wconf 89' lang='lat' dir='ltr'><strong>ad</strong></span> <span class='ocrx_word' id='word_1_240' title='bbox 1906 3150 2096 3223; x_wconf 84' lang='lat' dir='ltr'><strong>imagi-</strong></span> 
     </span>
    </p>
   </div>
   <div class='ocr_carea' id='block_1_32' title="bbox 503 3236 2095 3309">
    <p class='ocr_par' dir='ltr' id='par_1_32' title="bbox 503 3236 2095 3309">
     <span class='ocr_line' id='line_1_32' title="bbox 503 3236 2095 3309; baseline 0 -17"><span class='ocrx_word' id='word_1_241' title='bbox 503 3253 628 3293; x_wconf 87' lang='lat' dir='ltr'><strong>nem</strong></span> <span class='ocrx_word' id='word_1_242' title='bbox 652 3237 889 3294; x_wconf 65' lang='lat' dir='ltr'><strong>caelestis</strong></span> <span class='ocrx_word' id='word_1_243' title='bbox 910 3237 1114 3293; x_wconf 82' lang='lat' dir='ltr'><strong>Novum</strong></span> <span class='ocrx_word' id='word_1_244' title='bbox 1141 3237 1561 3294; x_wconf 82' lang='lat' dir='ltr'><strong>Testamentum.</strong></span> <span class='ocrx_word' id='word_1_245' title='bbox 1587 3236 1695 3294; x_wconf 91' lang='lat' dir='ltr'><strong>Sed</strong></span> <span class='ocrx_word' id='word_1_246' title='bbox 1721 3250 1790 3292; x_wconf 91' lang='lat' dir='ltr'><strong>ne</strong></span> <span class='ocrx_word' id='word_1_247' title='bbox 1815 3236 2095 3309; x_wconf 76' lang='lat' dir='ltr'><strong>quisquam</strong></span> 
     </span>
    </p>
   </div>
   <div class='ocr_carea' id='block_1_33' title="bbox 503 3326 2096 3399">
    <p class='ocr_par' dir='ltr' id='par_1_33' title="bbox 503 3326 2096 3399">
     <span class='ocr_line' id='line_1_33' title="bbox 503 3326 2096 3399; baseline 0 -16"><span class='ocrx_word' id='word_1_248' title='bbox 503 3338 716 3399; x_wconf 79' lang='lat' dir='ltr'><strong>putaret</strong></span> <span class='ocrx_word' id='word_1_249' title='bbox 747 3329 817 3384; x_wconf 85' lang='lat' dir='ltr'><strong>ab</strong></span> <span class='ocrx_word' id='word_1_250' title='bbox 855 3328 961 3386; x_wconf 88' lang='lat' dir='ltr'><strong>alio</strong></span> <span class='ocrx_word' id='word_1_251' title='bbox 993 3328 1188 3385; x_wconf 87' lang='lat' dir='ltr'><strong>factum</strong></span> <span class='ocrx_word' id='word_1_252' title='bbox 1224 3342 1348 3386; x_wconf 87' lang='lat' dir='ltr'><strong>esse</strong></span> <span class='ocrx_word' id='word_1_253' title='bbox 1384 3328 1653 3383; x_wconf 82' lang='lat' dir='ltr'><strong>hominem</strong></span> <span class='ocrx_word' id='word_1_254' title='bbox 1693 3337 1997 3394; x_wconf 89' lang='lat' dir='ltr'><strong>terrenum,</strong></span> <span class='ocrx_word' id='word_1_255' title='bbox 2026 3326 2096 3383; x_wconf 83' lang='lat' dir='ltr'><strong>ab</strong></span> 
     </span>
    </p>
   </div>
   <div class='ocr_carea' id='block_1_34' title="bbox 502 3419 2096 3489">
    <p class='ocr_par' dir='ltr' id='par_1_34' title="bbox 502 3419 2096 3489">
     <span class='ocr_line' id='line_1_34' title="bbox 502 3419 2096 3489; baseline -0.001 -14"><span class='ocrx_word' id='word_1_256' title='bbox 502 3422 609 3475; x_wconf 84' lang='lat' dir='ltr'><strong>alio</strong></span> <span class='ocrx_word' id='word_1_257' title='bbox 630 3420 902 3477; x_wconf 73' lang='lat' dir='ltr'><strong>emlestcm</strong></span> <span class='ocrx_word' id='word_1_258' title='bbox 925 3435 941 3485; x_wconf 92' lang='lat'><strong>;</strong></span> <span class='ocrx_word' id='word_1_259' title='bbox 969 3419 1090 3475; x_wconf 91' lang='lat' dir='ltr'><strong>ideo</strong></span> <span class='ocrx_word' id='word_1_260' title='bbox 1114 3420 1258 3475; x_wconf 83' lang='lat' dir='ltr'><strong>Deus</strong></span> <span class='ocrx_word' id='word_1_261' title='bbox 1279 3419 1571 3475; x_wconf 88' lang='lat' dir='ltr'><strong>ostendens</strong></span> <span class='ocrx_word' id='word_1_262' title='bbox 1594 3433 1653 3474; x_wconf 89' lang='lat' dir='ltr'><strong>se</strong></span> <span class='ocrx_word' id='word_1_263' title='bbox 1676 3431 1795 3474; x_wconf 87' lang='lat' dir='ltr'><strong>esse</strong></span> <span class='ocrx_word' id='word_1_264' title='bbox 1818 3419 2096 3489; x_wconf 88' lang='lat' dir='ltr'><strong>utriusque</strong></span> 
     </span>
    </p>
   </div>
   <div class='ocr_carea' id='block_1_35' title="bbox 501 3507 2097 3588">
    <p class='ocr_par' dir='ltr' id='par_1_35' title="bbox 501 3507 2097 3588">
     <span class='ocr_line' id='line_1_35' title="bbox 501 3507 2097 3588; baseline -0.002 -23"><span class='ocrx_word' id='word_1_265' title='bbox 501 3522 821 3577; x_wconf 87' lang='lat' dir='ltr'><strong>creatorem,</strong></span> <span class='ocrx_word' id='word_1_266' title='bbox 846 3511 1005 3588; x_wconf 84' lang='lat' dir='ltr'><strong>etiam</strong></span> <span class='ocrx_word' id='word_1_267' title='bbox 1037 3509 1312 3580; x_wconf 88' lang='lat' dir='ltr'><strong>utriusque</strong></span> <span class='ocrx_word' id='word_1_268' title='bbox 1340 3507 1665 3564; x_wconf 88' lang='lat' dir='ltr'><strong>Testamenti</strong></span> <span class='ocrx_word' id='word_1_269' title='bbox 1694 3522 1755 3563; x_wconf 85' lang='lat' dir='ltr'><strong>se</strong></span> <span class='ocrx_word' id='word_1_270' title='bbox 1783 3520 1904 3563; x_wconf 89' lang='lat' dir='ltr'><strong>esse</strong></span> <span class='ocrx_word' id='word_1_271' title='bbox 1932 3508 2097 3562; x_wconf 88' lang='lat' dir='ltr'><strong>voluit</strong></span> 
     </span>
    </p>
   </div>
   <div class='ocr_carea' id='block_1_36' title="bbox 501 3598 2096 3672">
    <p class='ocr_par' dir='ltr' id='par_1_36' title="bbox 501 3598 2096 3672">
     <span class='ocr_line' id='line_1_36' title="bbox 501 3598 2096 3672; baseline -0.001 -15"><span class='ocrx_word' id='word_1_272' title='bbox 501 3610 810 3666; x_wconf 84' lang='lat' dir='ltr'><strong>auctnrem;</strong></span> <span class='ocrx_word' id='word_1_273' title='bbox 837 3614 896 3657; x_wconf 92' lang='lat' dir='ltr'><strong>ut</strong></span> <span class='ocrx_word' id='word_1_274' title='bbox 921 3611 978 3657; x_wconf 90' lang='lat' dir='ltr'><strong>et</strong></span> <span class='ocrx_word' id='word_1_275' title='bbox 1006 3608 1218 3656; x_wconf 88' lang='lat' dir='ltr'><strong>terrena</strong></span> <span class='ocrx_word' id='word_1_276' title='bbox 1247 3601 1579 3672; x_wconf 87' lang='lat' dir='ltr'><strong>promitteret</strong></span> <span class='ocrx_word' id='word_1_277' title='bbox 1606 3599 1661 3654; x_wconf 88' lang='lat' dir='ltr'><strong>in</strong></span> <span class='ocrx_word' id='word_1_278' title='bbox 1687 3598 1880 3655; x_wconf 84' lang='lat' dir='ltr'><strong>Vetere</strong></span> <span class='ocrx_word' id='word_1_279' title='bbox 1904 3599 2096 3657; x_wconf 86' lang='lat' dir='ltr'><strong>Testa-</strong></span> 
     </span>
    </p>
   </div>
   <div class='ocr_carea' id='block_1_37' title="bbox 503 3690 2093 3763">
    <p class='ocr_par' dir='ltr' id='par_1_37' title="bbox 503 3690 2093 3763">
     <span class='ocr_line' id='line_1_37' title="bbox 503 3690 2093 3763; baseline -0.003 -13"><span class='ocrx_word' id='word_1_280' title='bbox 503 3704 706 3759; x_wconf 84' lang='lat' dir='ltr'><strong>mento,</strong></span> <span class='ocrx_word' id='word_1_281' title='bbox 732 3703 785 3748; x_wconf 93' lang='lat' dir='ltr'><strong>ct</strong></span> <span class='ocrx_word' id='word_1_282' title='bbox 805 3693 1043 3749; x_wconf 64' lang='lat' dir='ltr'><strong>caelestia</strong></span> <span class='ocrx_word' id='word_1_283' title='bbox 1072 3692 1126 3747; x_wconf 92' lang='lat' dir='ltr'><strong>in</strong></span> <span class='ocrx_word' id='word_1_284' title='bbox 1152 3690 1302 3747; x_wconf 80' lang='lat' dir='ltr'><strong>Novo</strong></span> <span class='ocrx_word' id='word_1_285' title='bbox 1321 3692 1685 3747; x_wconf 82' lang='lat' dir='ltr'><strong>Testamento.</strong></span> <span class='ocrx_word' id='word_1_286' title='bbox 1712 3690 1819 3747; x_wconf 86' lang='lat' dir='ltr'><strong>Sed</strong></span> <span class='ocrx_word' id='word_1_287' title='bbox 1843 3690 2093 3763; x_wconf 81' lang='lat' dir='ltr'><strong>quamdiu</strong></span> 
     </span>
    </p>
   </div>
   <div class='ocr_carea' id='block_1_38' title="bbox 495 3779 2093 3857">
    <p class='ocr_par' dir='ltr' id='par_1_38' title="bbox 495 3779 2093 3857">
     <span class='ocr_line' id='line_1_38' title="bbox 495 3779 2093 3857; baseline -0.002 -20"><span class='ocrx_word' id='word_1_288' title='bbox 495 3783 693 3857; x_wconf 74' lang='lat' dir='ltr'><strong>prius&#39;</strong></span> <span class='ocrx_word' id='word_1_289' title='bbox 731 3783 894 3838; x_wconf 90' lang='lat' dir='ltr'><strong>homo</strong></span> <span class='ocrx_word' id='word_1_290' title='bbox 933 3791 1179 3838; x_wconf 87' lang='lat' dir='ltr'><strong>terrenus</strong></span> <span class='ocrx_word' id='word_1_291' title='bbox 1220 3781 1313 3837; x_wconf 75' lang='lat' dir='ltr'><strong>es?</strong></span> <span class='ocrx_word' id='word_1_292' title='bbox 1354 3781 1609 3852; x_wconf 88' lang='lat' dir='ltr'><strong>quamdiu</strong></span> <span class='ocrx_word' id='word_1_293' title='bbox 1656 3791 1866 3839; x_wconf 85' lang='lat' dir='ltr'><strong>terrena</strong></span> <span class='ocrx_word' id='word_1_294' title='bbox 1911 3779 2093 3851; x_wconf 81' lang='lat' dir='ltr'><strong>sapis?</strong></span> 
     </span>
    </p>
   </div>
   <div class='ocr_carea' id='block_1_39' title="bbox 502 3870 2090 3946">
    <p class='ocr_par' dir='ltr' id='par_1_39' title="bbox 502 3870 2090 3946">
     <span class='ocr_line' id='line_1_39' title="bbox 502 3870 2090 3946; baseline -0.001 -17"><span class='ocrx_word' id='word_1_295' title='bbox 502 3874 769 3946; x_wconf 77' lang='lat' dir='ltr'><strong>Numquid</strong></span> <span class='ocrx_word' id='word_1_296' title='bbox 798 3873 1060 3944; x_wconf 83' lang='lat' dir='ltr'><strong>quoniam</strong></span> <span class='ocrx_word' id='word_1_297' title='bbox 1108 3886 1276 3943; x_wconf 90' lang='lat' dir='ltr'><strong>puero</strong></span> <span class='ocrx_word' id='word_1_298' title='bbox 1319 3872 1513 3926; x_wconf 88' lang='lat' dir='ltr'><strong>dantur</strong></span> <span class='ocrx_word' id='word_1_299' title='bbox 1552 3870 1795 3942; x_wconf 62' lang='lat' dir='ltr'><strong>quadam</strong></span> <span class='ocrx_word' id='word_1_300' title='bbox 1839 3870 2090 3940; x_wconf 82' lang='lat' dir='ltr'><strong>puerilia.</strong></span> 
     </span>
    </p>
   </div>
   <div class='ocr_carea' id='block_1_40' title="bbox 504 3963 2093 4036">
    <p class='ocr_par' dir='ltr' id='par_1_40' title="bbox 504 3963 2093 4036">
     <span class='ocr_line' id='line_1_40' title="bbox 504 3963 2093 4036; baseline -0.004 -15"><span class='ocrx_word' id='word_1_301' title='bbox 504 3965 709 4021; x_wconf 88' lang='lat' dir='ltr'><strong>ludicra</strong></span> <span class='ocrx_word' id='word_1_302' title='bbox 745 3964 939 4036; x_wconf 89' lang='lat' dir='ltr'><strong>quibus</strong></span> <span class='ocrx_word' id='word_1_303' title='bbox 976 3963 1197 4034; x_wconf 84' lang='lat' dir='ltr'><strong>puerilis</strong></span> <span class='ocrx_word' id='word_1_304' title='bbox 1236 3963 1446 4018; x_wconf 85' lang='lat' dir='ltr'><strong>animus</strong></span> <span class='ocrx_word' id='word_1_305' title='bbox 1487 3969 1769 4027; x_wconf 82' lang='lat' dir='ltr'><strong>avocetur,</strong></span> <span class='ocrx_word' id='word_1_306' title='bbox 1811 3968 2093 4031; x_wconf 84' lang='lat' dir='ltr'><strong>propterea</strong></span> 
     </span>
    </p>
   </div>
   <div class='ocr_carea' id='block_1_41' title="bbox 503 4049 2093 4129">
    <p class='ocr_par' dir='ltr' id='par_1_41' title="bbox 503 4049 2093 4129">
     <span class='ocr_line' id='line_1_41' title="bbox 503 4049 2093 4129; baseline -0.004 -15"><span class='ocrx_word' id='word_1_307' title='bbox 503 4056 877 4129; x_wconf 80' lang='lat' dir='ltr'><strong>grandescenti</strong></span> <span class='ocrx_word' id='word_1_308' title='bbox 906 4070 1011 4110; x_wconf 88' lang='lat' dir='ltr'><strong>non</strong></span> <span class='ocrx_word' id='word_1_309' title='bbox 1036 4054 1087 4110; x_wconf 89' lang='lat' dir='ltr'><strong>ei</strong></span> <span class='ocrx_word' id='word_1_310' title='bbox 1113 4052 1452 4109; x_wconf 79' lang='lat' dir='ltr'><strong>excutiuntur</strong></span> <span class='ocrx_word' id='word_1_311' title='bbox 1474 4068 1507 4108; x_wconf 89' lang='lat' dir='ltr'><strong>e</strong></span> <span class='ocrx_word' id='word_1_312' title='bbox 1529 4051 1792 4119; x_wconf 86' lang='lat' dir='ltr'><strong>manibus,</strong></span> <span class='ocrx_word' id='word_1_313' title='bbox 1816 4060 1875 4106; x_wconf 91' lang='lat' dir='ltr'><strong>ut</strong></span> <span class='ocrx_word' id='word_1_314' title='bbox 1896 4049 2093 4123; x_wconf 88' lang='lat' dir='ltr'><strong>aliquid</strong></span> 
     </span>
    </p>
   </div>
   <div class='ocr_carea' id='block_1_42' title="bbox 501 4143 2092 4223">
    <p class='ocr_par' dir='ltr' id='par_1_42' title="bbox 501 4143 2092 4223">
     <span class='ocr_line' id='line_1_42' title="bbox 501 4143 2092 4223; baseline -0.004 -18"><span class='ocrx_word' id='word_1_315' title='bbox 501 4152 611 4223; x_wconf 84' lang='lat' dir='ltr'><strong>jam</strong></span> <span class='ocrx_word' id='word_1_316' title='bbox 648 4149 827 4205; x_wconf 89' lang='lat' dir='ltr'><strong>utilius</strong></span> <span class='ocrx_word' id='word_1_317' title='bbox 862 4154 1086 4210; x_wconf 84' lang='lat' dir='ltr'><strong>tractet,</strong></span> <span class='ocrx_word' id='word_1_318' title='bbox 1115 4145 1257 4217; x_wconf 91' lang='lat' dir='ltr'><strong>quod</strong></span> <span class='ocrx_word' id='word_1_319' title='bbox 1296 4144 1552 4216; x_wconf 76' lang='lat' dir='ltr'><strong>grandem</strong></span> <span class='ocrx_word' id='word_1_320' title='bbox 1589 4143 1779 4201; x_wconf 78' lang='lat' dir='ltr'><strong>decet?</strong></span> <span class='ocrx_word' id='word_1_321' title='bbox 1812 4143 2092 4200; x_wconf 83' lang='lat' dir='ltr'><strong>Verumta-</strong></span> 
     </span>
    </p>
   </div>
   <div class='ocr_carea' id='block_1_43' title="bbox 505 4235 2093 4307">
    <p class='ocr_par' dir='ltr' id='par_1_43' title="bbox 505 4235 2093 4307">
     <span class='ocr_line' id='line_1_43' title="bbox 505 4235 2093 4307; baseline -0.005 -10"><span class='ocrx_word' id='word_1_322' title='bbox 505 4257 628 4297; x_wconf 86' lang='lat' dir='ltr'><strong>men</strong></span> <span class='ocrx_word' id='word_1_323' title='bbox 658 4249 713 4296; x_wconf 90' lang='lat' dir='ltr'><strong>tu</strong></span> <span class='ocrx_word' id='word_1_324' title='bbox 743 4241 856 4307; x_wconf 89' lang='lat' dir='ltr'><strong>ipse</strong></span> <span class='ocrx_word' id='word_1_325' title='bbox 883 4237 1074 4293; x_wconf 87' lang='lat' dir='ltr'><strong>dedisti</strong></span> <span class='ocrx_word' id='word_1_326' title='bbox 1108 4236 1219 4291; x_wconf 83' lang='lat' dir='ltr'><strong>ﬁlio</strong></span> <span class='ocrx_word' id='word_1_327' title='bbox 1246 4244 1358 4301; x_wconf 92' lang='lat' dir='ltr'><strong>tuo,</strong></span> <span class='ocrx_word' id='word_1_328' title='bbox 1384 4246 1438 4291; x_wconf 90' lang='lat' dir='ltr'><strong>et</strong></span> <span class='ocrx_word' id='word_1_329' title='bbox 1466 4249 1632 4291; x_wconf 88' lang='lat' dir='ltr'><strong>nuces</strong></span> <span class='ocrx_word' id='word_1_330' title='bbox 1660 4235 1897 4307; x_wconf 84' lang='lat' dir='ltr'><strong>parvulo,</strong></span> <span class='ocrx_word' id='word_1_331' title='bbox 1925 4242 1975 4289; x_wconf 89' lang='lat' dir='ltr'><strong>et</strong></span> <span class='ocrx_word' id='word_1_332' title='bbox 2002 4247 2093 4289; x_wconf 90' lang='lat' dir='ltr'><strong>co-</strong></span> 
     </span>
    </p>
   </div>
   <div class='ocr_carea' id='block_1_44' title="bbox 504 4325 2092 4402">
    <p class='ocr_par' dir='ltr' id='par_1_44' title="bbox 504 4325 2092 4402">
     <span class='ocr_line' id='line_1_44' title="bbox 504 4325 2092 4402; baseline -0.004 -17"><span class='ocrx_word' id='word_1_333' title='bbox 504 4333 680 4388; x_wconf 88' lang='lat' dir='ltr'><strong>dicem</strong></span> <span class='ocrx_word' id='word_1_334' title='bbox 709 4329 919 4402; x_wconf 80' lang='lat' dir='ltr'><strong>grandi.</strong></span> <span class='ocrx_word' id='word_1_335' title='bbox 945 4328 1061 4384; x_wconf 88' lang='lat' dir='ltr'><strong>Non</strong></span> <span class='ocrx_word' id='word_1_336' title='bbox 1086 4342 1217 4399; x_wconf 91' lang='lat' dir='ltr'><strong>ergo</strong></span> <span class='ocrx_word' id='word_1_337' title='bbox 1236 4366 1253 4395; x_wconf 90' lang='lat'><strong>,</strong></span> <span class='ocrx_word' id='word_1_338' title='bbox 1283 4326 1406 4401; x_wconf 85' lang='lat' dir='ltr'><strong>quia</strong></span> <span class='ocrx_word' id='word_1_339' title='bbox 1438 4326 1524 4382; x_wconf 87' lang='lat' dir='ltr'><strong>illa</strong></span> <span class='ocrx_word' id='word_1_340' title='bbox 1547 4326 1697 4399; x_wconf 87' lang='lat' dir='ltr'><strong>quasi</strong></span> <span class='ocrx_word' id='word_1_341' title='bbox 1727 4325 1930 4381; x_wconf 88' lang='lat' dir='ltr'><strong>ludicra</strong></span> <span class='ocrx_word' id='word_1_342' title='bbox 1961 4339 2092 4394; x_wconf 87' lang='lat' dir='ltr'><strong>pue-</strong></span> 
     </span>
    </p>
   </div>
   <div class='ocr_carea' id='block_1_45' title="bbox 504 4414 2094 4491">
    <p class='ocr_par' dir='ltr' id='par_1_45' title="bbox 504 4414 2094 4491">
     <span class='ocr_line' id='line_1_45' title="bbox 504 4414 2094 4491; baseline -0.004 -14"><span class='ocrx_word' id='word_1_343' title='bbox 504 4438 686 4477; x_wconf 81' lang='lat' dir='ltr'><strong>rorum</strong></span> <span class='ocrx_word' id='word_1_344' title='bbox 737 4421 877 4476; x_wconf 86' lang='lat' dir='ltr'><strong>Deus</strong></span> <span class='ocrx_word' id='word_1_345' title='bbox 920 4434 1015 4491; x_wconf 85' lang='lat' dir='ltr'><strong>per</strong></span> <span class='ocrx_word' id='word_1_346' title='bbox 1057 4417 1261 4474; x_wconf 85' lang='lat' dir='ltr'><strong>Novum</strong></span> <span class='ocrx_word' id='word_1_347' title='bbox 1308 4416 1705 4473; x_wconf 84' lang='lat' dir='ltr'><strong>Testamentum</strong></span> <span class='ocrx_word' id='word_1_348' title='bbox 1752 4414 1987 4472; x_wconf 78' lang='lat' dir='ltr'><strong>excussit</strong></span> <span class='ocrx_word' id='word_1_349' title='bbox 2026 4414 2094 4471; x_wconf 87' lang='lat' dir='ltr'><strong>de</strong></span> 
     </span>
    </p>
   </div>
   <div class='ocr_carea' id='block_1_46' title="bbox 506 4505 2093 4579">
    <p class='ocr_par' dir='ltr' id='par_1_46' title="bbox 506 4505 2093 4579">
     <span class='ocr_line' id='line_1_46' title="bbox 506 4505 2093 4579; baseline -0.007 -9"><span class='ocrx_word' id='word_1_350' title='bbox 506 4514 751 4571; x_wconf 79' lang='lat' dir='ltr'><strong>inanibus</strong></span> <span class='ocrx_word' id='word_1_351' title='bbox 773 4511 1025 4579; x_wconf 82' lang='lat' dir='ltr'><strong>filiorum,</strong></span> <span class='ocrx_word' id='word_1_352' title='bbox 1050 4519 1108 4564; x_wconf 94' lang='lat' dir='ltr'><strong>ut</strong></span> <span class='ocrx_word' id='word_1_353' title='bbox 1130 4508 1333 4579; x_wconf 86' lang='lat' dir='ltr'><strong>aliquid</strong></span> <span class='ocrx_word' id='word_1_354' title='bbox 1358 4507 1533 4564; x_wconf 89' lang='lat' dir='ltr'><strong>utilius</strong></span> <span class='ocrx_word' id='word_1_355' title='bbox 1558 4507 1712 4563; x_wconf 85' lang='lat' dir='ltr'><strong>daret</strong></span> <span class='ocrx_word' id='word_1_356' title='bbox 1734 4505 2093 4578; x_wconf 83' lang='lat' dir='ltr'><strong>grandescen-</strong></span> 
     </span>
    </p>
   </div>
   <div class='ocr_carea' id='block_1_47' title="bbox 507 4596 2093 4673">
    <p class='ocr_par' dir='ltr' id='par_1_47' title="bbox 507 4596 2093 4673">
     <span class='ocr_line' id='line_1_47' title="bbox 507 4596 2093 4673; baseline -0.004 -13"><span class='ocrx_word' id='word_1_357' title='bbox 507 4606 669 4672; x_wconf 85' lang='lat' dir='ltr'><strong>tibus,</strong></span> <span class='ocrx_word' id='word_1_358' title='bbox 684 4610 975 4673; x_wconf 86' lang='lat' dir='ltr'><strong>propterea</strong></span> <span class='ocrx_word' id='word_1_359' title='bbox 1006 4598 1181 4670; x_wconf 87' lang='lat' dir='ltr'><strong>priora</strong></span> <span class='ocrx_word' id='word_1_360' title='bbox 1208 4599 1296 4656; x_wconf 88' lang='lat' dir='ltr'><strong>illa</strong></span> <span class='ocrx_word' id='word_1_361' title='bbox 1322 4614 1428 4656; x_wconf 91' lang='lat' dir='ltr'><strong>non</strong></span> <span class='ocrx_word' id='word_1_362' title='bbox 1459 4599 1573 4669; x_wconf 89' lang='lat' dir='ltr'><strong>ipse</strong></span> <span class='ocrx_word' id='word_1_363' title='bbox 1594 4597 1806 4654; x_wconf 84' lang='lat' dir='ltr'><strong>dedisse</strong></span> <span class='ocrx_word' id='word_1_364' title='bbox 1832 4596 2093 4668; x_wconf 83' lang='lat' dir='ltr'><strong>putandus</strong></span> 
     </span>
    </p>
   </div>
   <div class='ocr_carea' id='block_1_48' title="bbox 505 4688 2093 4767">
    <p class='ocr_par' dir='ltr' id='par_1_48' title="bbox 505 4688 2093 4767">
     <span class='ocr_line' id='line_1_48' title="bbox 505 4688 2093 4767; baseline -0.004 -16"><span class='ocrx_word' id='word_1_365' title='bbox 505 4704 629 4751; x_wconf 89' lang='lat' dir='ltr'><strong>est:</strong></span> <span class='ocrx_word' id='word_1_366' title='bbox 663 4696 776 4765; x_wconf 90' lang='lat' dir='ltr'><strong>ipse</strong></span> <span class='ocrx_word' id='word_1_367' title='bbox 802 4702 1085 4767; x_wconf 88' lang='lat' dir='ltr'><strong>utrumque</strong></span> <span class='ocrx_word' id='word_1_368' title='bbox 1109 4690 1276 4748; x_wconf 87' lang='lat' dir='ltr'><strong>dedit.</strong></span> <span class='ocrx_word' id='word_1_369' title='bbox 1314 4689 1419 4747; x_wconf 84' lang='lat' dir='ltr'><strong>Sed</strong></span> <span class='ocrx_word' id='word_1_370' title='bbox 1459 4689 1567 4747; x_wconf 69' lang='lat' dir='ltr'><strong>Lex</strong></span> <span class='ocrx_word' id='word_1_371' title='bbox 1601 4689 1715 4762; x_wconf 86' lang='lat' dir='ltr'><strong>ipsa</strong></span> <span class='ocrx_word' id='word_1_372' title='bbox 1754 4705 1842 4758; x_wconf 72' lang='lat' dir='ltr'><strong>per</strong></span> <span class='ocrx_word' id='word_1_373' title='bbox 1881 4688 2093 4761; x_wconf 71' lang='lat' dir='ltr'><strong>Moysen</strong></span> 
     </span>
    </p>
   </div>
   <div class='ocr_carea' id='block_1_49' title="bbox 505 4780 2092 4856">
    <p class='ocr_par' dir='ltr' id='par_1_49' title="bbox 505 4780 2092 4856">
     <span class='ocr_line' id='line_1_49' title="bbox 505 4780 2092 4856; baseline -0.005 -14"><span class='ocrx_word' id='word_1_374' title='bbox 505 4789 626 4843; x_wconf 85' lang='lat' dir='ltr'><strong>data</strong></span> <span class='ocrx_word' id='word_1_375' title='bbox 650 4798 756 4852; x_wconf 78' lang='lat' dir='ltr'><strong>est;</strong></span> <span class='ocrx_word' id='word_1_376' title='bbox 782 4784 963 4841; x_wconf 81' lang='lat' dir='ltr'><strong>Gratia</strong></span> <span class='ocrx_word' id='word_1_377' title='bbox 988 4794 1035 4838; x_wconf 81' lang='lat' dir='ltr'><strong>et</strong></span> <span class='ocrx_word' id='word_1_378' title='bbox 1063 4784 1245 4841; x_wconf 72' lang='lat' dir='ltr'><strong>ueritas</strong></span> <span class='ocrx_word' id='word_1_379' title='bbox 1273 4799 1360 4856; x_wconf 77' lang='lat' dir='ltr'><strong>per</strong></span> <span class='ocrx_word' id='word_1_380' title='bbox 1384 4781 1561 4838; x_wconf 74' lang='lat' dir='ltr'><strong>Iesum</strong></span> <span class='ocrx_word' id='word_1_381' title='bbox 1588 4780 1839 4839; x_wconf 73' lang='lat' dir='ltr'><strong>Christum</strong></span> <span class='ocrx_word' id='word_1_382' title='bbox 1863 4780 2000 4852; x_wconf 77' lang='lat' dir='ltr'><strong>facta</strong></span> <span class='ocrx_word' id='word_1_383' title='bbox 2022 4789 2092 4851; x_wconf 70' lang='lat' dir='ltr'><strong>est</strong></span> 
     </span>
    </p>
   </div>
   <div class='ocr_carea' id='block_1_50' title="bbox 506 4871 2091 4954">
    <p class='ocr_par' dir='ltr' id='par_1_50' title="bbox 506 4871 2091 4954">
     <span class='ocr_line' id='line_1_50' title="bbox 506 4871 2091 4954; baseline -0.006 -19"><span class='ocrx_word' id='word_1_384' title='bbox 506 4882 700 4954; x_wconf 79' lang='lat' dir='ltr'><strong>(Jonn.</strong></span> <span class='ocrx_word' id='word_1_385' title='bbox 728 4894 780 4946; x_wconf 86' lang='grc' dir='ltr'><strong>ι,</strong></span> <span class='ocrx_word' id='word_1_386' title='bbox 813 4877 917 4947; x_wconf 77' lang='lat' dir='ltr'><strong>i7)</strong></span> <span class='ocrx_word' id='word_1_387' title='bbox 947 4894 961 4931; x_wconf 92' lang='lat'>:</span> <span class='ocrx_word' id='word_1_388' title='bbox 992 4876 1187 4948; x_wconf 87' lang='lat' dir='ltr'><strong>gratia,</strong></span> <span class='ocrx_word' id='word_1_389' title='bbox 1218 4874 1339 4945; x_wconf 87' lang='lat' dir='ltr'><strong>quia</strong></span> <span class='ocrx_word' id='word_1_390' title='bbox 1382 4872 1631 4945; x_wconf 89' lang='lat' dir='ltr'><strong>impletur</strong></span> <span class='ocrx_word' id='word_1_391' title='bbox 1659 4887 1753 4943; x_wconf 88' lang='lat' dir='ltr'><strong>per</strong></span> <span class='ocrx_word' id='word_1_392' title='bbox 1780 4871 2091 4927; x_wconf 87' lang='lat' dir='ltr'><strong>cbaritatem</strong></span> 
     </span>
    </p>
   </div>
   <div class='ocr_carea' id='block_1_51' title="bbox 504 4961 2095 5045">
    <p class='ocr_par' dir='ltr' id='par_1_51' title="bbox 504 4961 2095 5045">
     <span class='ocr_line' id='line_1_51' title="bbox 504 4961 2095 5045; baseline -0.006 -17"><span class='ocrx_word' id='word_1_393' title='bbox 504 4972 647 5045; x_wconf 86' lang='lat' dir='ltr'><strong>quod</strong></span> <span class='ocrx_word' id='word_1_394' title='bbox 687 4986 783 5042; x_wconf 86' lang='lat' dir='ltr'><strong>per</strong></span> <span class='ocrx_word' id='word_1_395' title='bbox 823 4969 1052 5025; x_wconf 84' lang='lat' dir='ltr'><strong>litteram</strong></span> <span class='ocrx_word' id='word_1_396' title='bbox 1087 4966 1407 5037; x_wconf 86' lang='lat' dir='ltr'><strong>jubebatur;</strong></span> <span class='ocrx_word' id='word_1_397' title='bbox 1438 4964 1654 5031; x_wconf 77' lang='lat' dir='ltr'><strong>veritas,</strong></span> <span class='ocrx_word' id='word_1_398' title='bbox 1696 4962 1818 5035; x_wconf 87' lang='lat' dir='ltr'><strong>quia</strong></span> <span class='ocrx_word' id='word_1_399' title='bbox 1857 4961 2095 5019; x_wconf 87' lang='lat' dir='ltr'><strong>redditur</strong></span> 
     </span>
    </p>
   </div>
   <div class='ocr_carea' id='block_1_52' title="bbox 504 5053 2088 5134">
    <p class='ocr_par' dir='ltr' id='par_1_52' title="bbox 504 5053 2088 5134">
     <span class='ocr_line' id='line_1_52' title="bbox 504 5053 2088 5134; baseline -0.008 -16"><span class='ocrx_word' id='word_1_400' title='bbox 504 5062 647 5134; x_wconf 86' lang='lat' dir='ltr'><strong>quod</strong></span> <span class='ocrx_word' id='word_1_401' title='bbox 688 5058 1115 5132; x_wconf 87' lang='lat' dir='ltr'><strong>promittebatur.</strong></span> <span class='ocrx_word' id='word_1_402' title='bbox 1156 5054 1270 5111; x_wconf 79' lang='lat' dir='ltr'><strong>Hoc</strong></span> <span class='ocrx_word' id='word_1_403' title='bbox 1305 5070 1433 5126; x_wconf 90' lang='lat' dir='ltr'><strong>ergo</strong></span> <span class='ocrx_word' id='word_1_404' title='bbox 1466 5053 1727 5111; x_wconf 82' lang='lat' dir='ltr'><strong>intellexit</strong></span> <span class='ocrx_word' id='word_1_405' title='bbox 1755 5053 1932 5125; x_wconf 76' lang='lat' dir='ltr'><strong>Asaph</strong></span> <span class='ocrx_word' id='word_1_406' title='bbox 1970 5054 2088 5111; x_wconf 89' lang='lat' dir='ltr'><strong>iste.</strong></span> 
     </span>
    </p>
   </div>
   <div class='ocr_carea' id='block_1_53' title="bbox 509 5144 2093 5224">
    <p class='ocr_par' dir='ltr' id='par_1_53' title="bbox 509 5144 2093 5224">
     <span class='ocr_line' id='line_1_53' title="bbox 509 5144 2093 5224; baseline -0.003 -19"><span class='ocrx_word' id='word_1_407' title='bbox 509 5155 747 5224; x_wconf 86' lang='lat' dir='ltr'><strong>Denique</strong></span> <span class='ocrx_word' id='word_1_408' title='bbox 773 5150 951 5206; x_wconf 89' lang='lat' dir='ltr'><strong>omnia</strong></span> <span class='ocrx_word' id='word_1_409' title='bbox 980 5162 1101 5219; x_wconf 66' lang='lat' dir='ltr'><strong>qua:</strong></span> <span class='ocrx_word' id='word_1_410' title='bbox 1136 5146 1338 5203; x_wconf 76' lang='lat' dir='ltr'><strong>Judaeis</strong></span> <span class='ocrx_word' id='word_1_411' title='bbox 1366 5145 1628 5217; x_wconf 87' lang='lat' dir='ltr'><strong>promissa</strong></span> <span class='ocrx_word' id='word_1_412' title='bbox 1658 5147 1894 5210; x_wconf 88' lang='lat' dir='ltr'><strong>fuerant,</strong></span> <span class='ocrx_word' id='word_1_413' title='bbox 1920 5144 2093 5200; x_wconf 86' lang='lat' dir='ltr'><strong>ablata</strong></span> 
     </span>
    </p>
   </div>
   <div class='ocr_carea' id='block_1_54' title="bbox 505 5237 2093 5311">
    <p class='ocr_par' dir='ltr' id='par_1_54' title="bbox 505 5237 2093 5311">
     <span class='ocr_line' id='line_1_54' title="bbox 505 5237 2093 5311; baseline -0.009 -7"><span class='ocrx_word' id='word_1_414' title='bbox 505 5256 649 5304; x_wconf 84' lang='lat' dir='ltr'><strong>sunt.</strong></span> <span class='ocrx_word' id='word_1_415' title='bbox 678 5242 778 5301; x_wconf 86' lang='lat' dir='ltr'><strong>Ubi</strong></span> <span class='ocrx_word' id='word_1_416' title='bbox 814 5250 898 5298; x_wconf 87' lang='lat' dir='ltr'><strong>est</strong></span> <span class='ocrx_word' id='word_1_417' title='bbox 931 5254 1157 5311; x_wconf 78' lang='lat' dir='ltr'><strong>regnum</strong></span> <span class='ocrx_word' id='word_1_418' title='bbox 1184 5238 1410 5294; x_wconf 75' lang='lat' dir='ltr'><strong>eorum?</strong></span> <span class='ocrx_word' id='word_1_419' title='bbox 1438 5239 1525 5295; x_wconf 90' lang='lat' dir='ltr'><strong>ubi</strong></span> <span class='ocrx_word' id='word_1_420' title='bbox 1556 5237 1850 5309; x_wconf 72' lang='lat' dir='ltr'><strong>templum?</strong></span> <span class='ocrx_word' id='word_1_421' title='bbox 1878 5237 1965 5292; x_wconf 89' lang='lat' dir='ltr'><strong>ubi</strong></span> <span class='ocrx_word' id='word_1_422' title='bbox 1993 5253 2093 5291; x_wconf 88' lang='lat' dir='ltr'><strong>un-</strong></span> 
     </span>
    </p>
   </div>
   <div class='ocr_carea' id='block_1_55' title="bbox 571 5411 2095 5479">
    <p class='ocr_par' dir='ltr' id='par_1_55' title="bbox 571 5411 2095 5479">
     <span class='ocr_line' id='line_1_55' title="bbox 571 5411 2095 5479; baseline -0.002 -10"><span class='ocrx_word' id='word_1_423' title='bbox 571 5424 589 5455; x_wconf 74' lang='grc' dir='ltr'>ι</span> <span class='ocrx_word' id='word_1_424' title='bbox 626 5420 831 5471; x_wconf 81' lang='lat' dir='ltr'><strong>tsthieiu</strong></span> <span class='ocrx_word' id='word_1_425' title='bbox 851 5417 967 5469; x_wconf 67' lang='grc' dir='ltr'><strong>ΕΜ.</strong></span> <span class='ocrx_word' id='word_1_426' title='bbox 1007 5416 1415 5479; x_wconf 77' lang='lat' dir='ltr'><strong>iuterponehatnr</strong></span> <span class='ocrx_word' id='word_1_427' title='bbox 1454 5427 1469 5464; x_wconf 93' lang='lat'><strong>:</strong></span> <span class='ocrx_word' id='word_1_428' title='bbox 1514 5411 1896 5479; x_wconf 52' lang='lat' dir='ltr'><strong>meum,</strong></span> <span class='ocrx_word' id='word_1_429' title='bbox 1918 5416 2095 5479; x_wconf 73' lang='lat' dir='ltr'><strong>fratres</strong></span> 
     </span>
    </p>
   </div>
   <div class='ocr_carea' id='block_1_56' title="bbox 504 5474 2095 5541">
    <p class='ocr_par' dir='ltr' id='par_1_56' title="bbox 504 5474 2095 5541">
     <span class='ocr_line' id='line_1_56' title="bbox 504 5474 2095 5541; baseline -0.011 -8"><span class='ocrx_word' id='word_1_430' title='bbox 504 5481 798 5541; x_wconf 65' lang='lat' dir='ltr'><strong>charissim,</strong></span> <span class='ocrx_word' id='word_1_431' title='bbox 822 5488 873 5531; x_wconf 86' lang='lat' dir='ltr'><strong>ut</strong></span> <span class='ocrx_word' id='word_1_432' title='bbox 886 5491 1050 5530; x_wconf 77' lang='lat' dir='ltr'><strong>onum</strong></span> <span class='ocrx_word' id='word_1_433' title='bbox 1068 5474 1593 5541; x_wconf 56' lang='lat' dir='ltr'><strong>de&#39;nasorcstamento</strong></span> <span class='ocrx_word' id='word_1_434' title='bbox 1612 5474 1808 5541; x_wconf 52' lang='lat' dir='ltr'><strong>uncatis</strong></span> <span class='ocrx_word' id='word_1_435' title='bbox 1944 5474 2095 5525; x_wconf 64' lang='lat' dir='ltr'><strong>iuius.</strong></span> 
     </span>
    </p>
   </div>
   <div class='ocr_carea' id='block_1_57' title="bbox 508 5535 2094 5602">
    <p class='ocr_par' dir='ltr' id='par_1_57' title="bbox 508 5535 2094 5602">
     <span class='ocr_line' id='line_1_57' title="bbox 508 5535 2094 5602; baseline -0.004 -9"><span class='ocrx_word' id='word_1_436' title='bbox 508 5558 617 5595; x_wconf 77' lang='lat' dir='ltr'><strong>rere</strong></span> <span class='ocrx_word' id='word_1_437' title='bbox 636 5535 846 5595; x_wconf 68' lang='lat' dir='ltr'><strong>terrenis</strong></span> <span class='ocrx_word' id='word_1_438' title='bbox 882 5541 1045 5601; x_wconf 80' lang='lat' dir='ltr'><strong>rebus,</strong></span> <span class='ocrx_word' id='word_1_439' title='bbox 1080 5539 1168 5590; x_wconf 75' lang='lat' dir='ltr'><strong>sed</strong></span> <span class='ocrx_word' id='word_1_440' title='bbox 1201 5537 1414 5589; x_wconf 67' lang='lat' dir='ltr'><strong>calestia</strong></span> <span class='ocrx_word' id='word_1_441' title='bbox 1457 5536 1665 5602; x_wconf 76' lang='lat' dir='ltr'><strong>adipisci</strong></span> <span class='ocrx_word' id='word_1_442' title='bbox 1692 5549 1709 5587; x_wconf 92' lang='lat'><strong><em>:</em></strong></span> <span class='ocrx_word' id='word_1_443' title='bbox 1732 5535 1862 5599; x_wconf 85' lang='lat' dir='ltr'><strong>quod</strong></span> <span class='ocrx_word' id='word_1_444' title='bbox 1892 5538 2031 5587; x_wconf 69' lang='lat' dir='ltr'><strong>abest</strong></span> <span class='ocrx_word' id='word_1_445' title='bbox 2063 5549 2094 5587; x_wconf 89' lang='lat' dir='ltr'><strong>a</strong></span> 
     </span>
    </p>
   </div>
   <div class='ocr_carea' id='block_1_58' title="bbox 508 5616 2093 5734">
    <p class='ocr_par' dir='ltr' id='par_1_58' title="bbox 508 5616 2093 5734">
     <span class='ocr_line' id='line_1_58' title="bbox 508 5616 2093 5734; baseline -0.004 -18"><span class='ocrx_word' id='word_1_446' title='bbox 623 5666 695 5716; x_wconf 81' lang='lat' dir='ltr'><strong>sic</strong></span> <span class='ocrx_word' id='word_1_447' title='bbox 707 5666 872 5727; x_wconf 62' lang='lat' dir='ltr'><strong>probae</strong></span> <span class='ocrx_word' id='word_1_448' title='bbox 888 5670 1017 5734; x_wconf 74' lang='lat' dir='ltr'><strong>notae</strong></span> <span class='ocrx_word' id='word_1_449' title='bbox 1037 5668 1147 5713; x_wconf 64' lang='grc' dir='ltr'><strong>ω.</strong></span> <span class='ocrx_word' id='word_1_450' title='bbox 1172 5667 1228 5711; x_wconf 79' lang='lat' dir='ltr'><strong>At</strong></span> <span class='ocrx_word' id='word_1_451' title='bbox 1244 5668 1375 5718; x_wconf 72' lang='grc' dir='ltr'><strong>ιον..</strong></span> <span class='ocrx_word' id='word_1_452' title='bbox 1391 5658 1681 5711; x_wconf 67' lang='lat' dir='ltr'><strong>salvatorem</strong></span> <span class='ocrx_word' id='word_1_453' title='bbox 1702 5658 1896 5720; x_wconf 70' lang='lat' dir='ltr'><strong>habent,</strong></span> <span class='ocrx_word' id='word_1_454' title='bbox 1910 5657 2020 5723; x_wconf 80' lang='lat' dir='ltr'><strong>jam</strong></span> <span class='ocrx_word' id='word_1_455' title='bbox 2041 5662 2093 5710; x_wconf 74' lang='lat' dir='ltr'><strong>in</strong></span> 
     </span>
    </p>
   </div>
   <div class='ocr_carea' id='block_1_59' title="bbox 508 5728 2066 5789">
    <p class='ocr_par' dir='ltr' id='par_1_59' title="bbox 508 5728 2066 5789">
     <span class='ocr_line' id='line_1_59' title="bbox 508 5728 2066 5789; baseline 0.008 -12"><span class='ocrx_word' id='word_1_456' title='bbox 508 5728 1055 5789; x_wconf 73' lang='lat' dir='ltr'><strong>hoctatcrupromz&#39;ssa.</strong></span> <span class='ocrx_word' id='word_1_457' title='bbox 1254 5783 1266 5789; x_wconf 95' lang='lat'><em>_</em></span> <span class='ocrx_word' id='word_1_458' title='bbox 1330 5784 1342 5789; x_wconf 91' lang='lat'><em>_</em></span> <span class='ocrx_word' id='word_1_459' title='bbox 1700 5780 1712 5789; x_wconf 86' lang='grc'><em>,</em></span> <span class='ocrx_word' id='word_1_460' title='bbox 1903 5780 1932 5789; x_wconf 92' lang='grc'><strong>..</strong></span> <span class='ocrx_word' id='word_1_461' title='bbox 2054 5779 2066 5789; x_wconf 93' lang='grc'><strong>.</strong></span> 
     </span>
    </p>
   </div>
   <div class='ocr_carea' id='block_1_60' title="bbox 572 5780 2091 5854">
    <p class='ocr_par' dir='ltr' id='par_1_60' title="bbox 572 5780 2091 5854">
     <span class='ocr_line' id='line_1_60' title="bbox 572 5780 2091 5854; baseline -0.004 -16"><span class='ocrx_word' id='word_1_462' title='bbox 572 5791 593 5820; x_wconf 83' lang='grc'><strong><em>³</em></strong></span> <span class='ocrx_word' id='word_1_463' title='bbox 626 5794 697 5838; x_wconf 78' lang='lat' dir='ltr'><strong>sle</strong></span> <span class='ocrx_word' id='word_1_464' title='bbox 720 5780 894 5854; x_wconf 56' lang='grc' dir='ltr'><strong>κρέως</strong></span> <span class='ocrx_word' id='word_1_465' title='bbox 907 5788 1080 5837; x_wconf 61' lang='lat' dir='ltr'><strong>eodem</strong></span> <span class='ocrx_word' id='word_1_466' title='bbox 1111 5785 1194 5854; x_wconf 74' lang='lat' dir='ltr'><strong>Alii</strong></span> <span class='ocrx_word' id='word_1_467' title='bbox 1210 5783 1445 5854; x_wconf 39' lang='lat' dir='ltr'><strong>pleri-que</strong></span> <span class='ocrx_word' id='word_1_468' title='bbox 1468 5789 1594 5853; x_wconf 55' lang='lat'><strong>9155.:</strong></span> <span class='ocrx_word' id='word_1_469' title='bbox 1620 5780 1712 5854; x_wconf 78' lang='lat' dir='ltr'><strong>sed</strong></span> <span class='ocrx_word' id='word_1_470' title='bbox 1734 5780 1966 5846; x_wconf 79' lang='lat' dir='ltr'><strong>quamdiu</strong></span> <span class='ocrx_word' id='word_1_471' title='bbox 1985 5780 2091 5843; x_wconf 60' lang='lat' dir='ltr'><strong>pri-</strong></span> 
     </span>
    </p>
   </div>
   <div class='ocr_carea' id='block_1_61' title="bbox 516 5844 1728 5910">
    <p class='ocr_par' dir='ltr' id='par_1_61' title="bbox 516 5844 1728 5910">
     <span class='ocr_line' id='line_1_61' title="bbox 516 5844 1728 5910; baseline -0.004 -9"><span class='ocrx_word' id='word_1_472' title='bbox 516 5864 643 5909; x_wconf 77' lang='lat' dir='ltr'><strong>mm,</strong></span> <span class='ocrx_word' id='word_1_473' title='bbox 667 5860 762 5901; x_wconf 82' lang='lat' dir='ltr'><strong>etc.</strong></span> <span class='ocrx_word' id='word_1_474' title='bbox 786 5844 1019 5900; x_wconf 59' lang='lat' dir='ltr'><strong>Eddmero</strong></span> <span class='ocrx_word' id='word_1_475' title='bbox 1046 5861 1059 5896; x_wconf 91' lang='lat'>:</span> <span class='ocrx_word' id='word_1_476' title='bbox 1085 5846 1177 5900; x_wconf 82' lang='lat' dir='ltr'><strong>Sed</strong></span> <span class='ocrx_word' id='word_1_477' title='bbox 1199 5844 1385 5897; x_wconf 66' lang='lat' dir='ltr'><strong>mdia</strong></span> <span class='ocrx_word' id='word_1_478' title='bbox 1402 5847 1603 5910; x_wconf 72' lang='lat' dir='ltr'><strong>prunus.</strong></span> <span class='ocrx_word' id='word_1_479' title='bbox 1628 5852 1728 5896; x_wconf 84' lang='lat' dir='ltr'><strong>etc.</strong></span> 
     </span>
    </p>
   </div>
   <div class='ocr_carea' id='block_1_62' title="bbox 1683 390 2495 451">
    <p class='ocr_par' dir='ltr' id='par_1_62' title="bbox 1683 390 2495 451">
     <span class='ocr_line' id='line_1_62' title="bbox 1683 390 2495 451; baseline 0.004 -4"><span class='ocrx_word' id='word_1_480' title='bbox 1683 390 1741 448; x_wconf 86' lang='lat' dir='ltr'><strong>S.</strong></span> <span class='ocrx_word' id='word_1_481' title='bbox 1782 390 2150 451; x_wconf 71' lang='lat' dir='ltr'><strong>AUGUSTlNl</strong></span> <span class='ocrx_word' id='word_1_482' title='bbox 2189 391 2495 450; x_wconf 75' lang='lat' dir='ltr'><strong>EPISCOPI</strong></span> 
     </span>
    </p>
   </div>
   <div class='ocr_carea' id='block_1_63' title="bbox 3701 395 3803 453">
    <p class='ocr_par' dir='ltr' id='par_1_63' title="bbox 3701 395 3803 453">
     <span class='ocr_line' id='line_1_63' title="bbox 3701 395 3803 453; baseline 0.02 -2"><span class='ocrx_word' id='word_1_483' title='bbox 3701 395 3803 453; x_wconf 66' lang='lat'><strong>932</strong></span> 
     </span>
    </p>
   </div>
   <div class='ocr_carea' id='block_1_64' title="bbox 2214 506 3800 584">
    <p class='ocr_par' dir='ltr' id='par_1_64' title="bbox 2214 506 3800 584">
     <span class='ocr_line' id='line_1_64' title="bbox 2214 506 3800 584; baseline 0.002 -20"><span class='ocrx_word' id='word_1_484' title='bbox 2214 508 2322 565; x_wconf 92' lang='lat' dir='ltr'><strong>ctio</strong></span> <span class='ocrx_word' id='word_1_485' title='bbox 2338 508 2366 564; x_wconf 78' lang='grc' dir='ltr'>τ</span> <span class='ocrx_word' id='word_1_486' title='bbox 2388 509 2479 565; x_wconf 82' lang='lat' dir='ltr'><strong>ubi</strong></span> <span class='ocrx_word' id='word_1_487' title='bbox 2501 507 2797 584; x_wconf 82' lang='lat' dir='ltr'><strong>sacerdos?</strong></span> <span class='ocrx_word' id='word_1_488' title='bbox 2821 510 2911 565; x_wconf 88' lang='lat' dir='ltr'><strong>ubi</strong></span> <span class='ocrx_word' id='word_1_489' title='bbox 2932 510 3044 581; x_wconf 88' lang='lat' dir='ltr'><strong>jam</strong></span> <span class='ocrx_word' id='word_1_490' title='bbox 3068 507 3209 581; x_wconf 86' lang='lat' dir='ltr'><strong>apud</strong></span> <span class='ocrx_word' id='word_1_491' title='bbox 3232 506 3355 566; x_wconf 85' lang='lat' dir='ltr'><strong>illos</strong></span> <span class='ocrx_word' id='word_1_492' title='bbox 3381 508 3698 580; x_wconf 65' lang='lat' dir='ltr'><strong>Propheta!</strong></span> <span class='ocrx_word' id='word_1_493' title='bbox 3724 510 3800 567; x_wconf 74' lang='lat' dir='ltr'><strong>Ex</strong></span> 
     </span>
    </p>
   </div>
   <div class='ocr_carea' id='block_1_65' title="bbox 2213 601 3799 675">
    <p class='ocr_par' dir='ltr' id='par_1_65' title="bbox 2213 601 3799 675">
     <span class='ocr_line' id='line_1_65' title="bbox 2213 601 3799 675; baseline 0.003 -21"><span class='ocrx_word' id='word_1_494' title='bbox 2213 614 2323 670; x_wconf 89' lang='lat' dir='ltr'><strong>quo</strong></span> <span class='ocrx_word' id='word_1_495' title='bbox 2355 602 2505 659; x_wconf 87' lang='lat' dir='ltr'><strong>venit</strong></span> <span class='ocrx_word' id='word_1_496' title='bbox 2538 601 2628 672; x_wconf 89' lang='lat' dir='ltr'><strong>qui</strong></span> <span class='ocrx_word' id='word_1_497' title='bbox 2672 616 2767 673; x_wconf 79' lang='lat' dir='ltr'><strong>per</strong></span> <span class='ocrx_word' id='word_1_498' title='bbox 2813 601 3107 675; x_wconf 76' lang='lat' dir='ltr'><strong>Prophetas</strong></span> <span class='ocrx_word' id='word_1_499' title='bbox 3148 602 3571 673; x_wconf 64' lang='lat' dir='ltr'><strong>pndicabatur,</strong></span> <span class='ocrx_word' id='word_1_500' title='bbox 3616 602 3670 657; x_wconf 91' lang='lat' dir='ltr'><strong>in</strong></span> <span class='ocrx_word' id='word_1_501' title='bbox 3715 604 3799 658; x_wconf 79' lang='lat' dir='ltr'><strong>illa</strong></span> 
     </span>
    </p>
   </div>
   <div class='ocr_carea' id='block_1_66' title="bbox 2212 691 3801 765">
    <p class='ocr_par' dir='ltr' id='par_1_66' title="bbox 2212 691 3801 765">
     <span class='ocr_line' id='line_1_66' title="bbox 2212 691 3801 765; baseline 0.001 -18"><span class='ocrx_word' id='word_1_502' title='bbox 2212 699 2372 762; x_wconf 87' lang='lat' dir='ltr'><strong>gente</strong></span> <span class='ocrx_word' id='word_1_503' title='bbox 2403 691 2515 763; x_wconf 85' lang='lat' dir='ltr'><strong>jam</strong></span> <span class='ocrx_word' id='word_1_504' title='bbox 2549 692 2690 749; x_wconf 81' lang='lat' dir='ltr'><strong>nihil</strong></span> <span class='ocrx_word' id='word_1_505' title='bbox 2712 692 2902 748; x_wconf 87' lang='lat' dir='ltr'><strong>horum</strong></span> <span class='ocrx_word' id='word_1_506' title='bbox 2927 702 3049 761; x_wconf 90' lang='lat' dir='ltr'><strong>est;</strong></span> <span class='ocrx_word' id='word_1_507' title='bbox 3074 693 3185 765; x_wconf 88' lang='lat' dir='ltr'><strong>jam</strong></span> <span class='ocrx_word' id='word_1_508' title='bbox 3216 692 3447 765; x_wconf 85' lang='lat' dir='ltr'><strong>perdidit</strong></span> <span class='ocrx_word' id='word_1_509' title='bbox 3471 704 3683 750; x_wconf 85' lang='lat' dir='ltr'><strong>terrena</strong></span> <span class='ocrx_word' id='word_1_510' title='bbox 3704 733 3719 758; x_wconf 89' lang='lat'><strong>,</strong></span> <span class='ocrx_word' id='word_1_511' title='bbox 3749 702 3801 748; x_wconf 86' lang='lat' dir='ltr'><strong>et</strong></span> 
     </span>
    </p>
   </div>
   <div class='ocr_carea' id='block_1_67' title="bbox 2214 783 2956 854">
    <p class='ocr_par' dir='ltr' id='par_1_67' title="bbox 2214 783 2956 854">
     <span class='ocr_line' id='line_1_67' title="bbox 2214 783 2956 854; baseline 0.001 -16"><span class='ocrx_word' id='word_1_512' title='bbox 2214 783 2448 840; x_wconf 88' lang='lat' dir='ltr'><strong>nondum</strong></span> <span class='ocrx_word' id='word_1_513' title='bbox 2473 786 2666 854; x_wconf 69' lang='lat' dir='ltr'><strong>quaerit</strong></span> 
     </span>
    </p>
   </div>
   <div class='ocr_carea' id='block_1_68' title="bbox 2283 873 3794 949">
    <p class='ocr_par' dir='ltr' id='par_1_68' title="bbox 2283 873 3794 949">
     <span class='ocr_line' id='line_1_68' title="bbox 2283 873 3794 949; baseline -0.001 -18"><span class='ocrx_word' id='word_1_514' title='bbox 2283 877 2338 931; x_wconf 83' lang='lat'><strong>5.</strong></span> <span class='ocrx_word' id='word_1_515' title='bbox 2372 875 2640 933; x_wconf 74' lang='lat' dir='ltr'><strong>lnbzerere</strong></span> <span class='ocrx_word' id='word_1_516' title='bbox 2663 891 2794 949; x_wconf 87' lang='lat' dir='ltr'><strong>ergo</strong></span> <span class='ocrx_word' id='word_1_517' title='bbox 2818 874 3069 943; x_wconf 79' lang='lat' dir='ltr'><strong>terrenis,</strong></span> <span class='ocrx_word' id='word_1_518' title='bbox 3092 874 3335 947; x_wconf 80' lang='lat' dir='ltr'><strong>quamvis</strong></span> <span class='ocrx_word' id='word_1_519' title='bbox 3361 889 3427 928; x_wconf 87' lang='lat' dir='ltr'><strong>ea</strong></span> <span class='ocrx_word' id='word_1_520' title='bbox 3454 873 3591 929; x_wconf 88' lang='lat' dir='ltr'><strong>Deus</strong></span> <span class='ocrx_word' id='word_1_521' title='bbox 3613 873 3794 936; x_wconf 82' lang='lat' dir='ltr'><strong>denet.</strong></span> 
     </span>
    </p>
   </div>
   <div class='ocr_carea' id='block_1_69' title="bbox 2214 965 3805 1038">
    <p class='ocr_par' dir='ltr' id='par_1_69' title="bbox 2214 965 3805 1038">
     <span class='ocr_line' id='line_1_69' title="bbox 2214 965 3805 1038; baseline -0.002 -15"><span class='ocrx_word' id='word_1_522' title='bbox 2214 984 2319 1023; x_wconf 84' lang='lat' dir='ltr'><strong>non</strong></span> <span class='ocrx_word' id='word_1_523' title='bbox 2349 968 2533 1024; x_wconf 85' lang='lat' dir='ltr'><strong>debes.</strong></span> <span class='ocrx_word' id='word_1_524' title='bbox 2562 967 2943 1024; x_wconf 79' lang='lat' dir='ltr'><strong>Verumtamen</strong></span> <span class='ocrx_word' id='word_1_525' title='bbox 2980 982 3093 1025; x_wconf 87' lang='lat' dir='ltr'><strong>non</strong></span> <span class='ocrx_word' id='word_1_526' title='bbox 3127 967 3256 1038; x_wconf 79' lang='lat' dir='ltr'><strong>quia</strong></span> <span class='ocrx_word' id='word_1_527' title='bbox 3290 965 3555 1021; x_wconf 65' lang='lat' dir='ltr'><strong>inhaerere</strong></span> <span class='ocrx_word' id='word_1_528' title='bbox 3582 965 3666 1018; x_wconf 87' lang='lat' dir='ltr'><strong>eis</strong></span> <span class='ocrx_word' id='word_1_529' title='bbox 3696 980 3805 1020; x_wconf 83' lang='lat' dir='ltr'><strong>non</strong></span> 
     </span>
    </p>
   </div>
   <div class='ocr_carea' id='block_1_70' title="bbox 2211 1054 3805 1126">
    <p class='ocr_par' dir='ltr' id='par_1_70' title="bbox 2211 1054 3805 1126">
     <span class='ocr_line' id='line_1_70' title="bbox 2211 1054 3805 1126; baseline -0.003 -11"><span class='ocrx_word' id='word_1_530' title='bbox 2211 1058 2498 1123; x_wconf 87' lang='lat' dir='ltr'><strong>debemus,</strong></span> <span class='ocrx_word' id='word_1_531' title='bbox 2527 1059 2689 1115; x_wconf 88' lang='lat' dir='ltr'><strong>alium</strong></span> <span class='ocrx_word' id='word_1_532' title='bbox 2719 1074 2781 1116; x_wconf 89' lang='lat' dir='ltr'><strong>ea</strong></span> <span class='ocrx_word' id='word_1_533' title='bbox 2816 1058 2978 1126; x_wconf 89' lang='lat' dir='ltr'><strong>dare,</strong></span> <span class='ocrx_word' id='word_1_534' title='bbox 3010 1056 3115 1114; x_wconf 81' lang='lat' dir='ltr'><strong>nisi</strong></span> <span class='ocrx_word' id='word_1_535' title='bbox 3151 1054 3355 1119; x_wconf 85' lang='lat' dir='ltr'><strong>Deum.</strong></span> <span class='ocrx_word' id='word_1_536' title='bbox 3383 1054 3607 1111; x_wconf 83' lang='lat' dir='ltr'><strong>credere</strong></span> <span class='ocrx_word' id='word_1_537' title='bbox 3639 1055 3805 1111; x_wconf 64' lang='lat' dir='ltr'><strong>debev</strong></span> 
     </span>
    </p>
   </div>
   <div class='ocr_carea' id='block_1_71' title="bbox 2210 1148 3807 1220">
    <p class='ocr_par' dir='ltr' id='par_1_71' title="bbox 2210 1148 3807 1220">
     <span class='ocr_line' id='line_1_71' title="bbox 2210 1148 3807 1220; baseline -0.005 -14"><span class='ocrx_word' id='word_1_538' title='bbox 2210 1166 2363 1218; x_wconf 91' lang='lat' dir='ltr'><strong>mus;</strong></span> <span class='ocrx_word' id='word_1_539' title='bbox 2392 1151 2509 1220; x_wconf 88' lang='lat' dir='ltr'><strong>ipse</strong></span> <span class='ocrx_word' id='word_1_540' title='bbox 2534 1165 2598 1207; x_wconf 90' lang='lat' dir='ltr'><strong>ea</strong></span> <span class='ocrx_word' id='word_1_541' title='bbox 2626 1150 2749 1210; x_wconf 82' lang='lat' dir='ltr'><strong>dat:</strong></span> <span class='ocrx_word' id='word_1_542' title='bbox 2780 1150 2877 1206; x_wconf 86' lang='lat' dir='ltr'><strong>sed</strong></span> <span class='ocrx_word' id='word_1_543' title='bbox 2916 1149 3024 1205; x_wconf 91' lang='lat' dir='ltr'><strong>noli</strong></span> <span class='ocrx_word' id='word_1_544' title='bbox 3053 1162 3152 1220; x_wconf 88' lang='lat' dir='ltr'><strong>pro</strong></span> <span class='ocrx_word' id='word_1_545' title='bbox 3181 1160 3377 1218; x_wconf 84' lang='lat' dir='ltr'><strong>magno</strong></span> <span class='ocrx_word' id='word_1_546' title='bbox 3395 1158 3714 1217; x_wconf 73' lang='lat' dir='ltr'><strong>exspectare</strong></span> <span class='ocrx_word' id='word_1_547' title='bbox 3737 1148 3807 1198; x_wconf 77' lang='lat' dir='ltr'><strong>ab</strong></span> 
     </span>
    </p>
   </div>
   <div class='ocr_carea' id='block_1_72' title="bbox 2210 1236 3803 1314">
    <p class='ocr_par' dir='ltr' id='par_1_72' title="bbox 2210 1236 3803 1314">
     <span class='ocr_line' id='line_1_72' title="bbox 2210 1236 3803 1314; baseline -0.003 -16"><span class='ocrx_word' id='word_1_548' title='bbox 2210 1259 2277 1298; x_wconf 82' lang='lat' dir='ltr'><strong>eo</strong></span> <span class='ocrx_word' id='word_1_549' title='bbox 2304 1245 2499 1299; x_wconf 86' lang='lat' dir='ltr'><strong>bonum</strong></span> <span class='ocrx_word' id='word_1_550' title='bbox 2521 1284 2535 1308; x_wconf 85' lang='lat'><strong>,</strong></span> <span class='ocrx_word' id='word_1_551' title='bbox 2566 1242 2709 1314; x_wconf 90' lang='lat' dir='ltr'><strong>quod</strong></span> <span class='ocrx_word' id='word_1_552' title='bbox 2736 1242 2827 1298; x_wconf 89' lang='lat' dir='ltr'><strong>dat</strong></span> <span class='ocrx_word' id='word_1_553' title='bbox 2850 1252 2906 1299; x_wconf 93' lang='lat' dir='ltr'><strong>et</strong></span> <span class='ocrx_word' id='word_1_554' title='bbox 2935 1258 3041 1298; x_wconf 89' lang='lat' dir='ltr'><strong>non</strong></span> <span class='ocrx_word' id='word_1_555' title='bbox 3069 1241 3231 1296; x_wconf 89' lang='lat' dir='ltr'><strong>bono.</strong></span> <span class='ocrx_word' id='word_1_556' title='bbox 3257 1238 3389 1295; x_wconf 82' lang='lat' dir='ltr'><strong>Nam</strong></span> <span class='ocrx_word' id='word_1_557' title='bbox 3414 1236 3462 1294; x_wconf 82' lang='lat' dir='ltr'><strong>si</strong></span> <span class='ocrx_word' id='word_1_558' title='bbox 3489 1252 3587 1309; x_wconf 91' lang='lat' dir='ltr'><strong>pro</strong></span> <span class='ocrx_word' id='word_1_559' title='bbox 3610 1253 3803 1307; x_wconf 72' lang='lat' dir='ltr'><strong>magiis</strong></span> 
     </span>
    </p>
   </div>
   <div class='ocr_carea' id='block_1_73' title="bbox 2210 1327 3803 1405">
    <p class='ocr_par' dir='ltr' id='par_1_73' title="bbox 2210 1327 3803 1405">
     <span class='ocr_line' id='line_1_73' title="bbox 2210 1327 3803 1405; baseline -0.006 -14"><span class='ocrx_word' id='word_1_560' title='bbox 2210 1350 2270 1391; x_wconf 89' lang='lat' dir='ltr'><strong>ea</strong></span> <span class='ocrx_word' id='word_1_561' title='bbox 2301 1333 2477 1405; x_wconf 81' lang='lat' dir='ltr'><strong>daret,</strong></span> <span class='ocrx_word' id='word_1_562' title='bbox 2512 1333 2667 1388; x_wconf 87' lang='lat' dir='ltr'><strong>malis</strong></span> <span class='ocrx_word' id='word_1_563' title='bbox 2707 1348 2767 1389; x_wconf 89' lang='lat' dir='ltr'><strong>ea</strong></span> <span class='ocrx_word' id='word_1_564' title='bbox 2808 1347 2914 1389; x_wconf 90' lang='lat' dir='ltr'><strong>non</strong></span> <span class='ocrx_word' id='word_1_565' title='bbox 2952 1331 3126 1388; x_wconf 75' lang='lat' dir='ltr'><strong>daret.</strong></span> <span class='ocrx_word' id='word_1_566' title='bbox 3164 1328 3291 1386; x_wconf 87' lang='lat' dir='ltr'><strong>Ideo</strong></span> <span class='ocrx_word' id='word_1_567' title='bbox 3326 1338 3505 1385; x_wconf 87' lang='lat' dir='ltr'><strong>autem</strong></span> <span class='ocrx_word' id='word_1_568' title='bbox 3542 1343 3607 1384; x_wconf 85' lang='lat' dir='ltr'><strong>ea</strong></span> <span class='ocrx_word' id='word_1_569' title='bbox 3635 1327 3803 1383; x_wconf 91' lang='lat' dir='ltr'><strong>voluit</strong></span> 
     </span>
    </p>
   </div>
   <div class='ocr_carea' id='block_1_74' title="bbox 2209 1419 3797 1491">
    <p class='ocr_par' dir='ltr' id='par_1_74' title="bbox 2209 1419 3797 1491">
     <span class='ocr_line' id='line_1_74' title="bbox 2209 1419 3797 1491; baseline -0.004 -11"><span class='ocrx_word' id='word_1_570' title='bbox 2209 1426 2340 1481; x_wconf 88' lang='lat' dir='ltr'><strong>dare</strong></span> <span class='ocrx_word' id='word_1_571' title='bbox 2366 1434 2420 1479; x_wconf 90' lang='lat' dir='ltr'><strong>et</strong></span> <span class='ocrx_word' id='word_1_572' title='bbox 2448 1428 2637 1491; x_wconf 88' lang='lat' dir='ltr'><strong>malis,</strong></span> <span class='ocrx_word' id='word_1_573' title='bbox 2670 1431 2728 1479; x_wconf 91' lang='lat' dir='ltr'><strong>ut</strong></span> <span class='ocrx_word' id='word_1_574' title='bbox 2762 1423 2973 1480; x_wconf 84' lang='lat' dir='ltr'><strong>discant</strong></span> <span class='ocrx_word' id='word_1_575' title='bbox 3008 1422 3133 1479; x_wconf 91' lang='lat' dir='ltr'><strong>boni</strong></span> <span class='ocrx_word' id='word_1_576' title='bbox 3173 1420 3316 1478; x_wconf 82' lang='lat' dir='ltr'><strong>aliud</strong></span> <span class='ocrx_word' id='word_1_577' title='bbox 3339 1419 3409 1477; x_wconf 82' lang='lat' dir='ltr'><strong>ab</strong></span> <span class='ocrx_word' id='word_1_578' title='bbox 3435 1435 3503 1475; x_wconf 88' lang='lat' dir='ltr'><strong>eo</strong></span> <span class='ocrx_word' id='word_1_579' title='bbox 3523 1432 3797 1489; x_wconf 64' lang='lat' dir='ltr'><strong>quaerere,</strong></span> 
     </span>
    </p>
   </div>
   <div class='ocr_carea' id='block_1_75' title="bbox 2210 1510 3799 1587">
    <p class='ocr_par' dir='ltr' id='par_1_75' title="bbox 2210 1510 3799 1587">
     <span class='ocr_line' id='line_1_75' title="bbox 2210 1510 3799 1587; baseline -0.004 -15"><span class='ocrx_word' id='word_1_580' title='bbox 2210 1515 2351 1587; x_wconf 83' lang='lat' dir='ltr'><strong>quod</strong></span> <span class='ocrx_word' id='word_1_581' title='bbox 2382 1530 2487 1571; x_wconf 92' lang='lat' dir='ltr'><strong>non</strong></span> <span class='ocrx_word' id='word_1_582' title='bbox 2513 1514 2604 1571; x_wconf 91' lang='lat' dir='ltr'><strong>dat</strong></span> <span class='ocrx_word' id='word_1_583' title='bbox 2626 1522 2682 1570; x_wconf 89' lang='lat' dir='ltr'><strong>et</strong></span> <span class='ocrx_word' id='word_1_584' title='bbox 2708 1514 2881 1570; x_wconf 87' lang='lat' dir='ltr'><strong>malis.</strong></span> <span class='ocrx_word' id='word_1_585' title='bbox 2910 1514 2986 1570; x_wconf 91' lang='lat' dir='ltr'><strong>llli</strong></span> <span class='ocrx_word' id='word_1_586' title='bbox 3014 1522 3192 1569; x_wconf 88' lang='lat' dir='ltr'><strong>autem</strong></span> <span class='ocrx_word' id='word_1_587' title='bbox 3218 1513 3541 1568; x_wconf 81' lang='lat' dir='ltr'><strong>inluerentes</strong></span> <span class='ocrx_word' id='word_1_588' title='bbox 3571 1510 3799 1566; x_wconf 83' lang='lat' dir='ltr'><strong>terrenis</strong></span> 
     </span>
    </p>
   </div>
   <div class='ocr_carea' id='block_1_76' title="bbox 2209 1599 3799 1678">
    <p class='ocr_par' dir='ltr' id='par_1_76' title="bbox 2209 1599 3799 1678">
     <span class='ocr_line' id='line_1_76' title="bbox 2209 1599 3799 1678; baseline -0.003 -15"><span class='ocrx_word' id='word_1_589' title='bbox 2209 1608 2430 1672; x_wconf 87' lang='lat' dir='ltr'><strong>miseri,</strong></span> <span class='ocrx_word' id='word_1_590' title='bbox 2464 1615 2519 1662; x_wconf 91' lang='lat' dir='ltr'><strong>et</strong></span> <span class='ocrx_word' id='word_1_591' title='bbox 2555 1622 2661 1662; x_wconf 91' lang='lat' dir='ltr'><strong>non</strong></span> <span class='ocrx_word' id='word_1_592' title='bbox 2689 1606 2759 1663; x_wconf 91' lang='lat' dir='ltr'><strong>de</strong></span> <span class='ocrx_word' id='word_1_593' title='bbox 2782 1599 2878 1663; x_wconf 86' lang='lat' dir='ltr'><strong>illo</strong></span> <span class='ocrx_word' id='word_1_594' title='bbox 2903 1615 3288 1678; x_wconf 65' lang='lat' dir='ltr'><strong>praesumentes</strong></span> <span class='ocrx_word' id='word_1_595' title='bbox 3318 1605 3407 1677; x_wconf 85' lang='lat' dir='ltr'><strong>qui</strong></span> <span class='ocrx_word' id='word_1_596' title='bbox 3444 1603 3571 1659; x_wconf 88' lang='lat' dir='ltr'><strong>fecit</strong></span> <span class='ocrx_word' id='word_1_597' title='bbox 3603 1603 3799 1660; x_wconf 73' lang='lat' dir='ltr'><strong>coelum</strong></span> 
     </span>
    </p>
   </div>
   <div class='ocr_carea' id='block_1_77' title="bbox 2208 1695 3794 1771">
    <p class='ocr_par' dir='ltr' id='par_1_77' title="bbox 2208 1695 3794 1771">
     <span class='ocr_line' id='line_1_77' title="bbox 2208 1695 3794 1771; baseline -0.003 -16"><span class='ocrx_word' id='word_1_598' title='bbox 2208 1708 2264 1755; x_wconf 90' lang='lat' dir='ltr'><strong>et</strong></span> <span class='ocrx_word' id='word_1_599' title='bbox 2293 1709 2510 1765; x_wconf 87' lang='lat' dir='ltr'><strong>terram,</strong></span> <span class='ocrx_word' id='word_1_600' title='bbox 2537 1698 2629 1771; x_wconf 88' lang='lat' dir='ltr'><strong>qui</strong></span> <span class='ocrx_word' id='word_1_601' title='bbox 2655 1698 2737 1755; x_wconf 92' lang='lat' dir='ltr'><strong>eis</strong></span> <span class='ocrx_word' id='word_1_602' title='bbox 2761 1696 2907 1755; x_wconf 90' lang='lat' dir='ltr'><strong>dedit</strong></span> <span class='ocrx_word' id='word_1_603' title='bbox 2928 1709 2985 1754; x_wconf 92' lang='lat' dir='ltr'><strong>et</strong></span> <span class='ocrx_word' id='word_1_604' title='bbox 3009 1699 3119 1769; x_wconf 88' lang='lat' dir='ltr'><strong>ipsa</strong></span> <span class='ocrx_word' id='word_1_605' title='bbox 3149 1708 3378 1761; x_wconf 89' lang='lat' dir='ltr'><strong>terrena,</strong></span> <span class='ocrx_word' id='word_1_606' title='bbox 3405 1695 3497 1768; x_wconf 85' lang='lat' dir='ltr'><strong>qui</strong></span> <span class='ocrx_word' id='word_1_607' title='bbox 3520 1710 3615 1752; x_wconf 86' lang='lat' dir='ltr'><strong>eos</strong></span> <span class='ocrx_word' id='word_1_608' title='bbox 3636 1696 3794 1751; x_wconf 85' lang='lat' dir='ltr'><strong>etiam</strong></span> 
     </span>
    </p>
   </div>
   <div class='ocr_carea' id='block_1_78' title="bbox 2209 1785 3797 1861">
    <p class='ocr_par' dir='ltr' id='par_1_78' title="bbox 2209 1785 3797 1861">
     <span class='ocr_line' id='line_1_78' title="bbox 2209 1785 3797 1861; baseline -0.001 -16"><span class='ocrx_word' id='word_1_609' title='bbox 2209 1789 2575 1861; x_wconf 87' lang='lat' dir='ltr'><strong>temporaliter</strong></span> <span class='ocrx_word' id='word_1_610' title='bbox 2598 1788 2669 1845; x_wconf 86' lang='lat' dir='ltr'><strong>de</strong></span> <span class='ocrx_word' id='word_1_611' title='bbox 2696 1787 2915 1861; x_wconf 68' lang='lat' dir='ltr'><strong>Egypti</strong></span> <span class='ocrx_word' id='word_1_612' title='bbox 2943 1785 3249 1860; x_wconf 83' lang='lat' dir='ltr'><strong>captivitate</strong></span> <span class='ocrx_word' id='word_1_613' title='bbox 3279 1786 3555 1853; x_wconf 88' lang='lat' dir='ltr'><strong>liberavit,</strong></span> <span class='ocrx_word' id='word_1_614' title='bbox 3583 1787 3677 1858; x_wconf 84' lang='lat' dir='ltr'><strong>qui</strong></span> <span class='ocrx_word' id='word_1_615' title='bbox 3704 1799 3797 1843; x_wconf 81' lang='lat' dir='ltr'><strong>eos</strong></span> 
     </span>
    </p>
   </div>
   <div class='ocr_carea' id='block_1_79' title="bbox 2207 1870 3794 1952">
    <p class='ocr_par' dir='ltr' id='par_1_79' title="bbox 2207 1870 3794 1952">
     <span class='ocr_line' id='line_1_79' title="bbox 2207 1870 3794 1952; baseline 0 -16"><span class='ocrx_word' id='word_1_616' title='bbox 2207 1896 2307 1952; x_wconf 86' lang='lat' dir='ltr'><strong>per</strong></span> <span class='ocrx_word' id='word_1_617' title='bbox 2332 1880 2560 1938; x_wconf 87' lang='lat' dir='ltr'><strong>divisum</strong></span> <span class='ocrx_word' id='word_1_618' title='bbox 2600 1897 2747 1938; x_wconf 87' lang='lat' dir='ltr'><strong>mare</strong></span> <span class='ocrx_word' id='word_1_619' title='bbox 2774 1882 2954 1947; x_wconf 77' lang='lat' dir='ltr'><strong>duxit,</strong></span> <span class='ocrx_word' id='word_1_620' title='bbox 2981 1886 3071 1951; x_wconf 79' lang='lat' dir='ltr'><strong>qui</strong></span> <span class='ocrx_word' id='word_1_621' title='bbox 3106 1895 3291 1937; x_wconf 90' lang='lat' dir='ltr'><strong>eorum</strong></span> <span class='ocrx_word' id='word_1_622' title='bbox 3330 1870 3573 1937; x_wconf 86' lang='lat' dir='ltr'><strong>inimicos</strong></span> <span class='ocrx_word' id='word_1_623' title='bbox 3608 1895 3794 1952; x_wconf 86' lang='lat' dir='ltr'><strong>perse-</strong></span> 
     </span>
    </p>
   </div>
   <div class='ocr_carea' id='block_1_80' title="bbox 2208 1972 3793 2047">
    <p class='ocr_par' dir='ltr' id='par_1_80' title="bbox 2208 1972 3793 2047">
     <span class='ocr_line' id='line_1_80' title="bbox 2208 1972 3793 2047; baseline 0.002 -19"><span class='ocrx_word' id='word_1_624' title='bbox 2208 1984 2432 2047; x_wconf 84' lang='lat' dir='ltr'><strong>quentes</strong></span> <span class='ocrx_word' id='word_1_625' title='bbox 2458 1973 2708 2031; x_wconf 82' lang='lat' dir='ltr'><strong>fluctibus</strong></span> <span class='ocrx_word' id='word_1_626' title='bbox 2735 1974 2913 2030; x_wconf 90' lang='lat' dir='ltr'><strong>obruit</strong></span> <span class='ocrx_word' id='word_1_627' title='bbox 2943 1972 3149 2046; x_wconf 66' lang='lat' dir='ltr'><strong>(Exod.</strong></span> <span class='ocrx_word' id='word_1_628' title='bbox 3180 1989 3284 2040; x_wconf 83' lang='lat' dir='ltr'><strong>xlv,</strong></span> <span class='ocrx_word' id='word_1_629' title='bbox 3316 1973 3407 2039; x_wconf 73' lang='lat'><strong>22,</strong></span> <span class='ocrx_word' id='word_1_630' title='bbox 3431 1972 3577 2046; x_wconf 68' lang='lat'><strong>28);</strong></span> <span class='ocrx_word' id='word_1_631' title='bbox 3605 1989 3713 2030; x_wconf 91' lang='lat' dir='ltr'><strong>non</strong></span> <span class='ocrx_word' id='word_1_632' title='bbox 3743 1975 3793 2031; x_wconf 89' lang='lat' dir='ltr'><strong>in</strong></span> 
     </span>
    </p>
   </div>
   <div class='ocr_carea' id='block_1_81' title="bbox 2207 2065 3792 2138">
    <p class='ocr_par' dir='ltr' id='par_1_81' title="bbox 2207 2065 3792 2138">
     <span class='ocr_line' id='line_1_81' title="bbox 2207 2065 3792 2138; baseline 0.001 -17"><span class='ocrx_word' id='word_1_633' title='bbox 2207 2066 2300 2122; x_wconf 90' lang='lat' dir='ltr'><strong>illo</strong></span> <span class='ocrx_word' id='word_1_634' title='bbox 2325 2070 2711 2136; x_wconf 62' lang='lat' dir='ltr'><strong>praesumentes</strong></span> <span class='ocrx_word' id='word_1_635' title='bbox 2730 2067 2819 2137; x_wconf 88' lang='lat' dir='ltr'><strong>qui</strong></span> <span class='ocrx_word' id='word_1_636' title='bbox 2845 2066 2999 2122; x_wconf 89' lang='lat' dir='ltr'><strong>daret</strong></span> <span class='ocrx_word' id='word_1_637' title='bbox 3020 2065 3204 2138; x_wconf 88' lang='lat' dir='ltr'><strong>utique</strong></span> <span class='ocrx_word' id='word_1_638' title='bbox 3225 2065 3459 2122; x_wconf 70' lang='lat' dir='ltr'><strong>coelestia</strong></span> <span class='ocrx_word' id='word_1_639' title='bbox 3483 2066 3792 2136; x_wconf 70' lang='lat' dir='ltr'><strong>grandibus.</strong></span> 
     </span>
    </p>
   </div>
   <div class='ocr_carea' id='block_1_82' title="bbox 2206 2155 3794 2228">
    <p class='ocr_par' dir='ltr' id='par_1_82' title="bbox 2206 2155 3794 2228">
     <span class='ocr_line' id='line_1_82' title="bbox 2206 2155 3794 2228; baseline 0 -16"><span class='ocrx_word' id='word_1_640' title='bbox 2206 2157 2344 2214; x_wconf 88' lang='lat' dir='ltr'><strong>sicut</strong></span> <span class='ocrx_word' id='word_1_641' title='bbox 2379 2168 2590 2217; x_wconf 87' lang='lat' dir='ltr'><strong>terrena</strong></span> <span class='ocrx_word' id='word_1_642' title='bbox 2629 2156 2862 2227; x_wconf 87' lang='lat' dir='ltr'><strong>parvulis</strong></span> <span class='ocrx_word' id='word_1_643' title='bbox 2892 2155 3076 2223; x_wconf 86' lang='lat' dir='ltr'><strong>dedit,</strong></span> <span class='ocrx_word' id='word_1_644' title='bbox 3111 2157 3361 2217; x_wconf 86' lang='lat' dir='ltr'><strong>timentes</strong></span> <span class='ocrx_word' id='word_1_645' title='bbox 3398 2155 3621 2227; x_wconf 87' lang='lat' dir='ltr'><strong>perdere</strong></span> <span class='ocrx_word' id='word_1_646' title='bbox 3652 2156 3794 2228; x_wconf 84' lang='lat' dir='ltr'><strong>quod</strong></span> 
     </span>
    </p>
   </div>
   <div class='ocr_carea' id='block_1_83' title="bbox 2206 2246 3791 2320">
    <p class='ocr_par' dir='ltr' id='par_1_83' title="bbox 2206 2246 3791 2320">
     <span class='ocr_line' id='line_1_83' title="bbox 2206 2246 3791 2320; baseline -0.001 -16"><span class='ocrx_word' id='word_1_647' title='bbox 2206 2259 2558 2320; x_wconf 88' lang='lat' dir='ltr'><strong>acceperant,</strong></span> <span class='ocrx_word' id='word_1_648' title='bbox 2601 2248 2918 2305; x_wconf 89' lang='lat' dir='ltr'><strong>occiderunt</strong></span> <span class='ocrx_word' id='word_1_649' title='bbox 2954 2248 3045 2317; x_wconf 89' lang='lat' dir='ltr'><strong>qui</strong></span> <span class='ocrx_word' id='word_1_650' title='bbox 3086 2246 3328 2304; x_wconf 83' lang='lat' dir='ltr'><strong>dederat.</strong></span> <span class='ocrx_word' id='word_1_651' title='bbox 3369 2248 3494 2303; x_wconf 72' lang='lat' dir='ltr'><strong>ﬁtec</strong></span> <span class='ocrx_word' id='word_1_652' title='bbox 3530 2247 3791 2317; x_wconf 86' lang='lat' dir='ltr'><strong>dicimus,</strong></span> 
     </span>
    </p>
   </div>
   <div class='ocr_carea' id='block_1_84' title="bbox 2204 2339 3793 2411">
    <p class='ocr_par' dir='ltr' id='par_1_84' title="bbox 2204 2339 3793 2411">
     <span class='ocr_line' id='line_1_84' title="bbox 2204 2339 3793 2411; baseline -0.002 -13"><span class='ocrx_word' id='word_1_653' title='bbox 2204 2341 2419 2411; x_wconf 83' lang='lat' dir='ltr'><strong>fratrea,</strong></span> <span class='ocrx_word' id='word_1_654' title='bbox 2446 2353 2504 2397; x_wconf 93' lang='lat' dir='ltr'><strong>ut</strong></span> <span class='ocrx_word' id='word_1_655' title='bbox 2529 2342 2773 2398; x_wconf 88' lang='lat' dir='ltr'><strong>homines</strong></span> <span class='ocrx_word' id='word_1_656' title='bbox 2790 2342 2807 2374; x_wconf 79' lang='grc' dir='ltr'>ί</span> <span class='ocrx_word' id='word_1_657' title='bbox 2828 2342 2898 2398; x_wconf 90' lang='lat' dir='ltr'><strong>de</strong></span> <span class='ocrx_word' id='word_1_658' title='bbox 2918 2339 3067 2397; x_wconf 81' lang='lat' dir='ltr'><strong>Novo</strong></span> <span class='ocrx_word' id='word_1_659' title='bbox 3089 2340 3433 2397; x_wconf 86' lang='lat' dir='ltr'><strong>Testamento</strong></span> <span class='ocrx_word' id='word_1_660' title='bbox 3449 2339 3669 2396; x_wconf 85' lang='lat' dir='ltr'><strong>discatis</strong></span> <span class='ocrx_word' id='word_1_661' title='bbox 3685 2353 3793 2395; x_wconf 78' lang='lat' dir='ltr'><strong>nun</strong></span> 
     </span>
    </p>
   </div>
   <div class='ocr_carea' id='block_1_85' title="bbox 2204 2429 3795 2490">
    <p class='ocr_par' dir='ltr' id='par_1_85' title="bbox 2204 2429 3795 2490">
     <span class='ocr_line' id='line_1_85' title="bbox 2204 2429 3795 2490; baseline -0.001 -1"><span class='ocrx_word' id='word_1_662' title='bbox 2204 2432 2468 2489; x_wconf 67' lang='lat' dir='ltr'><strong>inhazrere</strong></span> <span class='ocrx_word' id='word_1_663' title='bbox 2494 2433 2741 2490; x_wconf 89' lang='lat' dir='ltr'><strong>terrenis.</strong></span> <span class='ocrx_word' id='word_1_664' title='bbox 2768 2432 2824 2489; x_wconf 92' lang='lat' dir='ltr'><strong>Si</strong></span> <span class='ocrx_word' id='word_1_665' title='bbox 2844 2432 2989 2488; x_wconf 91' lang='lat' dir='ltr'><strong>enim</strong></span> <span class='ocrx_word' id='word_1_666' title='bbox 3016 2430 3093 2487; x_wconf 91' lang='lat' dir='ltr'><strong>illi</strong></span> <span class='ocrx_word' id='word_1_667' title='bbox 3115 2429 3545 2488; x_wconf 83' lang='lat' dir='ltr'><strong>incxcusabiliter</strong></span> <span class='ocrx_word' id='word_1_668' title='bbox 3566 2431 3795 2488; x_wconf 83' lang='lat' dir='ltr'><strong>terrenis</strong></span> 
     </span>
    </p>
   </div>
   <div class='ocr_carea' id='block_1_86' title="bbox 2206 2524 3795 2598">
    <p class='ocr_par' dir='ltr' id='par_1_86' title="bbox 2206 2524 3795 2598">
     <span class='ocr_line' id='line_1_86' title="bbox 2206 2524 3795 2598; baseline -0.001 -18"><span class='ocrx_word' id='word_1_669' title='bbox 2206 2526 2552 2593; x_wconf 79' lang='lat' dir='ltr'><strong>inhzcscrunt,</strong></span> <span class='ocrx_word' id='word_1_670' title='bbox 2584 2526 2780 2598; x_wconf 91' lang='lat' dir='ltr'><strong>quibus</strong></span> <span class='ocrx_word' id='word_1_671' title='bbox 2805 2525 2978 2596; x_wconf 90' lang='lat' dir='ltr'><strong>ipsum</strong></span> <span class='ocrx_word' id='word_1_672' title='bbox 3003 2525 3209 2581; x_wconf 84' lang='lat' dir='ltr'><strong>Novum</strong></span> <span class='ocrx_word' id='word_1_673' title='bbox 3238 2524 3635 2580; x_wconf 85' lang='lat' dir='ltr'><strong>Testamentum</strong></span> <span class='ocrx_word' id='word_1_674' title='bbox 3659 2540 3795 2580; x_wconf 85' lang='lat' dir='ltr'><strong>non-</strong></span> 
     </span>
    </p>
   </div>
   <div class='ocr_carea' id='block_1_87' title="bbox 2204 2616 3793 2688">
    <p class='ocr_par' dir='ltr' id='par_1_87' title="bbox 2204 2616 3793 2688">
     <span class='ocr_line' id='line_1_87' title="bbox 2204 2616 3793 2688; baseline 0.001 -14"><span class='ocrx_word' id='word_1_675' title='bbox 2204 2618 2331 2674; x_wconf 89' lang='lat' dir='ltr'><strong>dum</strong></span> <span class='ocrx_word' id='word_1_676' title='bbox 2359 2617 2533 2675; x_wconf 86' lang='lat' dir='ltr'><strong>fuerat</strong></span> <span class='ocrx_word' id='word_1_677' title='bbox 2558 2618 2893 2684; x_wconf 87' lang='lat' dir='ltr'><strong>revelatum;</strong></span> <span class='ocrx_word' id='word_1_678' title='bbox 2921 2626 3120 2688; x_wconf 79' lang='lat' dir='ltr'><strong>quanto</strong></span> <span class='ocrx_word' id='word_1_679' title='bbox 3148 2616 3559 2675; x_wconf 81' lang='lat' dir='ltr'><strong>inexcusabilius</strong></span> <span class='ocrx_word' id='word_1_680' title='bbox 3583 2626 3793 2676; x_wconf 87' lang='lat' dir='ltr'><strong>terrena</strong></span> 
     </span>
    </p>
   </div>
   <div class='ocr_carea' id='block_1_88' title="bbox 2203 2708 3793 2784">
    <p class='ocr_par' dir='ltr' id='par_1_88' title="bbox 2203 2708 3793 2784">
     <span class='ocr_line' id='line_1_88' title="bbox 2203 2708 3793 2784; baseline -0.001 -17"><span class='ocrx_word' id='word_1_681' title='bbox 2203 2722 2495 2779; x_wconf 85' lang='lat' dir='ltr'><strong>sectantur,</strong></span> <span class='ocrx_word' id='word_1_682' title='bbox 2524 2712 2717 2784; x_wconf 84' lang='lat' dir='ltr'><strong>quibus</strong></span> <span class='ocrx_word' id='word_1_683' title='bbox 2738 2711 2850 2784; x_wconf 84' lang='lat' dir='ltr'><strong>jam</strong></span> <span class='ocrx_word' id='word_1_684' title='bbox 2883 2710 3143 2781; x_wconf 87' lang='lat' dir='ltr'><strong>promissa</strong></span> <span class='ocrx_word' id='word_1_685' title='bbox 3168 2710 3407 2767; x_wconf 70' lang='lat' dir='ltr'><strong>cmlestia</strong></span> <span class='ocrx_word' id='word_1_686' title='bbox 3441 2710 3492 2766; x_wconf 92' lang='lat' dir='ltr'><strong>in</strong></span> <span class='ocrx_word' id='word_1_687' title='bbox 3519 2708 3668 2766; x_wconf 82' lang='lat' dir='ltr'><strong>Novo</strong></span> <span class='ocrx_word' id='word_1_688' title='bbox 3688 2709 3793 2766; x_wconf 86' lang='lat' dir='ltr'><strong>Te-</strong></span> 
     </span>
    </p>
   </div>
   <div class='ocr_carea' id='block_1_89' title="bbox 2200 2799 3789 2865">
    <p class='ocr_par' dir='ltr' id='par_1_89' title="bbox 2200 2799 3789 2865">
     <span class='ocr_line' id='line_1_89' title="bbox 2200 2799 3789 2865; baseline -0.003 -5"><span class='ocrx_word' id='word_1_689' title='bbox 2200 2812 2469 2860; x_wconf 88' lang='lat' dir='ltr'><strong>stamento</strong></span> <span class='ocrx_word' id='word_1_690' title='bbox 2504 2804 2740 2861; x_wconf 84' lang='lat' dir='ltr'><strong>revelata</strong></span> <span class='ocrx_word' id='word_1_691' title='bbox 2776 2804 2933 2859; x_wconf 78' lang='lat' dir='ltr'><strong>sunt!</strong></span> <span class='ocrx_word' id='word_1_692' title='bbox 2974 2801 3113 2858; x_wconf 81' lang='lat' dir='ltr'><strong>Nam</strong></span> <span class='ocrx_word' id='word_1_693' title='bbox 3149 2801 3397 2865; x_wconf 90' lang='lat' dir='ltr'><strong>recolite,</strong></span> <span class='ocrx_word' id='word_1_694' title='bbox 3428 2799 3621 2857; x_wconf 87' lang='lat' dir='ltr'><strong>fratres</strong></span> <span class='ocrx_word' id='word_1_695' title='bbox 3649 2802 3789 2864; x_wconf 85' lang='lat' dir='ltr'><strong>mei,</strong></span> 
     </span>
    </p>
   </div>
   <div class='ocr_carea' id='block_1_90' title="bbox 2201 2884 3791 2969">
    <p class='ocr_par' dir='ltr' id='par_1_90' title="bbox 2201 2884 3791 2969">
     <span class='ocr_line' id='line_1_90' title="bbox 2201 2884 3791 2969; baseline -0.003 -17"><span class='ocrx_word' id='word_1_696' title='bbox 2201 2898 2330 2969; x_wconf 89' lang='lat' dir='ltr'><strong>quid</strong></span> <span class='ocrx_word' id='word_1_697' title='bbox 2358 2896 2558 2952; x_wconf 88' lang='lat' dir='ltr'><strong>dictum</strong></span> <span class='ocrx_word' id='word_1_698' title='bbox 2585 2897 2655 2953; x_wconf 92' lang='lat' dir='ltr'><strong>sit</strong></span> <span class='ocrx_word' id='word_1_699' title='bbox 2680 2911 2710 2951; x_wconf 89' lang='lat' dir='ltr'><strong>a</strong></span> <span class='ocrx_word' id='word_1_700' title='bbox 2753 2884 3195 2968; x_wconf 81' lang='lat' dir='ltr'><strong>persequentibus</strong></span> <span class='ocrx_word' id='word_1_701' title='bbox 3227 2894 3519 2951; x_wconf 87' lang='lat' dir='ltr'><strong>Christum.</strong></span> <span class='ocrx_word' id='word_1_702' title='bbox 3548 2893 3609 2950; x_wconf 88' lang='lat' dir='ltr'><strong>Si</strong></span> <span class='ocrx_word' id='word_1_703' title='bbox 3636 2893 3791 2948; x_wconf 71' lang='lat' dir='ltr'><strong>dimi-</strong></span> 
     </span>
    </p>
   </div>
   <div class='ocr_carea' id='block_1_91' title="bbox 2200 2986 3789 3056">
    <p class='ocr_par' dir='ltr' id='par_1_91' title="bbox 2200 2986 3789 3056">
     <span class='ocr_line' id='line_1_91' title="bbox 2200 2986 3789 3056; baseline -0.003 -11"><span class='ocrx_word' id='word_1_704' title='bbox 2200 2989 2414 3045; x_wconf 75' lang='lat' dir='ltr'><strong>serimus</strong></span> <span class='ocrx_word' id='word_1_705' title='bbox 2438 3005 2573 3056; x_wconf 77' lang='lat' dir='ltr'><strong>cant,</strong></span> <span class='ocrx_word' id='word_1_706' title='bbox 2594 2989 2790 3045; x_wconf 74' lang='lat' dir='ltr'><strong>uenient</strong></span> <span class='ocrx_word' id='word_1_707' title='bbox 2815 2986 3055 3055; x_wconf 80' lang='lat' dir='ltr'><strong>Romani,</strong></span> <span class='ocrx_word' id='word_1_708' title='bbox 3083 2996 3128 3043; x_wconf 81' lang='lat' dir='ltr'><strong>et</strong></span> <span class='ocrx_word' id='word_1_709' title='bbox 3150 2986 3327 3044; x_wconf 72' lang='lat' dir='ltr'><strong>tollent</strong></span> <span class='ocrx_word' id='word_1_710' title='bbox 3350 2986 3512 3049; x_wconf 76' lang='lat' dir='ltr'><strong>nobis.</strong></span> <span class='ocrx_word' id='word_1_711' title='bbox 3535 2995 3581 3041; x_wconf 77' lang='lat' dir='ltr'><strong>rt</strong></span> <span class='ocrx_word' id='word_1_712' title='bbox 3599 2988 3789 3053; x_wconf 66' lang='lat' dir='ltr'><strong>(eam,</strong></span> 
     </span>
    </p>
   </div>
   <div class='ocr_carea' id='block_1_92' title="bbox 2199 3076 3787 3153">
    <p class='ocr_par' dir='ltr' id='par_1_92' title="bbox 2199 3076 3787 3153">
     <span class='ocr_line' id='line_1_92' title="bbox 2199 3076 3787 3153; baseline -0.001 -19"><span class='ocrx_word' id='word_1_713' title='bbox 2199 3089 2248 3135; x_wconf 76' lang='lat' dir='ltr'><strong>et</strong></span> <span class='ocrx_word' id='word_1_714' title='bbox 2269 3090 2466 3153; x_wconf 66' lang='lat' dir='ltr'><strong>guttam</strong></span> <span class='ocrx_word' id='word_1_715' title='bbox 2492 3078 2672 3153; x_wconf 74' lang='lat' dir='ltr'><strong>(locu.</strong></span> <span class='ocrx_word' id='word_1_716' title='bbox 2704 3095 2782 3149; x_wconf 75' lang='lat' dir='ltr'><strong>xl,</strong></span> <span class='ocrx_word' id='word_1_717' title='bbox 2809 3078 2927 3151; x_wconf 75' lang='grc'><strong>48).</strong></span> <span class='ocrx_word' id='word_1_718' title='bbox 2953 3077 3143 3136; x_wconf 82' lang='lat' dir='ltr'><strong>Videte</strong></span> <span class='ocrx_word' id='word_1_719' title='bbox 3166 3078 3291 3150; x_wconf 84' lang='lat' dir='ltr'><strong>quia</strong></span> <span class='ocrx_word' id='word_1_720' title='bbox 3318 3076 3556 3134; x_wconf 90' lang='lat' dir='ltr'><strong>timendo</strong></span> <span class='ocrx_word' id='word_1_721' title='bbox 3576 3086 3787 3134; x_wconf 83' lang='lat' dir='ltr'><strong>terrena</strong></span> 
     </span>
    </p>
   </div>
   <div class='ocr_carea' id='block_1_93' title="bbox 2200 3166 3789 3244">
    <p class='ocr_par' dir='ltr' id='par_1_93' title="bbox 2200 3166 3789 3244">
     <span class='ocr_line' id='line_1_93' title="bbox 2200 3166 3789 3244; baseline -0.001 -17"><span class='ocrx_word' id='word_1_722' title='bbox 2200 3171 2458 3243; x_wconf 84' lang='lat' dir='ltr'><strong>perdere,</strong></span> <span class='ocrx_word' id='word_1_723' title='bbox 2487 3186 2666 3244; x_wconf 75' lang='lat' dir='ltr'><strong>regem</strong></span> <span class='ocrx_word' id='word_1_724' title='bbox 2696 3171 2818 3229; x_wconf 79' lang='lat' dir='ltr'><strong>cteli</strong></span> <span class='ocrx_word' id='word_1_725' title='bbox 2856 3169 3185 3228; x_wconf 84' lang='lat' dir='ltr'><strong>occiderunt.</strong></span> <span class='ocrx_word' id='word_1_726' title='bbox 3215 3170 3282 3227; x_wconf 85' lang='lat' dir='ltr'><strong>Et</strong></span> <span class='ocrx_word' id='word_1_727' title='bbox 3311 3169 3437 3243; x_wconf 90' lang='lat' dir='ltr'><strong>quid</strong></span> <span class='ocrx_word' id='word_1_728' title='bbox 3471 3168 3550 3226; x_wconf 85' lang='lat' dir='ltr'><strong>eis</strong></span> <span class='ocrx_word' id='word_1_729' title='bbox 3588 3166 3789 3232; x_wconf 85' lang='lat' dir='ltr'><strong>factum</strong></span> 
     </span>
    </p>
   </div>
   <div class='ocr_carea' id='block_1_94' title="bbox 2199 3260 3791 3335">
    <p class='ocr_par' dir='ltr' id='par_1_94' title="bbox 2199 3260 3791 3335">
     <span class='ocr_line' id='line_1_94' title="bbox 2199 3260 3791 3335; baseline -0.001 -17"><span class='ocrx_word' id='word_1_730' title='bbox 2199 3261 2317 3318; x_wconf 78' lang='lat' dir='ltr'><strong>est?</strong></span> <span class='ocrx_word' id='word_1_731' title='bbox 2342 3262 2692 3335; x_wconf 83' lang='lat' dir='ltr'><strong>Perdiderunt</strong></span> <span class='ocrx_word' id='word_1_732' title='bbox 2708 3260 2871 3320; x_wconf 84' lang='lat' dir='ltr'><strong>etiam</strong></span> <span class='ocrx_word' id='word_1_733' title='bbox 2898 3263 3011 3333; x_wconf 85' lang='lat' dir='ltr'><strong>ipsa</strong></span> <span class='ocrx_word' id='word_1_734' title='bbox 3032 3273 3272 3328; x_wconf 89' lang='lat' dir='ltr'><strong>terrena;</strong></span> <span class='ocrx_word' id='word_1_735' title='bbox 3295 3271 3350 3318; x_wconf 89' lang='lat' dir='ltr'><strong>et</strong></span> <span class='ocrx_word' id='word_1_736' title='bbox 3368 3261 3457 3319; x_wconf 89' lang='lat' dir='ltr'><strong>ubi</strong></span> <span class='ocrx_word' id='word_1_737' title='bbox 3477 3260 3791 3318; x_wconf 85' lang='lat' dir='ltr'><strong>occiderunt</strong></span> 
     </span>
    </p>
   </div>
   <div class='ocr_carea' id='block_1_95' title="bbox 2196 3352 3789 3423">
    <p class='ocr_par' dir='ltr' id='par_1_95' title="bbox 2196 3352 3789 3423">
     <span class='ocr_line' id='line_1_95' title="bbox 2196 3352 3789 3423; baseline -0.001 -14"><span class='ocrx_word' id='word_1_738' title='bbox 2196 3354 2489 3422; x_wconf 84' lang='lat' dir='ltr'><strong>Christum,</strong></span> <span class='ocrx_word' id='word_1_739' title='bbox 2518 3354 2590 3411; x_wconf 90' lang='lat' dir='ltr'><strong>ibi</strong></span> <span class='ocrx_word' id='word_1_740' title='bbox 2608 3354 2772 3411; x_wconf 88' lang='lat' dir='ltr'><strong>occisi</strong></span> <span class='ocrx_word' id='word_1_741' title='bbox 2792 3362 2945 3412; x_wconf 88' lang='lat' dir='ltr'><strong>sunt:</strong></span> <span class='ocrx_word' id='word_1_742' title='bbox 2966 3361 3022 3413; x_wconf 85' lang='lat' dir='ltr'><strong>et</strong></span> <span class='ocrx_word' id='word_1_743' title='bbox 3039 3368 3159 3409; x_wconf 89' lang='lat' dir='ltr'><strong>cum</strong></span> <span class='ocrx_word' id='word_1_744' title='bbox 3180 3363 3376 3409; x_wconf 87' lang='lat' dir='ltr'><strong>terram</strong></span> <span class='ocrx_word' id='word_1_745' title='bbox 3402 3352 3643 3409; x_wconf 85' lang='lat' dir='ltr'><strong>nolentes</strong></span> <span class='ocrx_word' id='word_1_746' title='bbox 3665 3366 3789 3423; x_wconf 82' lang='lat' dir='ltr'><strong>pcr-</strong></span> 
     </span>
    </p>
   </div>
   <div class='ocr_carea' id='block_1_96' title="bbox 2197 3432 3785 3515">
    <p class='ocr_par' dir='ltr' id='par_1_96' title="bbox 2197 3432 3785 3515">
     <span class='ocr_line' id='line_1_96' title="bbox 2197 3432 3785 3515; baseline 0.002 -16"><span class='ocrx_word' id='word_1_747' title='bbox 2197 3446 2326 3502; x_wconf 88' lang='lat' dir='ltr'><strong>dere</strong></span> <span class='ocrx_word' id='word_1_748' title='bbox 2344 3489 2361 3513; x_wconf 92' lang='lat'><strong>,</strong></span> <span class='ocrx_word' id='word_1_749' title='bbox 2388 3446 2631 3504; x_wconf 80' lang='lat' dir='ltr'><strong>datorem</strong></span> <span class='ocrx_word' id='word_1_750' title='bbox 2659 3448 2781 3505; x_wconf 67' lang='lat' dir='ltr'><strong>vitte</strong></span> <span class='ocrx_word' id='word_1_751' title='bbox 2808 3446 3151 3515; x_wconf 84' lang='lat' dir='ltr'><strong>occiderunt,</strong></span> <span class='ocrx_word' id='word_1_752' title='bbox 3182 3432 3427 3503; x_wconf 79' lang='lat' dir='ltr'><strong>eamdem</strong></span> <span class='ocrx_word' id='word_1_753' title='bbox 3458 3454 3653 3507; x_wconf 79' lang='lat' dir='ltr'><strong>terram</strong></span> <span class='ocrx_word' id='word_1_754' title='bbox 3687 3460 3785 3502; x_wconf 84' lang='lat' dir='ltr'><strong>oc-</strong></span> 
     </span>
    </p>
   </div>
   <div class='ocr_carea' id='block_1_97' title="bbox 2197 3535 3783 3611">
    <p class='ocr_par' dir='ltr' id='par_1_97' title="bbox 2197 3535 3783 3611">
     <span class='ocr_line' id='line_1_97' title="bbox 2197 3535 3783 3611; baseline -0.005 -16"><span class='ocrx_word' id='word_1_755' title='bbox 2197 3540 2293 3596; x_wconf 89' lang='lat' dir='ltr'><strong>cisi</strong></span> <span class='ocrx_word' id='word_1_756' title='bbox 2323 3539 2699 3611; x_wconf 88' lang='lat' dir='ltr'><strong>perdiderunt;</strong></span> <span class='ocrx_word' id='word_1_757' title='bbox 2724 3548 2779 3596; x_wconf 92' lang='lat' dir='ltr'><strong>et</strong></span> <span class='ocrx_word' id='word_1_758' title='bbox 2804 3553 2871 3595; x_wconf 90' lang='lat' dir='ltr'><strong>eo</strong></span> <span class='ocrx_word' id='word_1_759' title='bbox 2897 3548 3138 3610; x_wconf 87' lang='lat' dir='ltr'><strong>tempore</strong></span> <span class='ocrx_word' id='word_1_760' title='bbox 3156 3552 3264 3609; x_wconf 89' lang='lat' dir='ltr'><strong>quo</strong></span> <span class='ocrx_word' id='word_1_761' title='bbox 3282 3536 3429 3593; x_wconf 88' lang='lat' dir='ltr'><strong>illum</strong></span> <span class='ocrx_word' id='word_1_762' title='bbox 3453 3535 3783 3605; x_wconf 81' lang='lat' dir='ltr'><strong>occiderunt,</strong></span> 
     </span>
    </p>
   </div>
   <div class='ocr_carea' id='block_1_98' title="bbox 2197 3626 3783 3702">
    <p class='ocr_par' dir='ltr' id='par_1_98' title="bbox 2197 3626 3783 3702">
     <span class='ocr_line' id='line_1_98' title="bbox 2197 3626 3783 3702; baseline -0.001 -15"><span class='ocrx_word' id='word_1_763' title='bbox 2197 3644 2257 3687; x_wconf 90' lang='lat' dir='ltr'><strong>ut</strong></span> <span class='ocrx_word' id='word_1_764' title='bbox 2283 3647 2350 3687; x_wconf 80' lang='lat' dir='ltr'><strong>ex</strong></span> <span class='ocrx_word' id='word_1_765' title='bbox 2378 3631 2494 3702; x_wconf 85' lang='lat' dir='ltr'><strong>ipso</strong></span> <span class='ocrx_word' id='word_1_766' title='bbox 2524 3639 2766 3701; x_wconf 87' lang='lat' dir='ltr'><strong>tempore</strong></span> <span class='ocrx_word' id='word_1_767' title='bbox 2788 3630 3206 3687; x_wconf 87' lang='lat' dir='ltr'><strong>admonerentur</strong></span> <span class='ocrx_word' id='word_1_768' title='bbox 3227 3643 3393 3700; x_wconf 84' lang='lat' dir='ltr'><strong>quare</strong></span> <span class='ocrx_word' id='word_1_769' title='bbox 3421 3629 3520 3686; x_wconf 75' lang='lat' dir='ltr'><strong>iata</strong></span> <span class='ocrx_word' id='word_1_770' title='bbox 3547 3626 3783 3699; x_wconf 76' lang='lat' dir='ltr'><strong>perpessi</strong></span> 
     </span>
    </p>
   </div>
   <div class='ocr_carea' id='block_1_99' title="bbox 2197 3720 3783 3792">
    <p class='ocr_par' dir='ltr' id='par_1_99' title="bbox 2197 3720 3783 3792">
     <span class='ocr_line' id='line_1_99' title="bbox 2197 3720 3783 3792; baseline -0.001 -15"><span class='ocrx_word' id='word_1_771' title='bbox 2197 3732 2339 3778; x_wconf 85' lang='lat' dir='ltr'><strong>sunt.</strong></span> <span class='ocrx_word' id='word_1_772' title='bbox 2372 3721 2594 3792; x_wconf 79' lang='lat' dir='ltr'><strong>Quando</strong></span> <span class='ocrx_word' id='word_1_773' title='bbox 2622 3722 2764 3777; x_wconf 90' lang='lat' dir='ltr'><strong>enim</strong></span> <span class='ocrx_word' id='word_1_774' title='bbox 2794 3737 2980 3779; x_wconf 88' lang='lat' dir='ltr'><strong>eversa</strong></span> <span class='ocrx_word' id='word_1_775' title='bbox 3009 3729 3092 3778; x_wconf 87' lang='lat' dir='ltr'><strong>est</strong></span> <span class='ocrx_word' id='word_1_776' title='bbox 3116 3720 3303 3778; x_wconf 81' lang='lat' dir='ltr'><strong>civitas</strong></span> <span class='ocrx_word' id='word_1_777' title='bbox 3328 3720 3654 3786; x_wconf 66' lang='lat' dir='ltr'><strong>Iudaeorum,</strong></span> <span class='ocrx_word' id='word_1_778' title='bbox 3685 3721 3783 3780; x_wconf 59' lang='lat' dir='ltr'><strong>Pa.</strong></span> 
     </span>
    </p>
   </div>
   <div class='ocr_carea' id='block_1_100' title="bbox 2197 3811 3783 3885">
    <p class='ocr_par' dir='ltr' id='par_1_100' title="bbox 2197 3811 3783 3885">
     <span class='ocr_line' id='line_1_100' title="bbox 2197 3811 3783 3885; baseline 0.004 -18"><span class='ocrx_word' id='word_1_779' title='bbox 2197 3812 2708 3878; x_wconf 86' lang='lat' dir='ltr'><strong>schacelebrabant,</strong></span> <span class='ocrx_word' id='word_1_780' title='bbox 2739 3822 2793 3869; x_wconf 90' lang='lat' dir='ltr'><strong>et</strong></span> <span class='ocrx_word' id='word_1_781' title='bbox 2823 3812 2877 3868; x_wconf 92' lang='lat' dir='ltr'><strong>in</strong></span> <span class='ocrx_word' id='word_1_782' title='bbox 2906 3814 3088 3870; x_wconf 90' lang='lat' dir='ltr'><strong>multis</strong></span> <span class='ocrx_word' id='word_1_783' title='bbox 3116 3812 3347 3885; x_wconf 86' lang='lat' dir='ltr'><strong>millibus</strong></span> <span class='ocrx_word' id='word_1_784' title='bbox 3374 3811 3649 3869; x_wconf 86' lang='lat' dir='ltr'><strong>hominum</strong></span> <span class='ocrx_word' id='word_1_785' title='bbox 3674 3824 3783 3873; x_wconf 77' lang='lat' dir='ltr'><strong>tota</strong></span> 
     </span>
    </p>
   </div>
   <div class='ocr_carea' id='block_1_101' title="bbox 2197 3902 3786 3975">
    <p class='ocr_par' dir='ltr' id='par_1_101' title="bbox 2197 3902 3786 3975">
     <span class='ocr_line' id='line_1_101' title="bbox 2197 3902 3786 3975; baseline 0.003 -18"><span class='ocrx_word' id='word_1_786' title='bbox 2197 3904 2313 3974; x_wconf 82' lang='lat' dir='ltr'><strong>ipsa</strong></span> <span class='ocrx_word' id='word_1_787' title='bbox 2341 3920 2471 3975; x_wconf 81' lang='lat' dir='ltr'><strong>gens</strong></span> <span class='ocrx_word' id='word_1_788' title='bbox 2505 3911 2829 3961; x_wconf 76' lang='lat' dir='ltr'><strong>convenerat</strong></span> <span class='ocrx_word' id='word_1_789' title='bbox 2860 3902 2926 3959; x_wconf 87' lang='lat' dir='ltr'><strong>ad</strong></span> <span class='ocrx_word' id='word_1_790' title='bbox 2968 3903 3108 3959; x_wconf 89' lang='lat' dir='ltr'><strong>illius</strong></span> <span class='ocrx_word' id='word_1_791' title='bbox 3144 3902 3443 3960; x_wconf 74' lang='lat' dir='ltr'><strong>festivitatis</strong></span> <span class='ocrx_word' id='word_1_792' title='bbox 3471 3903 3786 3961; x_wconf 78' lang='lat' dir='ltr'><strong>celebratio-</strong></span> 
     </span>
    </p>
   </div>
   <div class='ocr_carea' id='block_1_102' title="bbox 2198 3994 3787 4068">
    <p class='ocr_par' dir='ltr' id='par_1_102' title="bbox 2198 3994 3787 4068">
     <span class='ocr_line' id='line_1_102' title="bbox 2198 3994 3787 4068; baseline 0.002 -18"><span class='ocrx_word' id='word_1_793' title='bbox 2198 4011 2342 4053; x_wconf 89' lang='lat' dir='ltr'><strong>nem.</strong></span> <span class='ocrx_word' id='word_1_794' title='bbox 2370 3996 2445 4051; x_wconf 88' lang='lat' dir='ltr'><strong>lbi</strong></span> <span class='ocrx_word' id='word_1_795' title='bbox 2478 3996 2636 4062; x_wconf 87' lang='lat' dir='ltr'><strong>Deus,</strong></span> <span class='ocrx_word' id='word_1_796' title='bbox 2666 4011 2762 4067; x_wconf 88' lang='lat' dir='ltr'><strong>per</strong></span> <span class='ocrx_word' id='word_1_797' title='bbox 2790 3996 2965 4051; x_wconf 85' lang='lat' dir='ltr'><strong>malos</strong></span> <span class='ocrx_word' id='word_1_798' title='bbox 2988 3995 3224 4068; x_wconf 86' lang='lat' dir='ltr'><strong>quidem,</strong></span> <span class='ocrx_word' id='word_1_799' title='bbox 3255 3994 3350 4051; x_wconf 86' lang='lat' dir='ltr'><strong>sed</strong></span> <span class='ocrx_word' id='word_1_800' title='bbox 3376 4004 3552 4052; x_wconf 86' lang='lat' dir='ltr'><strong>tamen</strong></span> <span class='ocrx_word' id='word_1_801' title='bbox 3577 3996 3664 4052; x_wconf 91' lang='lat' dir='ltr'><strong>ille</strong></span> <span class='ocrx_word' id='word_1_802' title='bbox 3686 3994 3787 4053; x_wconf 80' lang='lat' dir='ltr'><strong>bo-</strong></span> 
     </span>
    </p>
   </div>
   <div class='ocr_carea' id='block_1_103' title="bbox 2198 4088 3783 4160">
    <p class='ocr_par' dir='ltr' id='par_1_103' title="bbox 2198 4088 3783 4160">
     <span class='ocr_line' id='line_1_103' title="bbox 2198 4088 3783 4160; baseline 0.001 -17"><span class='ocrx_word' id='word_1_803' title='bbox 2198 4103 2332 4151; x_wconf 78' lang='lat' dir='ltr'><strong>nus;</strong></span> <span class='ocrx_word' id='word_1_804' title='bbox 2366 4104 2463 4160; x_wconf 88' lang='lat' dir='ltr'><strong>per</strong></span> <span class='ocrx_word' id='word_1_805' title='bbox 2488 4088 2743 4159; x_wconf 77' lang='lat' dir='ltr'><strong>injustas,</strong></span> <span class='ocrx_word' id='word_1_806' title='bbox 2772 4090 2865 4145; x_wconf 86' lang='lat' dir='ltr'><strong>sed</strong></span> <span class='ocrx_word' id='word_1_807' title='bbox 2887 4089 3141 4158; x_wconf 79' lang='lat' dir='ltr'><strong>justuset</strong></span> <span class='ocrx_word' id='word_1_808' title='bbox 3163 4088 3339 4157; x_wconf 88' lang='lat' dir='ltr'><strong>juste,</strong></span> <span class='ocrx_word' id='word_1_809' title='bbox 3370 4088 3440 4144; x_wconf 89' lang='lat' dir='ltr'><strong>ita</strong></span> <span class='ocrx_word' id='word_1_810' title='bbox 3467 4089 3518 4144; x_wconf 91' lang='lat' dir='ltr'><strong>in</strong></span> <span class='ocrx_word' id='word_1_811' title='bbox 3544 4104 3638 4143; x_wconf 86' lang='lat' dir='ltr'><strong>eos</strong></span> <span class='ocrx_word' id='word_1_812' title='bbox 3663 4089 3783 4144; x_wconf 57' lang='lat' dir='ltr'><strong>vino</strong></span> 
     </span>
    </p>
   </div>
   <div class='ocr_carea' id='block_1_104' title="bbox 2197 4178 3788 4251">
    <p class='ocr_par' dir='ltr' id='par_1_104' title="bbox 2197 4178 3788 4251">
     <span class='ocr_line' id='line_1_104' title="bbox 2197 4178 3788 4251; baseline 0.001 -17"><span class='ocrx_word' id='word_1_813' title='bbox 2197 4179 2424 4245; x_wconf 85' lang='lat' dir='ltr'><strong>dicavit,</strong></span> <span class='ocrx_word' id='word_1_814' title='bbox 2458 4188 2516 4233; x_wconf 92' lang='lat' dir='ltr'><strong>ut</strong></span> <span class='ocrx_word' id='word_1_815' title='bbox 2557 4179 2949 4251; x_wconf 88' lang='lat' dir='ltr'><strong>perimerentur</strong></span> <span class='ocrx_word' id='word_1_816' title='bbox 2984 4179 3149 4235; x_wconf 86' lang='lat' dir='ltr'><strong>multa</strong></span> <span class='ocrx_word' id='word_1_817' title='bbox 3189 4178 3461 4235; x_wconf 89' lang='lat' dir='ltr'><strong>hominum</strong></span> <span class='ocrx_word' id='word_1_818' title='bbox 3497 4178 3662 4235; x_wconf 91' lang='lat' dir='ltr'><strong>millia</strong></span> <span class='ocrx_word' id='word_1_819' title='bbox 3686 4220 3701 4245; x_wconf 85' lang='lat'><strong>,</strong></span> <span class='ocrx_word' id='word_1_820' title='bbox 3729 4187 3788 4235; x_wconf 91' lang='lat' dir='ltr'><strong>ct</strong></span> 
     </span>
    </p>
   </div>
   <div class='ocr_carea' id='block_1_105' title="bbox 2198 4269 3786 4342">
    <p class='ocr_par' dir='ltr' id='par_1_105' title="bbox 2198 4269 3786 4342">
     <span class='ocr_line' id='line_1_105' title="bbox 2198 4269 3786 4342; baseline 0 -19"><span class='ocrx_word' id='word_1_821' title='bbox 2198 4270 2308 4342; x_wconf 84' lang='lat' dir='ltr'><strong>ipsa</strong></span> <span class='ocrx_word' id='word_1_822' title='bbox 2353 4269 2539 4324; x_wconf 83' lang='lat' dir='ltr'><strong>civitas</strong></span> <span class='ocrx_word' id='word_1_823' title='bbox 2576 4278 2924 4327; x_wconf 87' lang='lat' dir='ltr'><strong>everteretur.</strong></span> <span class='ocrx_word' id='word_1_824' title='bbox 2958 4269 3071 4325; x_wconf 86' lang='lat' dir='ltr'><strong>iloc</strong></span> <span class='ocrx_word' id='word_1_825' title='bbox 3110 4271 3163 4325; x_wconf 89' lang='lat' dir='ltr'><strong>in</strong></span> <span class='ocrx_word' id='word_1_826' title='bbox 3207 4272 3310 4325; x_wconf 86' lang='lat' dir='ltr'><strong>isto</strong></span> <span class='ocrx_word' id='word_1_827' title='bbox 3344 4270 3547 4340; x_wconf 85' lang='lat' dir='ltr'><strong>psalmo</strong></span> <span class='ocrx_word' id='word_1_828' title='bbox 3585 4270 3786 4341; x_wconf 81' lang='lat' dir='ltr'><strong>plangit</strong></span> 
     </span>
    </p>
   </div>
   <div class='ocr_carea' id='block_1_106' title="bbox 2196 4360 3792 4434">
    <p class='ocr_par' dir='ltr' id='par_1_106' title="bbox 2196 4360 3792 4434">
     <span class='ocr_line' id='line_1_106' title="bbox 2196 4360 3792 4434; baseline 0 -18"><span class='ocrx_word' id='word_1_829' title='bbox 2196 4362 2483 4417; x_wconf 75' lang='lat' dir='ltr'><strong>intellectus</strong></span> <span class='ocrx_word' id='word_1_830' title='bbox 2502 4360 2713 4434; x_wconf 78' lang='lat' dir='ltr'><strong>Asaplt;</strong></span> <span class='ocrx_word' id='word_1_831' title='bbox 2738 4370 2792 4417; x_wconf 87' lang='lat' dir='ltr'><strong>et</strong></span> <span class='ocrx_word' id='word_1_832' title='bbox 2820 4362 2871 4417; x_wconf 87' lang='lat' dir='ltr'><strong>in</strong></span> <span class='ocrx_word' id='word_1_833' title='bbox 2899 4376 3015 4431; x_wconf 75' lang='lat' dir='ltr'><strong>ipso</strong></span> <span class='ocrx_word' id='word_1_834' title='bbox 3043 4362 3276 4431; x_wconf 85' lang='lat' dir='ltr'><strong>planctu,</strong></span> <span class='ocrx_word' id='word_1_835' title='bbox 3303 4370 3548 4432; x_wconf 87' lang='lat' dir='ltr'><strong>tanquam</strong></span> <span class='ocrx_word' id='word_1_836' title='bbox 3576 4361 3792 4416; x_wconf 65' lang='lat' dir='ltr'><strong>intelleo&#39;</strong></span> 
     </span>
    </p>
   </div>
   <div class='ocr_carea' id='block_1_107' title="bbox 2197 4444 3787 4518">
    <p class='ocr_par' dir='ltr' id='par_1_107' title="bbox 2197 4444 3787 4518">
     <span class='ocr_line' id='line_1_107' title="bbox 2197 4444 3787 4518; baseline -0.001 -10"><span class='ocrx_word' id='word_1_837' title='bbox 2197 4462 2315 4510; x_wconf 83' lang='lat' dir='ltr'><strong>ctus</strong></span> <span class='ocrx_word' id='word_1_838' title='bbox 2347 4452 2855 4511; x_wconf 59' lang='lat' dir='ltr'><strong>discernit&#39;terrena</strong></span> <span class='ocrx_word' id='word_1_839' title='bbox 2895 4469 2925 4506; x_wconf 86' lang='lat' dir='ltr'><strong>a</strong></span> <span class='ocrx_word' id='word_1_840' title='bbox 2963 4444 3268 4508; x_wconf 58' lang='lat' dir='ltr'><strong>celestibus</strong></span> <span class='ocrx_word' id='word_1_841' title='bbox 3290 4492 3307 4518; x_wconf 87' lang='lat'><strong>,</strong></span> <span class='ocrx_word' id='word_1_842' title='bbox 3340 4449 3591 4507; x_wconf 86' lang='lat' dir='ltr'><strong>discernit</strong></span> <span class='ocrx_word' id='word_1_843' title='bbox 3616 4449 3787 4509; x_wconf 75' lang='lat' dir='ltr'><strong>Vetus</strong></span> 
     </span>
    </p>
   </div>
   <div class='ocr_carea' id='block_1_108' title="bbox 2199 4539 3787 4612">
    <p class='ocr_par' dir='ltr' id='par_1_108' title="bbox 2199 4539 3787 4612">
     <span class='ocr_line' id='line_1_108' title="bbox 2199 4539 3787 4612; baseline -0.002 -14"><span class='ocrx_word' id='word_1_844' title='bbox 2199 4544 2596 4600; x_wconf 86' lang='lat' dir='ltr'><strong>Testamentum</strong></span> <span class='ocrx_word' id='word_1_845' title='bbox 2622 4559 2651 4598; x_wconf 88' lang='lat' dir='ltr'><strong>a</strong></span> <span class='ocrx_word' id='word_1_846' title='bbox 2677 4541 2825 4599; x_wconf 81' lang='lat' dir='ltr'><strong>Novo</strong></span> <span class='ocrx_word' id='word_1_847' title='bbox 2852 4541 3226 4607; x_wconf 80' lang='lat' dir='ltr'><strong>Testamento;</strong></span> <span class='ocrx_word' id='word_1_848' title='bbox 3253 4548 3311 4595; x_wconf 92' lang='lat' dir='ltr'><strong>ut</strong></span> <span class='ocrx_word' id='word_1_849' title='bbox 3339 4539 3517 4596; x_wconf 86' lang='lat' dir='ltr'><strong>videas</strong></span> <span class='ocrx_word' id='word_1_850' title='bbox 3544 4555 3642 4612; x_wconf 90' lang='lat' dir='ltr'><strong>per</strong></span> <span class='ocrx_word' id='word_1_851' title='bbox 3664 4556 3787 4612; x_wconf 68' lang='lat' dir='ltr'><strong>qute</strong></span> 
     </span>
    </p>
   </div>
   <div class='ocr_carea' id='block_1_109' title="bbox 2200 4632 3785 4707">
    <p class='ocr_par' dir='ltr' id='par_1_109' title="bbox 2200 4632 3785 4707">
     <span class='ocr_line' id='line_1_109' title="bbox 2200 4632 3785 4707; baseline -0.001 -16"><span class='ocrx_word' id='word_1_852' title='bbox 2200 4646 2460 4700; x_wconf 73' lang='lat' dir='ltr'><strong>transeas,</strong></span> <span class='ocrx_word' id='word_1_853' title='bbox 2494 4633 2617 4707; x_wconf 89' lang='lat' dir='ltr'><strong>quid</strong></span> <span class='ocrx_word' id='word_1_854' title='bbox 2657 4643 2950 4705; x_wconf 68' lang='lat' dir='ltr'><strong>exspectes,</strong></span> <span class='ocrx_word' id='word_1_855' title='bbox 2984 4633 3107 4707; x_wconf 91' lang='lat' dir='ltr'><strong>quid</strong></span> <span class='ocrx_word' id='word_1_856' title='bbox 3137 4632 3423 4705; x_wconf 87' lang='lat' dir='ltr'><strong>relinquas,</strong></span> <span class='ocrx_word' id='word_1_857' title='bbox 3448 4632 3641 4705; x_wconf 89' lang='lat' dir='ltr'><strong>quibus</strong></span> <span class='ocrx_word' id='word_1_858' title='bbox 3670 4636 3785 4689; x_wconf 67' lang='lat' dir='ltr'><strong>bte-</strong></span> 
     </span>
    </p>
   </div>
   <div class='ocr_carea' id='block_1_110' title="bbox 2198 4722 2807 4797">
    <p class='ocr_par' dir='ltr' id='par_1_110' title="bbox 2198 4722 2807 4797">
     <span class='ocr_line' id='line_1_110' title="bbox 2198 4722 2807 4797; baseline -0.01 -14"><span class='ocrx_word' id='word_1_859' title='bbox 2198 4740 2338 4783; x_wconf 81' lang='lat' dir='ltr'><strong>reas.</strong></span> <span class='ocrx_word' id='word_1_860' title='bbox 2364 4722 2452 4781; x_wconf 89' lang='lat' dir='ltr'><strong>Sic</strong></span> <span class='ocrx_word' id='word_1_861' title='bbox 2476 4739 2605 4797; x_wconf 83' lang='lat' dir='ltr'><strong>ergo</strong></span> <span class='ocrx_word' id='word_1_862' title='bbox 2626 4726 2807 4793; x_wconf 66' lang='lat' dir='ltr'><strong>coepit.</strong></span> 
     </span>
    </p>
   </div>
   <div class='ocr_carea' id='block_1_111' title="bbox 2270 4812 3788 4889">
    <p class='ocr_par' dir='ltr' id='par_1_111' title="bbox 2270 4812 3788 4889">
     <span class='ocr_line' id='line_1_111' title="bbox 2270 4812 3788 4889; baseline -0.004 -14"><span class='ocrx_word' id='word_1_863' title='bbox 2270 4819 2322 4875; x_wconf 67' lang='grc' dir='ltr'><strong>ι.</strong></span> <span class='ocrx_word' id='word_1_864' title='bbox 2359 4816 2549 4889; x_wconf 80' lang='lat' dir='ltr'><strong>Ulquid</strong></span> <span class='ocrx_word' id='word_1_865' title='bbox 2588 4816 2819 4887; x_wconf 68' lang='grc' dir='ltr'><strong>νερειιίαὲ</strong></span> <span class='ocrx_word' id='word_1_866' title='bbox 2863 4832 2983 4883; x_wconf 77' lang='lat' dir='ltr'><strong>nos,</strong></span> <span class='ocrx_word' id='word_1_867' title='bbox 3018 4816 3187 4882; x_wconf 75' lang='lat' dir='ltr'><strong>Deus,</strong></span> <span class='ocrx_word' id='word_1_868' title='bbox 3217 4816 3271 4872; x_wconf 80' lang='lat' dir='ltr'><strong>in</strong></span> <span class='ocrx_word' id='word_1_869' title='bbox 3300 4815 3494 4884; x_wconf 68' lang='lat' dir='ltr'><strong>ﬁnem?</strong></span> <span class='ocrx_word' id='word_1_870' title='bbox 3534 4812 3788 4885; x_wconf 67' lang='grc' dir='ltr'><strong>Περαιὶεά</strong></span> 
     </span>
    </p>
   </div>
   <div class='ocr_carea' id='block_1_112' title="bbox 2199 4905 3789 4981">
    <p class='ocr_par' dir='ltr' id='par_1_112' title="bbox 2199 4905 3789 4981">
     <span class='ocr_line' id='line_1_112' title="bbox 2199 4905 3789 4981; baseline -0.003 -17"><span class='ocrx_word' id='word_1_871' title='bbox 2199 4910 2249 4964; x_wconf 83' lang='lat' dir='ltr'><strong>in</strong></span> <span class='ocrx_word' id='word_1_872' title='bbox 2280 4910 2433 4981; x_wconf 74' lang='lat' dir='ltr'><strong>ﬁnem</strong></span> <span class='ocrx_word' id='word_1_873' title='bbox 2461 4925 2482 4966; x_wconf 88' lang='lat'><strong><em>:</em></strong></span> <span class='ocrx_word' id='word_1_874' title='bbox 2512 4924 2577 4964; x_wconf 82' lang='lat' dir='ltr'><strong>ex</strong></span> <span class='ocrx_word' id='word_1_875' title='bbox 2625 4923 2850 4979; x_wconf 88' lang='lat' dir='ltr'><strong>persona</strong></span> <span class='ocrx_word' id='word_1_876' title='bbox 2897 4906 3075 4979; x_wconf 90' lang='lat' dir='ltr'><strong>populi</strong></span> <span class='ocrx_word' id='word_1_877' title='bbox 3103 4905 3405 4963; x_wconf 68' lang='lat' dir='ltr'><strong>Judacorum</strong></span> <span class='ocrx_word' id='word_1_878' title='bbox 3428 4947 3443 4970; x_wconf 90' lang='lat'><strong>,</strong></span> <span class='ocrx_word' id='word_1_879' title='bbox 3470 4914 3526 4961; x_wconf 91' lang='lat' dir='ltr'><strong>et</strong></span> <span class='ocrx_word' id='word_1_880' title='bbox 3563 4920 3628 4960; x_wconf 79' lang='lat' dir='ltr'><strong>ex</strong></span> <span class='ocrx_word' id='word_1_881' title='bbox 3656 4920 3789 4974; x_wconf 83' lang='lat' dir='ltr'><strong>pcr—</strong></span> 
     </span>
    </p>
   </div>
   <div class='ocr_carea' id='block_1_113' title="bbox 2200 4996 3787 5072">
    <p class='ocr_par' dir='ltr' id='par_1_113' title="bbox 2200 4996 3787 5072">
     <span class='ocr_line' id='line_1_113' title="bbox 2200 4996 3787 5072; baseline -0.005 -15"><span class='ocrx_word' id='word_1_882' title='bbox 2200 5017 2329 5057; x_wconf 82' lang='lat' dir='ltr'><strong>sana</strong></span> <span class='ocrx_word' id='word_1_883' title='bbox 2358 5000 2788 5072; x_wconf 79' lang='lat' dir='ltr'><strong>congregationis</strong></span> <span class='ocrx_word' id='word_1_884' title='bbox 2811 5014 2929 5071; x_wconf 64' lang='lat' dir='ltr'><strong>qua:</strong></span> <span class='ocrx_word' id='word_1_885' title='bbox 2972 4999 3186 5069; x_wconf 85' lang='lat' dir='ltr'><strong>proprie</strong></span> <span class='ocrx_word' id='word_1_886' title='bbox 3221 4996 3498 5069; x_wconf 82' lang='lat' dir='ltr'><strong>Syuagoga</strong></span> <span class='ocrx_word' id='word_1_887' title='bbox 3542 4996 3787 5066; x_wconf 84' lang='lat' dir='ltr'><strong>appella-</strong></span> 
     </span>
    </p>
   </div>
   <div class='ocr_carea' id='block_1_114' title="bbox 2202 5086 3785 5163">
    <p class='ocr_par' dir='ltr' id='par_1_114' title="bbox 2202 5086 3785 5163">
     <span class='ocr_line' id='line_1_114' title="bbox 2202 5086 3785 5163; baseline -0.006 -12"><span class='ocrx_word' id='word_1_888' title='bbox 2202 5105 2306 5151; x_wconf 90' lang='lat' dir='ltr'><strong>tur.</strong></span> <span class='ocrx_word' id='word_1_889' title='bbox 2356 5092 2546 5163; x_wconf 83' lang='lat' dir='ltr'><strong>thuid</strong></span> <span class='ocrx_word' id='word_1_890' title='bbox 2572 5092 2801 5163; x_wconf 74' lang='lat' dir='ltr'><strong>repulisti</strong></span> <span class='ocrx_word' id='word_1_891' title='bbox 2839 5107 2966 5158; x_wconf 75' lang='lat' dir='ltr'><strong>nos,</strong></span> <span class='ocrx_word' id='word_1_892' title='bbox 3000 5089 3169 5155; x_wconf 77' lang='lat' dir='ltr'><strong>Deus,</strong></span> <span class='ocrx_word' id='word_1_893' title='bbox 3213 5090 3266 5143; x_wconf 83' lang='lat' dir='ltr'><strong>in</strong></span> <span class='ocrx_word' id='word_1_894' title='bbox 3295 5087 3488 5159; x_wconf 70' lang='grc' dir='ltr'><strong>[ἐπειπῖ</strong></span> <span class='ocrx_word' id='word_1_895' title='bbox 3528 5086 3646 5143; x_wconf 76' lang='lat' dir='ltr'><strong>Non</strong></span> <span class='ocrx_word' id='word_1_896' title='bbox 3694 5102 3785 5141; x_wconf 88' lang='lat' dir='ltr'><strong>re-</strong></span> 
     </span>
    </p>
   </div>
   <div class='ocr_carea' id='block_1_115' title="bbox 2200 5178 3785 5258">
    <p class='ocr_par' dir='ltr' id='par_1_115' title="bbox 2200 5178 3785 5258">
     <span class='ocr_line' id='line_1_115' title="bbox 2200 5178 3785 5258; baseline -0.006 -18"><span class='ocrx_word' id='word_1_897' title='bbox 2200 5185 2479 5258; x_wconf 87' lang='lat' dir='ltr'><strong>prehendit</strong></span> <span class='ocrx_word' id='word_1_898' title='bbox 2500 5224 2517 5251; x_wconf 91' lang='lat'><strong>,</strong></span> <span class='ocrx_word' id='word_1_899' title='bbox 2566 5183 2659 5241; x_wconf 86' lang='lat' dir='ltr'><strong>sed</strong></span> <span class='ocrx_word' id='word_1_900' title='bbox 2701 5184 2889 5254; x_wconf 77' lang='lat' dir='ltr'><strong>quzrrit</strong></span> <span class='ocrx_word' id='word_1_901' title='bbox 2912 5222 2929 5249; x_wconf 91' lang='lat'><strong>,</strong></span> <span class='ocrx_word' id='word_1_902' title='bbox 2965 5179 3155 5252; x_wconf 83' lang='lat' dir='ltr'><strong>thnid</strong></span> <span class='ocrx_word' id='word_1_903' title='bbox 3178 5222 3193 5247; x_wconf 94' lang='lat'><strong>,</strong></span> <span class='ocrx_word' id='word_1_904' title='bbox 3226 5178 3571 5251; x_wconf 85' lang='lat' dir='ltr'><strong>quamobrem</strong></span> <span class='ocrx_word' id='word_1_905' title='bbox 3595 5219 3614 5246; x_wconf 95' lang='lat'><strong>,</strong></span> <span class='ocrx_word' id='word_1_906' title='bbox 3654 5193 3785 5248; x_wconf 63' lang='lat' dir='ltr'><strong>pro.</strong></span> 
     </span>
    </p>
   </div>
   <div class='ocr_carea' id='block_1_116' title="bbox 2201 5269 3779 5348">
    <p class='ocr_par' dir='ltr' id='par_1_116' title="bbox 2201 5269 3779 5348">
     <span class='ocr_line' id='line_1_116' title="bbox 2201 5269 3779 5348; baseline -0.004 -19"><span class='ocrx_word' id='word_1_907' title='bbox 2201 5286 2321 5346; x_wconf 84' lang='lat' dir='ltr'><strong>pter</strong></span> <span class='ocrx_word' id='word_1_908' title='bbox 2355 5275 2480 5348; x_wconf 88' lang='lat' dir='ltr'><strong>quid</strong></span> <span class='ocrx_word' id='word_1_909' title='bbox 2511 5274 2612 5332; x_wconf 84' lang='lat' dir='ltr'><strong>hoc</strong></span> <span class='ocrx_word' id='word_1_910' title='bbox 2654 5274 2863 5331; x_wconf 74' lang='lat' dir='ltr'><strong>fecisti?</strong></span> <span class='ocrx_word' id='word_1_911' title='bbox 2891 5272 3026 5341; x_wconf 90' lang='lat' dir='ltr'><strong>Quid</strong></span> <span class='ocrx_word' id='word_1_912' title='bbox 3059 5271 3273 5327; x_wconf 83' lang='lat' dir='ltr'><strong>fecisti?</strong></span> <span class='ocrx_word' id='word_1_913' title='bbox 3302 5269 3555 5342; x_wconf 72' lang='lat' dir='ltr'><strong>Repulisti</strong></span> <span class='ocrx_word' id='word_1_914' title='bbox 3598 5286 3689 5324; x_wconf 79' lang='lat' dir='ltr'><strong>nos</strong></span> <span class='ocrx_word' id='word_1_915' title='bbox 3728 5271 3779 5322; x_wconf 81' lang='lat' dir='ltr'><strong>ir</strong></span> 
     </span>
    </p>
   </div>
   <div class='ocr_carea' id='block_1_117' title="bbox 2200 5362 3774 5443">
    <p class='ocr_par' dir='ltr' id='par_1_117' title="bbox 2200 5362 3774 5443">
     <span class='ocr_line' id='line_1_117' title="bbox 2200 5362 3774 5443; baseline -0.004 -20"><span class='ocrx_word' id='word_1_916' title='bbox 2200 5369 2370 5436; x_wconf 78' lang='lat' dir='ltr'><strong>ﬁnem.</strong></span> <span class='ocrx_word' id='word_1_917' title='bbox 2397 5366 2532 5435; x_wconf 83' lang='lat' dir='ltr'><strong>Quid</strong></span> <span class='ocrx_word' id='word_1_918' title='bbox 2560 5376 2673 5435; x_wconf 84' lang='lat' dir='ltr'><strong>est,</strong></span> <span class='ocrx_word' id='word_1_919' title='bbox 2702 5367 2755 5423; x_wconf 82' lang='lat' dir='ltr'><strong>in</strong></span> <span class='ocrx_word' id='word_1_920' title='bbox 2794 5365 2987 5435; x_wconf 72' lang='lat' dir='ltr'><strong>ﬁnem!</strong></span> <span class='ocrx_word' id='word_1_921' title='bbox 3016 5364 3175 5420; x_wconf 78' lang='lat' dir='ltr'><strong>Forte</strong></span> <span class='ocrx_word' id='word_1_922' title='bbox 3199 5376 3369 5435; x_wconf 87' lang='lat' dir='ltr'><strong>usque</strong></span> <span class='ocrx_word' id='word_1_923' title='bbox 3395 5362 3450 5417; x_wconf 87' lang='lat' dir='ltr'><strong>in</strong></span> <span class='ocrx_word' id='word_1_924' title='bbox 3474 5362 3636 5443; x_wconf 87' lang='lat' dir='ltr'><strong>linem</strong></span> <span class='ocrx_word' id='word_1_925' title='bbox 3678 5376 3774 5417; x_wconf 69' lang='lat' dir='ltr'><strong>ste-</strong></span> 
     </span>
    </p>
   </div>
   <div class='ocr_carea' id='block_1_118' title="bbox 2200 5450 3764 5529">
    <p class='ocr_par' dir='ltr' id='par_1_118' title="bbox 2200 5450 3764 5529">
     <span class='ocr_line' id='line_1_118' title="bbox 2200 5450 3764 5529; baseline -0.005 -14"><span class='ocrx_word' id='word_1_926' title='bbox 2200 5460 2325 5515; x_wconf 89' lang='lat' dir='ltr'><strong>culi.</strong></span> <span class='ocrx_word' id='word_1_927' title='bbox 2352 5459 2433 5515; x_wconf 82' lang='lat' dir='ltr'><strong>An</strong></span> <span class='ocrx_word' id='word_1_928' title='bbox 2466 5458 2704 5529; x_wconf 77' lang='lat' dir='ltr'><strong>repulisti</strong></span> <span class='ocrx_word' id='word_1_929' title='bbox 2732 5473 2828 5513; x_wconf 85' lang='lat' dir='ltr'><strong>nos</strong></span> <span class='ocrx_word' id='word_1_930' title='bbox 2853 5458 2904 5512; x_wconf 92' lang='lat' dir='ltr'><strong>in</strong></span> <span class='ocrx_word' id='word_1_931' title='bbox 2932 5454 3198 5512; x_wconf 72' lang='lat' dir='ltr'><strong>Christum</strong></span> <span class='ocrx_word' id='word_1_932' title='bbox 3221 5495 3235 5519; x_wconf 94' lang='lat'><strong>,</strong></span> <span class='ocrx_word' id='word_1_933' title='bbox 3267 5453 3358 5525; x_wconf 91' lang='lat' dir='ltr'><strong>qui</strong></span> <span class='ocrx_word' id='word_1_934' title='bbox 3387 5450 3506 5506; x_wconf 84' lang='lat' dir='ltr'><strong>linis</strong></span> <span class='ocrx_word' id='word_1_935' title='bbox 3531 5461 3615 5506; x_wconf 89' lang='lat' dir='ltr'><strong>est</strong></span> <span class='ocrx_word' id='word_1_936' title='bbox 3638 5467 3764 5507; x_wconf 90' lang='lat' dir='ltr'><strong>omn</strong></span> 
     </span>
    </p>
   </div>
   <div class='ocr_carea' id='block_1_119' title="bbox 2199 5543 3777 5622">
    <p class='ocr_par' dir='ltr' id='par_1_119' title="bbox 2199 5543 3777 5622">
     <span class='ocr_line' id='line_1_119' title="bbox 2199 5543 3777 5622; baseline -0.006 -17"><span class='ocrx_word' id='word_1_937' title='bbox 2199 5550 2439 5607; x_wconf 88' lang='lat' dir='ltr'><strong>credenti</strong></span> <span class='ocrx_word' id='word_1_938' title='bbox 2471 5548 2663 5622; x_wconf 72' lang='lat' dir='ltr'><strong>(Rom.</strong></span> <span class='ocrx_word' id='word_1_939' title='bbox 2708 5565 2740 5603; x_wconf 79' lang='grc' dir='ltr'><strong>ι</strong></span> <span class='ocrx_word' id='word_1_940' title='bbox 2764 5590 2779 5614; x_wconf 93' lang='lat'><strong>,</strong></span> <span class='ocrx_word' id='word_1_941' title='bbox 2827 5548 2947 5614; x_wconf 61' lang='lat' dir='ltr'><strong>ti)?</strong></span> <span class='ocrx_word' id='word_1_942' title='bbox 2979 5545 3172 5611; x_wconf 77' lang='lat' dir='ltr'><strong>thuid</strong></span> <span class='ocrx_word' id='word_1_943' title='bbox 3199 5546 3339 5600; x_wconf 88' lang='lat' dir='ltr'><strong>enim</strong></span> <span class='ocrx_word' id='word_1_944' title='bbox 3382 5543 3611 5616; x_wconf 79' lang='lat' dir='ltr'><strong>repuliin</strong></span> <span class='ocrx_word' id='word_1_945' title='bbox 3655 5560 3777 5606; x_wconf 76' lang='lat' dir='ltr'><strong>rtus,</strong></span> 
     </span>
    </p>
   </div>
   <div class='ocr_carea' id='block_1_120' title="bbox 2199 5638 3785 5710">
    <p class='ocr_par' dir='ltr' id='par_1_120' title="bbox 2199 5638 3785 5710">
     <span class='ocr_line' id='line_1_120' title="bbox 2199 5638 3785 5710; baseline -0.005 -15"><span class='ocrx_word' id='word_1_946' title='bbox 2199 5640 2371 5707; x_wconf 75' lang='lat' dir='ltr'><strong>Deus,</strong></span> <span class='ocrx_word' id='word_1_947' title='bbox 2402 5641 2455 5693; x_wconf 86' lang='lat' dir='ltr'><strong>in</strong></span> <span class='ocrx_word' id='word_1_948' title='bbox 2483 5641 2674 5710; x_wconf 74' lang='lat' dir='ltr'><strong>ﬁnem!</strong></span> <span class='ocrx_word' id='word_1_949' title='bbox 2702 5638 2874 5693; x_wconf 77' lang='lat' dir='ltr'><strong>Iratus</strong></span> <span class='ocrx_word' id='word_1_950' title='bbox 2894 5648 2967 5694; x_wconf 77' lang='lat' dir='ltr'><strong>est</strong></span> <span class='ocrx_word' id='word_1_951' title='bbox 2993 5639 3191 5692; x_wconf 75' lang='lat' dir='ltr'><strong>animus</strong></span> <span class='ocrx_word' id='word_1_952' title='bbox 3219 5646 3335 5691; x_wconf 79' lang='lat' dir='ltr'><strong>tuus</strong></span> <span class='ocrx_word' id='word_1_953' title='bbox 3358 5652 3508 5705; x_wconf 78' lang='lat' dir='ltr'><strong>super</strong></span> <span class='ocrx_word' id='word_1_954' title='bbox 3531 5651 3644 5691; x_wconf 75' lang='lat' dir='ltr'><strong>om</strong></span> <span class='ocrx_word' id='word_1_955' title='bbox 3672 5652 3785 5706; x_wconf 75' lang='lat' dir='ltr'><strong>grc-</strong></span> 
     </span>
    </p>
   </div>
   <div class='ocr_carea' id='block_1_121' title="bbox 2200 5726 3785 5807">
    <p class='ocr_par' dir='ltr' id='par_1_121' title="bbox 2200 5726 3785 5807">
     <span class='ocr_line' id='line_1_121' title="bbox 2200 5726 3785 5807; baseline -0.004 -18"><span class='ocrx_word' id='word_1_956' title='bbox 2200 5734 2278 5807; x_wconf 77' lang='lat' dir='ltr'><strong>gis</strong></span> <span class='ocrx_word' id='word_1_957' title='bbox 2322 5734 2413 5789; x_wconf 82' lang='lat' dir='ltr'><strong>tui.</strong></span> <span class='ocrx_word' id='word_1_958' title='bbox 2445 5733 2621 5802; x_wconf 89' lang='lat' dir='ltr'><strong>Quare</strong></span> <span class='ocrx_word' id='word_1_959' title='bbox 2664 5732 2827 5787; x_wconf 87' lang='lat' dir='ltr'><strong>iratus</strong></span> <span class='ocrx_word' id='word_1_960' title='bbox 2868 5747 2927 5787; x_wconf 89' lang='lat' dir='ltr'><strong>es</strong></span> <span class='ocrx_word' id='word_1_961' title='bbox 2969 5744 3132 5802; x_wconf 89' lang='lat' dir='ltr'><strong>super</strong></span> <span class='ocrx_word' id='word_1_962' title='bbox 3156 5744 3287 5786; x_wconf 86' lang='lat' dir='ltr'><strong>oves</strong></span> <span class='ocrx_word' id='word_1_963' title='bbox 3326 5728 3503 5801; x_wconf 77' lang='lat' dir='ltr'><strong>gregis</strong></span> <span class='ocrx_word' id='word_1_964' title='bbox 3532 5727 3649 5795; x_wconf 82' lang='lat' dir='ltr'><strong>uti;</strong></span> <span class='ocrx_word' id='word_1_965' title='bbox 3685 5726 3785 5783; x_wconf 82' lang='lat' dir='ltr'><strong>nisi</strong></span> 
     </span>
    </p>
   </div>
   <div class='ocr_carea' id='block_1_122' title="bbox 2268 5842 2943 5907">
    <p class='ocr_par' dir='ltr' id='par_1_122' title="bbox 2268 5842 2943 5907">
     <span class='ocr_line' id='line_1_122' title="bbox 2268 5842 2943 5907; baseline 0.003 -15"><span class='ocrx_word' id='word_1_966' title='bbox 2268 5848 2285 5881; x_wconf 85' lang='grc' dir='ltr'>ι</span> <span class='ocrx_word' id='word_1_967' title='bbox 2308 5842 2389 5893; x_wconf 88' lang='lat' dir='ltr'><strong>Sic</strong></span> <span class='ocrx_word' id='word_1_968' title='bbox 2410 5851 2516 5896; x_wconf 77' lang='lat' dir='ltr'><strong>Mss.</strong></span> <span class='ocrx_word' id='word_1_969' title='bbox 2543 5851 2597 5896; x_wconf 73' lang='lat' dir='ltr'><strong>At</strong></span> <span class='ocrx_word' id='word_1_970' title='bbox 2618 5842 2750 5907; x_wconf 61' lang='lat' dir='ltr'><strong>me,</strong></span> <span class='ocrx_word' id='word_1_971' title='bbox 2767 5854 2943 5895; x_wconf 72' lang='lat' dir='ltr'><strong>omnes.</strong></span> 
     </span>
    </p>
   </div>
  </div>
