3990 6368
232 370 344 428 9ΰὸ

230 483 360 553 quia
388 481 622 543 terrenis
663 480 1053 539 inhaerebamus
1080 523 1096 550 ,
1127 489 1182 539 et
1211 491 1480 553 pastorem
1514 495 1618 534 ηοιι
1663 492 1831 548 agno-

232 573 391 629 secba
400 589 520 630 mus
538 573 565 628 3

306 666 363 721 5.
396 665 546 739 [tut-3.
579 663 663 738 2.}
693 663 946 721 dictitante
971 663 1375 736 congregationis
1398 673 1518 724 ruat,
1535 677 1688 734 quam
1717 677 1834 733 pos-

232 756 408 812 sedisti
439 757 500 810 ab
514 756 678 811 initio.
697 754 965 826 Numquid
992 757 1090 810 ista
1109 764 1286 826 potest
1304 768 1423 810 esse
1438 769 1539 808 vox
1555 750 1832 810 Gentium?

231 847 490 917 mumnid
519 848 719 904 Gentes
749 848 987 918 possedit
1013 847 1082 903 ab
1111 847 1301 903 initio?
1341 846 1448 903 Sed
1480 847 1713 917 possedit
1740 861 1830 900 se-

231 953 356 999 men
375 940 626 1003 Abralm,
647 940 897 1008 populum
923 938 1084 1012 Israel
1113 938 1274 994 etiam
1297 938 1588 994 secundum
1612 940 1829 992 (struem

231 1039 417 1084 uatum
448 1029 516 1084 de
544 1029 867 1084 Patriarchis
885 1071 899 1091 ,
928 1029 1167 1098 patribus
1192 1029 1430 1095 nostris;
1476 1045 1703 1099 quorum
1733 1041 1830 1082 niis

231 1117 326 1174 filii
355 1119 477 1175 facti
505 1134 709 1182 sumus,
737 1117 840 1173 non
869 1120 1128 1175 veniendo
1154 1117 1220 1174 de
1246 1134 1428 1183 carne,
1452 1119 1543 1173 sed
1574 1118 1830 1172 imitunlo

230 1209 415 1264 Iidem.
436 1209 519 1263 Illi
535 1219 709 1263 autem
726 1225 755 1264 a
776 1210 888 1264 Deo
914 1211 1142 1279 possessi
1169 1209 1236 1264 ab
1266 1210 1433 1273 initio,
1454 1208 1577 1278 quid
1607 1210 1682 1263 eis
1700 1223 1829 1261 con-

228 1299 386 1370 tigit?
416 1299 668 1357 Memento
699 1300 1102 1370 congregationis
1126 1311 1229 1354 tute
1249 1339 1265 1365 ,
1296 1316 1446 1370 quam
1477 1299 1739 1369 possedisti
1764 1298 1826 1352 ab

228 1390 398 1443 initio.
417 1388 691 1445 Redemisti
715 1391 909 1461 virgam
935 1390 1244 1444 hereditatis
1269 1399 1383 1446 tute.
1411 1382 1581 1457 Ipsam
1605 1404 1826 1459 congre-

227 1481 500 1550 gationem
525 1489 694 1543 tuam,
715 1482 908 1552 virgam
937 1481 1243 1535 hereditatis
1262 1491 1364 1534 tuw
1384 1479 1655 1535 redemisti.
1682 1481 1826 1535 lianc

227 1573 403 1641 ipsam
429 1573 894 1644 congregationem
911 1571 1046 1628 dixit
1075 1573 1266 1645 virgam
1291 1573 1618 1628 ltwrcditatis.
1640 1573 1826 1643 Respiv

227 1665 438 1720 t-iamus
464 1667 530 1719 ad
570 1665 769 1721 ﬁctum
800 1669 1062 1736 primum,
1108 1665 1321 1735 quando
1346 1665 1508 1720 soluit
1554 1665 1827 1735 possidere

227 1757 404 1822 ipsam
419 1759 906 1829 congregatimtem,
922 1759 1152 1814 liberans
1171 1759 1316 1814 illam
1330 1757 1397 1814 de
1415 1758 1666 1828 :Egypto,
1684 1756 1826 1827 quod

228 1849 441 1919 signum
469 1848 676 1905 dederit
701 1849 904 1920 Moysi,
935 1865 1057 1904 cum
1083 1848 1285 1904 diceret
1309 1848 1521 1917 Moyses
1545 1849 1593 1904 ei
1629 1865 1642 1900 :
1677 1847 1826 1914 Quod

226 1941 433 2010 signum
463 1942 608 2006 Juba
626 1982 642 2006 ,
672 1953 726 1996 ut
770 1943 979 1997 credant
1010 1942 1135 1997 mihi
1160 1942 1280 2012 quia
1321 1952 1372 1996 tu
1404 1959 1481 1997 me
1511 1943 1689 1996 minui
1706 1942 1732 1996 ?
1761 1941 1826 1996 Et

230 2031 373 2088 Drus
396 2035 468 2088 ait
491 2034 560 2088 ad
581 2035 729 2090 illum
761 2052 781 2090 :
814 2035 951 2103 Quid
975 2037 1027 2090 in
1062 2052 1215 2090 manu
1240 2046 1326 2090 tua
1355 2036 1567 2105 portas?
1601 2035 1820 2105 Virgam.

229 2124 440 2194 Profice
459 2128 604 2182 illam
625 2128 680 2182 in
708 2137 913 2182 terram.
939 2127 1002 2182 Et
1023 2128 1212 2182 dimisit
1239 2129 1432 2198 virgam
1460 2128 1512 2182 in
1542 2137 1756 2192 terram,
1778 2139 1825 2183 et

226 2217 374 2286 facta
394 2228 466 2271 est
488 2234 732 2288 serpens;
757 2229 807 2273 et
828 2220 1028 2290 expavit
1056 2219 1279 2290 Moyses,
1307 2231 1353 2274 et
1380 2221 1508 2292 fugit
1539 2220 1740 2292 Moyses
1763 2221 1824 2274 ab
1879 2252 1882 2256 ι

226 2322 310 2362 ro.
354 2305 420 2360 Et
443 2309 516 2361 ait
552 2307 632 2362 illi
656 2307 908 2364 Dominus
937 2326 956 2364 :
984 2310 1324 2382 Appreltcndc
1352 2311 1567 2364 caudam
1598 2312 1725 2381 ejus.
1761 2311 1826 2365 Et

225 2399 567 2468 apprehendit
590 2415 610 2464 ,'
639 2409 689 2454 et
711 2416 907 2456 mersa
932 2412 1005 2456 est
1031 2403 1080 2456 in
1107 2413 1292 2457 statum
1311 2418 1480 2470 suum,
1502 2404 1642 2474 uirga
1667 2404 1820 2472 facta,

227 2490 361 2545 sicut
385 2500 537 2544 antea
563 2491 706 2560 virga
732 2505 840 2546 erat
867 2492 1061 2563 (Exod.
1094 2509 1164 2555 tv,
1196 2495 1334 2562 1-4).
1362 2493 1499 2563 Quid
1526 2493 1827 2564 signiﬁcat?

230 2595 340 2634 non
371 2579 512 2634 enim
553 2579 751 2637 frustra
794 2582 987 2636 factum
1032 2592 1132 2638 est.
1165 2583 1554 2654 lnterrogemus
1596 2585 1828 2644 Litteras

231 2668 352 2724 Dei.
373 2669 509 2735 Quid
537 2685 761 2741 serpens
784 2676 1044 2742 persuasit
1070 2674 1302 2729 homini?
1319 2674 1540 2730 Mortem
1573 2674 1727 2746 (Gen.
1746 2691 1823 2745 in,

229 2761 290 2828 6»
310 2761 388 2831 5).
421 2757 563 2833 Ergo
587 2777 736 2818 mors
761 2779 792 2819 a
820 2777 1089 2836 serpente.
1115 2765 1172 2822 Si
1193 2781 1339 2821 mors
1367 2783 1395 2820 a
1425 2778 1696 2839 serpente,
1719 2770 1828 2825 vir-

231 2868 302 2924 ga
329 2853 384 2907 in
413 2863 693 2926 serpente,
727 2855 973 2912 Christus
999 2858 1050 2911 in
1079 2867 1272 2914 morte.
1306 2858 1430 2915 Ideo
1454 2861 1614 2916 etiam
1643 2877 1764 2918 cum
1795 2877 1824 2917 a

230 2945 573 3016 serpentibus
592 2947 643 3002 in
661 2947 876 3003 deserto
891 2949 1262 3004 morderentur
1278 2959 1332 3004 et
1348 2959 1684 3016 necarentur,
1701 2968 1831 3023 prte-

231 3038 376 3106 cepit
405 3036 658 3093 Dominus
685 3037 890 3110 Moysi,
923 3048 982 3094 ut
1005 3048 1307 3111 serpentem
1338 3056 1545 3097 aeneum
1569 3043 1828 3101 exaltaret

234 3130 293 3185 in
314 3119 531 3196 eretria,
560 3138 615 3185 et
640 3130 952 3188 admoneret
978 3133 1230 3202 populum
1251 3174 1269 3200 ,
1297 3140 1356 3190 ut
1378 3135 1618 3207 quisquis
1646 3151 1676 3191 a
1707 3147 1827 3192 ser-

233 3228 619 3292 pentemorsus
631 3220 948 3290 esset,ilium
963 3221 1824 3298 intueretur,etsanaretur(Nam.

234 3325 325 3364 xxi
345 3351 361 3372 ,
387 3311 421 3365 8
438 3350 455 3377 ,
481 3320 527 3364 et
549 3309 706 3367 loco.
734 3326 792 3366 ιιι
813 3351 828 3376 ,
857 3313 967 3382 Ii).
988 3313 1077 3368 Sic
1101 3322 1156 3368 et
1180 3313 1371 3380 flebat;
1400 3315 1478 3372 sic
1504 3325 1560 3372 et
1584 3316 1830 3375 homines

233 3418 267 3457 a
299 3403 550 3470 venenis,
580 3406 744 3460 marsi
765 3419 795 3458 a
817 3405 1155 3475 serpentibus
1175 3447 1190 3472 ,
1217 3407 1547 3464 sanabautur
1570 3409 1828 3466 intuendo

233 3505 565 3563 serpentem.
597 3494 778 3551 Sanari
797 3505 1112 3565 aserpente,
1132 3512 1380 3570 magnum
1410 3505 1823 3559 sacramentum!

233 3584 373 3655 Quid
398 3594 500 3651 est,
521 3585 778 3642 intuendo
802 3598 1103 3658 serpentem
1131 3592 1306 3646 sanari
1341 3607 1373 3646 a'
1400 3595 1682 3662 serpente?
1700 3595 1836 3650 Cre-

233 3678 480 3734 deudoin
511 3688 778 3735 mortuum
796 3681 1032 3736 salvaria
1052 3695 1244 3739 morte.
1267 3684 1332 3739 Et
1361 3693 1535 3738 tamen
1566 3688 1765 3755 erpavit
1780 3699 1829 3741 et

233 3769 369 3840 fugit
400 3767 620 3839 Moyses.
649 3768 784 3837 Quid
812 3778 895 3824 est
913 3810 928 3835 ,
960 3771 1028 3827 ab
1057 3771 1148 3826 illo
1173 3782 1422 3846 serpente
1447 3773 1645 3845 fugisse
1675 3777 1826 3846 Moy-

231 3857 371 3913 sen?
393 3854 550 3926 Quid,
581 3859 792 3924 fratres,
822 3860 926 3914 nisi
954 3860 1097 3932 quod
1123 3862 1320 3917 scimus
1349 3865 1400 3920 in
1433 3865 1720 3936 Evangelia
1745 3868 1825 3922 fa-

230 3947 420 4004 ctum?
447 3948 683 4017 Mortuus
709 3960 790 4004 est
816 3948 1056 4007 Christus
1076 3992 1091 4016 ,
1125 3960 1180 4006 et
1203 3967 1531 4023 expaverunt
1557 3957 1822 4029 discipuli,

231 4047 290 4093 et
313 4038 380 4093 ab
409 4038 498 4093 illa
523 4055 618 4108 spe
658 4040 710 4095 in
735 4055 838 4112 qua
870 4042 1076 4096 fuerant
1103 4055 1439 4100 recesserunt
1477 4047 1627 4121 (Luc.
1660 4065 1782 4104 xxiv
1807 4093 1822 4117 ,

229 4129 356 4198 21).
398 4129 504 4184 Sed
527 4130 654 4200 quid
696 4132 898 4185 dictum
923 4131 1042 4186 est?
1071 4133 1404 4202 Appreliende
1441 4139 1654 4193 caudam
1692 4142 1822 4214 (jus.

230 4219 371 4285 Quid
402 4229 518 4282 est,
549 4220 806 4274 caudam?
831 4221 1131 4277 Posteriora
1160 4225 1574 4294 comprehende.
1608 4229 1718 4286 IIoc
1745 4231 1824 4285 si-

229 4310 503 4379 gniﬁcavit
517 4319 572 4364 et
596 4312 721 4366 illud
744 4329 756 4365 :
776 4309 1072 4367 Posteriora
1091 4315 1410 4370 mea-videbis
1425 4317 1618 4388 (Exod.
1640 4336 1821 4387 χχχιιι,

229 4400 348 4473 25).
381 4400 560 4457 Primo
605 4402 773 4458 luctus
819 4418 1072 4475 serpens,
1104 4404 1200 4461 sed
1241 4407 1406 4461 cauda
1451 4419 1656 4466 retenta
1688 4412 1823 4467 facta

232 4494 416 4564 virga;
445 4495 616 4570 primo
640 4497 852 4552 occisus
871 4538 886 4561 ,
919 4507 1101 4569 postea
1130 4502 1440 4555 resurrexit.
1472 4503 1565 4556 Est
1588 4506 1746 4560 etiam
1773 4508 1823 4563 in

229 4587 400 4642 cauda
430 4590 693 4656 serpentis
719 4589 838 4644 linis
865 4591 1219 4663 steculi;qnia
1247 4594 1323 4649 sic
1348 4595 1508 4650 modo
1531 4600 1825 4656 mortalitas

230 4677 488 4734 Ecclesia:
514 4678 746 4734 ambulat
778 4697 794 4733 :
825 4681 914 4737 alii
943 4691 1093 4748 eunt,
1119 4684 1206 4738 alii
1235 4687 1454 4740 veniunt
1476 4702 1572 4758 per
1598 4702 1822 4746 mortem

232 4779 485 4842 tanquam
517 4786 612 4841 per
638 4783 942 4842 serpentem
960 4815 977 4839 ,
1009 4776 1128 4844 quia
1157 4791 1189 4830 a
1215 4787 1465 4847 serpente
1492 4795 1637 4836 mors
1665 4786 1824 4839 semi-

231 4873 357 4918 nata
387 4873 502 4928 est;
528 4864 622 4920 sed
653 4866 704 4919 in
732 4864 837 4921 line
864 4858 1067 4934 saaculi,
1101 4877 1346 4938 tanquam
1374 4873 1562 4938 cauda,
1591 4874 1825 4932 redimus

229 4956 298 5010 ad
329 4945 555 5012 manum
573 4956 688 5022 Dei,
707 4969 760 5010 et
785 4957 1050 5012 efficimur
1074 4960 1363 5016 stabilitum
1387 4979 1607 5034 regnum
1636 4966 1749 5026 Dei.
1769 4979 1825 5022 ut

232 5045 518 5116 impleatur
543 5048 596 5103 in
624 5047 811 5112 nobis,
842 5049 1118 5103 Redemisti
1143 5051 1334 5122 virgam
1359 5055 1664 5110 hereditatis
1703 5067 1820 5112 tute.

229 5137 335 5195 Sed
353 5136 474 5210 quia
491 5138 780 5211 Synagogte
796 5155 901 5195 vox
924 5150 1036 5206 est;
1057 5141 1327 5212 redempta
1345 5155 1520 5201 autem
1549 5149 1694 5219 virga
1717 5150 1824 5204 Ine-

229 5228 472 5284 reditatis
489 5229 581 5284 Dei
602 5232 768 5299 magis
793 5242 1014 5300 apparet
1034 5234 1085 5287 in
1112 5232 1390 5302 Gentibus,
1408 5240 1611 5294 occulta
1643 5254 1820 5298 autem

227 5331 356 5388 spes
378 5316 807 5387 Judaeorum,vel
837 5335 1019 5376 eorum
1036 5325 1126 5393 qui
1159 5325 1314 5379 futuri
1341 5333 1466 5382 su'nt
1495 5340 1553 5383 ut
1577 5332 1816 5396 credant,

233 5409 521 5465 reieorum
548 5410 636 5481 qui
661 5424 727 5465 eo
753 5420 991 5480 tempore
1019 5413 1386 5483 crediderunt,
1417 5419 1631 5488 quando
1661 5424 1822 5479 misso

227 5501 433 5572 Spiritu
475 5510 692 5569 sancto,
721 5502 963 5572 discipuli
991 5507 1226 5560 omnium
1251 5509 1486 5576 gentium
1515 5512 1709 5582 linguis
1737 5516 1822 5569 Io-

225 5592 338 5644 cuti
370 5599 492 5644 sunt
518 5589 652 5660 (Act.
683 5607 741 5656 ιι,
767 5591 844 5663 4).
876 5592 1024 5648 Tunc
1048 5595 1190 5648 enim
1220 5597 1423 5666 aliquot
1450 5600 1613 5655 millia
1642 5602 1708 5657 de
1727 5602 1822 5657 Ju-

227 5679 361 5735 άτιδες
390 5683 520 5752 ipsis
550 5683 741 5738 Christi
768 5685 1174 5743 cruciﬁxoribus
1213 5689 1586 5760 crediderunt;
1618 5705 1672 5749 et
1698 5697 1821 5766 quia

228 5766 406 5848 prope
431 5776 630 5832 inventi
671 5788 857 5848 erant,
892 5781 960 5834 ita
989 5778 1366 5852 crediderunt,
1397 5795 1452 5842 ut
1493 5789 1671 5846 omnia
1697 5807 1820 5864 quae

1282 365 1680 424 ENARRATIO
1723 363 1786 420 ΙΝ
1826 361 2146 418 ΡὸΜιΜυὶΙ
2188 364 2422 420 LXXIII.

3433 381 3549 435 955'

1943 474 2212 530 habebant
2237 477 2547 541 venderent,
2573 488 2625 532 et
2650 480 2818 548 pretia
2844 498 3024 538 rerum
3056 500 3273 542 suarum
3300 501 3424 544 ante
3448 508 3537 559 pe-

1937 563 2034 619 des
2059 566 2436 635 Apostolorum
2465 579 2726 638 ponerent
2755 570 2888 643 (Aet.
2913 589 2985 640 tv,
3012 577 3121 646 δι).
3147 577 3278 646 Qui:
3298 596 3426 644 ergo
3446 596 3536 636 oe-

1936 656 2138 712 cultum
2170 668 2286 713 erat
2315 659 2434 723 hoc,
2467 662 2739 732 magisque
2767 664 3064 734 redemptio
3090 671 3248 738 virga:
3275 671 3368 726 Dei
3391 675 3533 727 clara

1936 745 2115 802 futura
2143 757 2262 804 erat
2309 750 2360 803 in
2389 749 2680 816 Gentibus;
2723 754 3009 822 explanat‘
3043 759 3183 812 unde
3213 760 3353 816 dicat
3392 764 3534 832 quod

1936 838 2112 895 dixit:
2137 840 2412 896 Redemiin
2437 844 2632 914 virgam
2659 845 2966 904 luereditatis
2988 859 3105 903 tua.
3138 852 3248 908 Hoc
3273 854 3406 908 dixit
3426 872 3536 910 non

1934 930 2003 986 de
2041 929 2301 988 Gentibus
2323 974 2337 998 ,
2369 933 2421 987 in
2467 934 2663 1004 quibus
2707 935 3044 992 manifestum
3072 950 3172 997 est.
3203 943 3306 998 Sed
3348 943 3536 1017 unde?

1937 1021 2164 1089 Μοηιρηι
2186 1023 2335 1077 Sion.
2364 1025 2554 1079 Adhuc
2582 1035 2636 1079 et
2659 1041 2816 1081 mons
2841 1028 2968 1084 Sion
3000 1041 3173 1099 potest
3192 1033 3348 1101 aliter
3371 1038 3532 1092 intel-

1935 1112 2045 1182 Iigi.
2074 1111 2243 1167 Istum
2288 1131 2435 1185 quem
2464 1115 2757 1172 inhabitain
2782 1117 2835 1173 in
2863 1119 2974 1190 ipso
3005 1136 3025 1175 :
3056 1122 3143 1175 ubi
3174 1116 3290 1177 erat
3311 1104 3537 1194 populus

1932 1215 2056 1258 ante
2077 1247 2092 1271 ,
2122 1205 2210 1260 ubi
2255 1206 2552 1261 institutum
2580 1207 2836 1278 templum
2856 1248 2874 1274 ,
2906 1210 2996 1265 ubi
3025 1214 3294 1268 celebrata
3324 1214 3536 1272 sacriﬁ-

1931 1294 2034 1358 cia,
2060 1296 2148 1349 ubi
2173 1296 2351 1351 omnia
2381 1298 2471 1370 illo
2499 1305 2742 1367 tempore
2765 1302 3092 1367 necessaria,
3116 1303 3386 1360 Christum
3407 1323 3537 1375 pro-

1932 1385 2215 1438 mittentia.
2245 1385 2554 1452 Prontissio,
2578 1401 2700 1440 cum
2728 1403 2814 1443 res
2842 1389 3103 1457 redditur,
3117 1395 3227 1459 jam
3259 1394 3317 1448 lit
3340 1412 3532 1465 super-

1933 1475 2055 1529 llna.
2087 1475 2219 1530 Nam
2249 1487 2532 1550 antequam
2579 1478 2834 1534 reddatur
2858 1481 3001 1551 quod
3043 1485 3401 1551 promittitur,
3431 1504 3527 1542 ne-

1932 1568 2160 1623 cessaria
2190 1579 2275 1625 est
2302 1571 2412 1640 ipsa
2456 1571 2770 1638 promissio,
2803 1588 2868 1625 ne
2897 1573 3216 1642 promissum
3257 1577 3358 1630 sibi
3387 1579 3529 1632 obli-

1932 1663 2168 1719 viscatur
2182 1664 2265 1718 cui
2297 1665 2640 1735 promittitur,
2657 1674 2712 1719 et
2733 1679 2837 1720 non
2865 1668 3222 1736 exspectando
3249 1672 3526 1727 moriatur.

1931 1754 2156 1824 Oportet
2183 1771 2312 1827 ergo
2343 1764 2399 1810 ut
2426 1766 2730 1826 exspectet,
2775 1767 2832 1811 ut
2860 1773 2982 1812 cum
3025 1760 3231 1815 venerit
3254 1763 3480 1830 accipiat
3512 1779 3526 1815 :

1933 1847 2053 1902 ideo
2096 1864 2201 1904 non
2230 1848 2393 1904 debet
2416 1849 2668 1905 deserere
2701 1850 3132 1922 promissionem.
3164 1853 3388 1922 I’rOpter
3428 1855 3530 1910 hoc

1931 1955 2039 1996 non
2077 1941 2465 1997 deserebantur
2505 1943 2687 2012 figurae
2710 1981 2728 2013 ,
2768 1951 2832 1997 ut
2876 1942 3123 1999 veniente
3160 1943 3284 2008 die,
3327 1946 3531 2001 umbrae

1931 2030 2250 2086 tollerentur
2282 2048 2297 2088 :
2331 2030 2556 2087 Montem
2586 2031 2720 2088 Sion
2763 2032 2915 2088 istum
2942 2049 3091 2106 ᾳιισηι
3137 2033 3431 2090 inlaabitasti
3477 2038 3530 2090 in

1929 2122 2067 2192 ipso.

2003 2211 2059 2268 6.
2093 2210 2243 2284 [υση.
2277 2211 2356 2286 3.]
2393 2212 2546 2266 Eleva
2567 2229 2773 2267 manum
2801 2224 2940 2266 ctiam
2962 2214 3015 2267 in
3043 2216 3329 2284 superbiam
3355 2234 3532 2273 eorum

1931 2301 1984 2356 in
2012 2303 2192 2370 ﬁnem.
2215 2303 2496 2372 Quomodo
2519 2319 2615 2357 nos
2646 2304 2940 2372 repetiebas
2970 2305 3022 2359 in
3049 2305 3210 2361 linem
3229 2347 3245 2373 ,
3275 2309 3354 2364 sic
3391 2310 3533 2364 clara

1932 2409 2141 2446 omnum
2165 2403 2302 2446 tuam
2327 2395 2377 2446 in
2400 2395 2686 2464 superbiant
2717 2410 2891 2448 eorum
2911 2396 2964 2448 in
2985 2397 3157 2463 liuent.
3178 2398 3418 2464 Quorum
3442 2418 3530 2455 suo

1934 2484 2158 2554 peritiam
2175 2485 2201 2538 ξ’
2216 2486 2256 2539 Α
2277 2485 2468 2556 quibus
2495 2499 2683 2540 eversa
2705 2493 2786 2539 est
2813 2485 3133 2541 Jerusalem.
3158 2490 3199 2540 A
3222 2489 3420 2560 quibus
3435 2505 3531 2546 au-

1935 2584 2062 2642 tem,
2084 2573 2184 2630 nisi
2214 2589 2244 2627 a
2274 2575 2492 2646 regibus
2516 2574 2800 2630 Gentium?
2821 2575 2965 2631 Bene
2991 2577 3198 2632 elevata
3229 2589 3311 2635 est
3339 2593 3530 2637 manus

1933 2666 2049 2736 ejus
2077 2667 2130 2722 in
2174 2670 2480 2740 superbiam
2506 2683 2691 2724 eorum
2723 2669 2776 2724 in
2818 2669 3017 2734 (litem;
3046 2686 3167 2724 nam
3195 2680 3251 2726 et
3292 2673 3389 2742 ipsi
3415 2674 3529 2743 jam

1932 2756 2203 2814 Christum
2229 2769 2615 2830 cognoverunt.
2647 2758 2793 2816 Finis
2818 2761 2952 2816 cnim
2990 2759 3142 2833 Legis
3167 2759 3430 2831 Christus,
3461 2765 3531 2819 ad

1924 2851 2181 2926 justitiam
2219 2852 2360 2908 omni
2385 2851 2605 2907 credenti
2632 2851 2810 2924 (Rom.
2857 2867 2894 2908 x
2911 2895 2928 2920 ,
2955 2853 3036 2924 ι).
3067 2853 3236 2921 Quam
3262 2852 3401 2911 bene
3426 2855 3532 2912 illis

1933 2943 2117 3014 aptat?
2142 2943 2304 3010 Quasi
2336 2944 2501 3000 iratus
2528 2943 2762 3013 loquitur
2781 2985 2798 3010 ,
2827 2951 2883 2998 ot
2927 2941 3246 3000 maledicere
3270 2944 3481 3001 videtur
3510 2964 3528 3000 ε

1933 3045 1988 3090 et
2014 3035 2214 3098 utinam
2234 3034 2446 3089 eveniat
2466 3033 2609 3104 quod
2637 3032 2906 3090 maledicit
2926 3031 2941 3088 ι
2970 3033 3077 3088 imo
3095 3033 3206 3104 jam
3234 3035 3287 3090 in
3314 3034 3532 3093 neruiue

1933 3124 2128 3179 Christi
2174 3126 2391 3181 evenire
2415 3124 2758 3196 gaudeamus.
2786 3123 2905 3180 iam
2950 3133 3192 3180 tenentes
3217 3134 3530 3195 sceptrum,

1933 3215 2232 3270 subduntur
2270 3216 2413 3288 ligno
2437 3217 2646 3283 crucis;
2673 3215 2783 3285 jam
2812 3213 2870 3269 lit
2889 3214 3032 3287 quod
3059 3215 3368 3284 praedictum
3395 3226 3481 3273 est
3512 3235 3528 3271 :

1936 3305 2236 3362 Adet-abun!
2254 3323 2367 3360 eum
2387 3322 2560 3361 omnes
2579 3322 2719 3378 reges
2736 3316 2912 3371 terra;
2933 3321 3104 3359 omnes
3123 3316 3297 3376 genus
3317 3309 3530 3364 servient

1933 3397 2010 3452 illi
2028 3396 2198 3467 (Psal.
2220 3413 2362 3462 Lxxt,
2386 3398 2496 3465 Η).
2524 3395 2642 3450 Jam
2669 3396 2720 3450 in
2749 3395 3015 3452 frontibus
3039 3412 3222 3467 regum
3242 3400 3529 3468 pretiosius

1933 3496 2016 3542 est
2031 3488 2238 3558 signum
2265 3488 2459 3552 crucis,
2478 3503 2637 3557 quam
2654 3502 2863 3556 gemma
2886 3488 3221 3544 diadematis.
3240 3489 3399 3545 Eleae
3420 3511 3530 3547 ma-

1933 3595 2056 3632 num
2073 3587 2214 3631 tuam
2239 3579 2291 3630 in
2310 3578 2600 3648 superbiam
2624 3594 2800 3632 eorum
2817 3578 2868 3632 in
2887 3579 3061 3646 ﬁnem.
3084 3580 3289 3645 Quanta
3307 3583 3529 3653 maligne

1933 3678 2171 3736 operatus
2189 3680 2263 3723 est
2291 3670 2526 3723 inimicus
2546 3669 2600 3722 in
2619 3670 2810 3724 sanctis
2833 3670 2968 3724 tuis!
2999 3670 3051 3723 In
3085 3670 3168 3724 his
3197 3687 3316 3741 qua:
3345 3686 3529 3729 sancta

1934 3771 2019 3816 tua
2045 3770 2227 3824 erant;
2247 3761 2298 3817 id
2328 3771 2431 3829 est,
2453 3761 2517 3816 .in
2547 3761 2765 3831 templo,
2792 3761 2844 3815 in
2871 3761 3192 3826 sacerdotio,
3212 3765 3267 3818 in
3292 3763 3396 3819 illis
3412 3779 3529 3819 ont-

1932 3853 2089 3906 uibus
2116 3852 2497 3919 Sacramentis,
2529 3868 2649 3922 qua:
2680 3853 2772 3906 illo
2803 3862 3042 3920 tempore
3071 3852 3306 3919 fuerunt,
3336 3867 3529 3922 quanta

1930 3943 2153 4013 maligne
2195 3953 2432 4014 aperutus
2468 3951 2542 3996 est
2573 3943 2848 3997 inimicus!
2875 3942 3082 3998 Revera
3127 3944 3373 4001 inimicus
3402 3955 3531 4002 tunc

1931 4044 2184 4104 cperatus
2233 4045 2332 4089 est.
2386 4034 2588 4090 Gentes
2633 4036 2777 4090 enim
2835 4045 2958 4090 tunc
2989 4077 3003 4101 ,
3057 4053 3176 4105 qua:
3228 4038 3330 4095 hoc
3380 4039 3528 4096 fece-

1931 4135 2097 4194 runt,
2144 4126 2277 4180 deos
2319 4125 2483 4180 falsos
2527 4126 2813 4190 colebant,
2863 4128 3143 4182 simulacra
3191 4129 3480 4186 adorabunt
3507 4174 3527 4199 ,

1931 4217 2264 4272 daamonibus
2313 4218 2659 4283 serviebant;
2709 4218 2915 4287 operati
2961 4230 3086 4273 sunt
3136 4230 3309 4275 tamen
3360 4226 3525 4277 multa

1933 4311 2070 4364 mala
2102 4311 2150 4363 in
2197 4310 2396 4364 sanctis
2440 4311 2554 4364 Dei.
2599 4310 2825 4377 Quando
2869 4322 3124 4379 possent,
3159 4313 3258 4366 nisi
3304 4317 3526 4383 permit‘

1932 4402 2213 4460 terentur?
2260 4401 2472 4474 quando
2520 4412 2696 4458 autent
2749 4405 3220 4473 pennitterentur,
3272 4407 3372 4460 nisi
3416 4409 3529 4476 jam

1931 4502 2112 4550 s:mcta
2170 4493 2254 4548 ilia
2289 4536 2306 4562 ,
2365 4495 2538 4567 primo
2593 4496 2911 4565 promissiva
2945 4537 2961 4564 ,
3019 4499 3366 4553 necessaria'
3423 4517 3529 4558 non

1931 4596 2114 4643 essent
2147 4614 2181 4651 ,ν
2212 4602 2335 4642 cum
2386 4589 2501 4657 ipse
2545 4588 2634 4656 qui
2686 4587 3005 4656 promiserat
3051 4591 3374 4646 teneretur?
3424 4593 3528 4647 Er-

1930 4693 1999 4747 go
2044 4688 2236 4751 quanta
2281 4680 2504 4749 maligne
2547 4690 2786 4749 operatus
2841 4691 2912 4733 est
2961 4680 3194 4736 inimicus
3239 4683 3292 4738 in
3341 4687 3523 4743 sancti:

1931 4769 2030 4838 tuis
2061 4770 2083 4823 !

2004 4865 2056 4916 7.
2090 4861 2239 4935 [πη.
2269 4861 2347 4933 4].
2383 4860 2446 4916 Et
2491 4860 2697 4933 gloriati
2725 4873 2840 4917 sunt
2871 4879 3042 4918 omnes
3088 4866 3174 4934 qui
3199 4865 3417 4921 oderunt
3459 4880 3522 4922 te.
3577 4859 3580 4862 ’

1933 4952 2132 5007 Servos
2159 4954 2373 5007 attende
2390 4955 2717 5019 daemonum,
2737 4970 2922 5008 servos
2942 4957 3382 5024 simulacrorum;
3400 4976 3527 5030 qua-

1933 5044 2011 5098 les
2038 5053 2163 5098 tunc
2188 5042 2391 5099 Gentes
2417 5053 2590 5110 erant,
2618 5044 2832 5113 quando
2858 5056 3166 5101 everterunt
3197 5049 3451 5118 tetnplum
3479 5061 3536 5105 ct

1932 5138 2200 5193 civitatem
2247 5138 2376 5203 Dei,
2422 5148 2468 5191 et
2498 5139 2701 5207 gloriati
2729 5148 2864 5208 sunt.
2896 5137 2961 5191 1n
2992 5140 3158 5193 medio
3198 5142 3538 5196 solemnitaus

1936 5243 2054 5286 tum.
2085 5233 2405 5287 Mementote
2431 5232 2571 5302 quod
2599 5233 2707 5287 disi
2728 5274 2742 5292 .
2773 5244 2898 5286 tunc
2937 5250 3180 5289 eversam
3223 5253 3346 5293 esse
3371 5237 3527 5293 Ieru-

1932 5323 2100 5376 salem
2123 5364 2137 5387 ,
2171 5338 2291 5378 cum
2341 5324 2452 5394 ipsa
2478 5325 2790 5379 solemnitas
2837 5335 3123 5396 ageretur;
3165 5329 3219 5381 in
3257 5344 3358 5398 qua
3385 5332 3528 5385 sole-

1935 5417 2152 5470 mnitate
2171 5417 2450 5470 Dominum
2462 5417 2840 5472 crucilixerunt
2859 5436 2871 5472 :
2895 5420 3198 5490 congregati
3212 5424 3527 5492 stevier‘unt;

1932 5499 2239 5579 congregati
2267 5511 2561 5579 perierunt.

1996 5621 2013 5651 ι
2049 5620 2180 5690 rem,
2200 5619 2454 5691 exprimit.
2496 5630 2550 5670 At
2585 5628 2691 5671 Mss.
2734 5623 2948 5686 quidam,
2988 5623 3218 5689 explanat
3241 5639 3261 5678 :
3294 5629 3529 5691 potiores,

1929 5689 2343 5855 Σῖἴζὲἑῖςέιιυοι
2387 5753 2488 5796 Mss.
2528 5751 2582 5796 st
2605 5744 2739 5806 Edd.,
2763 5746 2961 5811 prima:
2988 5756 3039 5800 et
3077 5752 3302 5802 omittunt
3338 5765 3527 5818 vocatu,

2071 5820 2095 5854 s
2205 5841 2222 5855 .

2071 5820 2222 5856 sarta.
