1995 3155
260 189 315 220 935

295 248 324 276 8.
339 246 416 284 [verm
432 245 472 283 5.]
490 245 632 273 I’asuerunt
644 244 718 279 signa
730 252 793 274 sua.
809 243 900 278 signa;
912 248 935 270 et
949 251 999 269 non
1011 250 1054 269 eo-

260 297 412 327 gnoverunt.
426 291 565 319 llabebant
576 290 652 325 signa
666 297 725 325 quin
748 289 783 316 ibi
798 293 943 323 ponerent,
957 288 1053 315 vexilla

260 347 318 371 sua,
333 338 436 374 aquilas
451 344 523 370 suas,
535 336 669 364 dracones
684 342 758 366 suos.
771 335 845 370 signa
857 334 993 366 Romana;
1008 340 1055 361 aut

260 386 341 412 etiam
354 389 455 411 statuas
469 390 543 415 suas,
556 389 623 417 quas
637 381 723 416 primo
736 381 762 408 in
779 380 876 415 templo
890 385 1053 415 posuerunt;

258 435 305 457 aut
319 430 388 456 forte
402 430 475 464 signa
489 436 554 460 sua,
568 435 628 462 qua:
648 426 788 453 audierant
800 433 814 451 a
831 425 934 452 vatibus
952 425 1054 452 dauuo-

260 482 322 501 num
338 481 459 501 suorum.
473 472 506 499 Et
520 480 570 498 non
581 475 760 506 cognoverunt.
771 470 839 503 Quid
853 477 905 497 non
919 478 1053 505 cognove-

260 518 343 546 runt?
355 518 422 551 Quia
436 525 486 544 non
497 516 599 543 haberes
613 516 640 542 in
650 524 689 542 me
699 519 843 551 potestatem
853 535 862 546 .
877 514 925 542 nisi
940 514 984 541 tibi
993 514 1054 541 data

260 568 323 590 esset
345 563 453 596 desuer
468 561 555 595 (Jaan.
573 568 633 593 xu,
650 560 706 595 il).
722 559 779 587 Non
791 563 974 594 cognoverunt
992 560 1053 594 quia

261 615 314 634 non
336 607 400 642 ipsis
414 607 497 639 honor
508 606 613 633 delatus
625 610 682 637 est,
699 609 728 631 ut
749 604 898 639 ai'lligerent
908 625 916 637 ,
930 609 959 632 ut
972 611 1053 639 cape-

260 658 337 685 rent,
354 654 394 680 vel
417 657 569 680 everterent
588 652 740 682 civitatem;
755 651 801 678 sed
823 650 947 685 impietas
961 658 1053 677 eorum

261 704 386 734 tanquam
400 698 501 725 securis
516 698 561 725 Dei
576 698 644 725 facta
658 701 700 725 est
715 706 721 724 :
738 697 800 724 facti
813 703 876 724 sunt
892 697 1055 724 instrumen-

261 750 316 772 tum
331 744 408 775 irati.
425 752 478 771 non
501 744 547 770 in‘
563 751 673 778 regnum
694 743 800 778 placati.
821 742 895 770 Facit
907 742 980 770 enim
1003 742 1055 770 hoc

261 791 330 818 Dens
342 790 412 826 quod
425 790 581 825 plerumque
593 790 655 817 facit
664 794 691 816 et
703 789 793 815 homo.
807 788 958 823 Aliquando
971 788 1054 816 iratus

260 837 341 864 homo
355 836 532 871 apprehendit
547 836 648 870 virgam
667 835 801 870 jacentcm
821 835 847 862 in
871 835 977 868 medio,
999 835 1054 861 for-

261 887 332 909 tasse
338 883 530 916 qualecumque
538 886 714 911 sarmentum,
720 880 798 908 cedit
806 880 867 907 inde
875 880 958 907 tilium
964 887 1054 913 suum;

260 935 292 954 ac
306 926 401 954 deinde
415 927 521 961 projicit
542 930 706 953 sarmentum
721 925 747 953 in
761 926 849 960 ignem
859 946 867 959 ,
881 930 909 953 et
929 925 984 952 lllio
996 932 1056 952 ser-

261 977 305 999 vat
319 972 501 999 lnereditatcm
518 979 525 998 :
542 971 581 998 sic
593 970 736 1006 aliquando
750 971 819 998 Deus
831 978 879 1005 per
893 971 978 998 malos
989 978 1055 998 eru-

260 1018 300 1044 dit
321 1017 405 1044 bonos
414 1038 422 1050 ,
435 1021 463 1044 et
477 1025 525 1052 per
545 1017 717 1052 temporalem
731 1016 878 1052 potentiam
890 1016 1057 1044 damnando-

261 1071 321 1091 rum
343 1068 451 1090 exercet
463 1062 631 1097 disciplinam
646 1061 857 1091 liberandorum.
877 1061 945 1096 Quid
960 1061 1055 1089 enim?

261 1109 376 1144 putatis.
391 1108 505 1140 fratres,
523 1108 584 1143 quia
598 1115 662 1136 vere
680 1108 719 1135 sic
732 1107 793 1135 data
806 1111 848 1135 est
862 1107 1004 1142 disciplina
1016 1107 1056 1135 illi

260 1155 333 1189 genti
343 1175 350 1186 ,
365 1158 394 1181 ut
415 1153 525 1181 omnino
539 1153 658 1188 periret?
670 1152 766 1186 Quanti
780 1152 843 1180 inde
862 1156 954 1187 postea
968 1151 1056 1180 credi-

260 1200 377 1227 derunt!
391 1199 481 1233 quanti
501 1198 588 1226 adhuc
601 1198 728 1226 credituri
741 1198 820 1226 sunt!
835 1198 893 1225 Alia
905 1203 946 1226 est
959 1198 1034 1233 palea
1045 1219 1055 1233 ,

261 1244 332 1272 aliud
348 1244 527 1277 frumentum;
542 1251 623 1278 super
643 1249 784 1279 utrumque
797 1248 885 1272 tamen
906 1244 987 1271 intrat
1007 1244 1056 1272 tri‘

262 1289 324 1317 bula
341 1298 348 1316 :
364 1289 412 1318 sed
425 1290 476 1317 sub
494 1297 546 1316 una
559 1289 655 1316 tribula
668 1288 740 1316 aliud
759 1289 964 1322 comminuitur,
984 1288 1056 1316 aliud

263 1339 399 1369 purgatur.
414 1334 548 1368 Quantum
570 1333 668 1361 bonum
692 1333 770 1361 nobis
792 1333 862 1360 Deus
877 1333 1001 1369 pncstitit
1021 1333 1057 1361 de

262 1379 335 1407 malo
341 1378 416 1406 Juda:
425 1378 575 1406 traditoris!
587 1378 623 1406 De
636 1378 691 1413 ipsa
704 1378 805 1406 saevitia
813 1377 965 1406 Judzcorum
973 1385 1058 1413 quan-

263 1429 320 1452 tum
334 1424 433 1452 bonum
448 1424 593 1459 praestitum
607 1428 648 1451 est
658 1423 779 1452 fidelibus
791 1424 936 1452 Gentibus!
946 1424 1057 1452 Occisus

263 1470 445 1503 estChristus,
454 1474 484 1497 ut
495 1475 567 1497 esset
580 1470 606 1497 in
619 1477 699 1497 cruce
708 1477 787 1505 quem
801 1470 951 1497 attenderet
962 1470 1007 1505 qui
1016 1478 1060 1498 es-

263 1520 305 1543 set
320 1523 335 1542 a
350 1520 476 1551 serpente
496 1522 636 1550 percussus
650 1514 745 1548 (Nam.
761 1522 822 1547 ut,
837 1514 876 1551 8).
891 1514 936 1542 Sic
954 1522 1018 1550 ergo
1031 1519 1060 1544 et

264 1561 308 1589 isti
325 1561 392 1589 nirte
405 1568 420 1588 a
435 1561 532 1588 divinis
543 1561 599 1588 suis
609 1560 766 1594 audierant,
782 1561 842 1596 quia
857 1561 1005 1589 debuerunt
1020 1562 1059 1590 ire

264 1608 297 1635 ad
311 1608 469 1640 Jerusalem,
483 1611 511 1635 et
522 1614 619 1642 capere
630 1615 707 1640 eam;
722 1612 748 1634 et
760 1615 820 1634 cum
834 1607 967 1643 cepissent
980 1612 1059 1643 atque

264 1654 425 1681 evortissent
438 1660 508 1686 eam,
518 1652 644 1680 dixerunt
656 1653 705 1680 sibi
721 1653 791 1688 quod
802 1660 817 1680 a
828 1652 994 1681 dmmonibus
1003 1654 1059 1681 suis

265 1698 362 1726 factum
376 1699 411 1726 sit
427 1707 434 1726 :
452 1698 595 1726 Posuerunt
605 1699 677 1734 signa
687 1706 735 1724 sna
745 1719 753 1730 ,
766 1698 858 1734 signa;
871 1703 895 1725 et
908 1707 958 1725 non
968 1707 1061 1734 cogno-

263 1748 362 1771 verunt.
377 1743 446 1777 Quid
457 1752 509 1771 non
519 1743 722 1778 cognoverunt?
733 1743 805 1770 Sicut
815 1743 842 1770 in
851 1751 978 1778 egressam
990 1745 1001 1760 ⁸
1015 1744 1060 1771 de-

263 1798 350 1824 super.
365 1789 431 1822 Quia
445 1789 495 1816 nisi
508 1789 624 1823 desuper
636 1788 808 1822 egrederetur
817 1788 913 1823 jussio,
925 1796 1058 1824 nunquam

265 1834 436 1862 saevientibus
450 1834 580 1862 Gentibus
593 1834 619 1862 in
641 1833 794 1862 Judreorum
810 1834 937 1869 populum
951 1835 1011 1861 talia
1026 1835 1059 1862 li-

265 1885 368 1908 cerent.
384 1880 438 1907 Sed
451 1887 587 1915 egressum
602 1883 644 1907 est
656 1879 922 1915 desuper,quomodo
930 1880 995 1908 dicit
1010 1881 1060 1907 Da-

266 1927 319 1954 niel
332 1935 338 1953 :
351 1926 372 1953 Α
382 1926 507 1961 principio
517 1926 639 1954 orationis
649 1932 701 1953 tute
715 1934 828 1961 egressus
837 1931 874 1952 est
884 1934 965 1954 sermo
978 1926 1058 1962 (Dan.

266 1981 303 2005 Is,
313 1972 371 2006 ‘25).
387 1972 443 2000 Hoc
456 1976 484 2000 et
499 1972 626 2000 Dominus
640 1972 690 2007 ipsi
706 1972 790 1999 Pilato
805 1972 906 1999 inllanti
921 1979 962 2006 se,
976 1978 1002 2000 et
1013 1981 1060 2007 po-

267 2019 341 2046 uenti
356 2018 430 2053 signa
445 2025 503 2051 sua,
517 2018 602 2053 signa,
615 2022 642 2046 ct
656 2026 708 2045 non
723 2019 906 2054 cognoscenti.
919 2024 947 2046 et
960 2019 1060 2048 dicenti

265 2063 299 2090 ad
313 2063 464 2095 Christum,
480 2063 547 2090 Mihi
558 2072 609 2090 non
622 2064 779 2098 respondes?
790 2064 870 2091 nescis
880 2064 939 2100 quia
952 2069 1062 2100 potata:

266 2113 316 2136 tem
330 2108 409 2135 habeo
423 2109 555 2135 occidendi
570 2114 594 2136 te
603 2130 610 2142 ,
626 2114 650 2136 et
664 2114 812 2145 potestatem
825 2110 904 2137 habeo
919 2110 1061 2138 dimittendi

266 2155 311 2182 te.’
325 2155 358 2182 Et
372 2155 501 2181 Dominus
510 2154 542 2181 ad
556 2154 686 2188 inﬂatum,
696 2160 820 2190 tanquam
835 2156 950 2183 vesicam
964 2155 1062 2184 reﬂan-

266 2199 328 2226 dam
338 2199 349 2215 ³
367 2206 486 2234 pungens
501 2207 509 2225 :
529 2198 588 2226 Non
602 2199 722 2233 haberes,
737 2200 839 2235 inquit,
855 2201 881 2227 in
895 2209 935 2228 me
948 2206 1060 2235 potestn-

267 2250 326 2278 tem,
337 2244 387 2272 nisi
398 2245 459 2271 data
471 2245 515 2271 tibi
526 2250 590 2272 esset
601 2245 709 2281 desuper
721 2245 812 2279 (Joan.
825 2254 880 2279 sui,
894 2246 938 2279 lo,
949 2246 1006 2282 Η).
1016 2246 1061 2275 Sic

266 2294 295 2318 et
307 2290 361 2322 hic,
374 2289 516 2317 Pasuernnt
526 2290 599 2325 signa
609 2298 667 2323 sua,
681 2291 754 2330 signa
761 2299 771 2323 ;
784 2295 808 2317 et
820 2299 871 2318 non
882 2297 1059 2326 cognoverunt.

266 2335 406 2370 Quomodo
421 2343 473 2362 non
494 2335 696 2370 cognoverunt?
709 2335 783 2363 Sicut
797 2336 824 2363 in
844 2344 971 2371 egressum
984 2336 1060 2364 desu-

268 2390 322 2417 per,
346 2381 487 2415 Quomodo
511 2389 635 2416 egressus
659 2381 744 2408 lactus
767 2381 853 2409 fuerat
876 2381 1009 2417 desuper,
1034 2386 1063 2410 ut

269 2427 320 2454 hoc
335 2428 491 2462 impleretur
501 2448 509 2461 ,
533 2427 660 2463 numquid
677 2427 716 2455 sic
738 2427 774 2455 illi
789 2434 953 2463 cognoscere
966 2433 1061 2464 potue-

268 2477 330 2500 runt
343 2472 356 2499 ’1

304 2518 332 2546 9.
351 2517 426 2554 iners.
441 2517 480 2553 6.]
499 2517 557 2545 .lam
574 2525 759 2552 percurramus
768 2525 862 2546 versus
876 2519 950 2552 istos,
968 2526 1061 2547 eversa

268 2564 426 2596 Jerusalem,
447 2569 586 2599 propterea
607 2565 668 2599 quia
684 2568 712 2591 et
728 2565 858 2592 manifesti
875 2569 948 2596 sunt.
967 2569 995 2592 et
1009 2573 1061 2591 non

269 2611 334 2638 libet
355 2610 490 2638 immorari
515 2618 564 2638 nec
586 2611 611 2637 in
637 2618 714 2645 pinna
736 2610 916 2638 inimicorum.
941 2612 1020 2644 Quasi
1037 2611 1064 2637 iu

267 2656 332 2683 silva
353 2657 479 2692 lignorum
499 2657 629 2684 securibus
658 2657 820 2684 conciderunt
839 2658 934 2693 januns
957 2658 1012 2692 ejus
1037 2657 1064 2685 in

268 2702 394 2736 idipsum;
409 2702 436 2728 in
446 2701 552 2729 dolabra
562 2706 585 2728 et
596 2702 717 2736 fractorio
727 2702 873 2736 dejeccrunt
885 2711 940 2729 eam
951 2711 960 2730 :
975 2703 999 2730 id
1011 2707 1061 2736 est,

267 2747 465 2783 mmspirauter,
478 2751 643 2781 constanter,
662 2747 689 2774 in
700 2747 806 2774 dolabra
823 2752 845 2775 et
860 2748 981 2784 fractario
992 2747 1063 2783 deje-

268 2798 357 2821 εεηιηι
367 2802 432 2820 eam.

301 2849 310 2864 ¹
330 2847 455 2878 t‘articnla,
466 2847 501 2879 in,
513 2848 584 2873 abest
593 2848 625 2873 ab
634 2847 702 2877 add.
711 2848 756 2873 sed
769 2851 850 2874 exstat
860 2849 884 2874 in
895 2851 948 2874 Mss.

302 2880 314 2912 ξ
331 2879 546 2912 spumaeargenti.
559 2883 661 2912 autem
674 2878 699 2904 in
714 2885 846 2912 egressum.

304 2906 315 2922 ³
324 2906 365 2932 sic
511 2916 578 2939 vero.
587 2909 700 2939 inﬂatam.

851 186 880 213 S.
901 183 1084 213 AUGUSTlNl
1103 183 1256 214 EPISCOPI

1849 188 1901 217 956

1142 242 1187 271 10.
1208 242 1277 279 [vers
1298 243 1336 280 7.]
1356 244 1526 273 incenderunt
1538 246 1593 282 igni
1604 247 1788 275 sanetuarium
1807 253 1898 283 tuum;

1106 288 1259 321 polluerunt
1270 290 1297 317 in
1312 294 1382 317 terra
1395 293 1597 320 tabernaculum
1612 295 1725 322 nominis
1740 295 1791 323 tui.

1140 337 1183 364 Η.
1195 336 1270 373 [νεη-
1280 337 1307 370 8,
1317 337 1357 374 9.]
1367 337 1493 365 Dixerunt
1503 339 1529 365 in
1540 339 1617 365 corde
1623 347 1681 371 sua,
1691 340 1809 374 cognatio
1816 348 1901 367 eorum

1106 382 1133 408 in
1146 390 1233 409 unum.
1248 382 1316 416 Quid
1328 383 1472 410 dixerunt?
1488 383 1584 417 Venite,
1600 385 1796 418 comprinmmus
1815 393 1901 413 omnes

1106 427 1277 454 solemnitate:
1286 427 1389 454 Domini
1401 429 1432 454 de
1442 434 1518 455 terra.
1531 428 1644 460 Domini,
1655 437 1687 456 ex
1700 437 1812 464 persona
1823 430 1900 465 huius

1106 472 1291 508 interpositum
1314 478 1365 506 est,
1389 481 1421 500 ex
1442 482 1553 509 persona
1573 474 1662 509 Asaph
1676 483 1683 501 :
1698 482 1752 501 non
1773 475 1844 502 enim
1864 475 1900 503 illi

1106 517 1250 544 sa-vientcs
1280 518 1419 545 Dominum
1452 519 1634 553 appellarent,
1668 520 1744 553 cujus
1773 521 1900 554 templum

1105 563 1272 590 cvertcbant.
1301 563 1396 595 Venite,
1419 565 1614 599 eamprimamus
1628 573 1713 591 attines
1732 566 1901 594 solentuilates

1107 607 1214 635 Domini
1230 617 1248 635 ιι
1267 613 1344 636 terra.
1371 609 1438 643 Quid
1458 610 1566 644 Asaph?
1584 610 1647 643 quid
1662 611 1799 637 intellerlus
1814 612 1899 643 Amph

1106 652 1132 680 in
1148 652 1207 680 his?
1216 653 1299 688 quid?
1310 654 1366 680 Non
1382 654 1494 688 proﬁcit,
1505 655 1545 681 vel
1560 654 1698 689 disciplina
1709 654 1788 681 data?
1803 658 1899 682 mentis

1106 698 1221 732 praVitas
1231 706 1283 725 non
1296 699 1457 733 corrigitur?
1472 699 1567 725 Eversa
1575 705 1635 725 sunt
1644 700 1731 726 omnia
1745 708 1803 734 qua!
1814 701 1899 734 primo

1105 748 1181 770 erant
1193 750 1200 769 :
1213 750 1341 777 nusquam
1358 744 1490 775 sacerdos,
1505 752 1632 778 nusquam
1644 745 1725 771 altare
1735 744 1896 777 intimorum,

1107 795 1239 823 nusquam
1263 789 1379 819 victima.
1411 797 1540 823 nusquam
1565 789 1702 823 templum.
1735 790 1806 824 Ergo
1835 791 1897 817 nihil

1104 833 1177 860 aliud
1189 834 1386 869 agnoscendum
1398 835 1517 869 estquod
1533 834 1593 861 huic
1606 835 1744 862 decedenti
1753 837 1901 863 successit?

1105 882 1153 905 aut
1165 885 1229 906 vero
1242 878 1293 905 hoc
1303 879 1489 913 pronlissivum
1503 879 1606 913 signum
1618 879 1776 911 auferretur.
1791 881 1840 907 nisi
1855 889 1900 908 ve-

1106 925 1191 952 nisset
1203 925 1275 959 quod
1287 927 1513 961 promittebatur?
1529 927 1669 954 Videamus
1685 935 1748 963 ergo
1763 928 1806 955 hic
1820 928 1899 954 modo

1106 969 1364 1007 intellectumAsaph
1374 981 1381 1004 ;
1390 973 1527 1000 videamus
1536 974 1557 1000 si
1565 974 1666 1008 ριόιιυιγ
1677 982 1709 1001 ex
1720 973 1897 1001 tribulatione.

1105 1016 1220 1044 Attende
1228 1016 1290 1052 quid
1302 1018 1372 1044 dicat
1385 1027 1391 1044 :
1406 1018 1487 1053 Signa
1501 1024 1587 1045 nostra
1601 1027 1650 1045 non
1661 1020 1778 1053 vidimus,
1783 1020 1839 1054 jam
1849 1027 1899 1046 non

1106 1065 1143 1088 est
1156 1062 1290 1097 propheta,
1305 1067 1328 1088 et
1344 1071 1388 1089 nos
1401 1072 1451 1089 non
1463 1069 1593 1098 cognoscet
1604 1064 1698 1090 adltue.
1710 1064 1778 1092 Ecce
1794 1064 1836 1091 isti
1849 1064 1897 1091 Ju-

1106 1105 1158 1133 dtei
1170 1106 1216 1141 qui
1230 1114 1260 1135 se
1273 1107 1364 1134 dicunt
1379 1116 1431 1135 non
1444 1109 1552 1143 agnosci
1566 1109 1662 1142 adhuc,
1674 1109 1699 1136 id
1713 1114 1763 1142 est,
1779 1110 1804 1136 in
1815 1111 1900 1145 capti-

1107 1152 1188 1180 vitate
1199 1152 1287 1180 adhuc
1299 1161 1329 1180 se
1342 1161 1412 1187 esse,
1436 1155 1553 1182 nondum
1567 1162 1596 1182 se
1615 1155 1732 1188 liberari,
1745 1161 1901 1190 exspectant

1106 1197 1195 1226 adhuc
1210 1197 1356 1226 Christum.
1382 1199 1513 1227 Venturos
1535 1205 1576 1227 cst
1592 1199 1731 1232 Christus;
1752 1201 1798 1227 sed
1812 1201 1902 1229 veniet

1107 1242 1222 1277 ntjudex
1235 1251 1243 1270 :
1251 1244 1338 1278 primo
1348 1250 1468 1278 vocator,
1478 1250 1569 1280 postea
1578 1245 1720 1273 discretor.
1728 1245 1828 1278 Veniet,
1838 1247 1901 1282 quia

1108 1288 1180 1315 venit
1190 1289 1210 1320 ',
1232 1293 1333 1316 etcum
1346 1295 1486 1317 venturum
1501 1297 1561 1318 esse
1586 1290 1754 1318 inanitestum
1775 1296 1833 1324 est:
1852 1292 1901 1320 sed

1106 1333 1162 1369 jam
1175 1334 1292 1370 desuper
1304 1334 1403 1363 veniet.
1417 1336 1487 1363 Ante
1500 1341 1527 1364 te
1538 1341 1606 1370 erat,
1622 1343 1640 1364 o
1653 1335 1748 1365 lsrael!
1762 1342 1902 1373 quassatus

1108 1386 1149 1411 es,
1161 1379 1221 1414 quia
1234 1378 1366 1407 oti‘endisti
1375 1380 1560 1415 injacentcm;
1576 1389 1611 1409 ne
1622 1382 1778 1414 conteraris,
1787 1383 1900 1410 observa

1109 1422 1224 1458 desuper
1236 1424 1399 1452 venientem.
1417 1425 1454 1452 Ita
1467 1425 1539 1453 enim
1552 1426 1706 1461 prasdictum
1722 1432 1765 1456 est
1777 1435 1823 1463 per
1837 1436 1902 1463 pro-

1109 1469 1216 1503 phetam
1233 1478 1240 1496 :
1259 1469 1378 1505 Quisquis
1387 1469 1520 1504 o/I'enderit
1532 1472 1558 1498 in
1569 1471 1679 1507 lapidem
1689 1472 1902 1508 alumentaria-

1107 1514 1205 1541 sabilur
1212 1522 1223 1547 ;
1237 1520 1260 1541 et
1276 1523 1353 1550 super
1363 1523 1437 1550 quan
1448 1517 1551 1548 venerit,
1563 1521 1672 1544 conteret
1683 1525 1741 1544 eam
1755 1517 1830 1554 (lsai.
1843 1527 1901 1554 vtu,

1110 1560 1155 1592 ιι,
1170 1560 1214 1588 15.
1222 1559 1279 1587 Vid.
1290 1559 1352 1588 Luc.
1362 1561 1649 1597 xx.18).Conquassat
1661 1570 1772 1597 parvus;
1783 1567 1903 1592 eluderet

1109 1606 1250 1640 magnus'.
1267 1606 1326 1633 Jam
1337 1606 1410 1641 signa
1426 1611 1468 1634 tua
1482 1614 1535 1634 non
1548 1607 1632 1641 vides,
1645 1607 1701 1643 jam
1720 1616 1773 1635 non
1786 1613 1827 1636 est
1842 1618 1903 1644 pro-

1110 1652 1187 1686 pheta
1199 1659 1207 1684 ;
1221 1655 1248 1679 et
1260 1651 1336 1685 dicis,
1351 1651 1387 1678 Et
1405 1660 1451 1679 nos
1463 1660 1514 1679 non
1526 1657 1643 1688 agnoscet
1660 1653 1762 1681 adhuc:
1779 1654 1840 1689 quia
1854 1662 1903 1682 vos

1110 1705 1163 1724 non
1174 1697 1318 1733 agnoscitis
1334 1697 1431 1726 adhuc.
1454 1697 1515 1725 lant
1534 1706 1586 1726 non
1606 1703 1642 1726 est
1663 1700 1796 1735 propheta,
1809 1705 1834 1727 et
1854 1709 1902 1728 eos

1110 1750 1161 1769 non
1181 1747 1300 1778 agnoscet
1311 1742 1406 1770 adhuc.

1146 1787 1190 1815 12.
1210 1786 1354 1824 [vers.10.]
1375 1787 1519 1823 Usquam,
1535 1787 1615 1822 Deus,
1634 1789 1794 1824 exprobrabit
1812 1790 1901 1818 inimi-

1109 1833 1173 1861 cas!
1186 1833 1292 1861 Clama‘
1311 1834 1386 1869 quasi
1396 1834 1551 1867 derelictus,
1570 1835 1645 1870 quasi
1658 1835 1800 1868 desertus;
1813 1836 1901 1864 clama

1111 1884 1235 1915 tanquam
1250 1887 1321 1915 a-ger
1329 1880 1374 1916 qui
1392 1882 1524 1908 medicum
1538 1881 1642 1909 caedere
1653 1889 1731 1916 quam
1743 1882 1829 1909 curari
1842 1890 1900 1910 usa-

1109 1925 1182 1952 luisti
1199 1934 1206 1953 :
1228 1933 1280 1952 non
1292 1930 1318 1953 te
1331 1926 1450 1960 agnoscit
1460 1926 1556 1954 adhuc.
1572 1926 1637 1954 Vide
1650 1926 1712 1962 quid
1728 1926 1820 1955 fecerit
1830 1949 1838 1959 .
1855 1928 1902 1963 qui

1111 1974 1138 1997 te
1160 1977 1213 1998 non
1233 1971 1352 2006 agnoscit
1373 1970 1470 1998 adhuc.
1492 1970 1597 1998 Etenim
1621 1971 1717 2006 quibus
1735 1980 1788 1999 non
1801 1977 1841 1999 est
1854 1980 1904 2000 an-

1112 2016 1260 2044 nuntiatqu
1283 2016 1318 2044 de
1341 2023 1385 2048 eo,
1409 2015 1555 2048 videbunt;
1576 2020 1604 2044 et
1615 2016 1661 2050 qui
1682 2024 1734 2043 non
1750 2017 1901 2049 audierunt.

1111 2061 1259 2097 intelligent
1272 2060 1349 2097 (Isai.
1364 2069 1409 2094 ut,
1422 2060 1466 2094 l5,
1479 2065 1503 2088 et
1515 2061 1588 2089 Rom.
1602 2068 1647 2093 xv,
1663 2061 1709 2098 21)
1720 2069 1727 2088 :
1740 2066 1767 2089 et
1777 2066 1805 2089 tu
1815 2062 1904 2091 adhuc

1111 2108 1221 2140 clamas,
1227 2108 1286 2134 .lam
1295 2116 1344 2135 non
1351 2112 1388 2135 est
1398 2107 1520 2143 propheta
1529 2112 1553 2134 et
1561 2116 1607 2135 nos
1614 2116 1663 2135 non
1670 2114 1799 2144 cognoscet
1807 2109 1903 2136 adhuc.

1112 2154 1162 2182 Ubi
1186 2159 1226 2181 cst
1250 2154 1398 2181 intellectus
1417 2153 1496 2180 tuus?
1517 2152 1608 2180 Irritat
1632 2154 1791 2181 adversarius
1813 2163 1904 2183 nomen

1111 2205 1182 2227 omni
1208 2200 1235 2227 in
1260 2200 1345 2235 finem.
1369 2200 1408 2227 Ad
1435 2199 1486 2227 hoc
1510 2199 1598 2227 irritat
1617 2199 1783 2227 adversarius
1806 2208 1903 2228 uolneu

1112 2249 1187 2273 tuum
1193 2245 1219 2272 in
1229 2246 1318 2278 tinent,
1328 2249 1357 2272 ut
1367 2246 1449 2272 iratus
1459 2244 1596 2279 corripias,
1605 2245 1750 2279 corripiens
1758 2252 1905 2280 cognoscas

1113 2292 1139 2319 in
1160 2291 1259 2324 linem;
1278 2295 1325 2318 aut
1342 2295 1415 2318 certe
1429 2291 1457 2317 in
1475 2291 1560 2325 ﬁnem,
1577 2298 1660 2326 usque
1680 2290 1713 2317 ad
1737 2291 1827 2318 tinem.
1854 2290 1905 2319 υς-

1112 2345 1165 2373 que
1187 2337 1220 2365 ad
1235 2344 1314 2372 quem
1328 2336 1426 2364 linem!
1445 2336 1588 2371 Quousque
1600 2344 1755 2372 cognoscas.
1767 2344 1906 2372 quousque

1113 2384 1232 2416 clames,
1257 2390 1395 2418 quousque
1418 2381 1584 2417 apprehensa
1612 2382 1696 2410 cauda
1721 2383 1846 2410 redeatur
1872 2382 1906 2410 ad

1113 2436 1238 2463 regnum.

1150 2475 1192 2501 i5.
1213 2473 1288 2510 [vers
1303 2473 1360 2510 IL]
1376 2473 1471 2508 thuid
1481 2474 1571 2501 avertis
1588 2482 1690 2501 manum
1704 2478 1773 2501 tuam
1784 2479 1809 2501 et
1820 2474 1906 2501 dexta-

1114 2529 1169 2547 ram
1188 2525 1257 2546 tuam
1271 2520 1303 2546 de
1315 2519 1396 2546 media
1410 2520 1467 2546 sinu
1488 2522 1531 2546 tuo
1549 2519 1576 2546 in
1594 2518 1690 2553 finem?
1714 2519 1812 2546 lterum
1834 2518 1906 2546 aliud

1114 2566 1218 2599 signum
1232 2566 1300 2599 quod
1311 2565 1401 2591 datum
1417 2569 1457 2591 est
1472 2564 1565 2599 Moysi.
1584 2564 1723 2597 Quomodo
1732 2564 1803 2591 enim
1822 2571 1904 2598 supe-

1115 2612 1171 2637 rius
1183 2612 1216 2637 de
1232 2610 1302 2644 virga
1316 2610 1429 2644 signum.
1446 2610 1480 2636 ita
1494 2608 1564 2636 etde
1577 2608 1696 2636 dextera.
1710 2608 1776 2635 Cum
1791 2609 1862 2635 enim
1877 2609 1906 2635 ilo

1116 2656 1160 2683 Iud
1172 2655 1268 2682 iactanti
1277 2659 1346 2683 esset
1359 2655 1392 2682 de
1402 2655 1485 2690 virga,
1498 2654 1571 2682 dedit
1581 2654 1649 2681 Deus
1659 2653 1771 2681 alterum
1784 2653 1906 2688 signant:

1149 2754 1157 2769 ι
1176 2752 1269 2782 Aliquot
1279 2756 1342 2782 atss.,
1356 2753 1437 2782 postea
1455 2749 1667 2782 discrelorrueniet.
1687 2748 1746 2779 onis
1757 2749 1841 2778 mut-4,
1859 2753 1904 2775 cu:

1116 2781 1225 2817 Nonnulli
1237 2789 1315 2808 vero:
1330 2781 1409 2808 leniet
1417 2782 1459 2814 qui
1465 2782 1518 2813 jam
1530 2781 1599 2817 venit.
1611 2815 1617 2817 _
1675 2816 1683 2817 ί
1797 2811 1802 2815 _

1148 2815 1159 2830 ³
1176 2814 1241 2839 add;
1255 2816 1400 2845 conquath
1409 2819 1503 2844 parvos,
1514 2815 1618 2837 camera
1629 2816 1735 2842 magnas.
1749 2814 1836 2835 verius
1844 2814 1905 2840 atas,

1117 2851 1215 2878 paruus,
1228 2848 1255 2870 et
1266 2848 1360 2875 postea,
1373 2849 1482 2875 magnus.
1655 2873 1661 2878 ι
1825 2875 1827 2878 ν

1226 2879 1263 2900 Er.
1278 2879 1304 2901 et
1315 2878 1366 2900 Mss.
1380 2878 1410 2899 Λι
1425 2878 1479 2900 Lov.
1492 2873 1537 2899 hoc
1556 2877 1582 2898 et
1594 2879 1703 2905 prasina:
1714 2875 1828 2903 sequcuu
1846 2871 1905 2904 loco,

1120 2913 1217 2933 emas.
