3990 6308
104 355 213 409 057

103 465 160 519 Π
169 469 276 532 itte,
314 468 485 539 inquit
505 512 524 536 ,
568 487 775 526 manum
813 483 954 526 tuam
974 459 1032 529 in
1058 478 1224 529 sinum
1251 490 1412 542 tuum,
1455 490 1501 532 et
1529 479 1700 534 misit:

103 555 318 611 Produc
359 576 493 622 eam,
536 571 583 614 et
634 565 916 631 produxit;
955 575 1001 618 et
1040 567 1236 619 inuenta
1261 576 1334 622 est
1367 569 1502 630 alba,
1544 568 1596 621 id
1620 576 1702 623 est

95 649 404 706 immunda.
449 654 620 708 Alhor
645 657 786 709 enim
818 657 870 710 in
898 669 1040 725 cute,
1076 659 1220 727 lepra
1242 669 1345 723 est,
1373 677 1480 713 non
1503 661 1701 713 candor

95 743 292 808 (Leuit.
319 760 434 806 xui,
455 743 570 816 ‘25).
607 745 720 813 Ipsa
747 748 887 801 enim
920 738 1203 804 hmréditas
1231 751 1346 817 Dei,
1378 752 1427 805 id
1453 763 1554 814 est,
1602 767 1698 819 po-

96 834 262 901 pnlns
283 836 400 903 ejus
431 837 576 893 foras
603 842 670 895 ab
704 855 771 895 eo
806 841 1018 906 missus,
1050 843 1353 897 immundus
1396 845 1562 898 lactus
1592 855 1695 899 est.

95 927 204 980 Sed
231 931 358 997 quid
388 929 459 983 illi
483 933 596 985 ait?
622 934 818 987 Revoca
834 952 943 988 eam
966 936 1017 988 in
1040 938 1204 989 sinum
1225 946 1367 990 tuum
1390 953 1408 990 :
1429 940 1693 1000 revocavit,

89 1028 136 1068 et
165 1035 373 1072 reversa
389 1033 464 1073 est
489 1024 557 1074 ad
579 1023 796 1077 colorem
821 1042 967 1077 suum
989 1025 1183 1094 (Exod.
1203 1043 1274 1091 tv,
1299 1028 1349 1087 6,
1378 1029 1451 1095 7).
1472 1027 1694 1093 Qu:me

88 1107 194 1160 hoc
227 1107 382 1174 falcis,
427 1111 504 1164 ait
537 1113 714 1184 Asaph
750 1116 885 1168 istc?
926 1116 1210 1185 Quousque
1241 1117 1514 1172 dexteram
1551 1131 1691 1173 tuam

85 1199 302 1253 alienas
327 1215 358 1253 a
385 1203 504 1255 sinu
541 1211 652 1269 tuo,
690 1214 748 1258 ut
785 1206 912 1260 foris
941 1207 1208 1261 immunda
1236 1210 1547 1263 remaneat?
1590 1211 1694 1263 lie-

87 1302 223 1342 voca
263 1306 421 1355 eam;
457 1294 642 1347 redeat
666 1295 734 1348 ad
771 1297 1031 1361 colorem,
1067 1310 1321 1367 agnoscat
1348 1301 1685 1355 salvatorem.

90 1377 294 1450 thuid
324 1385 507 1436 avertis
536 1401 741 1438 manum
785 1397 926 1439 tuam
965 1397 1011 1441 et
1050 1388 1307 1442 dexteram
1333 1399 1472 1442 tuam
1501 1391 1562 1442 de
1587 1408 1692 1444 me-

84 1471 175 1523 dio
201 1473 322 1525 sinu
353 1484 440 1526 tuo
467 1475 521 1528 in
543 1477 695 1542 linem
712 1478 738 1529 Ζ)
763 1478 887 1533 llrec
907 1480 1104 1534 clamat
1133 1495 1328 1545 czecus,
1359 1498 1464 1537 non
1495 1484 1689 1539 intelli—

83 1578 255 1632 gens;
283 1577 337 1619 et
364 1567 466 1622 hoc
489 1570 626 1622 Deus
653 1569 774 1623 facit
801 1571 938 1638 quod
963 1571 1138 1626 facit’.
1179 1573 1354 1640 Quare
1375 1577 1514 1628 enim
1547 1578 1690 1630 venit

83 1657 340 1712 Christus
357 1661 382 1712 ?
410 1659 626 1714 Ctecitas
649 1679 712 1716 es
733 1674 875 1732 parte
894 1662 1058 1718 Israel
1073 1671 1208 1736 facta
1234 1677 1326 1732 est,
1352 1678 1406 1720 ut
1427 1668 1687 1738 plenitudo

82 1747 333 1801 ﬂentium
364 1751 592 1813 intraret.
618 1765 665 1806 et
688 1755 762 1808 sic
789 1756 950 1809 omnis
972 1755 1136 1809 Israel
1154 1758 1323 1812 salvus
1345 1760 1484 1826 ﬁeret
1503 1757 1681 1827 (Rom.

82 1852 155 1899 XI,
189 1838 312 1907 25).
357 1841 501 1911 Ergo
516 1842 625 1910 jam
656 1844 832 1913 Asaph
875 1861 1102 1916 agnosce
1125 1850 1262 1918 quod
1297 1853 1566 1917 praecessit
1590 1893 1603 1915 ,
1629 1862 1687 1907 ut

81 1929 169 1981 vel
213 1933 480 1999 sequaris,
527 1933 570 1985 si
602 1935 905 2001 prtccedere
958 1953 1060 1989 non
1114 1939 1349 2006 potuisti.
1399 1938 1512 1992 Non
1543 1943 1684 1995 enim

75 2017 288 2073 frustra
306 2021 452 2074 venit
469 2021 737 2088 Christus,
755 2034 847 2077 aut
864 2024 1055 2080 frustra
1078 2029 1284 2081 occisus
1308 2037 1392 2082 est
1409 2029 1683 2095 Christus;

74 2117 177 2164 aut
217 2111 414 2165 [rustra
452 2129 679 2182 granum
728 2115 917 2170 cecidit
950 2118 1000 2171 in
1032 2128 1250 2184 terram,
1291 2121 1390 2172 nisi
1418 2131 1474 2174 ut
1502 2122 1684 2174 multi-

78 2202 298 2269 pliciter
317 2216 564 2282 surgeret
591 2205 767 2278 (Joau.
791 2223 890 2274 xu,
915 2210 1031 2281 23).
1062 2213 1335 2266 Exaltatus
1356 2225 1437 2267 est
1463 2229 1685 2282 serpens

75 2293 132 2347 in
160 2309 377 2362 eremo,
406 2281 464 2349 ιιί
485 2312 793 2365 percussum
821 2316 851 2353 ιι
882 2317 1089 2356 veneno
1116 2314 1328 2358 sanaret
1354 2302 1540 2372 (Nunt.
1566 2321 1678 2371 nt,

75 2385 164 2454 9).
215 2384 453 2440 Attende
505 2387 646 2456 quod
695 2387 893 2444 factum
948 2403 1070 2446 est:
1120 2395 1224 2446 noli
1273 2404 1457 2462 putare
1493 2411 1683 2452 vacare

69 2475 226 2545 qttud
247 2477 426 2536 venit;
447 2493 516 2532 ne
543 2490 594 2532 te
609 2481 802 2534 malum
826 2481 1078 2547 inveniat,
1103 2499 1224 2538 cum
1247 2487 1435 2540 iterum
1453 2489 1676 2543 venerit.

151 2569 246 2621 M.
293 2566 444 2640 [verm
507 2569 621 2645 19η]
673 2571 934 2628 lntcllexit
987 2575 1195 2643 Asaph,
1249 2579 1370 2645 quia
1423 2578 1475 2631 in
1529 2581 1681 2636 titulo

71 2657 304 2719 Psalmi,
346 2658 640 2714 Intellectus
667 2663 864 2732 Asaph.
921 2665 986 2718 Et
1012 2666 1137 2735 quid
1186 2667 1302 2722 ait?
1349 2668 1488 2722 Deus
1511 2684 1682 2726 autem

69 2767 168 2802 rex
199 2761 372 2802 noster
399 2763 516 2804 ante
549 2754 756 2818 stccula,
803 2767 1037 2824 operatus
1065 2769 1137 2811 est
1174 2760 1388 2814 salutem
1420 2763 1472 2816 in
1517 2767 1681 2817 medio

73 2853 249 2894 terrm.
305 2842 412 2898 llac
453 2860 550 2897 nos
581 2847 895 2911 clamamus,
926 2846 1047 2901 lam
1073 2866 1174 2904 non
1203 2861 1276 2904 est
1303 2854 1591 2922 propheta;
1634 2868 1680 2908 et

72 2946 168 2983 nos
190 2947 297 2983 non
317 2944 580 3000 cognoscet
604 2934 773 2987 adhuc
799 2950 820 2988 :
853 2935 952 2990 hac
971 2948 1147 2992 autem
1180 2938 1321 2994 Dens
1345 2951 1548 3004 noster,
1589 2961 1681 2997 rex

71 3030 273 3084 noster,
303 3021 395 3090 qui
423 3032 506 3076 est
528 3034 646 3076 ante
674 3026 878 3091 stt-culo,
909 3027 1032 3096 quia
1061 3031 1174 3099 ipse
1212 3038 1297 3084 est
1323 3031 1376 3084 in
1416 3034 1678 3103 principio

72 3113 341 3179 Verbum,
368 3129 463 3182 per
484 3115 626 3184 quod
652 3116 789 3172 facta
819 3128 944 3173 sunt
966 3120 1196 3186 sarcula;
1236 3133 1471 3191 operatus
1490 3137 1564 3178 est
1592 3142 1678 3178 sa-

67 3204 232 3257 lutem
255 3205 307 3257 in
335 3207 500 3259 medio
526 3217 690 3261 Ierrte.
717 3205 856 3263 Deus
882 3225 1008 3279 ergo
1032 3227 1124 3270 res:
1143 3224 1310 3267 noster
1329 3225 1444 3269 ante
1464 3218 1674 3282 swcula,

65 3297 201 3365 quid
232 3298 400 3350 fecit?
423 3298 674 3368 Operatus
694 3309 768 3353 est
800 3301 1012 3358 salutem
1032 3305 1084 3357 in
1106 3305 1271 3357 medio
1291 3317 1441 3361 terra!
1457 3323 1479 3372 ,'
1497 3319 1554 3366 et
1574 3325 1679 3380 ego

59 3389 253 3441 adhuc
300 3390 475 3442 clamo
513 3391 665 3460 quasi
709 3392 972 3447 desertus.
1027 3393 1117 3449 Ille
1159 3407 1408 3464 operatur
1446 3401 1672 3456 salutem

63 3481 120 3533 in
189 3479 370 3531 medio
416 3488 608 3544 terrae;
661 3490 722 3534 et
773 3496 871 3550 ego
910 3486 1140 3538 remansi
1193 3494 1353 3540 terra.
1413 3488 1674 3545 lntellexit

65 3569 256 3636 Asaph
290 3568 446 3634 bene,
475 3574 595 3640 quia
627 3571 920 3626 Intellectus
948 3575 1140 3643 Asaph.
1173 3577 1350 3641 Quare
1375 3580 1517 3634 enim
1549 3582 1668 3647 ista,

62 3675 160 3716 aut
212 3664 428 3731 qualem
478 3665 707 3719 salutent
759 3677 1009 3736 operatus
1048 3679 1130 3722 est
1167 3671 1438 3738 Christus;
1490 3675 1671 3729 nisiut

59 3756 349 3810 discerent
402 3757 647 3812 homines
697 3768 893 3812 aeterna
940 3759 1266 3827 desiderare,
1309 3780 1413 3817 non
1459 3779 1673 3834 semper

65 3851 463 3917 temporalibus
491 3849 786 3903 inhmrcre?
835 3851 972 3905 Deus
1008 3862 1174 3905 autem
1217 3871 1306 3908 rea:
1347 3867 1516 3909 noster
1555 3869 1672 3911 ante

65 3940 289 4001 sa’cula,
331 3950 572 4009 operatus
597 3950 670 3993 est
702 3941 914 3994 salutem
942 3943 994 3994 in
1019 3943 1183 3996 medio
1204 3953 1368 3998 terrae.
1407 3945 1539 3998 Dntn
1571 3963 1670 4002 nos

59 4033 391 4096 clamamus,
429 4029 714 4100 Usquequo,
755 4030 992 4097 Domine,
1024 4037 1338 4103 exprobrabit
1360 4037 1590 4092 inimicus
1615 4041 1670 4092 in

59 4123 274 4192 linem?
317 4138 571 4191 usquequo
596 4123 760 4176 irritat
786 4125 1101 4178 adversarius
1117 4126 1143 4178 ?
1167 4143 1420 4197 usquequo
1462 4146 1670 4185 manant

62 4224 213 4267 tuam
241 4214 429 4266 avertis
459 4231 491 4264 α
516 4216 629 4267 sinu
656 4214 786 4267 tuo?
814 4213 944 4268 Cum
981 4217 1094 4268 haec
1117 4216 1363 4283 dicimus,
1408 4217 1549 4274 Deus
1572 4230 1667 4274 att-

62 4315 170 4358 teut
193 4321 290 4358 rex
315 4313 484 4357 uoster
503 4315 620 4359 ante
641 4305 849 4371 alecula,
880 4316 1116 4375 operatus
1153 4317 1224 4362 est
1243 4308 1460 4362 salutem
1479 4311 1536 4366 in
1564 4329 1669 4364 nte-

57 4397 151 4450 dio
181 4407 366 4457 terrm;
407 4407 465 4450 et
502 4411 600 4449 nos
631 4395 948 4450 dormimus.
981 4397 1098 4451 Jam
1123 4400 1339 4468 vigilant
1359 4403 1584 4468 Gentes;
1613 4415 1666 4460 et

59 4507 169 4545 nos
207 4492 508 4553 stertimus,
554 4498 612 4544 et
654 4498 902 4561 tanquam
950 4509 1046 4547 nos
1077 4495 1212 4549 Deus
1246 4496 1564 4562 deseruerit,
1612 4503 1664 4555 in

58 4583 277 4636 somnis
305 4582 614 4636 deliramus.
647 4581 900 4650 Operatus
923 4594 994 4638 est
1012 4586 1224 4638 salutem
1242 4587 1294 4640 in
1318 4589 1480 4641 medio
1496 4600 1661 4645 terrm.

136 4675 232 4728 15.
278 4671 296 4743 [
301 4689 432 4726 vers.
457 4671 571 4744 15.]
602 4672 718 4726 lam
747 4688 876 4742 ergo
903 4674 1081 4743 Asaph
1105 4679 1310 4746 corrige
1332 4688 1382 4732 te
1410 4680 1475 4732 ad
1505 4681 1663 4734 intel-

54 4769 268 4820 lectum
293 4781 309 4825 ;
348 4762 436 4817 die
459 4763 615 4818 nobis
643 4765 852 4832 qualem
879 4765 1102 4821 salutem
1141 4779 1390 4836 operatus
1413 4782 1497 4825 est
1523 4773 1663 4828 Deus

56 4859 111 4910 in
148 4855 334 4909 inedio
361 4864 537 4908 terrae.
579 4855 712 4908 Cum
741 4855 828 4910 illa
868 4866 1075 4911 terrena
1106 4870 1281 4914 vestra
1309 4863 1454 4916 salus
1475 4879 1660 4919 eversa

55 4957 164 5008 est,
201 4945 331 5014 quid
368 4945 533 4998 fecit?
561 4945 688 5011 qttid
725 4946 1002 5012 promisit?
1034 4947 1108 5000 Tu
1141 4951 1452 5017 conﬁrmasti
1478 4955 1530 5006 in
1555 4957 1660 5009 nir-

52 5052 170 5094 tute
190 5051 282 5092 tua
301 5054 459 5091 mare.
491 5038 760 5107 Tanquam
787 5049 946 5107 gente
965 5040 1270 5095 Judworntn
1301 5046 1444 5098 velut
1462 5047 1605 5099 arida
1627 5064 1658 5101 a

47 5132 317 5188 ﬂuctibus
362 5139 627 5196 separata.
671 5145 817 5183 mare
859 5130 910 5182 in
955 5133 1304 5187 amaritudine
1333 5150 1427 5188 sua
1460 5135 1658 5191 Gentes

47 5234 239 5288 erant,
275 5233 580 5290 terramque
620 5223 763 5274 illam
796 5222 1026 5290 undique
1048 5224 1466 5281 circumluebant
1495 5247 1508 5284 :
1533 5245 1658 5283 ecce

51 5313 384 5383 conﬁrmasti
427 5313 480 5365 in
525 5313 706 5365 virtute
741 5323 830 5364 tua
862 5329 1017 5373 mare,
1047 5323 1100 5366 et
1123 5315 1378 5368 remansit
1407 5325 1547 5371 terra
1581 5323 1657 5372 si-

54 5411 199 5464 tiens
223 5405 453 5458 imbrem
475 5412 643 5458 tuum.
670 5402 746 5457 Tu
761 5404 1070 5470 conﬁrmasti
1091 5403 1142 5457 in
1177 5404 1355 5458 uirtute
1383 5416 1468 5459 tua
1487 5425 1655 5463 mare:

53 5493 348 5550 contrivisti
375 5493 546 5561 capita
570 5491 848 5544 draconum
873 5493 924 5545 in
943 5509 1095 5560 aqua.
1138 5494 1433 5548 Draconntn
1461 5501 1653 5566 capita,

53 5587 456 5644 dmmoniorum
484 5585 781 5654 superbias,
816 5599 846 5638 a
868 5585 1059 5652 quibus
1085 5585 1284 5640 Gentes
1313 5590 1658 5656 possideban-

119 5705 139 5734 ι
172 5699 536 5767 Regittsliltcr,
569 5705 697 5767 Deus
714 5696 936 5767 [eciam
965 5699 1103 5767 corn.
1124 5731 1139 5754 ,
1189 5700 1449 5767 Deterret-it
1478 5704 1607 5759 quod
1635 5717 1655 5756 :

56 5776 155 5820 nec
176 5762 332 5819 addit,
357 5758 492 5822 facit.
517 5767 665 5807 locus
684 5758 737 5806 in
778 5759 922 5807 editis
942 5766 994 5808 et
1020 5759 1067 5808 in
1090 5767 1219 5822 uss,
1257 5758 1560 5826 uti'videtur,
1587 5767 1656 5817 νί-

53 5831 224 5875 unus.
320 5877 595 5936 Partica.
631 5876 926 5940 XXXVI.

1217 363 1612 420 ENARRATIO
1651 367 1718 421 ΙΝ
1755 367 2078 427 PSALMUM
2121 374 2350 431 LXXIII.

3296 400 3402 458 938

1812 489 1915 544 tur,
1949 485 2242 540 contrivisti
2266 503 2427 556 super
2447 505 2637 560 aquam
2662 513 2676 561 ;
2707 500 2827 566 quia
2848 516 2943 556 eos
2964 518 3102 574 quos
3154 517 3402 581 posside.

1808 571 1951 637 bant,
1987 586 2038 627 tu
2069 593 2162 645 per
2187 579 2512 650 Baptismum
2545 586 2799 647 liberasti.

1877 666 1964 720 l6.
2005 667 2155 739 (vers.
2194 672 2302 745 IL]
2342 673 2478 739 Quid
2511 678 2684 733 adhuc
2717 695 2832 748 post
2859 689 3030 756 capita
3057 691 3397 750 draconum?

1803 754 1881 808 Illi
1920 759 2062 810 enim
2106 762 2368 818 dracones
2414 765 2609 821 habent
2650 754 2938 842 principem
2968 795 3143 846 suum,
3192 793 3250 838 et
3279 787 3392 855 ipse

1802 848 2007 914 primus
2053 863 2135 904 est
2166 869 2388 923 magnus
2440 856 2622 912 draco.
2679 864 2740 915 lit
2778 865 2846 918 de.
2871 869 2961 921 illo
2994 874 3120 940 quid
3150 875 3274 931 fecit
3299 848 3396 946 qui

1799 949 2051 1004 operatus
2077 953 2160 994 cst
2188 945 2412 998 salutem
2436 949 2487 1002 in
2518 951 2695 1004 medio
2725 956 2920 1008 teme?
2949 959 3086 1014 Audi
3119 981 3132 1014 :
3163 965 3242 1018 Tu
3266 945 3391 1020 cen-

1799 1027 1994 1097 fregisti
2039 1043 2194 1098 caput
2235 1036 2490 1091 draconis.
2537 1037 2700 1110 Cujus
2728 1044 3016 1101 draconis?
3048 1051 3392 1122 lntclligimus

1797 1118 2058 1172 dracones
2111 1125 2287 1175 omnia
2341 1126 2604 1184 daemonia
2657 1133 2758 1186 sub
2801 1135 3016 1194 diabolo
3065 1118 3391 1197 militantia;

1796 1224 1953 1276 quem
1982 1228 2109 1280 ergo
2152 1216 2474 1283 singularem
2522 1221 2810 1280 draconem
2855 1228 3006 1296 cujus
3052 1241 3215 1298 caput
3257 1250 3394 1288 con-

1796 1297 2020 1352 fractum
2069 1312 2171 1364 est,
2220 1304 2318 1357 nisi
2367 1306 2538 1374 ipsum
2569 1310 2839 1366 diabolum
2882 1297 3182 1387 intelligere
3227 1321 3390 1376 debe-

1795 1389 1949 1440 mus?
1976 1390 2112 1454 Quid
2135 1393 2200 1446 dc
2226 1393 2317 1448 illo
2345 1395 2510 1450 fecit?
2534 1398 2608 1451 Tu
2631 1402 2925 1472 confregisti
2950 1419 3105 1474 caput
3132 1411 3390 1466 draconis.

1793 1478 1928 1532 lllttd
1961 1492 2042 1533 est
2071 1482 2278 1539 initium
2307 1490 2530 1555 peccati.
2554 1493 2726 1559 Caput
2752 1495 2876 1551 illud
2907 1507 2990 1551 est
3008 1501 3150 1568 quod
3179 1508 3386 1574 accepit

1795 1571 2156 1636 maledictum,
2198 1589 2254 1630 ut
2273 1593 2457 1633 semen
2487 1582 2613 1639 Eva:
2640 1585 2950 1646 observaret
2973 1602 3135 1660 caput
3159 1571 3385 1664 serpen-

1795 1659 1862 1710 tis
1913 1659 2082 1729 (Gen.
2137 1681 2214 1729 nt,
2271 1666 2396 1740 15).
2450 1671 2732 1727 Admonita
2787 1687 2870 1730 cst
2935 1659 3078 1733 enim
3149 1659 3388 1737 Ecclesia

1792 1746 2000 1804 initium
2055 1757 2256 1823 peccati
2301 1758 2560 1816 devitarc.
2634 1763 2785 1832 Quod
2849 1775 2933 1822 est
3000 1770 3206 1825 initium
3263 1788 3388 1843 βεεν

1790 1845 1916 1909 Cati,
1969 1856 2216 1915 tanquam
2265 1861 2423 1919 caput
2473 1857 2773 1924 serpentis?
2813 1857 3024 1913 Initium
3057 1864 3220 1916 omnis
3263 1882 3386 1935 pec-

1791 1941 1889 1988 cati
1911 1939 2143 2005 superbia
2171 1940 2355 2008 (Eccli.
2380 1959 2434 2002 ι.
2467 1946 2579 2015 l5).
2608 1948 2946 2003 Confractum
2969 1960 3051 2006 est
3076 1969 3205 2023 ergo
3227 1967 3387 2024 caput

1789 2024 2075 2092 dracmtis;
2117 2031 2386 2086 confracta
2430 2043 2513 2089 est
2551 2039 2798 2105 superbia
2829 2040 3112 2097 diabolica.
3166 2045 3234 2098 Et
3258 2049 3384 2114 quid

1789 2116 1857 2170 de
1883 2118 1973 2171 illo
1996 2120 2139 2187 fecit,
2166 2125 2256 2192 qui
2283 2135 2535 2194 operatus
2555 2140 2638 2182 est
2662 2131 2886 2185 salutem
2913 2133 2968 2186 in
2991 2136 3167 2189 medio
3188 2146 3344 2191 terra:
3361 2139 3388 2193 ἲ

1787 2205 1988 2262 Dedisti
2035 2227 2148 2265 eum
2189 2215 2240 2267 in
2288 2233 2455 2269 escam
2501 2221 2704 2289 populis
2743 2221 3094 2294 zEt/tiopibus.
3137 2226 3273 2294 Quid
3301 2241 3385 2283 est

1789 2297 1890 2351 hoc
1905 2299 1930 2351 ?
1944 2301 2223 2365 Quomodo
2247 2305 2482 2376 intelligo
2504 2310 2725 2378 populos
2740 2309 3020 2382 Ethiopes
3037 2314 3060 2367 ?
3080 2315 3379 2381 Quomodo.

1787 2386 1887 2440 nisi
1917 2404 2010 2456 per
2051 2391 2169 2456 hos,
2220 2409 2408 2450 onmes
2459 2398 2702 2453 Gentes?
2751 2400 2819 2455 Et
2859 2403 2993 2457 bene
3029 2421 3124 2473 per
3167 2407 3378 2476 nigros;

1787 2473 2064 2545 Azltbiopes
2089 2482 2228 2534 enim
2253 2483 2389 2552 nigri
2409 2496 2552 2539 sunt.
2582 2487 2683 2556 Ipsi
2712 2501 2969 2546 vocantur
2987 2493 3052 2546 ad
3082 2495 3263 2560 (idem,
3289 2516 3378 2566 qui

1786 2568 1920 2635 nigri
1967 2571 2213 2635 luerunt;
2268 2574 2366 2642 ipsi
2416 2593 2656 2647 prorsus,
2699 2582 2986 2638 utdicatnr
3012 2586 3138 2640 eis:
3185 2588 3379 2643 lt'uistis

1785 2659 1917 2709 enim
1946 2660 2220 2729 aliquando
2245 2666 2461 2718 tenebra:
2481 2682 2503 2730 ,'
2546 2685 2679 2722 nunc
2713 2683 2883 2725 autent
2922 2675 3013 2728 lux
3059 2677 3112 2730 in
3155 2676 3378 2732 Domino

1786 2745 1999 2818 (Ep/tes.
2036 2768 2085 2815 v,
2130 2753 2208 2823 8).
2258 2755 2357 2824 Ipsi
2399 2772 2617 2825 prorsus
2660 2774 2916 2816 vocantur
2944 2766 3121 2833 nigri;
3169 2769 3264 2822 sed
3313 2789 3379 2825 ne.

1787 2851 2096 2894 remaneant
2126 2843 2259 2912 nigri
2290 2860 2304 2897 :
2355 2847 2424 2900 dc
2448 2847 2528 2902 his
2553 2851 2694 2903 enim
2728 2849 2788 2905 lit
2816 2853 3077 2918 Ecclesia,
3118 2861 3202 2912 cui
3246 2861 3349 2914 diei

1787 2938 1891 2991 tur,
1926 2929 2053 2996 Qua:
2091 2945 2163 2986 est
2203 2936 2300 2988 ista
2328 2954 2442 3002 qua:
2460 2941 2683 2993 ascendit
2722 2943 2954 2997 dealbata
2983 2945 3156 3016 (Cant.
3185 2965 3293 3013 vm,
3320 2955 3373 3013 5,

1781 3033 1883 3070 sec.
1913 3018 2075 3090 LXX)
2099 3026 2120 3074 ‘t
2143 3023 2278 3087 Quid
2307 3027 2446 3079 enim
2476 3028 2542 3082 de
2572 3029 2722 3098 nigra
2751 3031 2948 3086 factum
2974 3044 3076 3102 cst,
3105 3038 3206 3090 nisi
3232 3042 3374 3107 quod

1781 3107 1978 3163 dictum
2005 3121 2089 3166 est
2118 3131 2130 3166 :
2183 3113 2349 3183 Nigra
2378 3134 2510 3182 sum,
2550 3129 2599 3174 et
2644 3136 2872 3189 spccrosa
2914 3124 3083 3192 (Cant.
3113 3143 3150 3190 t,
3179 3128 3280 3190 ιη
3309 3131 3376 3184 Et

1777 3203 2047 3265 quomodo
2076 3219 2396 3275 acceperunt
2429 3211 2512 3264 isti
2543 3213 2596 3264 in
2641 3228 2819 3267 escam
2849 3214 3137 3272 draconem
3166 3219 3326 3275 istum
3350 3224 3374 3271 ’ἒ

1777 3290 1917 3344 Ριιιο
1942 3293 2065 3361 quia
2094 3295 2263 3365 magis
2286 3294 2555 3353 Christum
2585 3314 2907 3371 acceperunt
2949 3310 3000 3358 in
3026 3321 3204 3363 escam
3229 3327 3244 3363 :
3274 3313 3371 3365 sed

1779 3379 2047 3436 Christum
2091 3399 2199 3453 quo
2247 3401 2306 3438 se
2353 3401 2788 3445 consununarent
2826 3409 2842 3457 ;
2891 3393 3159 3450 diabolum
3210 3414 3366 3467 quem

1778 3484 2177 3529 consumerent.
2210 3475 2342 3530 Nam
2375 3479 2497 3534 inde
2518 3489 2572 3534 et
2599 3481 2794 3537 vitulus
2822 3483 2909 3538 ille
2934 3502 3094 3554 quem
3130 3488 3371 3544 adoravit

1775 3562 2005 3630 pupulas
2025 3564 2271 3631 inﬁdelis,
2289 3578 2551 3636 apostata,
2574 3585 2814 3640 quierens
2830 3575 2958 3627 deos
2973 3576 3366 3647 Aigypliorunt,

1775 3650 2049 3706 dimittens
2068 3669 2192 3709 eum
2211 3658 2300 3725 qui
2323 3657 2567 3712 liberavit
2592 3662 2658 3715 de
2679 3664 2932 3718 servitute
2955 3664 3325 3737 JEgylitiorum
3349 3690 3364 3729 ;

1776 3742 1916 3796 unde
1939 3745 2190 3812 agitatum
2217 3757 2301 3801 est
2325 3749 2456 3802 illud
2498 3766 2745 3820 magnum
2771 3767 3183 3812 sacramentum.
3229 3761 3365 3814 Cum

1774 3834 1918 3886 enim
1939 3835 2016 3888 sic
2036 3836 2358 3893 irasceretur
2379 3840 2589 3911 Moyses
2615 3846 2914 3899 colentibus
2940 3855 2995 3900 et
3019 3849 3365 3907 adorantibus

1773 3919 1996 3989 idolum,
2037 3935 2091 3978 ct
2118 3926 2235 3981 zelo
2265 3929 2354 3982 Dei
2395 3931 2754 3986 inﬂammatus
2781 3935 3072 3991 vindicaret
3100 3948 3366 4010 tempora-

1774 4011 1916 4076 liter,
1961 4022 2019 4066 ut
2061 4028 2090 4067 a
2121 4024 2294 4070 morte
2321 4021 2642 4088 sempiterna
2673 4023 2956 4080 devitanda
2984 4035 3245 4096 terreret;
3280 4041 3352 4085 ta-

1772 4118 1893 4157 men
1925 4103 2097 4172 ipsum
2121 4117 2281 4174 caput
2305 4109 2450 4162 vituli
2494 4111 2546 4164 in
2576 4112 2750 4182 ignem
2783 4116 2925 4168 misit
2963 4125 3018 4169 et
3040 4119 3365 4175 extermina-

1771 4192 1868 4257 vit,
1899 4195 2230 4261 comminuit,
2287 4198 2340 4251 in
2384 4214 2576 4267 aquam
2615 4205 2828 4270 sparsit,
2879 4216 2932 4260 et
2978 4206 3124 4261 dedit
3165 4212 3362 4281 populo

1772 4282 1958 4338 bibere
1983 4284 2176 4355 (Exod.
2208 4303 2377 4352 xxx",
2430 4290 2580 4363 1-20)
2614 4309 2628 4344 :
2673 4294 2748 4346 sic
2776 4294 2970 4350 factum
3000 4308 3083 4351 est
3109 4315 3357 4370 magnum

1769 4387 2185 4429 sacramentum.
2208 4379 2252 4432 Ο
2277 4380 2349 4446 ira
2381 4381 2705 4449 prephetiCa,
2735 4395 2789 4439 et
2817 4391 3026 4443 animus
3050 4406 3153 4444 non
3178 4393 3358 4448 turba-

1772 4475 1875 4526 tus,
1922 4465 2015 4517 sed
2049 4466 2410 4524 illuminatus!
2443 4470 2579 4534 Quid
2623 4474 2767 4543 egit?
2798 4474 2945 4530 Mitte
2971 4478 3020 4531 in
3048 4480 3242 4550 ignem,
3297 4497 3358 4538 ut

1768 4556 1918 4623 prius
1943 4558 2298 4612 confundatur
2325 4558 2494 4615 forma
2517 4563 2626 4630 ipsa
2653 4579 2670 4627 ;
2703 4565 3000 4620 minutatim
3029 4572 3351 4635 cotnntinue,

1768 4655 1825 4698 ut
1851 4648 2100 4715 paulatim
2127 4659 2511 4716 consumatur;
2544 4652 2695 4707 mitte
2726 4655 2775 4706 in
2818 4672 3029 4725 aquam,
3059 4659 3123 4712 da
3155 4665 3354 4730 populo

1766 4736 1970 4791 bibere.
1997 4738 2132 4804 Quid
2163 4751 2244 4794 est
2270 4739 2394 4807 hoc,
2417 4741 2514 4795 nisi
2538 4744 2656 4813 quia
2689 4745 2996 4801 adoratores
3022 4749 3214 4804 diaboli
3237 4768 3354 4806 cor-

1767 4841 1864 4896 pus
1896 4829 2059 4898 ipsius
2092 4831 2210 4884 facti
2241 4833 2439 4887 erant?
2481 4833 2760 4899 Quomodo
2805 4850 3157 4906 agnoscentes
3199 4839 3354 4896 Chri-

1765 4928 1928 4984 stum,
1961 4920 2093 4973 liunt
2112 4937 2306 4990 corpus
2329 4921 2552 4987 Christi,
2583 4934 2641 4977 ιιι
2667 4926 2746 4978 eis
2765 4927 2971 4981 dicatur
3000 4945 3013 4980 :
3056 4928 3156 4984 Vos
3181 4943 3352 4986 autem

1764 5010 1882 5060 estis
1911 5025 2092 5079 corpus
2114 5010 2300 5063 Christi
2326 5022 2370 5063 et
2399 5013 2621 5066 membra
2647 5015 2688 5075 (ι
2727 5013 2846 5068 Cor.
2877 5033 2969 5083 xu,
2997 5019 3111 5089 9.7).
3138 5019 3348 5091 Corpus

1762 5100 1958 5153 diaboli
2001 5103 2420 5155 consmnendnm
2459 5114 2593 5168 erat,
2632 5115 2690 5160 et
2721 5106 2821 5159 hoc
2851 5112 2916 5161 ab
2945 5109 3195 5164 Israelitis
3220 5128 3336 5164 con-

1763 5190 2102 5244 sumendum.
2158 5192 2229 5245 Ex
2276 5193 2367 5246 illo
2411 5196 2553 5248 cnim
2597 5199 2793 5266 populo
2838 5201 3119 5268 Apostoli;
3166 5217 3229 5255 cx
3259 5204 3348 5256 illo

1764 5280 1932 5348 prima
1959 5281 2217 5335 Ecclesia.
2269 5283 2336 5337 Et
2380 5285 2578 5338 dictum
2622 5297 2740 5341 erat
2769 5287 2924 5342 Petro
2953 5290 3019 5343 de
3045 5289 3302 5346 Gentibus
3331 5313 3343 5347 :

1765 5371 1937 5424 Macta
1963 5383 2008 5426 et
2037 5374 2290 5426 manduca
2333 5375 2470 5447 (Act.
2515 5394 2570 5442 κ,
2604 5379 2715 5448 15).
2761 5378 2899 5445 Quid
2942 5389 3043 5445 est,
3087 5381 3259 5436 Nacta
3297 5397 3346 5438 et

1764 5463 2060 5517 manduca?
2105 5465 2298 5518 Occide
2349 5468 2489 5536 quod
2538 5478 2683 5534 sunt,
2727 5479 2781 5522 ct
2807 5472 2888 5523 [ac
2916 5470 3056 5538 quod
3081 5487 3160 5524 cs.
3213 5472 3346 5535 Har,

1763 5550 1937 5605 Macta
1961 5563 2007 5606 et
2033 5555 2319 5618 manduca;
2344 5555 2458 5619 hac,
2480 5554 2793 5611 Comminue
2820 5570 2873 5611 et
2895 5558 3014 5613 bibe
3032 5577 3046 5612 :
3065 5575 3349 5629 utrumque

1766 5652 1939 5696 tamen
1966 5642 2018 5698 in
2045 5645 2234 5699 eodem
2265 5657 2637 5711 sacramento;
2670 5649 2791 5717 quia
2831 5651 3113 5718 Oportebat
3135 5653 3345 5722 utique,

1763 5743 1816 5784 ct
1844 5733 1961 5787 sine
2005 5734 2335 5788 dubitatione
2382 5740 2682 5805 Oportebat,
2733 5749 2790 5792 ut
2817 5755 3011 5808 corpus
3040 5743 3180 5808 quod
3227 5753 3346 5796 erat

1768 5821 1984 5888 diaboli,
2009 5825 2278 5877 credendo
2309 5827 2556 5881 transiret
2587 5829 2635 5880 in
2654 5842 2848 5896 corpus
2867 5828 3086 5884 Christi.
3114 5832 3202 5887 Sic
3226 5831 3346 5892 dia-

2747 5921 3075 5998 (Trentc.,'
