3990 6332
630 403 733 458 9ὅ9

632 517 786 571 bolos
827 508 1157 568 consumitur
1197 503 1414 560 amissis
1441 499 1700 557 membris
1721 498 1854 553 suis.
1887 496 2000 552 iloc
2025 496 2222 565 (igura-

633 618 744 663 ttun
773 614 857 660 est
883 612 940 659 et
965 603 1021 657 in
1048 606 1301 671 serpente
1327 592 1517 666 Moysi.
1556 591 1692 647 Nam
1724 589 1963 645 fecerunt
1990 587 2126 655 magi
2155 588 2229 636 si-

635 698 853 757 militer,
878 691 1235 764 proiectisque
1251 684 1412 756 virgis
1427 682 1537 738 suis
1557 680 1917 737 exbibuerunt
1933 676 2221 735 dracones;

603 790 729 849 sed
759 789 923 843 draco
966 782 1133 857 Moysi
1188 779 1426 836 omnium
1472 776 1686 830 illorum
1731 784 2011 843 magorum
2052 770 2229 839 virgas

602 879 911 936 absorbuit
952 873 1148 950 (Exod.
1172 887 1264 952 vn,
1291 868 1404 941 η).
1454 866 1787 936 [intelligatur
1823 877 1954 933 ergo
1987 872 2037 916 et
2070 859 2231 915 modo

633 986 832 1041 corpus
879 966 1074 1023 diaboli
1106 983 1121 1019 :
1162 964 1265 1018 hoc
1293 962 1391 1027 ﬁt;
1418 958 1706 1015 devoratur
1742 971 1772 1010 a
1811 955 2075 1012 Gentibus
2111 967 2233 1022 qua:

634 1058 1002 1124 crediderunt,
1051 1055 1220 1111 factus
1246 1061 1329 1109 est
1352 1066 1474 1107 esca
1502 1048 1713 1121 populis
1743 1045 2112 1117 Ethiopibus.
2163 1043 2232 1098 ll-

637 1150 730 1207 iud
754 1147 967 1220 quoque
995 1144 1219 1215 intelligi
1252 1151 1447 1213 potest,
1495 1139 1680 1195 dedisti
1718 1153 1833 1193 eum
1862 1152 2029 1191 escam
2066 1149 2233 1207 papu-

633 1241 705 1297 tis
748 1236 1086 1307 ﬂtltiopibus
1130 1251 1150 1288 :
1188 1232 1316 1304 quia
1371 1244 1514 1285 nunc
1555 1243 1679 1284 cum
1721 1240 1911 1282 omnes
1961 1224 2228 1279 mordent.

636 1330 779 1399 Quid
806 1339 889 1385 est
918 1320 1211 1383 mordent?
1241 1319 1727 1393 Reprehendendo,
1758 1317 2045 1389 culpando,
2074 1330 2234 1369 accu-

635 1421 826 1477 sando.
854 1416 1134 1487 Quomodo
1153 1415 1355 1469 dictum
1383 1422 1489 1478 est,
1518 1411 1574 1467 in
1604 1409 1964 1483 prohibitione
1992 1405 2231 1477 quidem,

634 1514 731 1569 sed
759 1522 937 1566 tamen
964 1522 1276 1579 expressum
1309 1523 1324 1560 :
1354 1505 1414 1560 Si
1440 1513 1609 1558 autem
1631 1500 1870 1557 mordetis
1898 1510 1946 1553 et
1972 1498 2234 1552 comeditis

635 1606 886 1670 invicem;
937 1592 1099 1657 videte
1139 1616 1206 1654 ne
1241 1600 1304 1653 ab
1341 1597 1553 1652 invicem
1593 1592 1963 1651 consumamini
2001 1589 2145 1665 (Gal.
2175 1605 2231 1654 v,

635 1696 749 1767 15).
779 1692 920 1764 Quid
947 1701 1051 1756 est,
1082 1689 1324 1745 mordetis
1351 1698 1399 1743 et
1416 1684 1677 1742 comeditis
1704 1683 1916 1739 inuicem
1939 1682 1965 1736 ?
1994 1680 2235 1751 Litigatis

635 1800 758 1841 cum
789 1785 1039 1849 invicem,
1080 1779 1365 1836 detrahitis
1394 1778 1643 1841 invicem,
1690 1774 1974 1844 opprobria
2002 1771 2235 1843 objicitis

557 1918 560 1922 λ
641 1877 890 1932 invicem.
942 1872 1217 1930 Attendite
1257 1887 1385 1939 ergo
1416 1885 1559 1924 nunc
1582 1867 1668 1923 his
1697 1866 1965 1922 morsibus
1989 1865 2233 1920 consumi

636 1967 929 2034 diabolum.
958 1961 1093 2035 Quis
1115 1978 1220 2017 non
1258 1960 1427 2015 iratus
1455 1973 1612 2014 servo
1636 1973 1756 2024 suo,
1784 1957 1944 2014 etiam
1973 1969 2231 2026 paganus.

636 2058 780 2113 dicat
820 2055 897 2112 illi
924 2072 938 2109 :
986 2051 1254 2109 Satanas?
1284 2049 1417 2105 Vide
1441 2047 1713 2104 diabolum
1738 2045 1921 2101 datum
1950 2048 2000 2100 in
2030 2061 2236 2101 escam.

637 2149 751 2205 Iloe
790 2147 918 2203 dicit
966 2144 1319 2208 CbriStianns,
1369 2142 1472 2197 hoc
1517 2139 1647 2196 dicit
1672 2137 1910 2203 Judtn'us,
1962 2137 2065 2192 hoc
2107 2136 2236 2194 dicit

638 2239 923 2309 Daganus;
953 2239 1127 2309 ipsum
1155 2235 1361 2300 adorat,
1393 2244 1450 2290 et
1473 2231 1542 2289 de
1572 2231 1691 2303 ipso
1720 2230 2012 2289 maledicit.

717 2328 809 2386 Π.
849 2327 1003 2405 [νει-ι.
1035 2324 1148 2399 15.]
1180 2324 1472 2380 Videamus
1518 2338 1649 2395 ergo
1697 2320 1926 2393 reliqua.
1982 2317 2233 2388 Fratres,

637 2421 884 2486 obsecro,
917 2417 1177 2474 intendite
1202 2432 1220 2471 :
1248 2431 1371 2471 eum
1397 2429 1590 2485 magna
1619 2414 1895 2487 voluptate
1921 2410 2231 2475 audiuntur,

607 2513 760 2582 quia
805 2509 983 2566 audita
1029 2509 1189 2564 etiam
1234 2507 1289 2562 in
1324 2508 1477 2562 orbe
1506 2517 1767 2565 terrarum
1812 2513 2232 2575 cognoscuntur.

638 2603 767 2659 ιιωο
794 2601 1007 2673 quando
1028 2583 1362 2663 dicebantur,
1391 2611 1499 2653 non
1528 2594 1776 2660 fuerunt;
1805 2597 1927 2664 quia
1956 2604 2085 2649 tunc
2106 2610 2233 2663 pro-

638 2694 1013 2760 mittebantur,
1059 2705 1164 2746 non
1204 2687 1570 2759 reddebantur
1590 2702 1609 2747 εκ
1636 2700 1780 2741 nunc
1799 2701 1927 2739 vero
1946 2700 2049 2756 qua
2081 2685 2234 2739 volu-

639 2794 785 2859 ptate
826 2781 1124 2849 afﬁcimur,
1174 2795 1297 2847 cum
1343 2793 1407 2834 ea
1446 2792 1567 2849 qua:
1609 2775 1861 2848 prmdicta
1911 2775 2138 2847 legimus
2180 2775 2232 2829 in

641 2877 800 2944 libro,
826 2873 1084 2945 compleri
1116 2871 1359 2927 videmus
1398 2870 1453 2925 in
1492 2867 1726 2946 mundo!
1781 2866 2069 2923 Videamus
2103 2864 2232 2937 quid

642 2966 850 3033 fecerit,
880 2944 1043 3036 quem
1086 2963 1195 3035 jam
1237 2958 1485 3033 intelligit
1508 2944 1711 3031 asaplt,
1737 2958 1881 3031 quod
1901 2967 2137 3030 operatus
2162 2967 2237 3012 est

640 3060 853 3115 salutem
878 3058 931 3112 in
957 3056 1124 3135 medio
1150 3064 1318 3111 terra.
1356 3051 1440 3109 Tu
1472 3052 1735 3125 disrupisti
1773 3052 1937 3122 {antu
1963 3060 2011 3104 et
2039 3062 2237 3105 torren-

640 3161 715 3206 tes
754 3166 774 3205 :
818 3159 875 3204 ιιι
917 3156 1193 3203 manarent
1231 3147 1494 3217 liquorem
1536 3142 1835 3215 sapientiai,
1866 3151 1925 3198 ut
1953 3151 2237 3198 manarent

639 3241 853 3298 divitias
897 3239 1043 3302 ﬁdei,
1089 3247 1147 3295 ut
1194 3238 1477 3310 irrigarent
1530 3233 2237 3312 salsitatem‘Gentium,ut

639 3350 829 3393 omnes
879 3334 1124 3389 inﬁdeles
1162 3332 1215 3387 in
1257 3330 1361 3386 ﬁde
1406 3329 1744 3386 dulcedinem
1789 3340 1886 3384 sua
1927 3326 2235 3396 irrigatione

640 3435 1038 3483 converterent.
1091 3423 1365 3494 Disrupisn‘
1418 3425 1584 3494 [antes
1643 3432 1691 3475 et
1752 3406 2019 3473 torrentes.
2073 3417 2236 3473 Forte

640 3521 932 3576 discretum
962 3527 1079 3581 est;
1109 3496 1434 3585 forte'nnmn
1463 3520 1549 3570 est
1568 3555 1583 3575 .
1615 3512 1738 3583 quia
1764 3510 1943 3567 fontes
1969 3512 2076 3566 tam
2104 3510 2238 3580 largi

643 3610 859 3667 fuerunt
886 3620 945 3664 ut.
977 3608 1195 3664 [Iuntina
1244 3606 1504 3663 facerent.
1559 3604 1637 3661 Tu
1683 3604 1948 3673 disrupisti
1982 3605 2142 3677 fontes
2187 3610 2238 3656 et

642 3713 908 3760 torrentes.
933 3701 990 3757 Si
1014 3713 1191 3757 autem
1221 3700 1286 3754 ad
1318 3698 1698 3756 discretionem
1743 3715 1758 3754 :
1799 3698 1853 3752 in
1880 3697 2000 3752 aliis
2031 3697 2088 3751 ﬁt
2116 3712 2240 3752 ver-
2278 3738 2287 3747 .

642 3793 770 3849 butu
808 3792 901 3848 Dei
940 3791 1058 3862 fons
1096 3805 1243 3864 aqua
1276 3778 1502 3845 salientis
1530 3790 1582 3843 in
1609 3790 1765 3844 vitam
1791 3800 2031 3844 cateruam
2053 3788 2235 3858 (Joan.

642 3899 715 3951 tv,
744 3882 870 3957 ﬂ);
895 3883 986 3939 alii
1010 3893 1191 3937 autem
1215 3881 1494 3937 audientes
1524 3882 1770 3946 verbum,
1812 3891 1869 3936 et
1900 3895 2008 3935 non
2039 3880 2115 3932 sic
2138 3878 2236 3934 ba-

643 3978 834 4033 bentes
879 3980 957 4031 ut
986 3975 1125 4030 bene
1166 3973 1587 4040 vivant,tamen
1615 3987 1721 4027 non
1748 3980 1987 4027 tacentes
2015 3972 2191 4040 lingua
2218 4011 2234 4036 ,

643 4082 914 4129 torrentes
947 4071 1101 4127 ﬁunt.
1133 4070 1427 4127 Torrentes
1444 4070 1589 4126 enim
1614 4069 1866 4127 dicuntur
1888 4070 2124 4142 proprie,
2148 4066 2237 4138 qui

644 4181 751 4224 non
781 4177 908 4222 sunt
944 4179 1212 4238 perennes
1242 4183 1257 4220 :
1287 4181 1409 4219 nam
1447 4164 1734 4235 aliquando
1777 4173 1832 4219 et
1876 4163 2134 4219 translate
2159 4163 2241 4216 di-

644 4259 784 4314 citur
832 4268 1043 4331 torrens
1078 4269 1176 4326 pro
1215 4254 1406 4320 ﬁuvio;
1447 4255 1585 4309 sicut
1609 4255 1809 4309 dictum
1846 4264 1971 4310 est:
2005 4252 2239 4308 Inebria-

647 4350 832 4403 buntur
867 4348 931 4403 ab
972 4346 1197 4400 ubertate
1218 4346 1401 4400 domus
1438 4355 1568 4411 tute,
1614 4354 1660 4400 et
1702 4354 1923 4399 torrente
1943 4344 2241 4398 deliciarum

647 4450 851 4494 tuarum
880 4437 1077 4513 potabis
1118 4454 1203 4492 eos
1250 4434 1426 4506 (Psal.
1470 4452 1629 4501 xxxv,
1671 4434 1778 4507 9):
1812 4452 1919 4491 non
1962 4436 2105 4492 enim
2150 4435 2241 4491 ille

647 4542 863 4587 torrens
910 4528 1198 4600 aliquando
1226 4529 1530 4584 siccabitur.
1575 4528 1682 4586 Sed
1728 4538 1994 4585 torrentes
2026 4528 2241 4599 proprie

646 4623 897 4678 dicuntur
916 4620 1060 4676 fluvii
1088 4620 1178 4692 qui
1200 4628 1387 4677 testate
1415 4618 1693 4685 deﬁciunt,
1729 4616 1882 4690 aquis
1904 4630 2084 4673 autem
2128 4619 2242 4674 bie-

646 4714 876 4770 malibus
905 4712 1229 4768 inundantur
1256 4720 1311 4766 et
1333 4721 1579 4766 currunt.
1614 4709 1774 4765 Vides
1802 4724 1930 4781 ergo
1968 4708 2243 4775 hominem,

648 4806 785 4860 bene
810 4802 1046 4867 ﬁdelem,
1083 4811 1546 4872 perseveraturum
1589 4816 1757 4869 usque
1799 4800 1853 4856 in
1901 4800 2085 4866 tinem,
2134 4814 2241 4855 non

646 4894 961 4952 relicturum
996 4894 1162 4947 Deum
1205 4894 1263 4948 in
1300 4893 1449 4948 omni
1484 4897 1815 4959 tentatione;
1844 4907 1957 4963 'pro
1994 4893 2240 4960 veritate,

648 5001 757 5041 non
784 5000 882 5056 pro
905 4984 1133 5040 falsitate
1161 4994 1217 5039 et
1237 4999 1443 5052 errore,
1466 4998 1653 5039 omnes
1672 4984 1955 5040 molestias
1973 4984 2245 5039 sustinen-

649 5089 759 5132 tem
791 5076 913 5130 :bie
933 5076 1075 5130 unde
1100 5075 1178 5130 sic
1203 5078 1364 5145 viget.
1389 5074 1492 5130 nisi
1518 5075 1641 5144 quia
1684 5076 1905 5130 verbum
1937 5076 2131 5131 factum
2159 5083 2245 5130 est

648 5170 703 5224 in
732 5185 799 5225 eo
827 5173 942 5237 {ous
968 5182 1115 5240 aqua
1149 5168 1378 5228 salientis
1406 5168 1462 5221 in
1488 5168 1639 5223 vitam
1664 5168 1949 5224 (sternam?
1975 5169 2128 5223 Alius
2151 5184 2249 5223 au-

652 5271 759 5315 tent
784 5259 976 5331 accipit
1003 5258 1262 5325 verbum;
1286 5258 1561 5329 praedicat,
1596 5275 1704 5315 non
1734 5269 1895 5323 tacet,
1922 5262 2088 5315 currit
2111 5276 2124 5314 :
2147 5260 2245 5316 sed

650 5358 808 5403 testas
836 5348 1025 5417 probat
1053 5349 1252 5403 fontem
1294 5357 1387 5402 aut
1416 5359 1729 5404 torrentem.
1773 5349 1971 5405 Tamen
2001 5367 2067 5404 ex
2094 5360 2247 5405 utro-

650 5457 756 5511 que
785 5442 987 5510 rigetur
1017 5451 1191 5505 terra,
1220 5440 1289 5497 ab
1318 5455 1388 5496 eo
1424 5442 1515 5511 qui
1556 5453 1792 5510 operatus
1829 5452 1900 5497 est
1941 5441 2156 5496 salutem
2194 5441 2248 5494 in

653 5530 817 5583 medio
839 5541 1024 5596 terrm;
1050 5530 1323 5585 exundeut
1350 5528 1558 5597 fontes,
1585 5542 1801 5586 currant
1829 5541 2097 5588 torrentes
2127 5550 2138 5584 :
2172 5530 2249 5587 Tu

654 5620 919 5690 disrupisti
946 5623 1110 5692 fontes
1140 5632 1185 5675 et
1216 5631 1482 5676 torrentes.

730 5713 813 5768 18.
842 5712 916 5766 Tu
942 5713 1141 5767 stccusti
1167 5713 1350 5781 ﬂuvios
1387 5712 1596 5769 Ethant.
1625 5714 1735 5770 llac
1754 5715 1950 5786 rumpit
1986 5716 2166 5773 fontes
2194 5726 2250 5774 et

652 5815 949 5873 torrentes,
979 5807 1076 5861 bac
1102 5805 1265 5862 siccat
1293 5805 1518 5876 ﬂuvios,
1558 5818 1618 5864 ut
1660 5808 1785 5866 inde
1806 5823 2023 5867 currant
2049 5827 2204 5885 aqua:
2227 5853 2245 5883 ,

1840 383 1898 439 S.
1939 377 2304 439 AL'GUSTINI
2348 378 2652 436 ENSCOPI

3816 385 3906 447 94G

2339 501 2393 546 et
2420 495 2545 548 bine
2574 509 2727 564 aqua:
2746 480 3048 553 siccentur;
3076 496 3305 565 Fluvios,
3332 501 3524 571 inquit,
3549 500 3756 558 Etham.
3781 504 3912 571 Quid

2337 595 2420 640 est
2448 585 2680 641 Etbam?
2713 587 2941 643 Verbum
2969 590 3113 644 enim
3150 590 3421 647 balineum
3446 601 3549 647 est.
3580 592 3720 660 Quid
3757 594 3915 648 inter-

2338 690 2581 749 pretatur
2600 681 2825 737 Etham?
2851 680 3027 753 Fortis
3042 723 3058 749 ,
3090 684 3364 740 robustus.
3385 684 3515 752 Quis
3539 695 3624 741 est
3653 687 3755 742 iste
3774 686 3915 740 fortis

2336 782 2391 826 et
2415 771 2686 837 robustus,
2713 774 2867 843 cujus
2889 773 3084 830 ﬂuvios
3113 777 3279 831 siccat
3312 777 3501 833 Deus?
3520 777 3673 846 Quis,
3704 779 3801 835 nisi
3831 778 3916 833 ille

2338 861 2455 930 ipse
2474 862 2678 918 draco?
2696 862 2864 919 Nemo
2882 866 3026 921 enim
3050 867 3206 921 intrat
3227 868 3288 931 in
3314 869 3521 924 domum
3541 871 3707 941 fortis,
3731 882 3785 924 ut
3804 885 3917 923 rasa

2337 951 2479 1007 illius
2502 952 2731 1025 diripiat,
2759 955 2859 1010 nisi
2883 956 3028 1025 prius
3055 948 3340 1028 alligdverit
3372 961 3553 1031 fortem
3583 960 3795 1031 (Matth.
3831 977 3916 1023 xu,

2338 1042 2451 1112 9.9).
2500 1042 2617 1113 Ipse
2653 1053 2739 1100 est
2777 1044 2949 1111 fortis,
2999 1047 3069 1102 de
3112 1048 3311 1104 virtute
3343 1065 3439 1105 sua
3489 1065 3842 1121 pra-sumens.
3870 1065 3921 1105 et

2340 1135 2509 1190 Deum
2525 1134 2803 1217 deserens;
2825 1137 2939 1206 ipse
2965 1149 3049 1193 est
3077 1137 3249 1203 fortis,
3274 1138 3365 1209 qui
3385 1141 3461 1194 ait
3488 1157 3502 1194 :
3528 1138 3732 1195 Pomm
3758 1144 3921 1195 sedem

2338 1243 2501 1280 meum
2529 1228 2596 1280 ad
2620 1228 2930 1297 aquilonem,
2959 1240 3007 1283 et
3032 1246 3120 1284 ero
3142 1231 3325 1286 similis
3349 1233 3605 1287 ditissima
3634 1231 3788 1303 (lsai.
3812 1250 3913 1300 xlv,

2339 1318 2455 1386 15).
2488 1317 2562 1373 De
2588 1319 2703 1386 ipso
2729 1318 2896 1374 calice
2926 1334 3193 1389 perversae
3215 1320 3542 1377 fortitudinis
3569 1323 3771 1379 homini
3803 1333 3923 1393 pro.-

2338 1409 2561 1479 pinavit.
2595 1410 2783 1467 Fortes
2808 1424 2930 1466 esse
2958 1413 3262 1479 voluerunt,
3290 1415 3458 1484 quise
3477 1415 3608 1470 deos
3628 1416 3832 1471 futuros
3858 1418 3922 1472 de

2337 1501 2461 1557 cibo
2488 1502 2651 1557 vetito
2688 1503 3048 1559 crediderunt.
3105 1504 3302 1560 Factus
3341 1516 3426 1562 est
3467 1507 3635 1562 Adam
3667 1508 3817 1563 fortis
3841 1511 3920 1563 cui

2337 1592 2686 1649 insuitaretur
2703 1598 2733 1658 ,⁸
2765 1612 2779 1649 :
2807 1594 2941 1650 Ecce
2958 1597 3128 1667 factus
3155 1609 3228 1652 est
3249 1599 3412 1652 Adam
3441 1609 3680 1671 tanquam
3710 1617 3841 1669 tutus
3867 1620 3924 1656 ex

2337 1684 2482 1739 nobis
2508 1683 2662 1758 (Gen.
2694 1702 2773 1753 ιιι,
2800 1688 2856 1753 5,
2885 1688 2940 1750 (ἰ,
2966 1686 3084 1759 22).
3116 1688 3306 1745 Fortes
3337 1698 3392 1744 et
3424 1688 3593 1745 Iudici
3622 1692 3691 1746 de
3723 1691 3925 1761 justitia

2337 1788 2433 1831 sua
2461 1786 2849 1847 prmsumentes
2877 1795 2893 1834 :
2917 1776 3222 1849 Ignorantes
3257 1779 3391 1834 enim
3435 1779 3532 1835 Dei
3562 1782 3851 1853 justitiam,
3878 1792 3925 1837 et

2335 1882 2484 1922 suam
2501 1867 2761 1939 justitiam
2783 1878 3062 1938 qumenles
3082 1870 3407 1939 constituere,
3438 1880 3689 1941 tauquam
3719 1871 3883 1929 fortes
3906 1916 3922 1937 ,

2327 1959 2547 2031 justitice
2570 1958 2665 2014 Dei
2691 1977 2793 2015 non
2820 1970 2937 2015 sunt
2966 1960 3177 2032 subjecti
3203 1960 3382 2033 (Rom.
3407 1979 3465 2028 ι,
3499 1962 3579 2037 5).
3619 1962 3801 2019 Videte
3827 1962 3925 2018 bo.

2338 2050 2539 2105 minem
2571 2048 2860 2121 digessisse
2900 2051 3265 2108 fortitudinem
3302 2067 3490 2122 suam,
3527 2063 3583 2109 et
3605 2055 3928 2129 remansisse

2339 2138 2635 2207 inﬁrmum,
2664 2141 2899 2210 inopem,
2930 2142 3089 2213 longe
3113 2152 3368 2211 stantem,
3398 2159 3499 2200 nec
3514 2147 3703 2203 oculos
3728 2145 3796 2201 ad
3817 2160 3925 2201 em-

2338 2225 2449 2287 lum
2476 2232 2653 2286 levare
2667 2231 2989 2299 audentem;
3020 2233 3113 2289 sed
3139 2236 3523 2306 percutientem
3545 2249 3729 2306 pectus
3747 2250 3925 2305 suum,

2337 2330 2395 2379 et
2420 2322 2690 2381 dicentem
2722 2337 2740 2377 :
2785 2324 3032 2392 Domine,
3080 2327 3331 2398 propitius
3375 2339 3479 2383 esto
3523 2330 3649 2384 mihi
3677 2331 3929 2401 peccator!

2296 2429 2302 2435 '
2339 2414 2491 2487 (Luc.
2531 2431 2682 2480 xvttt,
2719 2415 2835 2487 15).
2867 2416 2986 2475 Jam
3011 2418 3382 2489 inﬁrmusest,
3409 2419 3519 2494 jam
3564 2420 3926 2477 inﬁrmitatem

2339 2506 2657 2574 conﬁtetur;
2697 2523 2804 2587 non
2828 2519 2913 2564 est
2950 2508 3106 2564 fortis
3147 2527 3161 2565 :
3199 2510 3349 2566 arida
3399 2521 3541 2568 terra
3572 2522 3685 2579 est;
3727 2514 3929 2584 rigetur

2343 2596 2585 2657 fontibus
2609 2610 2666 2655 et
2693 2600 3040 2655 torrentibus.
3072 2599 3149 2655 Illi
3178 2601 3354 2658 adhuc
3372 2600 3539 2660 fortes
3566 2615 3720 2667 sunt,
3742 2607 3832 2675 qui
3864 2606 3930 2660 de

2337 2695 2537 2749 virtute
2580 2708 2677 2751 sua
2718 2702 3070 2768 przcsumunt.
3109 2694 3392 2750 Siccentur
3430 2693 3651 2752 ﬁumina
3695 2711 3927 2753 eorum:

2336 2798 2445 2840 non
2470 2784 2753 2856 proﬁciant
2780 2782 3041 2842 doctrina:
3082 2784 3325 2858 gentium
3346 2827 3362 2849 ,
3390 2784 3783 2857 baruSpiscum,
3813 2802 3930 2841 ma-

2337 2877 2772 2942 tbematicorum,
2816 2878 3037 2949 magiae
3080 2888 3260 2944 artes;
3295 2876 3548 2950 quoniam
3589 2878 3774 2933 siccati
3802 2888 3933 2935 sunt

2337 2968 2487 3024 fluvii
2513 2967 2692 3026 Fortis
2716 2971 2739 3003 ¹
2770 2968 2890 3026 :Tu
2922 2971 3123 3026 siccasti
3154 2971 3337 3043 ﬂuvios
3356 2969 3569 3027 Etham.
3592 2970 3814 3025 Atescat
3844 2970 3932 3025 illa

2341 3061 2615 3125 doctrina;
2649 3061 2974 3118 inundentur
2997 3072 3208 3117 mentes
3232 3061 3520 3133 Evangelia
3544 3060 3805 3118 veritatis.

2414 3152 2500 3209 t9.
2524 3150 2677 3227 [νει-ε.
2708 3151 2822 3227 itu]
2846 3152 2988 3208 Tuus
3015 3162 3087 3208 est
3112 3154 3241 3219 dies,
3262 3164 3310 3208 et
3332 3164 3419 3209 tua
3443 3164 3517 3209 est
3541 3171 3663 3209 nox.
3681 3156 3814 3224 Quis
3832 3156 3931 3212 hoc

2340 3244 2569 3315 ignorat,
2602 3243 2818 3315 quando
2844 3244 2957 3314 ipse
2979 3243 3107 3299 fecit
3140 3244 3254 3300 lucc
3280 3244 3490 3308 omnia;
3517 3244 3639 3315 quia
3669 3262 3766 3316 per
3796 3246 3931 3303 Ver-

2340 3331 2465 3387 bum
2495 3334 2631 3412 iacta
2661 3344 2787 3389 sunt
2809 3334 2986 3389 omnia
3012 3332 3195 3405 (Joan.
3236 3350 3276 3403 ι,
3323 3335 3414 3403 5)?
3448 3334 3526 3390 llli
3556 3336 3656 3407 ipsi
3689 3338 3785 3407 qui
3813 3354 3934 3409 ope-

2337 3435 2481 3480 ratus
2516 3436 2589 3480 est
2616 3428 2832 3481 salutent
2866 3426 2920 3480 in
2945 3427 3111 3482 medio
3139 3437 3308 3495 terra,
3331 3427 3407 3482 illi
3441 3426 3674 3484 dicitur:
3702 3428 3932 3485 Tuusest

2340 3516 2469 3580 dies,
2495 3528 2543 3570 et
2573 3526 2661 3570 tua
2690 3528 2766 3572 est
2792 3532 2917 3572 nox.
2949 3517 3165 3588 Aliquid
3200 3516 3287 3573 bie
3313 3518 3608 3591 intelligam
3643 3521 3931 3587 debemus,

2339 3607 2482 3677 quod
2506 3608 2770 3678 pertineat
2802 3609 2870 3663 ad
2904 3608 3074 3679 ipsam
3106 3610 3528 3681 salutemquam
3567 3625 3825 3682 operatus
3854 3627 3937 3669 est

2341 3698 2394 3753 in
2420 3699 2597 3753 medio
2617 3707 2794 3753 terrm.
2830 3697 2968 3755 Tuus
2990 3709 3067 3754 est
3094 3701 3221 3755 dies.
3252 3701 3354 3768 Qui
3379 3712 3505 3757 sunt
3528 3703 3651 3758 isti'!
3668 3703 3935 3775 Spiritua-

2340 3788 2441 3847 les.
2473 3790 2539 3843 Et
2578 3800 2666 3844 tua
2702 3800 2775 3844 est
2801 3807 2924 3845 nox.
2950 3791 3050 3861 Qui
3081 3805 3203 3847 sunt
3236 3793 3362 3849 isti?
3387 3794 3663 3862 Carnales,
3696 3795 3841 3852 Tuus
3868 3810 3935 3853 est

2340 3881 2487 3948 dies;
2513 3892 2558 3935 et
2592 3891 2679 3936 tua
2706 3892 2783 3938 est
2807 3898 2930 3937 nox.
2963 3884 3273 3955 Loquantur
3306 3886 3610 3955 spirituales
3637 3891 3934 3959 spiritualia

2340 3973 2736 4043 Spiritualibus;
2753 3973 2952 4029 dictum
2967 3984 3052 4030 est
3068 3975 3212 4029 enim
3230 3993 3244 4029 :
3263 3975 3627 4047 Spiritualibus
3646 3982 3935 4050 spirituatia

2340 4077 2714 4136 comparantes,
2741 4067 3043 4137 sapientiam
3064 4068 3316 4142 loquimur
3330 4070 3460 4125 inter
3478 4076 3730 4144 perfectos
3748 4074 3800 4145 (ι
3818 4072 3933 4129 Cor.

2349 4170 2410 4218 ιι.
2428 4156 2606 4226 l3,6).
2623 4155 2870 4211 Nondum
2894 4157 3112 4228 capiunt
3137 4158 3290 4214 istam
3317 4161 3633 4232 sapientiam
3658 4166 3934 4219 camales:

2349 4245 2472 4302 Non
2504 4248 2645 4318 potui
2672 4248 2810 4305 vobis
2837 4249 2973 4316 loqui
2997 4251 3145 4322 quasi
3163 4251 3528 4322 spiritualibus,
3552 4256 3643 4309 sed
3665 4258 3821 4326 quasi
3839 4274 3941 4309 car-

2342 4338 2544 4393 nalibus
2576 4338 2710 4412 (ld.,
2732 4355 2808 4406 tu,
2831 4337 2905 4413 l).
2938 4340 3081 4412 Ergo
3096 4355 3218 4396 cum
3246 4342 3549 4413 spirituales
3571 4348 3941 4415 spiritualibus

2344 4430 2650 4498 loquuntur,
2660 4428 2778 4484 Dies
2794 4430 2895 4484 diei
2908 4441 3102 4486 eructat
3112 4432 3313 4486 verbum
3332 4448 3354 4488 :
3365 4447 3486 4489 cum
3504 4449 3634 4491 vero
3645 4445 3703 4491 et
3717 4437 3822 4507 ipsi
3837 4452 3944 4492 ear-

2342 4521 2495 4576 nales
2510 4536 2617 4576 non
2640 4518 2817 4576 taeeut
2844 4521 3002 4577 ﬁdem
3030 4523 3501 4593 crueiﬁxiCbristi,
3528 4541 3691 4599 quam
3720 4538 3939 4599 possum

2340 4626 2540 4683 capere
2578 4615 2765 4686 parvi,
2826 4612 2950 4669 No.1:
2986 4616 3121 4671 nocti
3166 4616 3434 4672 annuntiat
3473 4618 3742 4675 mm
3770 4621 3940 4693 (Psat.

2344 4720 2495 4769 XVIII,
2523 4706 2609 4777 5).
2635 4704 2774 4761 Tuus
2798 4715 2872 4761 est
2897 4706 3024 4771 dies,
3052 4717 3101 4763 et
3130 4718 3218 4762 tua
3243 4717 3318 4763 est
3344 4723 3467 4765 nos.
3495 4709 3579 4768 Ad
3599 4721 3655 4768 te
3674 4713 3945 4787 pertinent

2345 4798 2669 4868 Spirituales,
2684 4799 2751 4853 ad
2767 4809 2821 4855 te
2847 4801 3118 4870 pertinent
3141 4802 3385 4858 carnales
3410 4819 3431 4857 :
3456 4802 3580 4860 illos
3599 4805 3847 4862 illustras
3872 4808 3946 4861 in-

2345 4891 2714 4947 commutabili
2751 4891 3014 4962 sapientia
3072 4903 3127 4948 et
3170 4895 3430 4959 veritate;
3477 4895 3600 4950 illos
3644 4900 3949 4955 consolaris

2347 4980 2528 5037 carnis
2544 4981 2989 5050 manifestatiOne,
3005 4994 3255 5055 tanquam
3268 4986 3388 5040 luna
3400 4986 3691 5043 consolans
3706 5002 3942 5045 noctem.

2351 5072 2490 5128 Tuus
2522 5083 2598 5130 est
2638 5074 2770 5143 dies,
2805 5084 2853 5130 et
2880 5084 2969 5130 tua
3007 5085 3081 5131 est
3109 5092 3240 5132 nox.
3268 5075 3362 5133 Vis
3385 5078 3573 5134 audire
3595 5080 3790 5137 diem?
3824 5082 3949 5138 Vide

2349 5166 2394 5221 si
2428 5163 2610 5237 capis;
2652 5166 2800 5238 erige
2830 5175 3088 5238 quantum
3120 5178 3271 5237 petes
3294 5183 3527 5225 mentem
3552 5180 3721 5227 tuam.
3750 5172 3945 5228 Videa-

2349 5272 2481 5313 mus
2511 5258 2555 5311 si
2584 5257 2818 5328 pertines
2839 5256 2908 5311 ad
2935 5258 3107 5325 diem;
3134 5259 3245 5331 jam
3274 5260 3568 5329 videamus,
3600 5262 3647 5317 si
3682 5278 3797 5320 non
3840 5266 3941 5335 pal-

2352 5348 2486 5418 pitat
2516 5356 2767 5418 aSpCClttS
2792 5357 2935 5403 tuus.
2965 5349 3125 5404 Potes
3147 5350 3331 5409 videre
3365 5352 3507 5422 quod
3548 5353 3746 5410 audisti
3792 5356 3950 5411 tundo

2352 5455 2418 5495 ex
2448 5439 2778 5511 Evangelia:
2811 5438 2877 5495 In
2904 5440 3154 5511 principio
3192 5450 3302 5497 erat
3348 5440 3597 5513 Verbum,
3632 5454 3684 5502 et
3731 5443 3950 5501 Verbum

2354 5636 2781 5750 potiores
2798 5643 2909 5690 uss.
2956 5637 3066 5701 alii,
3098 5652 3210 5691 cum
3242 5638 3562 5693 exaltaretur.
3600 5649 3659 5694 st
3687 5643 3827 5705 add”
3850 5658 3949 5695 cum

2356 5757 3149 5887 ttelius
3175 5769 3308 5829 κει,
3341 5763 3480 5829 {artis
3505 5779 3527 5821 ε
3547 5778 3661 5832 qua
3694 5774 3779 5820 est
3798 5778 3938 5819 inter
