3990 6386
131 284 232 340 9H

135 415 239 457 erat
264 400 407 471 apud
435 397 620 463 Deum,
646 407 692 454 et
722 394 855 448 Dens
877 402 981 447 erat
1019 389 1272 445 Verbum?
1293 388 1408 442 Non
1428 389 1564 440 nosti
1583 389 1724 441 enim

139 505 195 547 tu
221 493 456 563 cogitare
479 492 659 549 verba,
689 488 790 542 nisi
817 501 935 555 quae
961 493 1154 536 sonant
1176 492 1228 536 et
1256 486 1551 534 transeunt.
1572 477 1732 532 Potes

138 588 245 654 iam
277 598 471 654 capere
497 580 754 645 Verbum,
787 593 890 632 non
920 590 1108 630 sonum
1129 614 1145 640 ,
1174 572 1271 628 sed
1302 569 1506 625 Deum?
1541 570 1732 623 Annon

139 678 210 731 ibi
242 676 434 730 audisti
469 691 482 726 :
514 672 579 726 Et
613 672 748 725 Deus
782 679 886 723 erat
933 664 1189 720 Verbum?
1227 662 1333 718 Sed
1363 671 1419 716 tu
1449 662 1547 714 ista
1577 660 1736 714 verba

140 770 346 838 cogitas
366 809 380 832 ,
432 765 616 820 Omnia
661 778 751 832 per
791 761 960 828 ipsum
1002 761 1139 827 facta
1166 763 1283 807 sunt
1310 769 1330 807 :
1359 763 1411 806 et
1443 767 1535 820 per
1564 752 1736 818 ipsum

146 853 270 911 (acti
299 865 421 910 sunt
450 864 504 909 et
532 852 620 922 qui
652 851 808 905 verba
841 849 1058 901 faciunt.
1090 844 1257 911 Quale
1286 856 1412 912 ergo
1443 839 1570 892 illud
1607 838 1738 891 Ver-

145 949 270 1000 bum
302 948 420 1001 est?
449 945 635 1012 Capis,
665 959 697 995 0
725 938 1001 996 carnalis?
1048 933 1347 1004 responde;
1399 930 1580 999 capis?
1623 927 1740 981 Non

145 1037 316 1106 capis,
345 1035 518 1089 adhuc
544 1033 607 1086 ad
637 1040 847 1086 noctem
871 1029 1132 1097 pertines;
1164 1026 1284 1079 luna
1318 1021 1410 1076 tibi
1442 1021 1740 1074 necessaria

143 1138 251 1188 est,
282 1142 347 1181 ne
373 1127 424 1178 in
450 1123 682 1178 tenebris
699 1118 964 1173 moriaris.
990 1115 1195 1170 Etenim
1218 1111 1432 1181 quidam
1462 1119 1742 1177 peceatores

143 1217 470 1271 intenderunt
489 1229 661 1265 areum
680 1253 692 1272 ,
718 1219 773 1262 ut
791 1209 1082 1279 sagittarent
1111 1205 1161 1258 in
1193 1203 1407 1256 obscura
1433 1199 1555 1252 luna
1585 1208 1744 1250 rectos

147 1308 308 1359 corde
333 1303 502 1376 (Psal.
540 1320 590 1364 χ,
621 1303 699 1365 5).
732 1299 1020 1354 Obscurata
1067 1301 1149 1349 est
1192 1292 1332 1346 enim
1381 1286 1744 1343 caro‘Christi

146 1395 218 1451 de
244 1409 405 1449 cruce
431 1391 671 1462 deposita
701 1431 712 1456 ι
765 1397 819 1442 et
858 1385 912 1440 in
955 1382 1199 1452 sepulcro
1228 1381 1397 1450 posita
1427 1397 1440 1434 :
1473 1387 1527 1432 et
1556 1377 1628 1432 illi
1656 1377 1745 1446 qui

145 1488 463 1543 ceciderunt
512 1483 935 1544 insultaveruut;
979 1486 1032 1531 et
1063 1473 1295 1529 nondum
1337 1478 1700 1526 resurrcxerat
1729 1507 1743 1532 ,

152 1589 210 1633 et
237 1578 470 1648 sagittati
499 1583 623 1629 sntit
648 1569 890 1640 discipuli
918 1567 1050 1622 recti
1076 1565 1239 1621 corde
1259 1607 1274 1629 ,
1307 1563 1400 1617 sed
1431 1563 1481 1614 in
1522 1559 1748 1614 obscura

153 1671 304 1723 luna.
353 1667 492 1735 Ergo
537 1673 594 1719 ut
638 1679 741 1717 non
774 1662 946 1716 solum
976 1659 1093 1714 dies
1121 1657 1224 1712 diei
1250 1661 1455 1710 eructet
1480 1652 1702 1706 verbum
1730 1690 1747 1715 ,

152 1761 440 1827 stdsctiam
482 1772 584 1815 nos
632 1755 772 1811 nocti
814 1751 1092 1807 annuntict
1143 1747 1448 1808 scientiam;
1497 1741 1751 1812 quoniam

155 1865 277 1906 tuus
301 1862 373 1906 est
403 1851 529 1915 dies,
558 1858 604 1902 et
623 1857 711 1900 tua
740 1854 812 1899 est
850 1859 988 1906 nox;
1015 1842 1231 1910 dignare
1255 1835 1583 1891 descendere
1601 1873 1614 1895 ,
1645 1845 1754 1883 ma-

156 1959 294 1997 nere
317 1933 464 2008 'apud
492 1954 613 1993 eum
643 1951 672 1991 a
702 1950 808 2003 quo
837 1931 1147 1994 descendis,
1179 1927 1268 1981 sed
1303 1926 1486 1978 venire
1519 1921 1582 1974 ad
1624 1935 1754 1989 qrros

152 2030 465 2087 descendis.
523 2028 747 2096 Dignare
798 2020 1124 2077 descendere
1176 2017 1263 2086 qui
1314 2015 1365 2068 in
1422 2013 1523 2066 hoc
1560 2008 1757 2063 mundo

158 2138 314 2186 eras,
346 2130 397 2176 et
429 2119 659 2174 mundus
688 2132 783 2186 per
811 2125 863 2168 te
891 2112 1060 2167 factus
1082 2119 1195 2175 est,
1225 2115 1280 2162 et
1311 2105 1540 2159 mundus
1569 2113 1617 2155 te
1650 2115 1755 2154 non

157 2215 436 2282 cognovit.
466 2213 668 2266 llabeat
692 2216 746 2262 et
765 2222 871 2261 nox
892 2201 1308 2258 consolationem
1332 2212 1482 2250 suam
1502 2212 1516 2258 ;
1542 2192 1757 2252 habeat,

160 2281 357 2373 inquit,
399 2301 610 2356 Verbum
643 2314 761 2352 caro
789 2296 980 2366 factum
1028 2300 1131 2354 est,
1179 2299 1224 2342 et
1271 2285 1510 2340 habitavit
1537 2283 1589 2335 in
1618 2281 1761 2334 nobis

152 2395 353 2466 (Joan.
384 2411 422 2457 ι,
454 2393 606 2460 loli)
636 2387 814 2446 :Tuus
842 2395 914 2440 est
939 2385 1045 2437 dies
1067 2425 1083 2448 ,
1106 2390 1151 2435 et
1182 2391 1268 2433 tua
1297 2389 1371 2432 est
1397 2393 1516 2430 nox.
1547 2374 1623 2427 Tu
1650 2388 1759 2442 per-

164 2465 337 2557 fecisti
365 2484 521 2536 solem
568 2489 612 2533 et
658 2481 832 2532 lunam
867 2492 885 2529 :
913 2476 1077 2529 solem
1107 2512 1124 2536 ,
1165 2467 1494 2539 spirituales;
1544 2465 1722 2517 lunam
1745 2502 1760 2526 ,

155 2575 432 2632 carnales.
471 2573 656 2626 Adlmc
699 2567 928 2622 carnalis
957 2574 1056 2626 est,
1102 2577 1208 2615 non
1245 2559 1544 2619 deseratur,
1572 2566 1626 2609 et
1651 2555 1765 2622 ipse

166 2668 498 2738 perficiatur.
531 2661 607 2715 Tu
637 2657 890 2730 perfecisti
916 2656 1070 2720 solem
1095 2661 1140 2704 et
1172 2651 1344 2704 lunam
1371 2664 1388 2701 :
1417 2647 1608 2708 solem,
1643 2655 1763 2696 tau-

163 2772 336 2829 quam
366 2756 690 2824 sapientem;
715 2752 920 2813 lunam,
955 2758 1206 2813 tanquam
1256 2741 1624 2809 insipientem;
1655 2749 1759 2788 non

164 2827 358 2904 alumen
383 2842 686 2900 deseruisti.
715 2839 847 2895 Nam
876 2839 946 2892 ita
973 2834 1227 2902 scriptum
1256 2841 1336 2883 est
1368 2846 1380 2882 :
1408 2827 1625 2895 Sapiens
1654 2840 1768 2890 per-

164 2946 348 2998 manet
367 2935 493 2990 sicut
512 2933 589 2987 sol
607 2949 625 2999 ;
650 2931 832 2985 stultus
855 2937 1022 2981 autem
1049 2925 1176 2978 sicut
1203 2922 1322 2975 luna
1339 2927 1559 2972 mutatur
1575 2914 1765 2986 (Eccli.

172 3041 354 3091 sava,
383 3024 495 3095 η).
521 3021 656 3096 Quid
683 3034 833 3088 ergo,
857 3017 982 3087 quia
1004 3015 1082 3067 sol
1111 3019 1405 3082 permanet,
1437 3007 1486 3060 id
1515 3015 1616 3068 est,
1646 3004 1770 3074 quia

172 3119 386 3186 sapiens
413 3120 666 3184 permanet
695 3109 821 3163 sicut
847 3107 958 3167 sol,
990 3103 1174 3157 stultus
1203 3102 1331 3154 sicut
1361 3099 1480 3151 luna
1507 3105 1772 3157 mutatur;

171 3183 361 3270 adhuc
385 3183 615 3259 carnalis
639 3243 654 3262 ,
686 3199 860 3254 adhuc
903 3195 1160 3264 insipiens
1196 3188 1522 3244 deserendus
1562 3185 1681 3240 est?
1709 3183 1775 3238 Et

170 3297 280 3352 sibi
306 3307 382 3351 est
421 3293 559 3362 quod
601 3291 798 3346 dictum
827 3296 913 3342 est
930 3286 998 3338 ab
1035 3281 1288 3352 Aposwlo
1321 3297 1334 3333 :
1366 3275 1692 3344 Sapientibus
1728 3283 1778 3326 et

175 3385 541 3455 insipientibus
583 3382 776 3435 debitor
813 3394 925 3432 sunt
957 3373 1133 3444 (Rom.
1175 3389 1212 3438 ι,
1257 3369 1388 3439 M)?
1416 3366 1496 3421 Tu
1526 3363 1777 3436 ρει-ι’εεὶεή

177 3481 347 3533 solent
374 3486 421 3531 et
451 3476 646 3528 lunam.

261 3569 354 3622 9.0.
395 3565 558 3637 [vers.
610 3559 725 3633 17.]
781 3558 857 3612 Tu
907 3557 1068 3627 fecisti
1119 3569 1289 3606 omnes
1329 3550 1565 3603 terminos
1613 3555 1776 3598 teme.

186 3659 380 3714 Nonne
398 3633 459 3710 ct
484 3662 631 3715 ante,
654 3648 865 3720 quando
881 3644 1116 3699 fundavit
1134 3640 1367 3696 terram?
1388 3638 1490 3692 Sed
1515 3633 1781 3706 quomodo

185 3752 323 3808 Iecit
352 3749 606 3807 terminos
635 3752 814 3805 terras,
835 3740 926 3809 qui
952 3743 1189 3805 Operatus
1207 3743 1278 3785 est
1300 3731 1511 3785 salutem
1538 3729 1590 3779 in
1618 3725 1782 3780 medio

183 3841 385 3896 etwa?
428 3835 708 3905 Quomodo
736 3873 753 3898 ,
809 3829 907 3884 nisi
959 3821 1228 3896 quomodo
1277 3821 1420 3874 dicit,
1451 3814 1781 3885 Apostolus:

189 3930 378 3985 Gratia
419 3903 585 3980 autem
629 3923 754 3979 salui
799 3919 922 3989 [acti
965 3930 1158 3974 sumus,
1190 3920 1236 3964 et
1262 3910 1356 3961 hoc
1383 3923 1484 3960 non
1511 3921 1572 3958 ea;
1598 3903 1740 3956 nobis
1766 3939 1784 3967 ,

187 4023 286 4076 sed
317 4018 411 4074 Dei
437 4021 626 4071 donum
653 4022 724 4068 est
746 4028 764 4075 ;
801 4025 902 4062 non
929 4021 991 4059 ea:
1018 4001 1250 4074 operibus
1271 4041 1286 4064 ,
1321 4014 1380 4050 ne
1405 4001 1532 4067 forte
1559 3995 1670 4065 quis
1697 4008 1788 4045 ca:-

193 4107 451 4164 toltatur?
477 4105 616 4172 Engo
636 4115 742 4155 non
769 4105 924 4152 erant
949 4107 1109 4162 opera
1132 4089 1304 4144 bona?
1326 4087 1520 4147 Erant;
1545 4081 1637 4136 sed
1659 4094 1791 4148 quo-

196 4197 402 4253 modo?
429 4171 609 4250 Gratia
642 4191 755 4244 Dei.
797 4186 1069 4255 Sequere;
1112 4178 1408 4232 videamus.
1445 4173 1619 4242 Ipsius
1660 4171 1791 4222 enim

187 4304 382 4350 sumus
423 4267 748 4354 figmentum,
781 4286 933 4331 creati
962 4275 1014 4328 in
1059 4271 1255 4326 Christo
1297 4265 1422 4319 Jesu
1465 4266 1518 4316 in
1560 4263 1794 4332 operibus

187 4380 350 4442 ,bonis
378 4352 592 4446 (Ephes.
623 4388 680 4433 tt,
713 4368 894 4437 8-f0).
928 4366 1062 4420 Ecce
1087 4357 1352 4430 quomodo
1380 4357 1505 4410 fecit
1535 4352 1796 4406 terminos

199 4443 498 4538 terranqui
528 4473 766 4536 cperatus
790 4470 863 4515 est
885 4459 1098 4514 salutem
1124 4454 1176 4506 in
1209 4450 1372 4504 medio
1393 4459 1539 4499 terra:
1573 4461 1591 4497 :
1617 4443 1696 4496 Tu
1721 4443 1796 4510 fe-

195 4564 318 4617 cisti
346 4533 516 4613 omnes
543 4533 781 4610 terminos
811 4562 977 4604 terret.
1007 4544 1260 4600 {Estntent
1283 4551 1325 4594 et
1348 4554 1431 4591 ver
1455 4545 1509 4588 tu
1538 4533 1698 4606 fecisti
1718 4548 1798 4587 ea.

201 4653 502 4709 lt‘erventes
531 4644 718 4714 spiritu
749 4649 907 4695 aestas
935 4647 1038 4691 est.
1066 4635 1167 4696 Tu,
1196 4632 1431 4699 inquam,
1477 4623 1648 4679 fecisti
1691 4620 1801 4689 spi-

196 4746 313 4800 ritu
345 4737 611 4793 ferventes
636 4749 650 4786 :
680 4741 734 4785 tu
763 4728 934 4783 fecisti
975 4734 1030 4780 et
1067 4721 1309 4780 novellos
1332 4718 1385 4769 in
1415 4714 1551 4776 ﬁde;
1577 4727 1672 4765 ver
1692 4718 1798 4763 est.

199 4832 470 4892 ,Estatsm
504 4837 551 4882 et
580 4841 662 4878 ver
688 4835 738 4875 tu
769 4819 927 4890 fecisti
953 4833 1030 4870 ea.
1060 4814 1175 4868 Non
1206 4810 1499 4880 glorientur
1519 4805 1669 4874 quasi
1690 4816 1800 4858 non

201 4919 556 4988 acceperint:
583 4923 637 4967 tu
661 4911 824 4981 fecisti
851 4925 932 4962 ea.

285 5013 378 5066 2|.
420 5006 586 5080 [verm
635 4999 762 5074 18.]
821 4999 1014 5053 Mentor
1059 5004 1163 5048 esto
1203 4991 1352 5061 hujus
1398 4996 1643 5040 creatura:
1685 4992 1802 5032 tum.

203 5102 380 5169 Cujus
406 5073 651 5152 creatura:
676 5073 815 5146 luat?
855 5086 1098 5141 Inimicus
1136 5080 1455 5149 exprobravit
1492 5074 1729 5129 Domino.
1763 5073 1809 5125 0

209 5162 422 5259 Asaph,
444 5187 572 5242 dole
610 5185 664 5244 in
690 5180 959 5236 intellectu
993 5174 1270 5244 pristinam
1299 5166 1596 5222 cmcitatem
1621 5162 1804 5216 tuam!

207 5254 469 5340 Inimicus
510 5273 826 5342 exprobrauit
865 5268 1106 5323 Domino.
1155 5264 1361 5317 Dictum
1395 5267 1477 5312 est
1513 5255 1725 5310 Christo
1757 5254 1806 5306 in

211 5379 380 5444 genie
406 5385 498 5424 sua
520 5409 535 5431 ,
574 5365 815 5417 Peccator
843 5369 915 5412 est
945 5359 1071 5421 iste;
1114 5370 1216 5406 non
1257 5351 1484 5403 novimus
1523 5345 1658 5398 unde
1699 5343 1763 5396 sit
1793 5357 1813 5394 :

206 5434 316 5527 iras
342 5463 564 5517 nouimus
595 5456 826 5524 Moysen,
857 5451 934 5502 illi
973 5448 1168 5501 locutus
1197 5452 1268 5496 est
1296 5441 1471 5501 Deus;
1500 5439 1593 5489 iste
1619 5434 1811 5487 Sama-

211 5561 420 5612 rimnus
449 5562 521 5606 est
549 5549 724 5619 (Joan.
753 5559 828 5606 rx,
856 5541 948 5603 ει,
969 5538 1070 5600 9.9,
1099 5546 1144 5589 et
1164 5549 1276 5597 vni,
1300 5533 1416 5599 48).
1449 5526 1698 5619 Inimicus
1720 5539 1810 5576 ea:-

217 5644 481 5720 probrattit
527 5613 780 5699 Domino;
805 5643 849 5686 et
897 5630 1117 5701 populus
1159 5624 1454 5693 imprudens
1501 5613 1813 5720 exacerbauit
1856 5634 1860 5637 -

221 5701 409 5794 nomen
436 5744 598 5794 tuum.
626 5725 856 5794 Populus
877 5719 1188 5792 imprudens
1210 5724 1332 5768 tunc
1354 5707 1528 5777 Asaph
1543 5721 1560 5774 ;
1588 5701 1682 5763 sed
1699 5713 1813 5763 non

1212 268 1606 329 ENARRATIO
1636 267 1700 328 IN
1742 262 2059 322 PSALSIUM
2098 269 2330 326 LXXIII,

3325 258 3433 311 949

1840 387 2123 447 intellectus
2171 389 2345 458 Διαρή
2399 398 2544 442 tunc.
2605 387 2743 457 Quid
2797 386 2992 443 dicitur
3046 388 3097 440 in
3153 388 3436 455 superiore

1842 477 2085 546 psalmo?
2113 477 2273 542 Quasi
2299 494 2449 546 pecus
2485 477 2648 546 factus
2685 495 2798 530 sum
2835 480 2902 530 ad
2943 487 3019 540 te;
3051 490 3095 530 et
3120 494 3212 547 ego
3239 493 3435 546 semper

1841 579 2004 622 tecum
2039 585 2061 623 :
2099 568 2222 637 quia
2257 582 2364 621 non
2397 568 2456 622 iit
2482 569 2546 620 ad
2574 569 2706 622 deos
2734 579 2788 622 et
2829 569 2967 622 idola
3004 568 3277 622 Gentium.
3320 567 3436 622 Etsi

1844 674 1948 714 non
1989 665 2239 728 cognovit
2265 670 2325 712 ut
2354 674 2546 728 pecus,
2592 669 2764 713 tamen
2804 660 3115 728 recognovit
3143 671 3200 711 ut
3229 659 3391 713 homo
3417 699 3433 723 ,

1844 751 1982 804 dixit
2010 752 2176 815 enim,
2197 750 2414 817 Semper
2438 760 2622 812 tecum,
2651 751 2796 820 quasi
2818 767 2966 818 pecus
2989 766 3006 804 :
3029 759 3082 804 et
3105 749 3231 819 quid
3256 757 3436 816 postea

1846 842 1915 906 ibi
1948 843 1999 894 in
2025 842 2140 910 ipso
2167 842 2392 910 psalmo,
2427 840 2514 893 ubi
2557 839 2774 908 Asapb?
2799 839 3022 893 Tenuisti
3062 856 3268 894 manum
3313 840 3436 892 deat-

1847 945 1966 989 tera:
2005 951 2130 987 mea:
2150 949 2171 998 ;
2193 935 2246 987 in
2276 935 2532 986 voluntate
2560 941 2646 985 tua
2670 932 2922 986 deduxisti
2947 948 3044 995 me,
3077 942 3120 984 et
3140 950 3251 985 eum
3278 933 3440 1001 gloria

1847 1028 2164 1094 assumpsisti
2185 1024 2456 1098 nte(Psal.
2490 1040 2656 1087 Lsxu,
2687 1024 2780 1089 2'5,
2803 1024 2917 1092 24).
2951 1022 3017 1077 In
3047 1025 3302 1077 voluntate
3325 1035 3438 1086 tua,

1849 1133 1956 1170 non
1999 1117 2050 1170 in
2081 1116 2283 1185 justitia
2314 1131 2462 1181 mea;
2496 1115 2642 1168 dono
2671 1125 2782 1179 tuo,
2823 1129 2928 1168 non
2955 1128 3120 1182 Opere
3140 1128 3281 1167 meo.
3305 1113 3448 1179 Ergo

1850 1220 1903 1262 et
1932 1209 2018 1261 hic
2037 1247 2051 1270 ,
2094 1205 2344 1260 Inimicus
2377 1205 2695 1276 exprobravit
2736 1205 2999 1267 Domino;
3026 1216 3072 1259 et
3101 1205 3319 1274 papulus
3349 1205 3446 1254 int-

1852 1303 2078 1370 prudens
2116 1298 2430 1353 exacerbavit
2467 1314 2646 1350 nomen
2679 1309 2841 1350 tuum.
2870 1296 3073 1352 Oinnes
3103 1311 3233 1365 ergo
3278 1293 3449 1363 peric-

1851 1393 2015 1449 runt?
2040 1391 2214 1445 Absit.
2248 1390 2360 1444 Etsi
2386 1389 2547 1458 aliqui
2582 1403 2652 1443 ex
2681 1387 2846 1442 ramis
2874 1385 3026 1443 fraeti
3059 1397 3204 1452 sunt,
3233 1397 3449 1438 manent

1854 1494 2032 1539 tamen
2064 1482 2226 1552 aliqui
2256 1497 2361 1552 quo
2400 1483 2729 1534 insereretur
2754 1479 2990 1532 oleaster
3017 1476 3194 1547 (Rom.
3215 1492 3287 1537 xi,
3316 1476 3402 1541 17)
3433 1492 3444 1536 ;

1852 1585 1909 1630 et
1946 1572 2097 1629 radix
2133 1581 2335 1637 manet,
2371 1580 2426 1625 et
2453 1585 2522 1625 ex
2553 1570 2682 1638 ipsis
2725 1569 2891 1623 ramis
2937 1583 3032 1636 per
3076 1565 3445 1620 inﬁdelitatem

1855 1666 2037 1722 fractis
2064 1664 2299 1720 revocati
2327 1671 2451 1719 sunt
2477 1662 2693 1730 quidam
2727 1675 2821 1730 per
2847 1660 3003 1714 ﬁdem
3049 1677 3061 1711 :
3105 1675 3227 1711 nam
3257 1666 3311 1710 et
3335 1656 3453 1724 ipse

1856 1757 2130 1826 apostolus
2159 1757 2353 1810 Paulus
2388 1769 2482 1823 per
2512 1753 2878 1806 inﬁdelitatem
2907 1752 3103 1805 fractus
3123 1759 3256 1814 erat,
3282 1757 3336 1802 et
3361 1765 3454 1817 μυι-

1859 1849 2016 1903 ﬁdem
2041 1847 2205 1902 radici
2234 1846 2512 1902 restitutus
2541 1856 2642 1900 est.
2684 1843 2759 1896 Ita
2798 1842 2956 1911 plane
2999 1841 3218 1910 papulas
3260 1841 3456 1908 impru-

1860 1941 1984 1993 dens
2028 1939 2341 1994 exaeerbaait
2388 1956 2570 1992 nomen
2615 1949 2792 2002 tuum,
2845 1935 3064 2004 quando
3104 1934 3308 1987 dictum
3335 1944 3450 1987 est:

1863 2031 1925 2085 Si
1952 2030 2089 2097 ﬁlius
2115 2029 2212 2083 Dei
2235 2039 2327 2092 est,
2356 2030 2626 2083 descendat
2652 2028 2716 2081 de
2741 2030 2890 2080 cruce
2915 2024 3128 2095 (Matth.
3153 2039 3318 2090 ιιι-ιι,
3340 2023 3452 2090 40).

1932 2119 2022 2172 22.
2055 2119 2220 2192 [vers.
2257 2117 2382 2191 19.]
2422 2119 2527 2174 Sed
2554 2117 2683 2190 quid
2717 2126 2770 2170 tu
2797 2157 2813 2182 ,
2846 2114 3047 2184 Asaph,
3074 2115 3184 2181 jam
3216 2114 3269 2168 in
3300 2115 3459 2168 intel-

1864 2213 2043 2267 lectu?
2092 2210 2175 2266 Ne
2213 2211 2482 2266 tradideris
2524 2209 2691 2264 bestiis
2733 2209 2956 2262 animam
2998 2207 3312 2276 conﬁtentem
3351 2207 3460 2268 tibi.

1867 2305 2132 2368 Agnosco,
2163 2301 2331 2369 inquit
2355 2299 2568 2369 Asapb;
2601 2299 2744 2368 quia,
2773 2297 2912 2351 sicut
2939 2297 2990 2349 in
3017 2296 3126 2351 alio
3151 2295 3356 2365 psalmo
3383 2294 3466 2349 di-

1866 2392 2006 2446 citur
2024 2432 2040 2456 ,
2073 2391 2343 2444 Peccatum
2372 2406 2537 2444 meum
2575 2388 2783 2460 cognoui
2801 2429 2818 2454 ,
2862 2397 2911 2441 et
2945 2387 3144 2456 facinus
3171 2403 3336 2440 meum
3363 2403 3465 2440 non

1869 2484 2044 2552 aperui
2069 2484 2085 2552 (
2108 2481 2252 2547 Psal.
2276 2497 2422 2544 ιλιι,
2447 2481 2532 2551 5).
2555 2480 2768 2548 Quare?
2789 2480 2922 2547 Quia
2946 2479 3155 2534 locutus
3176 2485 3258 2533 est
3280 2478 3464 2533 Petrus

1870 2573 2185 2628 mirantibus
2209 2573 2416 2642 linguas
2447 2571 2723 2639 lsraelitis,
2750 2570 3002 2640 quoniam
3032 2569 3131 2637 ipsi
3157 2567 3470 2623 occiderunt

1871 2662 2166 2728 Christum,
2195 2678 2317 2719 Cum
2345 2672 2568 2734 propter
2593 2663 2714 2716 illos
2744 2662 2938 2714 missus
2965 2661 3034 2714 sit
3058 2660 3325 2714 Christus.
3357 2657 3472 2711 Hoc

1871 2756 2066 2819 audito,
2094 2755 2382 2825 eompuncti
2407 2766 2526 2808 sunt
2553 2755 2724 2816 corde,
2757 2762 2800 2806 et
2827 2753 3062 2806 dixerunt
3088 2752 3160 2805 ad
3180 2750 3469 2822 Apostolos.

1879 2847 2016 2914 Quid
2057 2863 2177 2916 ergo
2207 2845 2498 2915 faciemus?
2549 2845 2698 2898 dicite
2735 2842 2896 2899 nobis.
2936 2842 3004 2897 Et
3033 2843 3262 2912 Apostoli
3287 2858 3305 2896 :
3330 2841 3474 2912 Agite

1877 2939 2219 3008 paenitentiam
2247 2979 2259 3001 ,
2301 2946 2347 2990 et
2374 2937 2654 3004 baptiaetur
2683 2935 3025 3004 unusquisque
3052 2943 3269 2987 vestrum
3295 2933 3347 2984 in
3375 2949 3473 2986 n0-

1879 3030 2013 3082 ntine
2045 3027 2251 3081 Domini
2276 3026 2308 3079 ,Ι
2316 3044 2401 3081 esu
2430 3026 2659 3088 Christi;
2689 3036 2734 3078 et
2764 3025 3081 3077 dimittantur
3105 3023 3241 3077 vobis
3272 3031 3476 3092 peccata

1878 3129 2042 3173 uestra
2073 3119 2214 3190 (Aet.
2254 3133 2312 3181 ll,
2349 3118 2439 3183 37,
2471 3117 2540 3170 '58
2557 3113 2599 3187 ).
2632 3115 2766 3181 Quia
2811 3129 2938 3182 ergo
2972 3128 3069 3183 per
3108 3111 3476 3181 pcenitentiam

1879 3212 2145 3266 confessio
2172 3211 2308 3266 facta
2335 3221 2454 3276 est,
2489 3209 2570 3264 Ne
2615 3209 2884 3262 tradideris
2910 3207 3078 3261 bestiis
3107 3208 3330 3259 anintam
3354 3220 3478 3258 con-

1881 3305 2106 3374 ﬁtentem
2132 3303 2240 3357 tibi.
2279 3303 2454 3370 Quare
2477 3343 2494 3368 ,
2526 3302 2844 3368 conﬁtentem
2885 3299 2976 3351 tibi
2995 3297 3021 3350 .’
3045 3297 3176 3364 Quia
3209 3311 3481 3349 conversus

1882 3413 1993 3449 sum
2015 3397 2067 3448 in
2093 3411 2340 3454 arrumna,
2369 3393 2492 3447 dum
2519 3391 2792 3460 conﬁgitur
2815 3389 2964 3459 spina
2989 3388 3006 3457 (
3029 3385 3177 3440 Psal.
3201 3401 3359 3449 uxr,
3385 3385 3420 3439 4
3438 3385 3479 3455 ).

1883 3487 2201 3556 Compuncti
2229 3495 2352 3540 sunt
2377 3485 2540 3540 corde
2563 3501 2579 3549 ;
2608 3492 2662 3536 ct
2688 3482 2809 3536 facti
2837 3490 2962 3534 sttnt
2986 3476 3277 3534 atrumnosi
3308 3477 3480 3546 [mni-

1888 3582 2085 3647 tendo,
2115 3580 2205 3649 qui
2248 3578 2457 3633 fuerant
2497 3574 2715 3647 gloriosi
2764 3572 3057 3627 srcviendo.
3099 3569 3184 3623 Ne
3218 3569 3487 3623 tradideris

1889 3674 2058 3727 bestiis
2104 3671 2329 3724 animant
2371 3672 2695 3736 confitentem
2739 3664 2850 3719 tibi.
2893 3661 3100 3728 Quibus
3127 3659 3352 3723 bestiis,
3387 3657 3486 3710 nisi

1888 3777 2115 3832 quarum
2155 3762 2326 3828 capita
2355 3759 2585 3812 contrita
2624 3765 2751 3810 sunt
2794 3768 2956 3823 super
2979 3750 3214 3820 aquam?
3239 3750 3370 3816 Quia
3409 3749 3490 3802 di-

1892 3865 2008 3909 ctus
2033 3859 2116 3907 est
2139 3852 2330 3914 bestia,
2357 3849 2462 3913 leo,
2489 3858 2543 3903 et
2568 3847 2763 3911 draco,
2796 3845 2910 3912 ipse
2937 3840 3201 3896 diabolus.
3230 3838 3373 3904 Noli,
3404 3839 3490 3891 in-

1892 3945 2025 4014 quit,
2051 3943 2180 3996 dare
2203 3940 2416 3994 diabolo
2438 3949 2494 3993 et
2521 3937 2723 4005 angelis
2746 3934 2862 4003 ejus
2891 3933 3124 3986 animant
3147 3929 3492 3984 conﬁtentem

1897 4034 2011 4087 tibi.
2042 4032 2274 4087 Devoret
2301 4041 2547 4096 serpens,
2580 4025 2627 4079 si
2665 4023 2841 4078 adhuc
2879 4033 3088 4075 terrena
3117 4018 3288 4088 sapio,
3316 4019 3360 4072 si
3391 4028 3495 4072 ter-

1897 4140 2026 4179 rena
2054 4123 2302 4176 desidero
2323 4161 2336 4182 ,
2369 4119 2410 4173 si
2450 4118 2625 4172 adhuc
2667 4117 2720 4170 in
2761 4112 3040 4186 promissis
3074 4111 3282 4165 Veteris
3305 4110 3495 4165 Testa-

1900 4214 2100 4279 tuenti,
2144 4213 2294 4267 Novo
2343 4211 2615 4272 revelato,
2667 4221 2940 4261 remaneo.
2988 4204 3120 4257 Cum
3165 4212 3344 4256 autem
3385 4199 3496 4270 jam

1900 4304 2240 4374 deposuerim
2272 4300 2576 4369 superbiam
2599 4341 2612 4362 ,
2642 4308 2696 4351 et
2715 4297 2975 4366 justitiam
3001 4308 3174 4348 meum
3203 4306 3312 4346 non
3334 4305 3499 4358 agno-

1902 4411 2068 4459 scam,
2096 4393 2188 4448 sed
2212 4393 2436 4463 gratiam
2465 4398 2609 4443 tuam
2635 4403 2650 4450 ;
2687 4403 2792 4440 non
2823 4386 3052 4439 habeant
3073 4383 3126 4436 in
3150 4397 3235 4434 me
3256 4380 3502 4449 superine

1904 4486 2089 4541 bestitc
2113 4492 2450 4554 potestatem.
2481 4478 2565 4532 Ne
2590 4478 2861 4532 tradideris
2897 4474 3064 4529 bestiis
3088 4471 3312 4526 animant
3337 4472 3504 4539 conﬁ-

1905 4585 2089 4631 tentem
2110 4575 2216 4627 tibi.
2243 4572 2455 4626 Animas
2489 4584 2769 4640 pauperum
2795 4576 2997 4619 tuorum
3022 4581 3084 4617 ne
3110 4562 3421 4616 obliviscaris
3453 4579 3506 4613 ιιι

1908 4668 2082 4736 ﬁnem.
2127 4665 2328 4718 Divitcs
2370 4673 2619 4722 eramus,
2665 4658 2829 4711 fortes
2874 4670 3118 4715 eran'ius;
3167 4652 3262 4708 sed
3304 4652 3508 4705 siccasti

1907 4757 2092 4826 ﬂuvios
2123 4753 2314 4808 Etttant
2335 4751 2485 4820 :jam
2526 4749 2686 4804 modo
2714 4765 2818 4802 non
2847 4747 3224 4802 constituimus
3245 4740 3506 4811 justitiam

1912 4856 2149 4900 nostram
2175 4887 2190 4907 ,
2221 4842 2314 4897 Sed
2361 4841 2701 4911 agnoscimus
2744 4838 2966 4907 gratiam
3012 4845 3198 4898 tuam;
3250 4846 3512 4903 pauperes

1914 4952 2135 5000 sumus,
2183 4933 2374 4990 exaudi
2423 4932 2696 4985 meridie-os
2744 4941 2881 4982 tuos.
2931 4928 3047 4981 Jam
3101 4941 3203 4980 non
3253 4925 3511 4978 audemus

1914 5029 2098 5083 oculos
2124 5027 2190 5081 ad
2219 5024 2413 5080 ccelum
2442 5023 2618 5076 levare
2641 5061 2655 5083 ,
2688 5020 2779 5071 sed
2811 5017 3171 5086 perculientes
3199 5027 3382 5083 pectus
3409 5029 3511 5066 nos

1916 5129 2086 5173 strum
2113 5115 2376 5171 dicimus:
2409 5111 2623 5165 Domine
2644 5149 2658 5174 ,
2691 5107 2942 5180 propitius
2971 5117 3072 5160 esto
3108 5104 3230 5157 milii
3263 5105 3511 5172 peccaturi

1918 5208 2087 5279 (Luc.
2131 5222 2263 5261 xvnt
2286 5245 2300 5269 ,
2336 5204 2470 5271 15);
2502 5201 2712 5254 Animas
2754 5212 3032 5268 pauperum
3070 5206 3272 5248 tuorum
3301 5209 3365 5246 ne
3386 5188 3512 5246 obli-

1920 5301 2126 5356 viscaris
2151 5299 2204 5352 in
2230 5298 2402 5366 ﬁnem.

1988 5414 2082 5468 9.5.
2115 5410 2270 5484 [vers
2297 5403 2426 5477 ‘20.]
2466 5402 2682 5470 Respice
2699 5402 2752 5454 in
2773 5407 3122 5454 testamentum
3144 5405 3282 5449 tuum
3299 5433 3310 5448 .
3331 5391 3515 5448 Redde

1921 5506 2061 5578 quod
2080 5500 2370 5575 promisisti
2396 5515 2409 5552 :
2434 5497 2640 5550 tabulas
2659 5505 2924 5558 tenemus,
2940 5488 3307 5545 hmreditatcm
3326 5500 3515 5555 exspe-

1921 5574 2147 5654 ctamus.
2172 5591 2382 5661 Respice
2401 5590 2453 5641 in
2474 5594 2826 5639 testamentum
2847 5592 3020 5643 tuum;
3041 5592 3148 5632 non
3175 5574 3301 5630 illud
3324 5584 3512 5628 vetus:

1924 5704 2032 5755 non
2067 5695 2283 5764 propter
2311 5693 2507 5735 terram
2537 5675 2789 5745 Chanaan
2830 5687 2993 5742 rogo;
3029 5685 3132 5726 non
3176 5679 3393 5747 propter
3419 5667 3513 5723 ini-
