3990 6358
511 290 618 353 933

519 418 780 467 micorum
835 403 1181 475 temporalem
1242 400 1626 471 subiectionem
1651 438 1668 464 ,
1725 412 1835 452 non
1888 405 2105 468 propter

518 502 747 555 filiorum
771 498 1044 552 carnalem
1072 495 1451 551 fecunditatem
1472 535 1488 557 ,
1517 506 1625 546 non
1653 498 1872 560 propter
1897 488 2108 542 divitias

516 603 756 647 terrenas
778 631 795 657 ,
824 605 929 645 non
958 598 1178 659 propter
1204 586 1431 640 salutem
1472 583 1855 652 temporalem;
1898 579 2111 649 Respice

515 687 570 737 in
590 692 940 738 testamentum
962 692 1121 743 tuum,
1145 692 1251 749 quo
1270 674 1564 749 promisisti
1584 688 1806 743 regnum
1827 673 2105 727 cmlorum.

514 774 631 830 Jam
657 787 890 843 agnosco
924 778 1300 826 testamentum
1337 777 1521 831 tuum;
1546 765 1655 836 jam
1691 764 1991 819 intellectus
2029 770 2114 817 est

512 868 620 922 Λευ
629 865 719 934 ph,
732 878 840 918 non
854 870 937 918 est
949 875 1114 932 pecus
1130 857 1331 928 Asapb,
1340 857 1450 925 jam
1470 856 1615 910 videt
1626 854 1768 925 quod
1784 854 1981 908 dictum
1999 861 2079 905 est
2093 865 2109 904 :

519 977 538 1010 ι
582 958 718 1012 Ecce
745 955 861 1010 dies
888 952 1145 1017 veniunt,
1176 949 1304 1004 dicit
1333 946 1616 1010 Dominus;
1649 954 1704 999 et
1730 941 2112 999 consummabo

515 1047 697 1104 domui
710 1044 884 1101 ‘lsrael
912 1053 968 1098 et
990 1043 1168 1097 domui
1193 1040 1326 1096 Juda
1357 1046 1729 1093 testamentum
1758 1051 1974 1094 novum.
2004 1050 2109 1088 non

516 1137 811 1194 secundum
828 1142 1201 1191 testamentum
1214 1130 1352 1201 quod
1369 1130 1607 1199 disposui
1634 1126 1873 1198 patribus
1901 1141 2108 1181 eorum.

520 1228 732 1302 (Jerem.
763 1238 909 1288 uxr,
932 1226 1022 1290 '51,
1051 1222 1164 1294 5‘2).
1196 1222 1424 1291 Respice
1447 1223 1497 1275 in
1522 1228 1897 1275 testamentum
1930 1226 2108 1283 tuum;

521 1319 771 1390 quoniam
796 1317 984 1386 repleti
1015 1324 1141 1369 sunt
1166 1308 1253 1382 qui
1282 1311 1553 1366 ‘obscurati
1582 1320 1707 1366 sunt
1735 1321 1890 1364 terra:
1914 1309 2109 1363 domo-

520 1427 639 1466 rum
662 1410 961 1479 iniquarum
990 1423 1004 1458 :
1033 1424 1053 1457 ι
1081 1404 1201 1475 quia
1225 1403 1386 1457 corda
1404 1401 1890 1470 habebantiniqna.
1913 1400 2112 1453 Domus

520 1512 757 1565 nostrae,
805 1500 967 1556 corda
1019 1507 1238 1553 nostra:
1289 1496 1362 1551 ibi
1410 1496 1640 1551 libenter
1688 1493 1931 1549 habitant
1971 1492 2113 1547 beati

516 1594 718 1650 mundo
736 1591 901 1648 corde
916 1590 944 1663 '(
962 1589 1149 1643 Matth.
1177 1605 1230 1652 v,
1257 1587 1347 1659 8).
1376 1586 1591 1656 Respice
1614 1599 1744 1655 ergo
1765 1586 1821 1638 in
1843 1593 2115 1640 testamen-

517 1696 626 1741 tum
666 1694 849 1747 tuum;
891 1690 948 1738 et
986 1680 1230 1752 reliquie
1275 1681 1437 1735 salva:
1481 1680 1609 1732 llant
1640 1677 1827 1749 (Rom.
1856 1691 1933 1740 IX,
1963 1673 2110 1746 27):

518 1781 644 1851 quia
673 1777 827 1834 multi
870 1775 958 1845 qui
986 1773 1269 1829 attendunt
1295 1772 1362 1827 ad
1393 1782 1590 1827 terram
1612 1812 1626 1834 ,
1658 1766 1926 1825 obscurati
1952 1776 2112 1832 sunt,

519 1882 576 1929 et
598 1870 790 1940 repleti
817 1876 942 1923 sunt
968 1877 1131 1922 terra.
1161 1863 1381 1919 Intravit
1408 1863 1460 1917 in
1486 1861 1674 1916 oculos
1697 1875 1885 1916 eorum
1914 1859 2111 1929 pulvis,

521 1975 576 2021 et
597 1961 889 2020 excaecavit
922 1973 1018 2016 eos
1040 2000 1056 2023 ,
1087 1966 1142 2013 et
1168 1956 1290 2010 facti
1332 1964 1458 2009 sunt
1493 1954 1669 2026 pulvis
1708 1968 1866 2023 quem
1903 1950 2117 2022 proiicit

520 2065 715 2109 ventus
741 2066 772 2105 a
800 2050 934 2105 facie
959 2058 1117 2105 terrae
1144 2044 1331 2116 (Psal.
1358 2060 1399 2109 ι,
1428 2045 1517 2117 4).
1546 2043 1745 2115 Repleti
1768 2051 1886 2098 sunt
1907 2044 1992 2113 qui
2022 2042 2114 2098 ob-

519 2145 709 2201 sturati
721 2152 840 2196 sunt
858 2150 1005 2196 terra:
1017 2139 1283 2193 domorum
1298 2137 1604 2202 iniquarum.
1621 2133 1958 2189 Attendendo
1971 2133 2113 2190 enim

522 2246 721 2292 terram
748 2230 1017 2287 obscurati
1055 2236 1182 2285 sunt
1202 2267 1220 2296 ,
1246 2227 1316 2283 de
1352 2226 1549 2297 quibus
1589 2224 1793 2279 dictum
1823 2232 1907 2278 est
1933 2223 1988 2278 in
2010 2223 2117 2278 alio

523 2328 732 2400 psalmo
760 2342 775 2379 :
806 2324 1150 2379 Obscurentur
1169 2320 1305 2376 oculi
1327 2335 1505 2375 eorum
1525 2335 1589 2373 ne
1605 2318 1825 2380 uideant,
1842 2326 1890 2372 et
1909 2317 2116 2372 dorsum

521 2434 697 2475 eorum
723 2432 921 2487 semper
956 2414 1167 2469 incurro
1197 2412 1383 2487 (Psal.
1412 2426 1609 2475 vam,
1634 2409 1764 2480 24).
1796 2410 1958 2465 Terra
1988 2424 2117 2480 ergo

518 2509 700 2580 repleti
734 2515 852 2561 sunt
877 2505 965 2576 qui
1001 2502 1258 2559 οὑτοιί-ιιιὶ
1294 2512 1413 2557 sunt
1443 2509 1592 2556 terra
1617 2500 1882 2554 domorum
1919 2500 2119 2569 iniqua-

519 2616 656 2662 rum,
673 2598 797 2667 quia
817 2595 977 2651 corda
998 2594 1267 2650 habebant
1286 2593 1486 2667 iniqua.
1515 2590 1716 2647 Domus
1730 2591 1871 2646 enim
1894 2599 2114 2657 nostrae,

518 2693 658 2748 sicut
682 2704 842 2761 supra
870 2687 1138 2752 diximus,
1169 2685 1334 2741 corda
1378 2695 1559 2741 nostra
1584 2693 1710 2739 sunt
1738 2701 1752 2738 :
1786 2683 1857 2738 ibi
1887 2683 2118 2738 libenter

524 2783 863 2846 habitamus,
893 2781 939 2836 si
986 2794 1050 2836 ea
1096 2779 1165 2834 ab
1208 2777 1487 2849 iniquitate
1535 2775 1874 2832 mundemus.
1919 2776 1994 2831 lbi
2031 2784 2117 2831 est

520 2874 658 2929 mala
686 2872 1035 2939 conscientia,
1062 2885 1183 2941 quae
1210 2869 1335 2926 inde
1360 2869 1572 2940 repellit
1596 2869 1869 2925 hominem
1896 2883 2002 2938 quo
2020 2866 2115 2938 ju-

523 2965 681 3019 betur
700 2964 776 3018 ire
800 2971 1018 3032 portans
1041 2961 1319 3032 grabatum
1345 2973 1523 3025 suum,
1546 2958 1630 3015 cui
1660 2966 1873 3029 peccata
1895 2957 2115 3013 dimissa

518 3064 667 3120 sunt,
696 3053 907 3108 dicente
932 3050 1164 3107 Domino
1181 3090 1199 3118 ,
1235 3048 1380 3105 Tolle
1403 3047 1668 3120 grabatum
1707 3057 1849 3102 tuum
1866 3090 1884 3116 ,
1913 3058 1962 3103 et
1988 3048 2117 3103 uade

519 3150 572 3203 in
593 3148 796 3202 domum
822 3156 960 3200 tuam
994 3142 1183 3216 (Joan.
1204 3158 1262 3209 ν,
1290 3141 1363 3214 8)
1390 3157 1406 3196 :
1438 3149 1590 3212 porta
1620 3155 1836 3196 carnem
1868 3152 2031 3208 tuam,
2061 3151 2117 3197 et

520 3239 657 3292 intra
686 3236 753 3291 ad
783 3243 1023 3290 sanatam
1047 3233 1432 3291 conscientiam
1461 3241 1627 3286 tuam.
1662 3230 1916 3298 Quoniam
1938 3231 2115 3303 repleti

518 3336 634 3382 sunt
676 3327 763 3399 qui
806 3325 1060 3381 obscur-uti
1101 3333 1220 3379 sunt
1269 3332 1420 3378 terra:
1464 3321 1730 3377 domorum
1776 3322 2066 3392 iniquarum
2095 3337 2115 3377 :

518 3419 783 3475 obseurati
814 3426 970 3484 sunt,
1001 3416 1187 3487 repleti
1214 3423 1338 3469 sunt
1381 3423 1549 3469 terra.
1583 3413 1659 3468 llli
1688 3414 1954 3468 obscurati
1977 3456 1992 3477 ,
2023 3412 2112 3483 qui

518 3514 677 3566 sunt?
726 3510 824 3577 Qui
873 3507 1036 3563 corda
1080 3505 1259 3575 iniqua
1316 3503 1517 3560 habent
1563 3519 1580 3557 :
1626 3502 1802 3559 reddit
1856 3505 1963 3560 illis
2005 3504 2114 3559 Do-

521 3602 697 3654 minus
723 3599 1014 3653 secundum
1040 3610 1136 3651 cur
1162 3610 1338 3649 suum.

590 3690 678 3744 ιιι.
711 3687 880 3763 [eers.
906 3685 1037 3761 ει]
1078 3684 1131 3740 Ν
1134 3702 1162 3739 e
1185 3695 1441 3740 avertatur
1465 3685 1672 3740 humilis
1699 3687 1961 3756 confusus.
1991 3684 2115 3738 Illos

519 3782 661 3836 enim
687 3779 933 3850 superbia
960 3775 1221 3832 confudit.
1248 3774 1454 3847 Egenus
1477 3784 1525 3829 et
1546 3778 1694 3844 inops
1719 3775 2000 3829 laudabunt
2024 3790 2117 3828 no-

518 3888 631 3926 men
661 3880 835 3928 tuum.
857 3868 1059 3923 Videtis
1080 3910 1095 3933 ,
1124 3865 1321 3921 fratres
1345 3907 1361 3932 ,
1392 3881 1551 3936 quam
1579 3866 1771 3921 debeat
1798 3866 1970 3921 dulcis
1995 3881 2115 3921 esse

519 3972 803 4032 paupertas
836 3979 851 4017 :
880 3960 1075 4015 videtis
1112 3972 1380 4030 pauperes
1417 3969 1473 4013 et
1510 3958 1697 4027 inopes
1740 3959 2012 4028 pertinere
2046 3958 2114 4013 ad

523 4055 724 4119 Deum;
753 4052 847 4107 sed
890 4065 1149 4122 pauperes
1176 4049 1366 4119 spiritu
1392 4088 1408 4113 ,
1459 4049 1711 4117 quoniam
1755 4048 1991 4119 ipsorum
2034 4057 2117 4103 est

519 4160 742 4216 regnum
783 4144 1040 4200 calorum
1069 4139 1299 4212 (Matth.
1331 4155 1401 4206 v,
1441 4140 1529 4207 5).
1561 4139 1660 4207 Qui
1703 4150 1830 4194 sunt
1858 4154 2116 4211 pauperes

518 4234 755 4305 spiritu?
797 4232 1040 4288 Humiles
1061 4271 1076 4295 ,
1112 4241 1402 4285 trementes
1430 4230 1593 4285 verba
1635 4230 1769 4296 Dei,
1799 4232 2118 4286 conﬁtentes

520 4337 738 4395 peccata
768 4340 901 4390 sua;
941 4339 1047 4378 non
1076 4321 1145 4376 de
1169 4322 1283 4377 suis
1310 4321 1516 4374 meritis
1536 4362 1552 4386 ,
1581 4335 1680 4375 nec
1702 4321 1769 4376 de
1794 4335 1888 4376 sua
1913 4321 2115 4390 iustitia

520 4425 927 4487 przesumentes.
954 4412 1055 4481 Qui
1085 4421 1210 4466 sunt
1235 4425 1496 4480 pauperes
1521 4411 1710 4483 spiritu
1730 4411 1756 4451 ⁷
1779 4411 1878 4478 Qui
1904 4412 2118 4482 quando

522 4507 722 4562 faciunt
748 4504 949 4575 aliquid
976 4502 1098 4558 boni
1120 4542 1138 4566 ,
1172 4501 1337 4556 Deum
1366 4500 1618 4565 laudant;
1647 4501 1860 4571 quando
1884 4502 2030 4569 mali,
2057 4517 2119 4558 se

519 4607 795 4654 accusant.
836 4596 1009 4665 Super
1052 4610 1205 4660 quem
1250 4600 1526 4664 requiescet
1574 4592 1801 4661 Spiritus
1843 4611 2017 4661 meus,
2045 4594 2120 4649 ait

522 4691 805 4759 propheta,
833 4687 931 4743 nisi
958 4702 1112 4757 super
1134 4685 1397 4750 humilem,
1422 4694 1472 4738 et
1494 4685 1740 4753 quietum,
1762 4694 1809 4738 et
1832 4694 2119 4739 trementem

521 4780 671 4833 verba
692 4795 802 4832 mea
830 4776 995 4849 (lsai.
1021 4792 1162 4839 Lm,
1184 4774 1250 4847 2)
1271 4775 1297 4829 2
1319 4775 1437 4830 iam
1462 4790 1591 4845 ergo
1615 4774 1795 4844 Asaph
1818 4776 2075 4831 intellexit
2100 4792 2115 4835 :

517 4871 629 4940 jam
653 4879 809 4923 terra:
834 4882 939 4922 nou
970 4866 1157 4931 lueret,
1182 4866 1292 4935 jam
1326 4866 1585 4934 promissa
1614 4874 1822 4920 terrena
1849 4881 1913 4921 ex
1940 4865 2119 4921 Veteri

523 4961 869 5015 Testamento
896 4972 1001 5011 non
1046 4958 1254 5024 expetit
1282 4972 1295 5007 :
1329 4956 1605 5010 mendicus
1644 4965 1766 5010 tuus
1797 4954 1968 5010 factus
1996 4966 2078 5011 cst
2101 4997 2116 5019 ,

525 5065 729 5121 pauper
752 5060 873 5102 tuus
899 5046 1067 5100 factus
1092 5055 1175 5099 est
1197 5062 1212 5110 ;
1238 5044 1429 5099 ﬂuvios
1450 5053 1567 5100 tuos
1591 5045 1725 5109 sitit,
1754 5047 1878 5115 quia
1906 5046 1987 5099 sui
2009 5048 2119 5100 sic-

522 5140 625 5193 cati
652 5147 797 5193 sunl.
842 5136 974 5203 Quia
1013 5150 1144 5204 ergo
1192 5137 1310 5188 talis
1350 5134 1520 5189 factus
1564 5144 1686 5202 est,
1714 5149 1817 5190 non
1847 5135 2121 5190 fraudetur

522 5248 618 5298 spe
650 5248 663 5284 :
691 5230 935 5298 quarsivit
965 5227 1212 5280 manibus
1240 5238 1398 5280 nocte
1422 5241 1603 5280 coram
1630 5236 1717 5294 te;
1748 5242 1852 5281 non
1881 5226 2119 5296 decipia-

526 5335 610 5376 tur
639 5322 816 5387 (l’sol.
852 5334 1007 5374 Lxxw
1028 5361 1044 5384 ,
1076 5320 1109 5372 3
1127 5319 1166 5387 ).
1203 5316 1284 5371 Ne
1306 5328 1561 5371 avertatur
1587 5317 1799 5378 humilis
1832 5317 2074 5386 confusas
2102 5332 2122 5371 :

525 5428 709 5482 egenus
746 5422 793 5464 et
836 5411 981 5479 inops
1022 5408 1302 5463 laudabant
1350 5423 1531 5461 nomen
1577 5416 1742 5461 tuum.
1793 5406 2122 5462 Conﬁtentes

530 5512 745 5569 peccata
790 5518 881 5555 sua
907 5540 923 5564 ,
967 5500 1255 5553 laudabunt
1297 5514 1491 5553 nomen
1536 5509 1724 5563 tuum;
1754 5497 2122 5571 desiderantes

524 5604 725 5644 aeterna
752 5590 1009 5658 promissa
1032 5599 1140 5649 tua,
1174 5588 1461 5643 laudabunt
1484 5603 1676 5643 nomen
1706 5598 1853 5641 tuum
1883 5605 1897 5641 :
1928 5603 2033 5641 non
2052 5585 2121 5643 dc

528 5682 911 5753 temporalibus
935 5679 1149 5751 turgidi,
1178 5694 1283 5735 non
1310 5680 1378 5735 de
1402 5681 1613 5750 propria
1638 5680 1844 5750 iustitia
1866 5680 1917 5735 in
1934 5696 2121 5751 super-

1751 284 1809 342 S.
1854 275 2218 341 AUGUSTINI
2254 282 2557 340 EPISCOPI

3704 299 3822 357 θιι

2211 397 2350 452 biam
2371 397 2492 454 elati
2514 408 2567 453 et
2583 398 2770 466 inﬂati,
2793 416 2900 456 non
2922 397 3053 474 ipsi;
3080 403 3175 461 sed
3200 408 3329 477 qui?
3353 403 3627 482 Egenuset
3653 416 3823 485 inops

2212 490 2490 544 laudabunt
2510 507 2690 545 nomen
2714 503 2873 546 tuum.

2281 579 2371 635 25.
2405 579 2570 652 [uers.
2770 582 3031 655 Exsurge,
3077 585 3332 653 Domine:
3371 592 3549 662 iudica
3589 611 3823 650 causam

2212 686 2395 723 meam.
2438 670 2690 727 Desertus
2733 674 2875 727 enim
2910 676 3129 741 videor,
3176 680 3295 748 quia
3340 683 3574 737 nondum
3619 688 3824 755 accepi

2212 760 2354 828 quod
2397 763 2730 831 promisisti:
2764 774 2819 819 et
2860 765 3011 820 ﬂictu:
3050 780 3175 823 sunt
3217 771 3345 825 mihi
3388 773 3640 847 lacryma:
3674 794 3824 833 meae

2217 849 2369 916 panis
2394 850 2483 905 die
2513 865 2577 905 ac
2605 863 2761 908 nocte
2783 896 2799 921 ,
2837 856 2963 910 dum
3015 859 3207 913 dicitur
3236 863 3363 917 mibi
3402 868 3678 936 quotidie,
3715 870 3825 927 Ubi

2214 949 2297 993 est
2327 939 2467 995 Deus
2508 951 2629 997 tuus
2656 942 2834 1015 (Psal.
2880 963 3001 1015 xu,
3044 950 3156 1020 4)?
3186 952 3248 1006 Et
3276 954 3397 1024 quia
3438 972 3543 1013 non
3584 975 3822 1030 possunt

2214 1030 2497 1087 ostendere
2523 1032 2688 1088 Deum
2726 1050 2937 1103 meum;
2974 1042 3123 1110 quasi
3154 1043 3306 1098 inane
3331 1061 3544 1117 sequar,
3578 1051 3823 1106 insulta-

2217 1128 2303 1174 tur
2326 1122 2475 1176 mihi.
2502 1122 2610 1179 Nec
2632 1141 2864 1196 paganus
2889 1138 3112 1197 tantum,
3146 1133 3228 1187 vel
3254 1134 3490 1204 Judzeus,
3513 1140 3597 1195 vel
3626 1140 3820 1197 luere—

2216 1215 2380 1277 ticus;
2408 1215 2502 1270 sed
2529 1217 2815 1287 aliquando
2844 1219 3006 1276 frater
3027 1223 3140 1292 ipse
3165 1227 3459 1283 catholicus
3484 1240 3705 1301 torquet
3730 1250 3819 1300 ns,

2216 1305 2428 1374 quando
2452 1308 2710 1376 promissa
2741 1310 2833 1365 Dei
2862 1313 3244 1382 prmdiatntur,
3278 1321 3493 1389 quando
3522 1322 3700 1379 futura
3730 1342 3823 1381 re-

2216 1397 2479 1453 surrectio
2516 1402 2921 1467 prmrnuutiatur.
2967 1404 3033 1459 Et
3072 1407 3245 1462 adhuc
3288 1420 3344 1465 et
3382 1412 3493 1481 ipse
3517 1455 3532 1478 ,
3562 1419 3821 1484 quantivis

2212 1486 2323 1557 jam
2354 1489 2549 1544 tinctus
2588 1506 2721 1562 aqua
2752 1495 2938 1550 salutis
2965 1508 3215 1564 aeternas,
3248 1513 3463 1573 portans
3489 1521 3819 1563 sacramen-

2220 1589 2330 1635 tum
2351 1581 2568 1649 Christi,
2595 1583 2816 1642 forsitan
2843 1588 2990 1656 dicit,
3013 1590 3081 1645 Et
3104 1595 3225 1663 quis
3249 1595 3352 1651 huc
3375 1600 3709 1655 resurrexit?
3736 1612 3818 1667 et,

2216 1672 2333 1730 Non
2359 1675 2534 1730 audivi
2563 1684 2767 1747 patrem
2798 1694 2975 1734 meum
3002 1682 3071 1736 de
3109 1684 3355 1753 snpulero
3382 1686 3718 1758 loquentem,
3748 1709 3820 1746 ex

2217 1779 2324 1834 quo
2347 1780 2470 1820 eum
2501 1767 2743 1836 sepelivi.
2775 1769 2918 1825 Deus
2943 1772 3090 1828 dedit
3116 1777 3285 1846 legem
3311 1776 3379 1833 ad
3409 1788 3618 1849 tempus
3640 1785 3819 1839 servis

2217 1855 2327 1909 suis
2348 1897 2364 1921 ,
2390 1854 2457 1911 ad
2483 1858 2622 1927 quod
2649 1874 2708 1914 se
2733 1871 2957 1917 avocent
2989 1880 3002 1917 :
3032 1882 3154 1921 nam
3180 1869 3300 1939 quis
3328 1871 3466 1927 redit
3490 1872 3562 1928 ab
3584 1874 3776 1930 inferis
3794 1879 3821 1916 ν

2219 1942 2287 1998 Ει
2309 1945 2435 2015 quid
2475 1945 2666 2003 faciam
2698 1950 2924 2006 talibus?
2961 1956 3240 2012 ostendam
3269 1959 3409 2030 quod
3452 1977 3559 2018 non
3586 1965 3818 2019 vident?

2219 2032 2335 2088 Non
2364 2049 2588 2105 possum
2621 2060 2635 2092 :
2669 2055 2775 2094 non
2819 2041 2962 2097 enim
3010 2056 3226 2115 propter
3263 2050 3384 2106 illos
3411 2051 3553 2108 Deus
3585 2054 3819 2111 visibilis

2217 2124 2381 2182 debet
2417 2126 2550 2183 fieri.
2581 2128 2698 2185 1am
2729 2130 2780 2186 id
2809 2143 3006 2204 agant,
3036 2137 3081 2191 si
3110 2139 3312 2209 placet;
3361 2142 3434 2197 ita
3474 2143 3711 2213 faciant,
3745 2149 3816 2201 ita

2218 2225 2480 2273 conentur
2508 2236 2521 2273 :
2552 2221 2675 2291 quia
2704 2222 2803 2292 ipsi
2836 2225 3024 2281 nolunt
3048 2231 3288 2285 converti
3316 2231 3369 2286 in
3400 2235 3613 2303 melius,
3643 2236 3814 2293 Deum

2217 2318 2535 2366 convertant
2562 2313 2614 2367 in
2643 2314 2812 2382 pejus.
2837 2315 3030 2372 Videat
3053 2320 3141 2389 qui
3167 2329 3362 2389 potest,
3384 2325 3567 2380 credat
3584 2327 3678 2397 qui
3704 2344 3813 2383 non

2219 2406 2429 2467 potest,
2460 2415 2581 2456 esse
2611 2402 2798 2459 Deum.
2831 2405 2943 2460 Etsi
2988 2407 3132 2463 videt
3169 2410 3259 2480 qui
3291 2421 3463 2481 potest
3484 2454 3502 2479 ,
3547 2418 3813 2487 numquid

2218 2487 2387 2543 oculis
2411 2488 2595 2546 videt?
2625 2491 2897 2549 luteilectu
2927 2495 3104 2565 videt,
3141 2498 3304 2555 corde
3328 2501 3492 2558 videt.
3524 2503 3643 2559 Non
3666 2522 3814 2562 enim

2218 2579 2387 2635 solem
2413 2591 2467 2637 et
2496 2583 2672 2640 lunam
2697 2586 2908 2644 volebat
2933 2590 3239 2656 ostendere.
3267 2594 3355 2664 qui
3383 2595 3596 2651 dicclmt
3625 2615 3641 2651 :
3667 2596 3816 2654 Beas:

2219 2675 2410 2729 mundo
2432 2682 2602 2744 corde,
2633 2680 2872 2748 quoniam
2900 2680 2998 2752 ipsi
3027 2682 3188 2738 Deum
3229 2686 3461 2742 uidebunt
3490 2687 3724 2761 (Matth.
3757 2708 3812 2756 τ.

2218 2762 2313 2835 8).
2351 2764 2684 2822 lmmundum
2729 2781 2907 2825 autem
2951 2788 3170 2830 corneo
3211 2774 3276 2829 ad
3322 2777 3479 2833 ﬁdem
3526 2777 3811 2844 idoneum,

2219 2863 2279 2908 ut
2304 2855 2319 2886 ¹
2351 2856 2491 2924 quod
2532 2872 2637 2911 non
2682 2870 2858 2930 potest
2885 2862 3065 2919 videre
3096 2865 3180 2919 vel
3225 2865 3426 2922 credat.
3470 2866 3583 2923 Non
3613 2869 3771 2924 video
3792 2911 3810 2938 ,

2220 2945 2391 3016 inquit
2416 2965 2432 3003 :
2458 2949 2583 3019 quid
2607 2952 2907 3009 crediturus
2927 2970 3042 3010 sum
3057 2956 3081 3010 ?
3097 2958 3285 3011 Anima
3310 2960 3449 3014 enim
3469 2970 3555 3017 tua
3576 2963 3809 3031 videtur,

2221 3047 2298 3093 ut.
2327 3041 2547 3109 opinor!
2590 3042 2795 3100 Stulte!
2846 3060 3045 3117 corpus
3086 3058 3234 3103 tuum
3285 3050 3528 3118 videtur;
3576 3056 3807 3111 animam

2222 3143 2363 3188 tuam
2413 3136 2534 3206 quis
2583 3135 2773 3193 videt!
2830 3137 2965 3194 Cum
3016 3155 3146 3211 ergo
3189 3155 3385 3213 corpus
3433 3154 3581 3200 tuum
3635 3150 3807 3203 Solum

2218 3225 2496 3293 videatur,
2525 3242 2692 3298 quare
2719 3243 2825 3284 non
2855 3231 3130 3300 sepeliris?
3170 3233 3391 3288 Miratur
3416 3236 3536 3306 quia
3564 3237 3711 3303 dixi,
3753 3239 3807 3295 Si

2218 3330 2415 3386 corpus
2442 3325 2649 3373 tantum
2687 3319 2928 3384 videtur,
2962 3336 3128 3390 quare
3170 3339 3274 3377 non
3316 3327 3606 3395 sepeliris?
3637 3328 3703 3383 Et
3728 3346 3807 3383 rc-

2218 3407 2446 3475 spondet
2468 3405 2629 3479 (sapit
2652 3410 2792 3464 enim
2812 3410 2879 3465 ad
2905 3411 3049 3483 hoc),
3077 3414 3209 3481 Quia
3231 3416 3370 3470 vivo.
3395 3416 3543 3473 Unde
3558 3419 3673 3473 scio
3685 3423 3805 3491 quia

2218 3500 2354 3555 vivis
2371 3541 2387 3565 ,
2414 3501 2567 3570 cujus
2595 3502 2828 3558 animam
2858 3519 2964 3558 non
2989 3505 3185 3561 video?
3216 3509 3356 3563 unde
3384 3510 3495 3564 scio
3512 3512 3539 3565 ἲ
3564 3511 3803 3580 Res-pou-

2218 3593 2371 3648 debis
2394 3612 2407 3646 :
2430 3595 2561 3663 Quia
2585 3595 2797 3667 loquor,
2822 3597 2945 3667 quia
2965 3598 3200 3664 ambulo,
3225 3601 3346 3670 quia
3367 3615 3581 3669 aperor.
3602 3603 3800 3659 Stulte!

2219 3701 2287 3740 ex
2315 3686 2570 3755 operibus
2603 3689 2845 3759 corporis
2885 3704 3119 3759 agnosco
3143 3692 3438 3757 viventem;
3468 3709 3533 3748 ex
3560 3695 3804 3764 operibus

2218 3785 2477 3831 creatura:
2519 3793 2624 3845 non
2675 3788 2827 3848 potes
2856 3793 3144 3849 agnoscere
3188 3780 3522 3838 Creatorem!
3550 3784 3639 3852 ,Ει
3666 3783 3798 3839 forte

2218 3868 2307 3938 qui
2337 3869 2499 3932 dicit,
2529 3868 2665 3924 Cum
2706 3880 2947 3926 mortuus
2994 3872 3176 3935 fuero,
3207 3885 3392 3944 postea
3438 3874 3567 3929 nihil
3595 3891 3687 3931 ero
3713 3892 3728 3931 :
3752 3887 3803 3932 et

2220 3958 2425 4015 litteras
2449 3959 2675 4026 didicit,
2705 3968 2759 4015 et
2782 3961 2852 4016 ab
2881 3961 3112 4032 Epicuro
3136 3963 3320 4018 didicit
3346 3964 3467 4031 hoc,
3499 3967 3678 4020 nescio
3703 3982 3803 4037 quo

2219 4048 2390 4105 deliro
2420 4050 2739 4119 philosopho
2759 4092 2776 4116 ,
2802 4051 2884 4106 vel
2917 4052 3091 4121 potius
3117 4063 3357 4108 amatore
3385 4055 3632 4109 vanitatis
3656 4097 3670 4119 ,
3702 4074 3799 4111 non

2220 4144 2530 4213 Sapientiae;
2560 4160 2720 4214 quem
2749 4142 2850 4214 ipsi
2877 4145 3037 4200 etiam
3064 4144 3362 4216 philosophi
3391 4162 3609 4217 porcum
3636 4150 3800 4202 nomi-

2222 4242 2527 4291 naverunt:
2560 4237 2649 4305 qui
2689 4235 3014 4305 voluptatem
3040 4238 3282 4306 corporis
3319 4253 3583 4293 summum
3615 4240 3799 4294 bonum

2222 4326 2398 4392 dixit,
2435 4326 2579 4382 hunc
2605 4326 2979 4397 philosOphutn
3011 4343 3227 4397 porcmn
3255 4330 3680 4395 nominaverunt,
3711 4345 3799 4383 vo-

2221 4418 2479 4473 lutantem
2509 4434 2568 4474 se
2599 4420 2650 4473 in
2681 4434 2837 4474 emno
2864 4419 3087 4473 carnali.
3115 4420 3198 4475 Ab
3224 4420 3316 4475 illo
3345 4420 3481 4476 forte
3503 4420 3684 4477 didicit
3709 4423 3799 4479 iste

2223 4509 2488 4565 litteratus
2539 4509 2760 4576 dicere,
2817 4510 2935 4565 Not.
3002 4525 3098 4566 ero
3167 4521 3509 4582 posteaquam
3572 4524 3799 4568 mortuus

2221 4597 2395 4655 fuero.
2434 4600 2712 4655 Siccentur
2752 4600 2971 4656 llumiua
3023 4602 3244 4669 Etham;
3294 4618 3514 4672 pereant
3555 4604 3798 4659 doctrinae

2225 4693 2340 4748 istae
2368 4692 2652 4758 Gentium,
2705 4694 2963 4763 pullulent
3000 4694 3168 4749 vireta
3210 4695 3504 4750 Jerusalem
3550 4696 3799 4752 :videant

2224 4785 2364 4856 quod
2394 4796 2649 4856 possunt;
2679 4784 2842 4841 corde
2878 4786 3100 4840 credant
3138 4786 3278 4856 quod
3323 4785 3505 4840 videre
3550 4801 3654 4841 non
3685 4804 3799 4855 pos»

2225 4884 2370 4930 sunt.
2398 4877 2557 4931 Certe
2581 4876 2679 4931 ista
2700 4877 2879 4930 omnia
2901 4892 3019 4947 quae
3046 4891 3143 4949 per
3165 4875 3419 4931 mundum
3444 4876 3606 4931 modo
3629 4876 3797 4931 videu~

2226 4977 2333 5031 tur,
2354 4967 2569 5038 quando
2588 4968 2911 5037 operabatur
2935 4968 3076 5022 Deus
3102 4968 3327 5022 salutem
3353 4966 3406 5021 in
3433 4966 3608 5022 modio
3630 4977 3793 5031 terrm,

2226 5075 2347 5114 cum
2397 5060 2499 5114 ista
2544 5058 2890 5123 dicebantur,
2922 5058 3157 5113 nondum
3199 5067 3352 5112 erant
3385 5074 3396 5111 :
3431 5067 3486 5112 et
3522 5072 3647 5112 ecce
3682 5066 3794 5111 tunc

2226 5153 2478 5223 praedicta
2521 5162 2681 5217 sunt;
2714 5167 2855 5207 nunc
2885 5151 3101 5220 impleta
3124 5147 3529 5214 monstrantur,
3558 5160 3611 5203 et
3635 5148 3793 5204 adhuc

2224 5242 2357 5298 dicit
2379 5242 2571 5297 stultus
2607 5242 2660 5296 in
2688 5241 2852 5297 corde
2893 5255 2992 5295 suo
3012 5280 3029 5306 ,
3056 5239 3179 5294 Non
3207 5249 3279 5294 est
3313 5237 3453 5293 Deus
3479 5237 3646 5308 (Psnl.
3672 5252 3756 5293 χιιι
3775 5279 3790 5303 ,

2228 5337 2253 5390 l
2281 5335 2321 5403 ).
2350 5333 2443 5389 Vae
2472 5334 2739 5404 perversis
2756 5332 3045 5387 cordibus!
3073 5331 3324 5400 quoniam
3351 5330 3423 5397 ita
3444 5339 3659 5383 ventura
3684 5340 3794 5381 sunt

2227 5440 2348 5495 quze
2379 5434 2597 5488 restant,
2630 5424 2771 5479 sicut
2807 5432 3070 5477 venerunt
3113 5423 3212 5476 ista
3252 5437 3373 5490 quae
3401 5431 3528 5474 tunc
3555 5435 3656 5472 non
3687 5418 3790 5473 fue-

2228 5525 2373 5578 runt,
2413 5525 2469 5570 et
2503 5525 2722 5569 ventura
2758 5513 3270 5585 pnenuntiabantur.
3314 5515 3395 5565 An
3422 5524 3551 5565 vero
3573 5509 3790 5563 exhibuit

2293 5628 2309 5658 ¹
2323 5625 2599 5738 ιεπιιειιιε,
2623 5633 2707 5686 ut,
2743 5626 2888 5675 deest
2926 5623 3050 5687 apud
3084 5622 3325 5682 lov.,sed
3358 5622 3410 5672 in
3449 5623 3640 5672 caeteris
3672 5619 3791 5671 libris

2294 5701 2322 5737 s
2372 5699 2409 5737 ι.

2228 5699 2409 5738 exstat.
