3990 6356
171 522 263 578 945

161 638 295 690 nobis
322 635 460 689 Deus
479 629 658 687 omnia
683 644 802 700 quae
832 626 1098 696 promisit,
1126 633 1181 679 ct
1206 623 1274 680 de
1303 623 1416 678 solo
1439 623 1526 679 die
1545 623 1730 694 judicii

160 743 247 782 nos
281 724 495 781 fetellit?
521 721 638 778 Non
686 729 801 775 erat
843 718 1088 773 Christus
1131 715 1183 770 in
1223 724 1403 778 term;
1450 713 1730 784 promisit,

157 818 378 873 exhibuit
408 833 422 867 :
456 829 562 869 non
586 814 734 882 virgo
775 818 1082 881 pepererat;
1131 805 1410 876 promisit,
1440 803 1682 858 exhibuit
1716 820 1729 855 :

157 928 252 966 non
271 917 383 965 erat
407 907 553 963 fusus
578 902 791 975 sanguis
813 900 1100 972 pretiosus,
1125 914 1234 968 quo
1256 895 1528 952 deleretur
1547 894 1730 967 chiro.

154 1005 397 1076 graphum
421 999 608 1055 mortis
635 1007 862 1058 nostrae;
895 991 1159 1064 promisit,
1187 987 1428 1045 exhibuit
1455 1005 1468 1039 :
1495 985 1730 1041 nondmn

155 1101 508 1150 resurrexerat
531 1104 657 1144 caro
683 1088 734 1140 in
763 1086 922 1138 vitam
953 1091 1242 1141 reternam;
1273 1077 1510 1149 promisit
1531 1117 1550 1144 ,
1575 1076 1729 1130 exhi-

155 1186 294 1240 buit:
325 1183 558 1238 nondum
606 1178 944 1234 crediderant
981 1173 1213 1232 Gentes;
1261 1170 1542 1240 promisit,
1573 1168 1729 1223 exhi-

153 1281 292 1334 buit:
321 1277 554 1332 nondum
581 1269 812 1326 hmretici
845 1266 1061 1322 nomine
1085 1263 1283 1318 Christi
1313 1261 1521 1326 armati,
1544 1269 1728 1314 contra

149 1373 406 1426 Christum
453 1365 787 1426 militabant;
841 1358 1081 1429 prmdixit
1107 1400 1121 1419 ,
1175 1355 1416 1409 exhibuit
1448 1370 1461 1406 :
1493 1350 1728 1406 nondum

150 1465 283 1519 idola
318 1461 568 1518 Gentium
618 1457 684 1510 de
737 1464 876 1508 terra
926 1452 943 1481 ¹
988 1449 1160 1503 deleta
1207 1457 1396 1510 erant;
1444 1443 1726 1513 praedixit,

147 1557 384 1612 exhibuit
413 1572 427 1606 :
462 1553 557 1605 ista
587 1548 764 1602 omnia
795 1561 914 1598 cum
943 1541 1275 1612 przedixisset
1299 1546 1353 1593 et
1378 1535 1728 1600 exhibuisset,

145 1652 211 1705 de
235 1649 346 1704 solo
373 1645 458 1700 die
480 1641 666 1714 judicii
693 1636 946 1692 mentitus
967 1632 1088 1686 est?
1117 1629 1308 1685 Veniet
1330 1626 1569 1690 omnino,
1593 1640 1730 1694 quo-

147 1739 300 1795 modo
339 1737 439 1791 ista
469 1739 764 1793 venerunt;
796 1726 916 1796 quia
947 1732 1000 1778 et
1041 1721 1138 1777 ista
1169 1729 1454 1788 antequam
1485 1715 1731 1770 venirent

146 1833 311 1885 futura
349 1834 540 1892 erant,
580 1832 634 1877 et
681 1801 851 1875 futura
897 1815 1044 1886 prius
1088 1809 1437 1883 prtenuntiata
1483 1821 1644 1869 sunt,
1675 1813 1732 1860 et

149 1933 322 1993 postea
357 1923 619 1975 venerunt
650 1930 663 1965 :
695 1909 910 1972 veniet,
951 1905 1144 1960 fratres
1187 1900 1314 1956 mei.
1346 1897 1516 1954 Nemo
1544 1895 1725 1958 dicat,

145 1987 257 2072 Non
287 2013 500 2071 veniet;
534 2016 644 2066 aut.
671 2002 885 2066 Veniet,
915 1995 1009 2052 sed
1039 1995 1196 2064 longe
1224 1999 1307 2048 est
1333 1989 1475 2062 quod
1503 1987 1678 2043 veniet
1713 2004 1726 2041 :

143 2107 235 2162 sed
265 2105 353 2160 tibi
385 2115 551 2172 prope
576 2103 658 2152 est
695 2102 752 2149 ut
777 2107 870 2146 eas
898 2089 1043 2142 hinc.
1085 2082 1327 2141 Sufﬁciat
1369 2079 1540 2150 prima
1570 2075 1730 2132 dece-

145 2200 254 2269 ptio
282 2215 295 2253 :
325 2195 366 2250 si
388 2171 499 2247 non
531 2186 798 2260 potuimus
822 2183 994 2252 primo
1020 2186 1333 2246 permanere
1359 2171 1411 2224 in
1439 2175 1729 2240 praecepto,

141 2257 326 2344 saltem
355 2257 683 2351 corrigamur
710 2270 979 2336 exemplo.
1009 2264 1253 2322 Nondum
1285 2268 1400 2317 erat
1425 2257 1728 2326 exemplum

139 2392 296 2434 casus
323 2346 538 2430 humani
562 2412 578 2434 ,
607 2363 819 2435 quando
861 2361 1059 2416 dictum
1103 2365 1183 2411 est
1211 2353 1278 2408 ad
1319 2351 1486 2407 Adam
1520 2364 1533 2401 :
1563 2346 1733 2401 Morte

141 2469 388 2534 morieris,
427 2466 469 2520 si
501 2459 756 2532 tetigeris;
785 2463 841 2511 et
866 2452 1012 2508 venit
1037 2449 1105 2504 de
1134 2457 1438 2501 transverso
1467 2453 1687 2510 serpens
1711 2479 1728 2504 ,

140 2573 196 2617 et
229 2560 362 2615 dixit
390 2574 404 2611 :
436 2555 555 2610 Non
587 2559 753 2605 morte
782 2542 1030 2600 morieris.
1060 2537 1328 2595 Creditus.
1349 2540 1432 2590 est
1466 2543 1689 2600 serpens
1711 2570 1728 2597 ,

138 2658 479 2720 contemptus
519 2652 601 2699 est
641 2641 820 2704 Deus;
850 2633 1086 2690 creditus
1121 2639 1205 2683 est
1242 2637 1499 2696 serpens,
1531 2629 1730 2676 tactum

139 2757 220 2800 est
248 2713 466 2798 vetiium
491 2781 505 2805 ,
531 2741 772 2791 mortuus
809 2736 895 2784 est
918 2726 1079 2781 homo
1104 2720 1264 2793 (Gen.
1293 2734 1351 2781 ιι,
1379 2717 1468 2783 i7,
1496 2723 1544 2769 et
1571 2729 1649 2780 tu,
1671 2713 1728 2780 4,

139 2840 196 2902 6,
229 2835 350 2906 i9).
378 2831 564 2886 Nonne
591 2823 865 2894 impletum
892 2825 974 2872 est
1007 2813 1181 2885 potius
1209 2808 1352 2881 quod
1393 2807 1626 2861 minatus
1650 2812 1733 2860 est

142 2900 482 2995 lieus,'qunm
509 2917 649 2990 quod
677 2913 995 2986 promiserat
1023 2902 1302 2960 inimicus?
1323 2900 1413 2956 Sic
1440 2907 1522 2954 cst
1544 2905 1689 2952 certe
1715 2913 1730 2951 :

137 3018 474 3089 agnoscimus
502 2988 643 3074 hoc;
673 3006 796 3061 inde
827 3013 1016 3058 omnes
1044 2999 1096 3052 in
1141 3004 1315 3050 morte
1345 3006 1359 3044 :
1390 2992 1500 3061 jam
1531 2988 1610 3043 vel
1639 3003 1737 3042 ex-

139 3083 275 3183 perti
306 3110 443 3164 cauti
474 3107 662 3160 simus.
693 3098 807 3154 Non
838 3094 980 3151 enim
1024 3098 1200 3146 cessat
1238 3093 1293 3142 et
1326 3083 1486 3139 modo
1509 3094 1732 3150 serpens

137 3176 498 3264 insusurrare,
525 3207 579 3251 et
598 3194 780 3248 dicere
807 3203 824 3240 :
850 3179 1114 3252 Numquid
1140 3193 1265 3233 vere
1286 3176 1632 3230 damnaturus
1653 3178 1735 3224 est

139 3300 284 3351 Deus
307 3261 690 3347 tantas-turbas
710 3323 725 3344 ,
756 3279 1075 3334 liberaturus
1112 3278 1196 3324 est
1223 3263 1460 3337 paucos?
1488 3261 1625 3330 Quid
1651 3268 1733 3315 est

135 3385 283 3441 aliud
314 3396 472 3453 quam
495 3421 510 3443 ,
539 3375 718 3432 Facite
757 3375 943 3424 contra
987 3369 1349 3433 prmceptum;
1396 3369 1503 3408 non
1534 3352 1733 3406 morie-

137 3440 272 3531 mini
291 3473 314 3527 ?
333 3440 434 3526 sed
460 3440 728 3539 quomodo
756 3469 901 3522 tunc,
927 3456 1005 3510 sic
1027 3461 1082 3509 et
1106 3465 1263 3505 nunc.
1293 3447 1349 3503 Si
1377 3444 1566 3501 feceris
1591 3440 1735 3513 quod

137 3565 385 3640 suggerit
421 3535 708 3620 diabolus,
753 3560 810 3608 et
858 3540 1249 3615 contempseris
1296 3537 1436 3610 quod
1483 3535 1737 3640 prmeepit

138 3625 320 3723 uel};
348 3653 528 3710 veniet
549 3646 733 3720 iudicii
763 3643 899 3705 dies,
923 3646 978 3694 et
1005 3635 1244 3692 invenies
1264 3644 1447 3686 verum
1476 3625 1615 3695 quod
1639 3625 1738 3679 mi-

137 3720 405 3806 natus-cst
431 3746 591 3808 Deus,
617 3747 671 3794 et
700 3736 888 3792 falsum
914 3729 1053 3801 quod
1082 3724 1348 3799 pollicitus
1368 3729 1451 3776 est
1474 3720 1734 3774 diabolus.

136 3844 375 3912 Exurge,
401 3836 633 3896 Domine,
656 3829 834 3902 judica
863 3839 1069 3878 causam
1099 3833 1280 3872 meam.
1306 3815 1542 3869 Mortuus
1570 3826 1658 3871 es.
1685 3819 1739 3864 et

131 3903 483 4003 Contemptus
505 3943 597 3992 es;
619 3924 811 3979 dicitur
841 3916 990 3978 mihi,
1017 3913 1116 3969 Ubi
1141 3919 1225 3965 est
1249 3908 1390 3962 Deus
1421 3915 1541 3960 tuus
1566 3903 1734 3971 (Psal.

136 4046 251 4090 xta,
278 3997 409 4092 ll
430 4020 683 4087 Exsurge,
691 4014 871 4087 judica
892 4023 1098 4062 causam
1118 4018 1298 4057 meum.
1321 3999 1434 4055 Non
1453 3997 1593 4052 enim
1613 4011 1742 4049 ven-

134 4125 391 4174 turusest
405 4113 470 4168 ad
483 4085 866 4180 judiciummisi
881 4100 967 4169 qui
984 4093 1282 4151 exsurrexit
1299 4107 1326 4143 a
1344 4087 1587 4144 mortuis.
1611 4085 1742 4139 Ven-

134 4226 299 4267 turus
315 4176 795 4278 praenuntiabatur;
815 4191 979 4252 venit,
993 4198 1044 4242 et
1060 4191 1396 4264 contemptus
1406 4189 1526 4234 esta
1544 4176 1742 4231 Iudaeis

133 4266 434 4364 ambulans
479 4294 530 4348 in
579 4302 760 4350 terra;
806 4278 1162 4336 contemnitur
1191 4290 1219 4326 a
1268 4272 1411 4325 falsis
1437 4266 1742 4322 christianis

132 4361 344 4449 sedens
393 4388 445 4441 in
493 4382 651 4438 calo.
694 4375 960 4445 Exsurge,
1018 4366 1268 4427 Domine;
1307 4361 1488 4432 judico
1537 4372 1742 4410 causam

131 4499 334 4539 nteant.
362 4476 624 4547 Quoniam
653 4472 704 4524 in
737 4480 788 4523 te
813 4463 1038 4526 credidi,
1068 4474 1172 4512 non
1203 4468 1449 4524 peream;
1477 4451 1598 4519 quia
1623 4462 1744 4503 cre-

130 4574 253 4632 didi
286 4539 432 4641 qudd
461 4581 564 4620 non
610 4560 715 4615 vidi
744 4601 756 4620 ,
785 4571 878 4626 spe
920 4567 1037 4607 mea
1081 4565 1185 4602 non
1226 4545 1377 4599 fallar
1404 4543 1458 4606 ’,
1487 4539 1741 4607 accipiam

131 4665 292 4738 quod
309 4633 652 4733 promisisti;
694 4649 886 4703 Judica
909 4657 1113 4697 causam
1143 4653 1323 4691 nicum.
1362 4633 1614 4687 Memento
1653 4645 1746 4697 0p-

131 4722 471 4830 probriorum
517 4756 756 4803 tuorum;
795 4750 968 4791 eorum
1011 4745 1126 4802 qua:
1167 4729 1229 4780 ab
1271 4722 1587 4794 imprudente
1627 4728 1745 4772 sunt

927 4826 941 4830 -
1117 4819 1168 4830 η.
1225 4819 1284 4830 .,
1435 4827 1477 4830 ν,
1533 4812 1741 4830 ,ΜΔ-,7,

131 4812 250 4901 iota
277 4843 382 4896 die.
412 4837 598 4893 Adhuc
623 4831 764 4887 enim
807 4826 1088 4880 insultatur
1111 4819 1356 4881 Clu-isto;
1385 4827 1484 4867 nec
1520 4812 1746 4865 deerunt

133 4948 256 4992 tota
287 4933 377 4988 die
400 4971 413 4992 ,
445 4929 547 4983 hoc
583 4933 664 4979 est
712 4935 877 4989 usque
925 4916 978 4968 in
1030 4915 1186 4965 linem
1231 4905 1412 4961 saeculi
1435 4945 1450 4967 ,
1481 4917 1602 4955 vasa
1631 4903 1742 4954 il'ﬂ).

135 5027 346 5084 Adhuc
389 5021 580 5075 dicitur
621 5035 633 5069 :
670 5012 812 5066 Vana
863 5006 1153 5077 pru'dieant
1195 4997 1522 5058 (Σὶιι-ἰμιίςιιιὶς
1573 4992 1749 5047 adhuc

131 5121 350 5174 dicitur
383 5131 398 5167 ε
429 5110 605 5168 Inanis
647 5115 729 5162 est
782 5099 1102 5156 resurrectio
1154 5103 1508 5146 mortuorum.
1560 5085 1749 5138 Judica

131 5223 366 5266 causam
414 5219 574 5257 meant
605 5215 622 5252 :
656 5202 899 5249 memento
947 5185 1332 5257 approbriorum
1383 5188 1602 5232 tuorum.
1643 5173 1748 5228 Sed

133 5315 382 5373 quorum
414 5295 512 5348 nisi
552 5305 721 5345 eorum
748 5301 860 5353 quin
885 5283 947 5333 ub
993 5276 1308 5344 imprudente
1345 5280 1459 5323 sunt
1501 5281 1606 5320 tota
1633 5267 1751 5319 die?

133 5360 424 5459 Numquid
453 5382 684 5454 prudens
707 5379 806 5429 hoc
827 5371 993 5426 dicit?
1020 5366 1261 5422 Prudens
1283 5363 1423 5417 enim
1445 5360 1621 5414 dictus
1647 5369 1748 5416 est,

135 5451 541 5541 Porrovidens
568 5489 584 5526 :
615 5472 657 5525 si
693 5466 924 5539 prudens
970 5476 1127 5531 porro
1164 5455 1352 5510 videns
1372 5496 1387 5519 ,
1415 5452 1519 5507 lide
1548 5451 1754 5504 videtur

137 5586 349 5646 porro:
385 5584 504 5632 nam
531 5563 701 5628 oculis
725 5559 811 5612 vix
843 5564 965 5609 ante
994 5550 1158 5622 pedes
1182 5546 1391 5602 videtur
1420 5552 1524 5597 tota
1544 5542 1644 5594 die.

217 5666 322 5718 9.6.
358 5652 506 5726 iners.
536 5652 653 5727 9.5.]
684 5651 735 5706 Ν
740 5668 766 5703 e
794 5643 1101 5702 obliviscaris
1130 5655 1298 5694 vocem
1330 5636 1348 5667 ³
1377 5631 1754 5704 deprecantium

137 5768 213 5812 te.
253 5723 748 5823 lngemiseentium.
778 5749 833 5795 et
857 5731 1282 5805 exspecmntium
1309 5728 1417 5796 jam
1450 5723 1590 5794 quod
1625 5737 1752 5792 pro-

215 5874 230 5899 ¹
264 5869 353 5915 1·ἶὶιῖ
374 5861 487 5911 ηδό.
512 5858 708 5908 addunt,
728 5851 820 5901 ἰδίει
850 5863 865 5899 :
889 5860 1006 5915 quae
1025 5858 1114 5915 vos
1137 5856 1164 5890 a
1186 5845 1293 5890 Mss.
1319 5842 1476 5888 abest.

211 5933 234 5959 ²
447 5907 581 5975 iis,
604 5907 712 5980 spes
735 5927 841 5963 mea
863 5907 954 5958 non
979 5907 1132 5980 ωιζᾳς.

217 5992 239 6024 ³
258 5967 793 6048 ὲίέλίὲὲξξιίίιέαἳε.
823 5980 948 6023 LXX.
976 5967 1030 6021 At
1053 5967 1186 6028 hdd.,
1213 5976 1360 6015 rores.

1208 510 1606 567 ENARRATIO
1647 509 1712 565 IN
1750 508 2071 569 PSALMUM
2108 513 2342 570 LXXIV.

3322 524 3426 580 946

1846 625 2036 679 misisti
2067 626 2134 680 de
2161 627 2309 682 Novo
2350 627 2711 695 Testamento,
2743 643 2796 686 ct
2822 632 2887 686 ad
2920 633 3088 703 ipsam
3122 635 3279 692 fidem
3308 655 3428 692 am-

1841 715 2154 780 bulantium,
2198 734 2262 772 ne
2285 717 2593 774 obliviscaris
2625 737 2790 775 vocem
2817 722 3193 794 deprecantium
3221 737 3287 780 te.
3319 728 3427 784 Sed

1839 807 1913 861 illi
1940 808 2114 864 adhuc
2138 810 2360 864 dicunt:
2387 809 2486 866 Ubi
2518 821 2600 866 est
2629 812 2767 866 Deus
2787 815 2951 869 tuus?
2978 817 3230 887 Superbia
3251 836 3426 874 eorum

1837 896 1923 968 qui
1950 909 1997 952 te
2017 900 2249 964 oderunt,
2273 902 2546 955 ascendat‘
2570 919 2768 972 semper
2792 905 2858 956 ad
2893 914 2939 959 te
2961 922 2980 961 :
3005 908 3122 962 Noli
3152 917 3206 962 et
3233 925 3422 964 eorum

1836 991 2138 1060 Superbiam
2184 991 2446 1046 oblivisci.
2501 991 2607 1047 Nec
2654 993 2986 1050 obliviscitur
3019 1014 3033 1051 :
3064 999 3282 1053 omnino
3330 1010 3425 1056 aut

1838 1083 2007 1151 punit,
2049 1091 2142 1137 aut
2169 1085 2407 1154 corrigit.

2245 1308 2323 1368 IN
2368 1308 2625 1368 PSALM
2636 1310 2745 1370 ΗΜ
2793 1310 3060 1371 LXXIV

2441 1426 2857 1481 ENARRATIO.

2375 1555 2546 1608 εειιμυ
2578 1556 2644 1592 ΑΙ)
2674 1554 2897 1593 Ριειςειι.

1906 1652 1958 1708 1.
1987 1650 2136 1724 [vers.
2170 1650 2246 1723 1.]
2277 1651 2523 1705 Psalmus
2553 1653 2652 1706 iste
2682 1653 2876 1705 tmuori
2905 1651 3170 1721 superbia:
3203 1655 3425 1709 medici-

1834 1760 1957 1799 nam
2000 1744 2315 1798 bumilitatis
2338 1752 2605 1812 apportat,
2639 1743 2864 1797 humiles
2892 1754 3072 1799 autem
3112 1747 3426 1801 consolatur

1834 1835 1888 1889 in
1921 1850 2062 1904 spe:
2093 1834 2198 1889 hoc
2238 1849 2422 1905 agens,
2455 1844 2510 1887 ut
2553 1849 2622 1888 ne
2665 1834 2945 1904 quisquam
2976 1837 3206 1906 superbe
3250 1837 3320 1893 de
3369 1852 3427 1892 se

1834 1938 2142 1997 praesumat,
2189 1945 2257 1984 ne
2280 1928 2559 2000 quisquam
2608 1927 2826 1983 humilis
2871 1929 2940 1983 de
2965 1929 3192 1985 Domino
3229 1929 3426 1999 despe-

1834 2029 1934 2074 ret.
1989 2021 2084 2074 Est
2123 2021 2264 2074 enim
2321 2019 2605 2088 promissio
2659 2020 2751 2075 Dei
2797 2030 2934 2085 rata,
2984 2030 3164 2086 certa,
3211 2022 3318 2074 lixa
3370 2033 3426 2077 et

1836 2116 2168 2178 inconcussa,
2210 2113 2384 2169 ﬁdelis
2411 2122 2468 2169 et
2503 2113 2650 2168 omni
2695 2113 3028 2168 dubitatione
3053 2127 3274 2178 carens,
3307 2130 3429 2183 qua:

1834 2205 2138 2259 Consolatur
2179 2203 2428 2257 afﬂictos.
2475 2202 2609 2257 Tota
2652 2204 2796 2260 enim
2842 2203 2944 2256 vita
3005 2205 3231 2254 humana
3274 2219 3432 2270 super

1837 2305 2044 2363 terram,
2072 2297 2212 2352 sicut
2234 2296 2490 2366 scriptum
2535 2304 2634 2360 est,
2689 2294 2898 2349 teutatio
2933 2303 3004 2348 est
3043 2293 3176 2364 (Job
3207 2310 3299 2358 vn,
3333 2297 3354 2348 l
3381 2294 3425 2366 ).

1834 2387 1944 2442 Nec
1969 2388 2118 2458 quasi
2151 2403 2405 2457 prospera
2435 2386 2679 2456 eligenda
2710 2394 2815 2450 est,
2847 2393 2902 2438 et
2929 2384 3040 2439 sola
3067 2384 3292 2443 adversa
3325 2387 3427 2440 de-

1836 2479 2050 2536 vitanda
2079 2498 2093 2534 :
2117 2479 2210 2535 sed
2239 2488 2461 2550 utraque
2481 2477 2723 2534 cavenda
2738 2485 2860 2541 est;
2892 2476 2978 2530 illa
3002 2491 3069 2531 ne
3093 2486 3424 2546 corrumpat,

1835 2570 1936 2626 ista
1966 2586 2034 2626 ne
2063 2569 2308 2639 frangat;
2338 2581 2396 2623 ut
2423 2568 2706 2636 tuiieuique
2747 2566 3040 2630 hominum,
3074 2566 3127 2620 in
3163 2582 3424 2636 quocum-

1835 2680 1938 2736 que
1963 2671 2103 2719 statu
2130 2677 2307 2718 rerum
2337 2662 2387 2715 in
2429 2660 2527 2716 hac
2554 2660 2659 2713 vita
2688 2660 2886 2729 egerit,
2929 2674 3035 2712 non
3064 2657 3135 2712 sit
3161 2656 3426 2730 refugium

1835 2757 1939 2812 nisi
1969 2756 2129 2820 Deus,
2174 2769 2271 2809 nec
2301 2753 2465 2808 ullum
2491 2751 2744 2822 gaudium
2772 2750 2872 2805 nisi
2901 2752 2950 2804 in
2981 2751 3256 2820 promissis
3285 2751 3425 2820 ejus.

1837 2848 1956 2903 Vita
1997 2847 2138 2901 enim
2167 2843 2283 2900 haec
2326 2843 2562 2914 qualibet
2603 2840 2911 2896 redundans
2937 2840 3189 2896 felicitate
3233 2842 3432 2898 multos

1837 2937 2010 3003 fallit;
2040 2937 2180 2992 Deus
2207 2934 2500 2991 neminem.
2536 2932 2673 3000 Quia
2715 2945 2848 3001 ergo
2875 2931 3020 2986 omni
3061 2931 3263 2987 homini
3292 2947 3428 2988 con-

1835 3037 1993 3077 verso
2021 3020 2088 3075 ad
2111 3020 2276 3073 Deum
2305 3025 2541 3072 mutatur
2565 3015 2850 3071 delectatio
2871 3056 2885 3079 ,
2914 3023 3184 3070 mutantur
3216 3015 3424 3071 delicias

1839 3112 1970 3183 (non
1987 3111 2128 3166 enim
2146 3107 2552 3173 subtrahuntur,
2571 3106 2664 3160 sed
2687 3107 2982 3175 mutantur)
3005 3125 3017 3158 :
3037 3120 3224 3161 omnes
3252 3115 3432 3161 autem

1837 3203 2045 3260 deliciae
2084 3210 2281 3255 nostrae
2307 3201 2360 3254 in
2393 3199 2492 3253 hac
2521 3197 2648 3258 vita,
2692 3195 2928 3250 nondum
2971 3205 3097 3250 sunt
3126 3196 3176 3250 in
3208 3213 3304 3260 re;
3335 3197 3432 3252 sed

1840 3296 1952 3365 ipsa
1979 3308 2103 3363 spes
2128 3301 2233 3346 tam
2259 3299 2405 3345 certa
2430 3297 2531 3352 est,
2579 3296 2629 3341 ut
2656 3286 2903 3340 omnibus
2941 3287 3099 3355 hujus
3125 3287 3305 3340 seculi
3332 3287 3430 3342 de-

1840 3387 1974 3442 liciis
1999 3379 2359 3457 praeponenda
2388 3378 2478 3443 sit,
2505 3377 2642 3432 sicut
2671 3377 2928 3446 scriptum
2955 3386 3059 3440 est,
3082 3375 3348 3430 Delectare
3377 3377 3434 3430 in

1841 3476 2080 3530 Domino.
2113 3474 2180 3527 Et
2207 3487 2273 3527 ne
2304 3479 2517 3540 putares
2548 3477 2598 3523 te
2623 3468 2732 3538 jam
2756 3467 2954 3523 habere
2981 3465 3119 3538 quod
3147 3469 3436 3536 promittit,

1840 3567 2066 3637 subjecit
2089 3563 2291 3628 statim,
2321 3560 2386 3614 Et
2412 3560 2550 3614 dabit
2573 3560 2662 3612 tibi
2688 3559 2951 3628 petitiones
2976 3558 3142 3613 cordis
3163 3561 3236 3612 tui
3260 3557 3431 3628 (Psal.

1842 3673 2027 3718 xxxvi,
2059 3655 2135 3724 4).
2174 3653 2228 3708 Si
2274 3667 2402 3722 ergo
2448 3650 2682 3706 nondum
2715 3648 2878 3704 habes
2926 3648 3208 3718 petitiones
3255 3650 3435 3706 cordis

1846 3750 1941 3814 tui,
1984 3747 2123 3801 unde
2151 3744 2434 3798 delectaris
2463 3743 2514 3794 in
2547 3740 2792 3804 Domino,
2839 3739 2940 3794 nisi
2984 3738 3106 3809 quia
3141 3749 3291 3796 tenes
3318 3757 3438 3795 cer-

1845 3855 1953 3897 tum
1985 3840 2384 3910 prtllllisstll'cm,
2420 3837 2509 3902 qui
2553 3850 2615 3890 se
2642 3832 2814 3888 cﬂecit
2839 3832 3202 3904 promittendo
3225 3833 3438 3888 debito-

1846 3933 1997 3990 rem?
2027 3931 2193 4000 llujus
2219 3931 2380 3997 igitur
2405 3925 2795 3995 deprecationis
2827 3934 2883 3976 ut
2913 3931 3226 3992 permaneat
3255 3923 3440 3977 nobis-

1845 4043 1966 4083 cum
1987 4040 2112 4093 Spes
2139 4033 2342 4084 nostra,
2372 4029 2426 4074 et
2452 4017 2854 4071 introducamur
2873 4016 2925 4067 in
2953 4014 3002 4068 id
3031 4013 3170 4082 quod
3195 4015 3438 4083 promisit

1850 4119 2005 4182 Deus,
2041 4114 2274 4183 loquitur
2299 4111 2482 4164 titulus
2511 4107 2665 4176 hujus
2693 4106 2878 4175 psalmi
2912 4122 2924 4157 :
2955 4103 3022 4158 In
3062 4105 3214 4173 ﬁnem
3236 4121 3299 4158 ne
3324 4121 3443 4159 cor—

1845 4224 2074 4277 rumpas.
2123 4203 2260 4270 Quid
2287 4212 2389 4266 est,
2444 4217 2507 4252 ne
2547 4195 2888 4266 corrumpas?
2910 4194 3060 4264 Quod
3106 4193 3438 4264 promisisti,

1847 4300 2060 4355 exhibe.
2090 4295 2195 4351 Sed
2221 4289 2474 4363 quando?
2501 4287 2565 4345 In
2592 4289 2764 4356 linem.
2793 4287 2920 4340 llluc
2946 4300 3074 4355 ergo
3095 4285 3288 4340 mentis
3315 4300 3445 4340 ocu-

1851 4393 1932 4445 lus
1951 4388 2243 4458 dirigatur;
2271 4384 2326 4435 in
2351 4383 2504 4451 linem
2528 4396 2545 4433 :
2565 4379 2742 4432 omnia
2769 4393 2887 4446 qua:
2905 4377 2958 4430 in
2982 4376 3060 4429 via
3084 4376 3441 4440 occurrerint,

1850 4489 2210 4543 tranSeautur,
2229 4485 2286 4528 ut
2299 4471 2640 4543 perveniatur
2660 4471 2709 4523 in
2727 4473 2907 4524 linem.
2931 4467 3207 4522 Exsultent
3223 4468 3442 4536 superbi

1848 4574 1917 4628 de
1963 4569 2210 4642 prmsenti
2255 4566 2542 4628 feiieitate;
2583 4571 2840 4623 tumeant,
2867 4560 3180 4622 lionorihus,
3211 4557 3447 4628 fulgeant

1849 4678 2003 4729 auro,
2047 4657 2347 4714 redundent
2375 4652 2609 4716 familiis,
2650 4649 2922 4720 obsequiis
2945 4649 3218 4704 clientium
3247 4649 3449 4704 consti-

1854 4763 2046 4823 pentur
2070 4769 2082 4804 :
2110 4755 2435 4820 praetereunt
2459 4745 2560 4797 ista
2586 4759 2600 4804 ;
2645 4751 2922 4796 transeunt
2953 4747 3202 4809 tanquam
3234 4739 3443 4792 umbra.

1853 4847 1983 4899 Cum
2007 4842 2096 4896 ille
2119 4839 2236 4893 linis
2264 4835 2489 4901 venerit,
2517 4832 2606 4887 ubi
2626 4845 2815 4886 omnes
2839 4829 2929 4899 qui
2957 4829 3117 4884 modo
3143 4829 3195 4882 in
3223 4829 3449 4887 Domino

1854 4941 2072 4992 sperant
2100 4928 2389 5000 gaudeant,
2438 4936 2564 4981 tunc
2594 4922 2699 4976 illis
2728 4921 2905 4975 veniet
2933 4921 3048 4974 sine
3078 4921 3183 4974 line
3211 4919 3448 4975 tristitia.

1855 5025 2078 5092 Quando
2125 5019 2430 5089 acceperint
2474 5014 2704 5070 humiles
2745 5013 2886 5083 quod
2929 5012 3152 5067 irrident
3193 5013 3405 5081 superbi
3431 5054 3449 5076 ,

1859 5127 1983 5169 tunc
2006 5112 2356 5182 superborum
2387 5107 2580 5178 typhus
2599 5113 2940 5158 convertetur
2969 5102 3022 5155 in
3043 5103 3268 5155 luctum.
3302 5103 3455 5156 Tune

1857 5210 1960 5263 erit
1985 5208 2070 5261 illa
2102 5220 2203 5258 vox
2229 5218 2386 5272 quam
2417 5201 2467 5253 in
2497 5199 2636 5253 libro
2664 5197 2950 5264 Sapientia:
2977 5197 3222 5249 novimus
3243 5214 3255 5248 :
3275 5195 3457 5249 dicent

1857 5301 1999 5353 enim
2031 5307 2157 5350 tunc
2182 5293 2422 5347 videntes
2450 5289 2671 5359 gloriam
2704 5297 3031 5350 sanctorum,
3079 5288 3168 5354 qui
3213 5300 3336 5338 eum
3369 5284 3458 5338 hic

1862 5389 2290 5446 humiliarentur,
2324 5382 2724 5443 toleraverunt;
2770 5377 2858 5446 qui
2902 5392 3023 5429 cum
3067 5376 3152 5429 hic
3198 5374 3463 5427 sublima-

1861 5492 2066 5541 rentur,
2096 5492 2201 5532 non
2229 5480 2565 5535 annuerunt;
2599 5481 2724 5522 tunc
2765 5483 2893 5535 ergo
2915 5466 2988 5518 illi
3011 5464 3189 5519 dicent
3215 5481 3228 5516 :
3258 5463 3460 5516 lfisuut

1861 5589 1986 5640 quos
2014 5565 2289 5638 aliquando
2320 5562 2586 5623 habuimus
2617 5562 2668 5613 in
2697 5559 2873 5615 risum.
2914 5556 3014 5618 Ubi
3043 5556 3204 5613 etiam
3233 5554 3460 5610 dicunt:

1867 5664 2002 5730 Quid
2049 5660 2192 5714 nobis
2237 5656 2429 5728 profuit
2471 5651 2749 5723 superbia?
2788 5659 2835 5704 et
2883 5648 3172 5702 divitiarum
3207 5646 3464 5716 jactantia

1864 5753 1986 5822 quid
2015 5749 2225 5805 contulit
2254 5745 2435 5801 nobis?
2459 5738 2982 5798 Transierunt-omnia
3014 5748 3256 5806 utquam
3285 5736 3466 5795 umbra

1932 5887 1946 5917 ε
1971 5883 2108 5996 εἶαρ..
2133 5882 2363 5934 ascendit.
2401 5885 2445 5927 tt
2469 5877 2687 5940 potiores
2708 5872 3082 5941 Mss.,ascendat
3111 5880 3295 5923 :erec.
3334 5877 3465 5933 LXX,

1932 5962 1966 5996 α
1999 5958 2087 5996 ate.

1872 5958 2087 6001 eiurante.
