1995 3154
262 278 340 312 (Sop.
353 285 380 310 v,
396 278 422 309 5,
436 276 464 310 8,
475 276 515 312 9).
527 275 593 312 Quia
606 276 640 304 de
650 275 868 311 corruptibiiibus
880 280 1056 310 praesumpse-

261 324 333 354 rmtt,
342 330 407 359 spes
418 329 510 350 eorum
523 326 710 356 corrumpetur
721 330 729 353 ς
743 325 834 349 nostra
847 328 910 347 vero
923 327 985 355 spes
996 324 1059 348 tunc

261 369 312 396 erit
323 375 376 396 res.
390 367 537 396 Promissio
548 368 620 395 enim
635 367 682 394 Dei
696 372 724 394 ut
737 370 843 395 maneat
857 366 959 401 integra
974 370 1001 393 et
1011 365 1059 393 ﬁr-

261 423 305 443 ma
318 419 346 443 et
366 419 440 443 certa
461 421 524 450 erga
547 420 608 444 nos.
631 413 746 440 diximus
765 420 799 440 ex
813 411 894 440 corde
909 412 918 428 ¹
938 411 1009 445 ﬁdei,
1025 410 1060 441 In

261 460 349 493 linem,
362 467 395 487 ne
412 466 572 494 corrumpas.
589 457 650 485 Noli
665 465 729 492 ergo
742 458 835 484 limere
848 465 882 485 ne
904 456 1061 491 promissio-

262 511 310 532 ues
323 504 372 534 Dei
394 508 549 539 corrumpat
562 498 656 539 aliquis
670 504 827 539 potentium.
849 502 909 537 ipse
928 509 981 530 non
996 509 1059 530 cor-

262 549 373 585 rumpit.
387 543 448 584 quia
461 556 544 575 verax
555 553 616 578 est:
631 548 807 583 potentiorem
822 554 875 575 non
889 547 994 575 habeta
1006 554 1060 582 quo

263 594 321 629 ejus
346 594 490 630 promissio
515 599 700 628 corrumpatur
715 602 723 621 :
739 593 805 621 certi
830 600 894 628 ergo
918 593 1001 621 simus
1026 592 1061 621 de

264 639 404 674 promissis
413 639 458 667 Dei
469 648 478 672 ;
493 643 520 666 et
526 638 738 673 cantemusjam,
745 639 815 666 unde
825 638 918 673 incipit
926 638 1058 666 Psalmus.

299 683 327 711 2.
350 683 426 720 [νινε.
445 683 485 720 2.]
506 683 688 718 Con/itebimur
700 683 762 716 tibi,
779 683 862 717 Deus,
885 684 1061 718 conﬁtebimur

265 728 321 762 tibi,
336 734 360 757 cl
372 729 542 757 inrocabimut
553 738 644 757 nomen
659 735 739 757 tuum.
768 729 828 758 Noli
840 734 982 765 antequam
996 737 1062 758 con-

266 773 369 802 fite‘aris
383 774 527 808 invocare;
542 774 682 809 conﬁtere,
696 777 724 802 et
744 774 849 802 invoca.
873 774 949 802 illum
963 776 1062 811 quippe

264 815 481 854 quem‘invocas,
496 819 522 847 in
538 823 565 847 te
578 826 667 847 vocas.
688 819 757 853 Quid
770 823 812 847 est
824 819 896 847 enim
911 819 1036 848 invocare
1050 841 1060 854 ,

265 865 315 893 nisi
330 858 356 892 in
372 865 486 901 teipsum
504 866 622 893 vocare?
634 865 664 893 Si
687 865 826 893 invocatur
837 873 852 893 a
873 871 909 900 te,
925 866 951 894 id
972 872 1023 900 est,
1038 867 1062 896 si

266 912 375 937 vocatur
388 910 415 937 in
437 914 475 943 te,
491 910 525 937 ad
539 917 619 945 quem
642 910 765 939 accedit?
786 911 826 938 Ad
840 912 984 947 superbum
1007 919 1062 940 non

266 954 378 982 accedit.
404 954 482 983 Certe
500 955 571 983 altus
594 959 655 988 est;
677 963 731 983 non
753 962 815 984 eum
836 956 942 992 attingit
964 957 1061 986 elatus.

268 1000 364 1028 Omnia
380 1000 502 1029 sublimia
516 1006 545 1029 ut
558 1001 753 1038 contingamus,
767 1002 912 1032 attollimus
921 1011 989 1038 nos;
1003 1010 1030 1032 et
1039 1005 1062 1033 si

267 1045 399 1080 attingere
421 1053 474 1073 non
499 1053 650 1082 possumus,
676 1047 889 1076 machinamenta
910 1049 999 1085 aliqua
1020 1050 1063 1078 vel

269 1092 356 1119 scalas
368 1092 522 1127 qumrimus,
540 1097 571 1120 ut
590 1093 725 1121 sublimcti
734 1094 857 1122 sublimia
868 1096 1061 1132 contingamus:

268 1140 361 1165 contra
375 1137 465 1171 Deos;
481 1144 508 1166 et
522 1138 592 1167 ciuis
604 1143 656 1173 est,
670 1144 698 1167 et
719 1139 754 1167 ab
776 1140 918 1169 humilibus
930 1143 1063 1177 contingi-

268 1186 320 1210 tur.
337 1182 471 1219 Scriptum
486 1188 537 1218 est,
553 1183 640 1219 Prope
653 1189 689 1212 est
703 1184 828 1213 Dominus
841 1185 881 1214 his
895 1187 940 1222 qui
958 1187 1064 1216 obtrive-

268 1231 327 1254 rttnt
337 1236 383 1255 cor
394 1227 481 1262 (ρωι.
494 1236 591 1263 nam,
601 1228 646 1259 19)
662 1237 669 1256 :
684 1230 776 1257 tritura
788 1231 888 1263 cordis,
903 1232 997 1266 pietas,
1012 1231 1064 1260 hu-

269 1272 377 1300 militas.
397 1273 448 1307 Qui
474 1280 505 1301 se
528 1274 661 1308 conterit,
684 1274 807 1303 irascitur
828 1276 880 1303 sibi
894 1284 902 1303 :
915 1283 946 1304 se
968 1276 1065 1306 habeat

269 1315 376 1351 imttnn,
392 1323 421 1346 ut
443 1319 518 1347 illum
533 1318 630 1347 habeat
654 1320 816 1355 propitium;
832 1328 863 1349 se
885 1321 982 1351 habeat
992 1323 1066 1358 judi-

269 1367 342 1397 t-em,
351 1369 380 1391 ut
389 1364 464 1392 illum
475 1365 572 1393 habeat
583 1364 761 1394 defensorem;
771 1366 843 1402 Ergo
850 1367 986 1396 invocatus
994 1369 1065 1397 Deus

269 1408 351 1436 venit.
365 1408 406 1436 Ad
418 1416 498 1444 quem
511 1409 605 1437 venit?
619 1410 660 1438 Ad
671 1411 815 1446 superbum
828 1419 882 1440 non
894 1413 979 1440 venit.
994 1414 1064 1443 Audi

269 1452 341 1481 aliud
353 1454 533 1481 testimonium
547 1463 555 1481 :
570 1452 692 1483 Exadius
708 1455 842 1489 Dominus,
864 1462 888 1484 et
899 1457 1006 1486 Ιιιιηιὶιία
1022 1467 1064 1486 rc-

270 1493 361 1533 tyicit;
373 1499 471 1527 excelsa
485 1503 570 1527 autem
581 1508 598 1527 ιι
610 1500 684 1536 longe
697 1501 825 1537 cognoscit
843 1501 930 1537 (Ptol.
945 1511 1062 1538 cxxxvu,

270 1543 310 1578 ti).
326 1540 449 1572 Επρισιω
460 1544 593 1578 Dentium,
603 1550 627 1573 et
641 1546 748 1574 huntilia
757 1547 868 1583 respicit,
879 1555 933 1576 non
946 1556 961 1577 a
971 1548 1062 1586 longe;

270 1590 375 1618 excelsa
396 1595 513 1619 autem:
536 1590 615 1627 longe
636 1592 784 1627 cognoscit.
808 1593 842 1621 Et
855 1601 890 1622 ne
912 1593 980 1622 forte
1001 1602 1063 1624 cum

270 1635 369 1663 dictum
382 1639 455 1663 esset
467 1636 529 1671 quia
542 1635 653 1664 humilia
668 1637 788 1673 respicit,
812 1639 919 1673 superbi
931 1639 966 1667 de
978 1640 1066 1676 impu-

270 1681 353 1708 nitate
363 1681 518 1716 gauderent,
530 1681 603 1717 quasi
616 1689 664 1710 eos
675 1683 861 1717 superbientes
872 1691 925 1711 non
938 1689 1065 1720 agnoscat

271 1726 316 1760 (lui
330 1727 356 1753 in
381 1725 495 1754 excelsis
514 1726 636 1760 habitat;
650 1727 736 1756 territi
762 1733 825 1756 sunt
845 1733 873 1758 et
895 1729 995 1757 dictum
1023 1734 1065 1759 est

270 1772 309 1799 eis
325 1781 332 1800 :
348 1771 426 1800 Videt
438 1780 494 1805 vos,
508 1776 536 1800 et
548 1773 683 1808 cognoscit
697 1780 753 1806 vos,
769 1773 816 1801 sed
829 1782 844 1801 a
857 1775 945 1810 longe.
960 1775 1014 1803 llos
1026 1775 1066 1804 fa-

271 1818 308 1844 cit
328 1817 420 1844 beatos
439 1817 536 1853 quibus
556 1819 716 1854 propinquat
732 1828 740 1847 :
754 1826 802 1847 vos
821 1823 921 1853 autem,
938 1820 1034 1856 inquit.
1049 1829 1066 1849 ο

271 1863 388 1898 superbi.
400 1870 419 1890 o
427 1863 536 1896 excelsi,
549 1869 602 1891 non
611 1864 687 1892 eritis
698 1864 831 1900 impuniti,
843 1866 905 1900 quia
916 1868 1065 1902 cognoscit;

272 1915 324 1935 non
339 1908 413 1935 eritis
425 1903 506 1942 beati,
518 1909 581 1945 quia
602 1917 618 1936 a
632 1910 711 1944 longe
732 1911 879 1945 cognoscit.
895 1911 990 1940 Videte
1002 1919 1067 1947 ergo

271 1953 333 1989 quid
343 1954 441 1989 agatis;
454 1955 515 1990 quia
525 1955 547 1982 si
559 1956 690 1990 agnoscit,
702 1963 755 1982 non
764 1955 887 1995 ignoscit.
898 1956 992 1985 Melius
1002 1966 1066 1993 ergo

271 1999 393 2033 ignoscit,
409 2007 487 2034 quam
510 2001 641 2036 agnoscit.
658 2000 726 2034 Quid
740 2005 782 2028 est
802 2002 873 2029 enim
888 2001 974 2038 ipsum
989 2003 1066 2039 igno-

271 2051 367 2075 scere.
391 2045 442 2072 nisi
467 2053 520 2074 non
544 2046 679 2074 nosceret
701 2046 771 2081 Quid
792 2051 835 2075 est
857 2055 910 2075 non
934 2050 1067 2077 noscere?

268 2083 328 2116 Non
335 2090 441 2117 nnimad
445 2095 548 2118 vertere
558 2098 567 2118 :
578 2098 639 2118 nam
648 2096 675 2119 et
684 2090 841 2119 vindicantis
848 2091 916 2120 solet
922 2092 974 2120 dici
981 2094 1068 2121 anim-

270 2134 403 2163 adversio.
430 2136 500 2164 Audi
524 2141 645 2164 orantem
668 2141 698 2164 ut
717 2137 857 2172 ignoscat:
873 2139 1067 2173 Amtcracicm

271 2186 342 2208 tuum
354 2190 370 2207 ιι
382 2182 491 2215 peccatis
504 2182 567 2209 meis
583 2181 669 2216 (Ptol.
685 2190 711 2214 L,
726 2182 783 2217 Η).
796 2182 864 2216 Quid
880 2183 961 2219 igitur
973 2183 1065 2217 facies,

270 2226 292 2253 si
307 2227 434 2254 averterit
445 2226 538 2254 faciem
550 2234 624 2254 suam
634 2234 650 2254 a
662 2227 706 2254 te?
718 2227 858 2254 Molestum
868 2233 921 2262 est,
931 2233 959 2256 et
968 2229 1066 2256 timen-

269 2270 333 2298 tium
341 2278 375 2299 ne
386 2271 492 2299 deserat
503 2276 540 2300 te.
553 2271 656 2299 Burnus
667 2272 691 2300 si
704 2271 798 2300 faciem
808 2272 975 2307 nonavcrtlt,
983 2274 1069 2301 ιιιιίημ

270 2317 395 2346 advertit.
419 2316 498 2345 Novit
512 2317 564 2345 hoc
578 2317 666 2351 Deus.
686 2322 774 2352 potest
788 2318 839 2346 ltoc
849 2318 930 2351 Deus.
950 2324 977 2347 et
991 2327 1069 2347 aver-

271 2367 329 2389 tere
342 2362 438 2390 faciem
452 2369 468 2389 a
481 2367 620 2397 peccante.
635 2367 663 2390 et
681 2370 735 2390 non
749 2368 871 2391 avertere
882 2364 1066 2393 a-couﬁtente.

272 2407 364 2441 Itaque
377 2408 440 2434 alibi
456 2408 480 2436 ei
500 2408 598 2436 dicitur
613 2417 620 2435 :
634 2409 723 2436 Ara-te
736 2410 827 2445 faciem
842 2415 911 2438 tuam
930 2419 946 2437 a
959 2412 1068 2446 pacatis

272 2454 352 2486 met't;
365 2458 392 2481 et
404 2454 468 2481 alibi
481 2455 505 2481 ei
520 2453 618 2481 dicitur
631 2463 638 2481 :
654 2454 696 2482 Nc
708 2460 809 2482 avertas
821 2455 912 2490 [aciem
922 2460 992 2483 tuam
1003 2464 1021 2483 ιι
1029 2465 1069 2484 me

272 2501 279 2531 (
288 2498 358 2526 l’xul.
374 2507 453 2532 nrt,
464 2499 504 2534 9).
519 2500 567 2533 ibi,
582 2501 603 2527 A
624 2501 738 2535 peccatis
751 2501 818 2528 meis
830 2506 923 2529 averte
936 2509 944 2534 ;
961 2502 1005 2529 hic
1016 2510 1069 2529 au-

272 2548 336 2574 tem,
353 2545 373 2571 Α
389 2553 431 2572 me
445 2544 499 2572 noli
513 2550 644 2573 avertere.
657 2545 792 2574 Confitere
805 2553 879 2581 ergo,
901 2550 930 2574 et
951 2547 1044 2575 invoca
1059 2556 1067 2574 :

272 2590 425 2617 conﬁtendo
436 2590 507 2618 enim
521 2591 634 2618 mundas
645 2591 773 2626 templum
792 2599 847 2626 quo
858 2592 948 2619 veniat
961 2592 1070 2620 invoca-

274 2640 325 2662 tus.
340 2635 485 2668 Conﬁtere,
509 2639 537 2663 et
554 2636 658 2663 invoca.
674 2637 785 2664 Avertat
805 2636 900 2664 faciem
922 2645 938 2664 a
951 2637 1070 2672 peccatis

272 2679 323 2707 luis
336 2689 344 2712 ς
359 2688 410 2708 non
424 2679 528 2708 avertat
539 2689 554 2708 a
570 2686 596 2708 te
610 2690 619 2709 :
632 2685 737 2709 avertat
749 2682 841 2710 faciem
856 2682 891 2710 ah
903 2689 936 2710 eo
949 2682 1020 2718 quod
1040 2686 1067 2710 tu

273 2724 378 2756 fixisti;
396 2734 448 2753 non
463 2730 566 2753 avertat
586 2726 620 2754 ab
638 2734 672 2753 eo
686 2726 756 2762 quod
773 2727 830 2761 ipse
844 2727 915 2754 feeit.
929 2727 976 2762 .Te
996 2727 1067 2755 enim

275 2765 410 2800 hominem
427 2774 483 2805 ipse
507 2770 588 2803 fecit;
603 2777 712 2806 peccata
737 2776 780 2799 tua
792 2773 850 2807 ipse
864 2771 960 2800 fecisti.
975 2772 1066 2800 Conﬁ-

274 2818 330 2844 Ime
353 2825 424 2853 ergo.
448 2822 475 2845 et
489 2817 582 2846 invoca
595 2826 602 2851 ;
617 2815 660 2846 die
674 2826 681 2845 :
696 2816 877 2853 Canﬁtcbt'mur
895 2818 955 2852 tibi,
975 2818 1044 2847 Dm
1057 2827 1069 2847 .-

274 2860 447 2895 ὲυιιρίοῦιηηιν
463 2863 517 2890 tibi.

307 2913 314 2934 l
328 2923 431 2947 (mutuor
443 2925 506 2950 λιες..
517 2927 567 2946 ore.

863 218 892 247 S.
912 209 1095 246 AUGUSTlNi
1115 210 1266 245 EPISCOPI

1851 219 1905 249 948

1146 272 1165 300 5
1189 272 1247 308 ipsa
1260 272 1395 308 repetitio,
1409 274 1578 302 continuatio
1591 276 1642 306 est,
1658 280 1692 304 ne
1705 280 1732 304 te
1751 274 1905 306 ccttfusunt

1112 325 1172 345 esse
1184 317 1322 354 paeniteat.
1344 318 1402 346 Non
1415 318 1487 346 enim
1500 319 1578 347 alicui
1592 319 1692 347 crudeli
1706 320 1849 348 confessus
1863 326 1902 352 est

1112 370 1166 390 non
1181 363 1269 395 ultori,
1286 370 1340 391 non
1355 363 1506 392 insultatori
1520 372 1528 392 :
1542 365 1671 393 conﬁtere
1692 372 1813 393 securus.
1835 365 1904 393 Audi

1112 409 1193 436 aliam
1214 416 1307 437 vocem
1327 409 1421 445 psalmi
1440 410 1627 439 adhortantem
1643 411 1825 446 :Cou/itcntitti
1848 410 1905 439 ου-

1113 453 1192 486 mino.
1207 455 1327 490 quoniam
1340 454 1419 483 bonus
1428 459 1466 483 ut
1480 454 1566 491 (Ptol.
1581 463 1626 489 cv,
1639 455 1667 490 l,
1679 461 1703 484 ct
1713 464 1769 490 cu,
1780 457 1819 492 i).
1834 456 1904 491 Quid

1113 504 1164 532 est,
1177 500 1296 535 quoniam
1312 498 1393 528 bonus
1406 501 1462 529 est?
1478 500 1548 535 Quid
1560 501 1659 529 timetis
1668 501 1809 530 conﬁteri?
1819 502 1904 529 bonus

1113 550 1154 573 est
1166 554 1174 578 ;
1188 546 1301 581 ignoscit
1314 546 1460 574 conﬁtenti.
1477 547 1552 574 Time
1564 547 1684 575 conﬁteri
1695 547 1776 583 judici
1792 548 1905 581 homini,

1118 598 1151 618 ne
1173 590 1241 618 forte
1256 592 1406 619 confessum
1423 592 1532 626 puniat;
1548 592 1602 619 Deo
1617 593 1670 620 noli
1686 601 1692 618 :
1707 592 1747 620 fac
1756 593 1907 620 c0nfitctuln

1114 637 1268 672 propitium,
1282 646 1359 672 quem
1373 637 1494 672 negando
1508 644 1561 665 non
1577 637 1640 665 fucis
1655 638 1784 666 nesciunt.
1795 638 1905 673 Con/ilc-

1114 681 1196 709 ln'mur
1210 683 1263 713 tibi,
1278 682 1364 714 Deus;
1379 682 1562 717 conﬁtebimur,
1578 688 1600 709 et
1613 683 1700 710 securi
1711 684 1765 717 jam
1779 683 1907 710 inrombi—

1114 735 1170 755 mtto
1179 736 1269 754 nomen
1284 733 1366 756 tuum.
1377 727 1553 755 Exhausimus
1563 728 1642 755 corda
1656 733 1744 756 nostra
1757 728 1906 756 confessio-

1114 780 1168 806 ne;
1183 773 1311 805 terruisti,
1327 773 1471 800 mundasti.
1486 772 1627 800 Confessio
1638 781 1687 800 nos
1700 773 1813 802 humiles
1825 773 1904 806 facit,

1113 819 1259 853 propinqua
1277 818 1431 852 humilibus,
1445 819 1489 853 qui
1504 818 1608 846 recedis
1620 818 1654 845 ab
1666 819 1790 847 excelsis.
1805 818 1908 846 Firmm

1114 865 1234 887 mentum
1247 864 1336 887 autem
1357 867 1416 887 esse
1439 860 1578 887 sententiae
1591 860 1618 900 in
1638 861 1803 895 repetitione,
1818 861 1908 888 multis

1114 905 1310 942 Scripturarum
1333 906 1398 935 locis
1412 905 1549 934 docemur.
1563 906 1626 934 inde
1638 911 1680 934 est
1693 906 1763 943 quod
1779 907 1908 935 Dominus

1114 952 1162 986 ait,
1174 952 1255 979 Amen
1269 961 1343 979 amen
1356 952 1445 988 (Joan.
1459 960 1478 985 ι,
1493 951 1549 987 5i).
1574 951 1637 979 Inde
1651 952 1677 979 in
1690 952 1821 986 aliquibus
1837 952 1909 987 psaia

1114 997 1176 1030 mis,
1192 996 1264 1030 Fiat,
1279 997 1324 1031 ﬁat
1343 996 1430 1031 (Ptol.
1446 1004 1523 1030 Lxxt,
1539 996 1584 1029 i9,
1606 1000 1631 1024 cl
1650 1004 1774 1029 Lxxxvm,
1789 995 1835 1031 53)
1851 1005 1857 1023 :
1873 996 1907 1023 ad

1115 1043 1335 1078 signiﬁcationem
1349 1043 1387 1070 rei
1401 1041 1537 1069 sufficeret
1557 1049 1638 1068 unum
1653 1041 1699 1076 ﬁat
1709 1050 1717 1073 ;
1729 1041 1762 1068 ad
1775 1041 1909 1076 signiﬁcas

1115 1087 1215 1116 tionem
1241 1087 1373 1114 ﬁrmitatis
1395 1086 1507 1115 acceSsit
1527 1086 1639 1116 alterum
1653 1086 1708 1121 ﬁat.
1731 1085 1786 1113 Rex
1802 1085 1908 1122 Egypti

1115 1132 1230 1166 Pharao,
1245 1133 1328 1159 nostis
1338 1131 1409 1167 quod
1422 1139 1481 1159 cum
1493 1131 1528 1159 ibi
1540 1131 1594 1166 jam
1606 1135 1678 1159 esset
1688 1131 1785 1167 Joseplt
1801 1138 1910 1166 propter

1116 1178 1248 1214 pudicitia:
1263 1186 1381 1206 amorem
1394 1178 1510 1205 inclusus
1523 1177 1549 1204 in
1565 1185 1681 1210 carcere,
1697 1177 1760 1204 vidit
1773 1178 1907 1204 somnium

1116 1223 1187 1252 idem
1201 1224 1304 1251 Pharao
1319 1227 1410 1251 notum
1423 1223 1547 1253 omnibus
1559 1223 1636 1250 nobis
1648 1232 1655 1250 :
1666 1231 1681 1249 a
1695 1226 1796 1258 septem
1810 1224 1909 1251 macris

1116 1275 1286 1304 consumptas
1301 1277 1360 1297 esse
1375 1274 1476 1304 septem
1496 1269 1578 1297 boves
1593 1269 1722 1305 pingues;
1736 1274 1763 1297 et
1777 1276 1880 1303 rursus,
1893 1277 1908 1296 :t

1116 1320 1219 1350 septem
1233 1317 1313 1350 Spieis
1323 1316 1436 1343 exilibus
1450 1320 1621 1350 consumptas
1632 1322 1692 1342 esse
1704 1321 1806 1350 septem
1820 1315 1911 1342 iecur»

1117 1362 1175 1389 das.
1189 1362 1222 1389 Et
1235 1361 1297 1396 quid
1311 1366 1352 1389 est
1364 1362 1552 1397 interpretatus
1563 1360 1661 1395 Joscph
1671 1361 1684 1387 ?
1698 1360 1726 1388 Si
1740 1360 1910 1393 meministis,

1117 1415 1171 1435 non
1193 1407 1246 1435 duo
1267 1412 1329 1434 sunt
1349 1409 1400 1434 ista
1415 1407 1529 1439 somnia,
1552 1405 1600 1434 sed
1614 1406 1699 1433 visum
1715 1414 1806 1433 unum.
1825 1415 1834 1431 ι
1852 1405 1911 1434 Una

1116 1456 1169 1487 est,
1186 1462 1196 1479 ι
1212 1453 1304 1487 inquit,
1323 1461 1334 1478 ι
1349 1452 1531 1487 interpretatio
1546 1458 1637 1478 eorum
1654 1449 1721 1480 :sed
1731 1450 1801 1486 quod
1815 1457 1912 1478 rursus

1118 1498 1216 1531 vidisti,
1233 1508 1242 1524 )
1255 1498 1318 1530 ait,t
1335 1498 1368 1524 ad
1378 1497 1612 1524 confirmationem
1622 1496 1694 1523 valet
1707 1505 1716 1522 ι
1729 1495 1805 1532 (Gen.
1821 1503 1873 1528 nt,
1884 1497 1913 1523 i-

1117 1543 1174 1581 52).
1188 1544 1250 1571 Haec
1256 1544 1308 1570 dixi
1321 1549 1349 1570 ut
1357 1551 1409 1569 nou
1419 1542 1515 1577 putetis
1522 1542 1707 1577 repetitionem
1717 1542 1742 1568 iu
1753 1542 1842 1569 verbis
1851 1550 1912 1569 san-

1117 1594 1168 1618 cta}
1179 1591 1284 1624 linguae,
1295 1588 1369 1623 quasi
1381 1588 1546 1622 loquacitatis
1554 1593 1614 1614 esse
1624 1587 1780 1621 appetitum.
1791 1586 1867 1621 διξερε
1876 1587 1912 1614 ibi

1117 1635 1239 1671 repetitio
1252 1633 1410 1661 ﬁrmamenti
1422 1633 1500 1660 habet
1516 1632 1577 1659 vim.
1595 1641 1604 1658 t
1618 1631 1741 1659 Paratum
1753 1639 1799 1674 cor
1810 1640 1911 1664 meum,

1118 1683 1198 1715 Deus,
1217 1691 1226 1708 ι
1245 1681 1347 1716 inquit;
1374 1689 1383 1705 ι
1407 1683 1528 1714 paratum
1551 1685 1598 1705 cor
1613 1686 1700 1705 meum
1719 1687 1728 1703 ι
1746 1676 1831 1710 (Paul.
1848 1686 1889 1705 t.vt
1904 1699 1911 1709 .

1118 1727 1157 1764 8).
1170 1728 1228 1755 Alio
1237 1727 1296 1753 loco
1309 1725 1373 1752 dicit
1385 1734 1390 1751 2
1408 1734 1417 1749 ι
1435 1724 1541 1751 Sustine
1554 1723 1705 1755 Dominum,
1717 1723 1829 1750 viriliter
1842 1731 1911 1757 age;

1118 1778 1146 1801 ct
1159 1773 1323 1801 couifortetur
1337 1778 1383 1797 cor
1399 1774 1481 1801 tuum,
1496 1775 1522 1796 et
1537 1769 1638 1796 sustine
1650 1768 1788 1796 Dominum
1802 1777 1812 1794 ι
1826 1767 1912 1803 (Ptol.

1120 1826 1192 1852 xxvt,
1204 1817 1259 1853 14).
1274 1815 1475 1844 innumerabilia
1490 1814 1550 1841 talia
1562 1818 1624 1840 sunt
1635 1821 1680 1848 per
1689 1821 1783 1841 omnes
1794 1812 1914 1848 Scriptu-

1119 1872 1173 1892 ras.
1200 1864 1245 1890 llis
1268 1862 1366 1890 sufﬁcit
1389 1860 1592 1888 commendasse
1618 1866 1667 1886 nos
1690 1859 1764 1885 vobis
1787 1859 1912 1893 loquendi

1119 1918 1214 1946 genus,
1227 1908 1298 1944 quod
1312 1906 1459 1935 observetis
1478 1906 1503 1932 in
1518 1905 1642 1932 omnibus
1656 1904 1787 1932 similibus
1805 1913 1811 1932 :
1833 1905 1914 1933 modo

1119 1955 1154 1984 ad
1167 1963 1222 1983 rem
1235 1954 1374 1981 advertite.
1390 1951 1570 1987 Con/ilebinmr
1588 1950 1642 1983 tibi,
1665 1949 1758 1985 inquit,
1772 1955 1797 1977 el
1811 1950 1914 1977 income

1119 2002 1208 2029 bimus.
1220 2000 1279 2027 Dixi
1292 2007 1374 2034 quare
1388 2002 1448 2025 ante
1462 1996 1655 2024 invocationem
1671 1995 1796 2030 prrrcedil
1807 1996 1913 2023 confes-

1119 2048 1160 2075 sio
1176 2056 1182 2075 :
1198 2047 1257 2080 quia
1273 2053 1351 2080 quem
1367 2045 1491 2076 invocas,
1517 2043 1622 2069 invitas.
1639 2041 1736 2069 Venire
1750 2048 1840 2069 autem
1860 2050 1913 2069 non

1120 2092 1176 2119 vult
1199 2092 1345 2121 invocatus,
1362 2089 1383 2116 si
1406 2093 1433 2115 tu
1448 2087 1528 2114 fueris
1544 2087 1630 2114 elatus
1650 2094 1657 2112 τ
1672 2087 1757 2113 elatus
1770 2087 1791 2113 si
1812 2087 1893 2114 fueris
1905 2108 1913 2120 ,

1119 2139 1240 2167 conﬁteri
1255 2146 1307 2164 non
1323 2137 1442 2173 poteris;
1467 2143 1515 2162 nec
1531 2142 1562 2161 ea
1579 2141 1658 2169 negas
1678 2134 1730 2160 Deo
1744 2141 1803 2168 quae
1817 2135 1914 2161 nescit.

1120 2185 1211 2220 Itaque
1230 2183 1362 2211 confessio
1386 2186 1428 2208 tua
1452 2188 1505 2207 non
1527 2180 1600 2207 illum
1617 2179 1704 2211 docet,
1724 2178 1771 2206 sed
1794 2182 1820 2206 te
1836 2187 1915 2206 tttuw

1120 2233 1175 2258 dat.
1557 2271 1563 2273 _
1669 2270 1675 2273 _
1727 2265 1737 2273 ’

1155 2278 1183 2305 4.
1203 2275 1238 2304 Et
1248 2274 1303 2310 jam
1323 2272 1464 2302 confessus
1484 2276 1536 2305 est,
1557 2270 1688 2298 invocavit
1704 2279 1712 2298 :
1727 2270 1781 2297 imo
1798 2270 1915 2299 confessi

1120 2326 1193 2353 sunt,
1221 2322 1428 2351 invocaverunt;
1452 2322 1480 2345 et
1505 2316 1602 2345 dicitur
1621 2323 1654 2344 ex
1676 2322 1793 2352 persona
1815 2315 1915 2346 unius.

1122 2367 1255 2396 Euarrabo
1266 2366 1352 2394 omnia
1359 2364 1485 2392 mirabilia
1498 2368 1552 2390 tua.
1572 2362 1715 2390 Confessus
1727 2361 1875 2389 exinanivit
1887 2366 1917 2388 se

1121 2414 1208 2445 malis,
1222 2413 1349 2440 invocans
1361 2408 1481 2445 implevit
1494 2416 1523 2436 se
1535 2408 1621 2440 bonis,
1638 2414 1766 2435 enarratis
1783 2407 1916 2434 eructat-it

1121 2465 1175 2494 quo
1183 2466 1213 2486 se
1227 2456 1356 2493 implevit.
1372 2456 1406 2483 Et
1416 2454 1513 2487 videte,
1528 2453 1641 2486 fratres;
1655 2459 1715 2479 cum
1724 2451 1917 2479 conﬁterentur

1122 2503 1197 2531 multi
1210 2508 1285 2531 erant
1299 2511 1307 2530 :
1323 2500 1503 2535 Conﬁtebimur
1514 2499 1569 2532 tibi,
1581 2498 1648 2525 Deus
1656 2505 1666 2530 ,'
1675 2497 1850 2532 conﬁtebimur
1860 2498 1915 2529 tibi,

1097 2576 1101 2579 .
1122 2556 1144 2577 et
1158 2549 1327 2577 incumbimus
1344 2555 1436 2575 nuneu
1451 2552 1532 2573 tuum.
1557 2544 1636 2572 Multa
1657 2543 1728 2571 enim
1751 2548 1813 2570 sunt
1833 2543 1915 2570 corda

1121 2595 1315 2626 conﬁtentium,
1329 2600 1410 2620 ttttum
1434 2589 1610 2620 credentium.
1636 2589 1726 2623 Quare
1746 2588 1828 2616 multa
1854 2593 1916 2615 sunt

1121 2640 1201 2668 corda
1215 2639 1410 2671 conﬁtentium,
1425 2644 1507 2664 unttm
1522 2634 1708 2663 credentium?
1723 2634 1829 2661 Diversa
1842 2633 1914 2660 enim

1122 2692 1230 2723 peceata
1249 2686 1372 2713 homines
1391 2684 1569 2714 confitentur;
1594 2685 1672 2708 unam
1693 2679 1771 2707 fidem
1791 2679 1914 2706 cred-nu.

1121 2734 1180 2762 1am
1193 2740 1256 2769 ergo
1270 2740 1331 2760 cum
1347 2730 1459 2766 coeperit
1476 2729 1599 2756 Christus
1612 2727 1731 2754 habitare
1745 2726 1771 2753 in
1786 2726 1915 2752 interiore

1119 2778 1230 2807 homine
1246 2785 1293 2813 per
1312 2776 1392 2804 fidem
1411 2774 1518 2811 (Ep/tes.
1534 2781 1573 2804 ιιι,
1589 2772 1644 2808 Π),
1659 2770 1822 2807 cmperitquc
1837 2770 1915 2805 iuvi»

1119 2830 1196 2852 catus
1211 2823 1348 2859 possidere
1362 2820 1513 2849 confessum
1526 2827 1538 2851 ι
1550 2818 1578 2845 ﬁt
1592 2821 1663 2845 totus
1676 2817 1807 2849 Christus,
1822 2823 1852 2842 ea
1858 2820 1913 2849 ιιιιε,

1122 2876 1148 2897 et
1159 2877 1267 2904 corpus,
1281 2873 1309 2896 ct
1320 2875 1353 2895 cx
1369 2865 1460 2894 multis
1471 2872 1548 2892 untts.
1566 2862 1661 2891 Audite
1674 2862 1728 2897 jam
1743 2862 1821 2888 verba
1837 2860 1908 2888 Chri-

1125 2916 1169 2943 sti.
1183 2915 1248 2943 Nam
1262 2914 1337 2950 quasi
1351 2920 1403 2941 non
1416 2910 1477 2947 eius
1491 2910 1569 2938 verba
1591 2909 1764 2937 videbantur,
1779 2905 1910 2934 Conﬁtebi-
