3990 6374
171 400 307 462 959

169 540 309 577 mur
339 523 449 590 tibi,
499 523 665 588 Deus;
700 522 1046 589 conﬁttbimur
1086 522 1194 585 tibi,
1235 531 1280 574 et
1313 520 1652 574 invocabimus
1694 533 1783 570 no-

171 633 314 668 men
345 630 506 668 tttttm.
529 615 644 669 Jam
671 614 848 684 incipit
879 630 940 668 ex
972 629 1195 682 persona
1224 612 1410 680 capitis
1434 625 1633 666 sermo.
1663 610 1785 665 Sive

173 716 378 759 autem
406 716 565 774 caput
589 706 851 774 loquatur.
875 705 986 758 sive
1017 703 1254 758 membra
1283 705 1591 770 loquantur.
1618 701 1784 754 Citri-

171 807 314 849 stus
345 796 612 864 loquitur:
648 794 880 864 loquitur
896 810 958 848 ex
988 807 1211 861 persOna
1231 792 1440 863 capitis,
1465 791 1697 860 loquitur
1716 805 1781 844 ex

173 891 430 939 dorsuna
452 887 709 955 corporis.
741 885 845 940 Sed
866 885 992 955 quid
1021 885 1216 939 dictum
1244 883 1360 937 est?
1390 881 1553 936 Erunt
1594 883 1695 934 duo
1731 870 1784 934 in

169 993 352 1032 carne
371 997 493 1031 una.
530 977 913 1032 Sacramentum
942 977 1036 1030 hoc
1061 992 1296 1046 magnum
1323 985 1426 1038 est;
1451 991 1562 1044 ego,
1592 974 1780 1043 inquit,

175 1069 333 1130 ilico,
358 1069 410 1120 in
441 1069 638 1121 Christo
662 1068 780 1122 etin
809 1066 1032 1121 Ecclesia
1061 1064 1212 1138 (Cen.
1246 1063 1408 1130 ",24,
1440 1076 1485 1118 et
1503 1063 1692 1132 Ephes.
1725 1081 1779 1128 v,

175 1159 280 1214 51.
309 1157 422 1229 52).
459 1157 520 1211 Et
554 1158 666 1227 ipse
694 1158 746 1212 in
777 1157 1059 1226 Evangelio
1087 1172 1101 1208 :
1132 1153 1302 1225 Igitur
1329 1156 1444 1224 jam
1489 1172 1590 1207 non
1637 1155 1737 1206 duo
1762 1196 1776 1219 ,

175 1253 278 1302 sed
299 1268 404 1303 una
428 1266 546 1303 caro
586 1249 799 1320 (Matth.
837 1265 947 1314 six,
984 1249 1065 1317 6).
1109 1248 1240 1302 Nam
1287 1255 1344 1302 ut
1384 1248 1640 1301 noveritis
1683 1247 1780 1300 has

173 1341 327 1394 duas
353 1341 746 1409 quodammodo
782 1355 901 1394 esse
945 1354 1224 1408 personas,
1277 1347 1332 1392 et
1383 1352 1569 1392 rursus
1620 1354 1776 1390 unam

175 1430 535 1497 cepolatione
573 1429 1124 1497 conjugii,,tanquam
1183 1443 1320 1480 unus
1371 1425 1603 1495 loquitur
1640 1427 1778 1494 apud

177 1520 408 1584 Isaiam,
443 1530 496 1572 et
516 1520 644 1573 dicit
673 1537 687 1573 :
721 1519 868 1574 Sicut
892 1535 1078 1588 sponso
1121 1518 1348 1587 alligavit
1378 1518 1501 1569 mihi
1545 1517 1776 1581 mitram,

178 1621 232 1664 ct
256 1613 390 1663 sicut
429 1627 668 1678 sponsam
692 1612 858 1665 induit
894 1627 970 1665 me
1004 1619 1297 1664 ornamento
1337 1608 1487 1679 (Isai.
1521 1625 1626 1672 ut,
1663 1609 1774 1679 10).

177 1701 460 1768 Sponsum
486 1716 546 1757 se
573 1701 706 1756 dixit
748 1717 812 1757 ex
859 1703 1050 1771 capite,
1103 1716 1352 1770 Sponsam
1409 1715 1474 1755 ex
1530 1715 1774 1769 corpore.

179 1794 602 1864 Imquitnrergn
648 1810 820 1859 unus;
870 1793 1146 1848 audiamus
1174 1808 1316 1854 (tim,
1369 1804 1423 1846 et
1467 1793 1517 1846 in
1567 1808 1633 1846 eo
1680 1808 1778 1847 nos

176 1900 406 1954 quoque
437 1887 713 1953 loquamur
745 1902 756 1936 :
796 1884 965 1937 simus
997 1884 1231 1937 membra
1260 1882 1375 1952 ejus
1395 1924 1409 1946 ,
1437 1893 1495 1936 ut
1534 1882 1648 1936 hinc
1675 1898 1774 1936 vos

178 1987 234 2027 ct
269 1985 452 2028 nostra
478 1989 598 2029 esse
625 1974 807 2043 possit.
840 1970 1125 2039 Enarralto,
1152 1972 1342 2041 inquit,
1373 1973 1542 2025 omnia
1574 1972 1777 2025 mirabi-

181 2065 258 2118 lia
288 2075 396 2118 tua.
429 2064 766 2134 Evangelizat
793 2063 1036 2117 Christus
1066 2063 1297 2130 seipsum
1320 2104 1334 2129 ,
1364 2063 1690 2133 evangelizat
1718 2077 1777 2118 se

178 2157 349 2208 etiam
383 2156 432 2206 in
459 2155 714 2209 membris
744 2154 856 2207 suis
874 2153 982 2222 jam
1026 2152 1395 2215 existentibus,
1446 2161 1505 2205 ut
1552 2160 1604 2206 et
1643 2153 1778 2207 alios

182 2246 442 2320 adducat,
470 2254 525 2301 et
574 2245 830 2301 accedant
864 2245 953 2315 qui
998 2261 1102 2298 non
1152 2252 1324 2307 erant,
1366 2253 1420 2297 et
1463 2243 1777 2311 copulentur

184 2340 447 2393 membris
473 2340 605 2408 ejus,
636 2355 732 2408 per
757 2354 875 2409 qua:
903 2337 1139 2392 membra
1167 2337 1284 2408 ejus
1321 2337 1664 2407 przcdicatum
1694 2347 1777 2391 est

184 2432 533 2502 Evangelium
559 2448 574 2494 ;
603 2441 657 2486 ct
681 2433 770 2486 ﬁat
790 2448 950 2486 unum
983 2447 1175 2499 corpus
1201 2431 1299 2485 sub
1333 2447 1438 2484 uno
1475 2430 1677 2499 capite,
1718 2430 1774 2501 in

183 2540 293 2578 uno
321 2525 529 2592 Spiritu,
560 2511 610 2576 in
638 2540 738 2577 una
763 2525 890 2577 vita.

237 2616 315 2675 ,5.
361 2612 507 2686 [rem
542 2613 619 2686 5.]
668 2614 734 2668 Et
777 2615 900 2683 quid
944 2611 1219 2667 aiti'Cum
1272 2632 1532 2683 accepero,
1586 2617 1772 2684 inquit.

183 2714 384 2774 tempus
411 2704 998 2776 egojustitiasjudicabo.
1019 2705 1773 2774 Quandojudieabitjnstitias?

183 2793 321 2847 Cum
342 2795 608 2861 acceperit
636 2805 864 2864 tempus.
910 2793 1151 2848 Nondum
1195 2805 1278 2849 est
1315 2795 1489 2865 ipsum
1541 2807 1768 2865 tempus.

185 2869 401 2940 Gratias
423 2885 803 2940 misericordize
832 2885 946 2955 ejus
977 2903 988 2937 :
1020 2886 1168 2955 prius
1187 2885 1777 2955 pnedicatjustitias,et

189 2975 269 3029 sic
293 2973 497 3043 judieat
519 2975 749 3044 justitias
773 2977 813 3030 ⁸.
836 2975 966 3030 Nam
989 2977 1032 3031 si
1053 2986 1176 3029 ante
1191 2975 1600 3044 velletjudicare
1615 2993 1776 3046 quam

192 3067 505 3136 pi-aidicare,
533 3069 652 3138 quis
681 3069 1008 3122 inveniretur
1049 3069 1390 3123 liberandus?
1437 3072 1558 3140 quis
1597 3071 1778 3124 absol-

190 3157 397 3213 vendus
423 3159 769 3214 occurreret?
806 3158 963 3212 Modo
988 3173 1114 3227 ergo
1144 3158 1529 3228 prmdicationis
1568 3168 1775 3229 tempus

190 3260 310 3304 est:
341 3249 598 3312 Narrabo,
628 3251 828 3320 inquit,
857 3251 1025 3303 omnia
1051 3249 1305 3304 mirabilia
1332 3261 1440 3306 tua.
1476 3252 1610 3306 Audi
1649 3267 1775 3306 nar-

189 3349 418 3402 rantem,
465 3340 586 3394 audi
629 3340 1043 3408 prccdicantem;
1094 3355 1216 3394 nam
1269 3341 1313 3394 si
1367 3343 1772 3411 contempseris,

190 3431 319 3486 Cum
345 3448 584 3502 accepero
614 3443 829 3500 tempus,
878 3431 1065 3500 inquit,
1120 3424 1225 3502 ego
1237 3432 1466 3502 justitias
1510 3431 1772 3502 judicabo.

195 3523 369 3583 Dono,
409 3521 599 3591 inquit,
638 3537 780 3576 nunc
819 3535 1033 3591 peccata
1066 3522 1365 3587 conﬁtenti;
1408 3538 1512 3576 non
1563 3538 1775 3592 parcam

190 3626 371 3680 postea
401 3613 781 3667 contemnenti.
812 3613 1216 3667 Misericordiam
1239 3622 1284 3667 el
1313 3614 1570 3684 judicium
1594 3624 1775 3667 canta-

191 3707 251 3758 bo
271 3704 598 3772 tibi,Domine
619 3703 786 3777 (Psal.
801 3721 853 3771 c,
873 3703 1145 3774 l),dicitur
1171 3705 1222 3759 in
1242 3704 1464 3774 psalmo.
1485 3705 1776 3760 Misericor-

191 3799 326 3850 diam
345 3807 391 3850 et
397 3797 646 3870 judicium
667 3812 688 3851 :
705 3796 863 3850 modo
879 3797 1479 3867 misericordiam,postea
1489 3797 1777 3868 judicium;

193 3889 244 3942 In
263 3904 360 3957 qua
375 3887 734 3942 misericordia
748 3896 961 3954 peccata
977 3887 1320 3953 donantur,in
1335 3888 1648 3959 quojudicio
1663 3904 1781 3957 pee-

191 3963 303 4032 eata
321 3977 727 4046 puniuntur.Vis
744 3993 848 4031 non
877 3979 1066 4033 timere
1088 3988 1426 4047 peccatorum
1443 3977 1777 4049 punitorem?

199 4073 323 4123 Ama
353 4069 664 4123 donatorem
691 4086 704 4134 ;
733 4070 840 4123 noli
870 4085 1141 4138 reSpnere,
1162 4069 1267 4122 noli
1289 4079 1338 4124 te
1359 4071 1637 4136 extollere,
1663 4073 1772 4128 noli

197 4161 386 4224 dicere,
413 4160 532 4214 Non
563 4161 735 4214 habeo
763 4160 902 4230 quod
929 4159 1054 4212 mihi
1087 4159 1284 4224 donet;
1316 4161 1439 4214 audi
1468 4162 1608 4215 enim
1631 4161 1776 4231 quod

197 4252 427 4322 sequitur
457 4269 469 4304 :
498 4250 622 4306 Cum
640 4267 880 4328 accepero
903 4262 1117 4319 tempus,
1143 4267 1233 4321 ego
1255 4251 1483 4322 justitias
1511 4252 1774 4320 judicabo.

203 4346 406 4413 Accepit
432 4353 638 4414 tempus
661 4342 950 4398 Christus?
979 4345 1183 4412 accepit
1206 4355 1412 4411 tempus
1444 4343 1609 4396 Filius
1642 4343 1777 4398 Dei?

200 4436 357 4490 Filius
388 4436 478 4489 Dei
507 4451 613 4490 non
659 4433 864 4504 accepit
911 4444 1152 4503 tempus;
1202 4439 1294 4488 sed
1337 4433 1502 4488 Filius
1546 4434 1776 4488 hominis

200 4528 395 4595 accepit
425 4538 654 4596 tempus.
677 4524 820 4579 idem
864 4527 976 4593 ipse
1010 4535 1185 4579 autem
1228 4534 1283 4578 et
1327 4525 1492 4578 Filius
1545 4525 1636 4580 Dei
1680 4541 1776 4594 per

199 4635 348 4689 quem
375 4617 494 4672 lacti
522 4633 727 4680 sumus,
761 4627 814 4670 et
841 4615 1007 4670 Filius
1040 4615 1270 4670 hominis
1311 4631 1403 4685 per
1427 4631 1588 4684 quem
1632 4617 1775 4671 refe-

200 4703 492 4764 ctisumits.
523 4708 748 4763 llomine
789 4717 1084 4775 assumpto,
1133 4708 1245 4775 ipse
1289 4724 1392 4760 non
1439 4717 1770 4776 assumptus;

201 4800 407 4854 homine
437 4808 638 4853 mutato
668 4799 718 4852 in
752 4799 960 4862 melius,
991 4798 1138 4852 nullo
1162 4797 1450 4866 modoipse
1471 4799 1523 4850 in
1542 4798 1775 4851 deterius

199 4897 569 4952 commutatus,
599 4905 704 4942 non
729 4887 937 4941 destitit
965 4902 1085 4940 esse
1114 4887 1418 4957 quod-crat,
1447 4886 1541 4941 sed
1569 4887 1776 4956 accepit

202 4979 335 5051 quod
364 4995 467 5034 non
495 4987 627 5032 erat.
680 4977 816 5043 Quid
859 4965 1154 5032 eratiCum
1192 4978 1246 5030 in
1285 4979 1450 5041 {arma
1486 4975 1577 5029 Dei
1626 4985 1772 5043 esset,

205 5091 295 5140 non
315 5074 545 5143 rapinam
572 5071 844 5125 arbitratus
869 5079 942 5124 est
970 5087 1076 5125 esse
1111 5071 1318 5139 aqualis
1344 5070 1453 5124 Deo
1487 5086 1506 5124 :
1536 5073 1773 5149 Apostoli

207 5165 352 5217 verba
383 5173 526 5217 Sunt.
557 5162 623 5215 Et
642 5161 768 5232 quiti
795 5161 1038 5229 accepit?
1070 5160 1174 5214 Sed
1194 5163 1510 5230 semetipsum
1542 5164 1774 5216 exinani-

206 5258 285 5309 rit.
313 5251 525 5324 fortnam
555 5253 683 5306 servi
725 5252 975 5320 accipiens
1017 5251 1273 5321 (Philipp.
1309 5267 1366 5315 tt,
1416 5251 1470 5313 6,
1511 5253 1585 5320 7).
1629 5253 1776 5307 Sicut

207 5348 414 5401 fortnam
444 5344 584 5398 servi
609 5343 844 5412 accepit,
878 5342 947 5395 ita
978 5352 1031 5396 et
1060 5353 1268 5410 tempus
1310 5343 1535 5410 accepit.
1585 5344 1776 5397 Demu-

209 5449 334 5493 tatus
357 5454 436 5490 est
483 5435 645 5507 ergo?
674 5435 974 5488 deminutus
1013 5434 1132 5486 est?
1166 5433 1358 5487 exilior
1401 5435 1678 5487 redditus?
1723 5437 1774 5490 in

211 5529 454 5584 defeetum
483 5525 698 5594 lapsus?
744 5525 912 5578 Absn.
946 5523 1082 5589 Quid
1108 5539 1236 5593 ergo
1265 5526 1581 5591 semetipsum
1602 5526 1778 5578 exina-

268 5744 282 5778 ¹
306 5745 375 5792 sic
396 5738 581 5804 aliquot
600 5746 707 5789 uss.
729 5746 784 5788 At.
804 5743 898 5804 Er;
927 5736 1068 5789 Prius
1106 5737 1348 5804 praedicet
1361 5739 1614 5804 institimn,
1639 5749 1684 5793 et
1707 5745 1776 5796 sic

201 5798 617 5877 judicdjusittias.
640 5808 770 5851 t.ov.:
801 5799 943 5851 Prius
964 5798 1205 5863 praedii
1226 5798 1434 5862 iustitia,
1477 5809 1572 5853 etc.

1257 396 1652 456 ENARRA'i'lO
1692 397 1755 451 lN
1797 397 2118 457 P5.-\LMUM
2162 403 2395 460 [χχιιι

3379 415 3485 470 950

1891 519 2032 584 nittit,
2060 523 2274 588 formam
2319 527 2445 578 servi
2495 527 2788 594 accipiens?
2839 529 3158 586 Exinanissc
3203 545 3264 585 se
3305 531 3481 587 dictus

1891 618 1974 661 est
1993 610 2304 679 accipiendo
2335 613 2659 682 inferiorem,
2679 635 2783 671 non
2814 620 3187 690 degenerando
3208 621 3277 676 ab
3300 639 3478 690 mqua-

1891 700 1947 754 li.
1979 703 2140 771 Ergo,
2171 704 2376 769 fratres,
2407 707 2530 774 quid
2554 718 2636 762 est
2680 709 2778 762 hoc
2799 752 2813 773 ,
2845 711 2971 764 Cum
2992 729 3232 782 accepero
3257 722 3474 777 ttntpus,

1889 811 1982 865 ego
1997 797 2227 866 justitias
2241 798 2487 866 judicabo
2504 801 2529 852 .’
2551 802 2766 868 Accepit
2793 811 3000 872 tempus
3030 814 3086 857 ut
3114 804 3280 858 Filius
3302 804 3474 856 homi—

1891 885 2013 949 nis;
2042 888 2305 956 gubernat
2350 901 2588 958 tempora
2618 899 2674 943 ut
2705 891 2870 948 Filius
2909 892 3022 946 Dei.
3068 895 3203 947 Audi
3243 896 3372 963 quia.
3419 904 3475 948 ut

1890 973 2057 1030 Filius
2085 976 2314 1032 hominis
2362 982 2566 1050 accepit
2624 993 2832 1050 tempus
2880 965 3364 1051 judicandidDicit
3420 987 3470 1040 in

1889 1063 2180 1136 Evangelia
2205 1086 2218 1122 :
2247 1069 2395 1122 Dedit
2438 1071 2482 1122 ei
2522 1081 2815 1137 potestatem
2838 1072 3027 1139 judicii
3065 1074 3316 1143 faciendi,
3351 1092 3472 1144 quo-

1887 1155 2024 1207 niam
2055 1154 2223 1210 Filius
2249 1158 2466 1212 hominis
2487 1170 2557 1212 est
2582 1157 2762 1230 (Joan.
2787 1178 2838 1224 v,
2865 1161 2982 1231 9.7).
3009 1164 3311 1220 Secundum
3327 1166 3471 1231 quod

1891 1244 2053 1300 Filius
2097 1247 2208 1313 Dei,
2257 1265 2525 1319 nunquam
2563 1253 2768 1322 accepit
2819 1255 3474 1323 potestatem-judicandi;

1885 1334 2007 1402 quia
2048 1351 2316 1406 nunquam
2337 1339 2508 1393 caruit
2538 1349 2799 1409 potestate
2831 1343 3100 1411 judicandi
3135 1361 3149 1397 :
3182 1344 3472 1398 secundum

1884 1424 2025 1492 quod
2054 1425 2216 1481 Filius
2244 1427 2496 1492 hominis,
2526 1432 2734 1501 accepit
2778 1441 2988 1500 tempus
3034 1435 3170 1486 sicut
3219 1435 3470 1489 nascendi

1884 1525 1938 1568 et
1960 1517 2212 1583 patiendi,
2244 1519 2382 1572 sicut
2406 1519 2665 1574 moriendi
2687 1530 2742 1574 et
2768 1521 3078 1590 resorgendi
3096 1530 3146 1576 et
3173 1524 3467 1576 ascenden-

1883 1605 1958 1670 di,
1990 1607 2058 1660 ita
2090 1609 2335 1664 veniendi
2370 1620 2422 1665 et
2448 1611 2740 1681 judicandi.
2771 1613 2906 1666 Dicit
2931 1614 2983 1666 in
3021 1614 3113 1667 illo
3140 1614 3236 1668 ista
3267 1625 3322 1669 et
3350 1630 3469 1669 cor-

1885 1710 1980 1763 pus
2007 1696 2122 1765 ejus
2148 1713 2162 1759 ;
2201 1713 2306 1752 non
2347 1701 2486 1753 enim
2528 1701 2645 1755 sine
2673 1701 2774 1755 illis
2797 1700 3056 1769 iudicabit
3084 1702 3250 1756 :dicit
3271 1705 3467 1774 quippe

1883 1786 1934 1839 in
1963 1787 2270 1857 Evangelia,
2305 1789 2552 1844 Sedebitis
2577 1808 2730 1859 super
2748 1791 3010 1845 duodecim
3040 1793 3199 1853 sedes,
3217 1793 3464 1862 judican-

1881 1885 1953 1928 tes
1985 1875 2250 1931 duodecim
2270 1881 2426 1935 tribus
2448 1879 2614 1935 Israel
2634 1880 2847 1954 (Matth.
2875 1898 2986 1946 XIX,
3014 1884 3130 1952 9.8).
3163 1883 3302 1953 Ergo
3325 1894 3466 1939 totus

1880 1964 2122 2022 Christus
2168 1969 2316 2034 dicit,
2373 1970 2424 2024 id
2472 1982 2553 2025 est
2590 1983 2750 2041 caput
2793 1981 2848 2026 et
2897 1987 3094 2042 corpus
3135 1975 3186 2028 in
3230 1976 3464 2042 sanctis,

1880 2055 2006 2110 Cum
2028 2074 2266 2128 accepero
2290 2071 2505 2131 tempus,
2538 2079 2628 2131 ego
2639 2063 2872 2132 iustitiae
2891 2064 3156 2133 judicabo.

1952 2145 2006 2200 6.
2035 2144 2184 2219 [υεη.
2208 2146 2288 2220 4.]
2317 2148 2473 2204 Modo
2502 2162 2679 2205 autem
2723 2152 2886 2221 quid?
2934 2153 3161 2222 Delituit
3209 2163 3362 2207 terra.
3409 2155 3465 2210 Si

1879 2232 2102 2289 deﬂuxit
2129 2244 2292 2303 terra,
2341 2237 2482 2294 unde
2522 2238 2743 2295 deﬂuxit
2774 2242 2873 2295 nisi
2924 2244 3198 2312 peccatis?
3247 2246 3369 2299 Ideo
3409 2256 3465 2300 et

1880 2325 2068 2382 delicta
2090 2329 2354 2384 dicuntur.
2389 2332 2709 2402 Delinquere
2728 2344 2831 2400 est,
2859 2343 3108 2404 tauquam
3136 2337 3203 2392 de
3221 2339 3420 2408 liquido
3445 2341 3462 2371 ί

1879 2419 2106 2487 quodam
2149 2421 2386 2478 deﬂuere
2451 2439 2480 2478 a
2528 2426 2818 2482 stabilitate
2893 2428 3210 2485 ﬁrmamenti
3257 2433 3465 2488 virtutis

1879 2524 2037 2581 atque
2063 2512 2301 2582 justitiae.
2332 2511 2652 2586 'Cupiditate
2693 2522 2833 2572 enim
2883 2521 3188 2576 inferiorum
3242 2525 3465 2594 quisque

1882 2614 2063 2672 pet-cat
2093 2623 2105 2657 :
2141 2606 2276 2659 sicut
2307 2606 2591 2661 roboratur
2615 2609 2872 2664 charitutc
2889 2613 3241 2680 superiorum,
3270 2616 3347 2670 sic
3372 2617 3467 2670 de—

1882 2693 2010 2759 ﬁcit,
2029 2703 2086 2748 et
2123 2696 2272 2764 quasi
2329 2697 2575 2766 liquescit
2618 2699 2906 2768 cupiditate
2936 2701 3266 2757 inferiorum.
3316 2706 3467 2761 llunc

1881 2784 2080 2839 ﬂuxum
2108 2803 2284 2840 rerum
2315 2788 2367 2842 in
2414 2793 2646 2857 peccatis
2676 2792 2950 2847 hominum
2975 2795 3256 2850 attendens
3299 2798 3466 2852 doaa-

1882 2886 1964 2930 tor
1993 2879 2314 2943 misericors,
2337 2881 2566 2936 donator
2594 2894 2953 2951 peccatorum,
2983 2887 3218 2943 nondum
3249 2902 3466 2948 exactor

1881 2969 2289 3037 suppliciorum,
2310 2971 2538 3026 attendit
2562 2983 2614 3026 et
2643 2973 2714 3027 ait
2747 2991 2761 3028 :
2787 2973 3013 3045 Deﬂua‘it
3035 2986 3199 3042 terra,
3228 2989 3275 3032 et
3297 2997 3466 3036 omnes

1879 3058 2213 3114 inhabitantes
2240 3061 2291 3114 in
2313 3077 2391 3114 ea.
2425 3062 2541 3132 Ipsa
2567 3066 2747 3132 utique
2771 3072 2910 3121 terra
2941 3066 3165 3120 deﬂuxit
3208 3070 3261 3122 in
3313 3071 3467 3124 habi-

1882 3149 2115 3203 tantibus
2149 3165 2227 3204 se.
2256 3151 2537 3220 ExpOsitio
2581 3163 2663 3207 est
2701 3169 3070 3224 consequens,
3107 3173 3210 3212 non
3245 3160 3465 3216 additio.

1881 3236 2155 3306 Tanquam
2188 3238 2232 3293 si
2257 3239 2466 3294 diceres
2507 3257 2520 3294 :
2555 3242 2834 3306 Quomodo
2873 3244 3093 3299 deﬂuxit
3122 3248 3308 3302 terra?
3344 3251 3468 3304 sub-

1882 3335 2048 3381 tracta
2070 3339 2195 3382 sunt
2225 3329 2586 3394 fundamenta,
2615 3341 2668 3385 et
2688 3332 2887 3401 aliquid
2914 3334 2964 3387 in
2989 3351 3047 3390 ea
3071 3335 3215 3389 hiatu
3236 3340 3466 3407 quodam

1880 3417 2183 3473 demersum
2211 3421 2326 3474 est?
2347 3421 2503 3486 Quod
2529 3422 2648 3475 dico
2681 3434 2897 3488 terram,
2921 3441 3094 3478 omnes
3135 3427 3468 3484 inhabitantes

1880 3510 1932 3562 in
1973 3527 2053 3564 ea.
2085 3510 2288 3577 Inveni,
2317 3512 2505 3582 inquit.
2561 3522 2755 3567 terram
2803 3516 3181 3583 peccatricem;
3233 3527 3285 3572 et
3340 3521 3467 3588 quid

1880 3601 2022 3657 feci?
2048 3602 2161 3674 Ego
2195 3606 2494 3672 conﬁrmavi
2526 3606 2784 3660 columnas
2819 3609 2945 3679 ejus.
2996 3609 3139 3676 Quas
3191 3612 3471 3671 columnas

1881 3692 2257 3747 conﬁrmavit?
2286 3695 2574 3749 Columnas
2595 3698 2881 3765 Apostolos
2903 3699 3030 3753 dicit
3060 3719 3073 3752 :
3099 3700 3173 3754 sic
3196 3704 3472 3772 apostolus

1882 3782 2078 3837 Paulus
2117 3783 2185 3838 de
2223 3783 2546 3853 coapostolis
2589 3787 2718 3850 suis,
2772 3786 2873 3853 Qui
2919 3788 3233 3855 videbantur,
3275 3793 3474 3860 inquit,

1880 3873 2129 3927 columna:
2155 3889 2262 3928 esse
2291 3872 2522 3943 (Gal.tt,
2553 3874 2631 3943 9).
2665 3876 2730 3929 Et
2779 3877 2904 3945 quid
2943 3889 3125 3932 essent
3177 3881 3280 3934 illa:
3320 3883 3470 3935 colu-

1881 3980 2040 4029 nune,
2062 3962 2160 4016 nisi
2182 3964 2248 4018 ab
2269 3964 2357 4018 illo
2374 3957 2709 4019 ﬁrmarentur
2727 3965 2747 4016 ?
2765 3966 2884 4035 quia
2899 3950 3124 4034 quodam
3151 3981 3305 4023 terra:
3321 3979 3473 4025 motu

1881 4056 2040 4109 etiam
2068 4056 2197 4123 ipsa:
2221 4055 2484 4109 columnas
2514 4065 2867 4117 notaverunt;
2900 4058 2949 4109 in
2983 4058 3229 4125 passione
3255 4059 3469 4115 Domini

1880 4162 2068 4204 omnes
2112 4147 2352 4216 Apostoli
2382 4147 2819 4215 desperaverunt.
2865 4148 3006 4218 Ergo
3048 4149 3312 4204 columna:
3367 4152 3470 4204 illa:

1879 4253 1998 4308 qua:
2029 4238 2275 4306 passione
2317 4237 2526 4292 Domini
2553 4247 2906 4301 notaverunt,
2939 4242 3331 4295 resurrectione
3371 4240 3468 4295 ﬁr-

1881 4339 2039 4384 matae.
2063 4339 2204 4383 sunt.
2248 4327 2507 4383 Clamavit
2535 4328 2742 4383 initium
2793 4329 3002 4384 mditicii
3049 4346 3144 4399 per
3193 4333 3472 4387 columnas

1880 4436 2028 4486 suas,
2084 4429 2140 4475 et
2174 4420 2228 4474 in
2256 4420 2334 4475 eis
2373 4419 2621 4474 omnibus
2674 4420 2941 4475 columnis
2988 4421 3310 4477 architectus
3356 4423 3470 4494 ipse

1881 4511 2153 4564 clamavit.
2209 4510 2465 4564 Columna
2511 4510 2650 4563 enim
2680 4527 2780 4562 una
2835 4520 2951 4564 erat
2997 4527 3062 4565 ex
3112 4512 3217 4568 illis
3272 4514 3471 4570 Paulus

1881 4603 2175 4672 apostolus,
2208 4617 2328 4656 cum
2357 4600 2561 4656 diceret
2593 4617 2606 4653 :
2639 4602 2716 4652 An
2747 4603 2893 4655 vultis
2922 4603 3315 4668 experimentum
3336 4607 3471 4658 acci-

1882 4709 1998 4759 pere
2016 4692 2145 4761 ejus,
2172 4691 2258 4760 qui
2279 4691 2328 4742 in
2354 4707 2432 4743 me
2459 4690 2680 4757 loquitur
2701 4689 2928 4744 Christus
2963 4691 3026 4762 (ll
3066 4690 3183 4746 Cor.
3218 4706 3332 4757 χιιι,
3361 4695 3415 4760 5)
3444 4694 3468 4747 i

1881 4782 2044 4852 Ergo,
2078 4779 2209 4851 Ego,
2249 4782 2435 4848 inquit,
2465 4782 2762 4848 con/innavi
2799 4781 3059 4835 columnas
3099 4783 3211 4851 ejus
3238 4800 3259 4837 :
3294 4800 3471 4838 resur-

1882 4875 2030 4938 rexi;
2064 4873 2278 4928 ostendi
2304 4883 2534 4927 mortem
2560 4889 2665 4927 non
2697 4889 2816 4929 esse
2851 4874 3226 4941 metuendam,
3261 4877 3472 4934 ostendi
3553 4885 3556 4888 ’

1883 4963 2187 5018 timentibus
2224 4977 2322 5017 nec
2349 4963 2523 5031 ipsum
2553 4978 2749 5032 corpus
2778 4964 2952 5031 perire
2996 4964 3049 5017 in
3101 4965 3470 5025 morientibus.

1880 5053 2209 5108 Terruerunt
2226 5068 2320 5108 eos
2353 5055 2572 5107 vulnera
2595 5071 2610 5118 ;
2645 5054 2991 5108 ﬁrmaverunt
3016 5056 3311 5110 cicatrices.
3337 5058 3472 5112 Pos-

1881 5153 1964 5197 set
1994 5144 2245 5196 Dominus
2269 5142 2423 5216 Jesus
2451 5143 2693 5198 Christus
2723 5144 2841 5198 sine
2877 5145 2980 5199 ulla
3009 5146 3258 5201 cicatrice
3289 5164 3473 5202 resur-

1880 5251 2042 5305 gere:
2076 5235 2200 5304 quid
2230 5231 2372 5288 enim
2405 5236 2476 5289 illi
2504 5238 2754 5305 potestati
2777 5253 3027 5306 magnum
3065 5250 3208 5303 erat,
3238 5240 3303 5293 ad
3357 5251 3474 5295 tan—

1883 5336 1990 5381 tam
2024 5329 2382 5396 integritatem
2435 5343 2748 5397 compagem
2804 5331 3046 5397 corporis
3095 5345 3367 5391 revocare.
3419 5343 3475 5390 ut

1882 5418 2085 5476 nullum
2114 5417 2332 5470 omnino
2363 5419 2641 5486 vestigium
2687 5419 2941 5486 prmteriti
2978 5419 3214 5472 vulneris
3251 5403 3469 5490 appare-

1883 5508 2006 5562 ret?
2035 5507 2276 5562 Habebat
2300 5517 2618 5575 potestatem
2659 5509 2799 5562 unde
2831 5509 2960 5563 illud
2984 5509 3145 5563 etiam
3182 5512 3298 5565 sine
3330 5511 3470 5566 cica-

1885 5601 2015 5654 trice
2042 5600 2406 5662 sanaret;sed
2447 5599 2644 5654 habere
2689 5600 2854 5656 voluit
2905 5601 3045 5658 unde
3090 5613 3340 5660 nutantes
3384 5620 3450 5666 ea

1883 5692 2094 5747 lumnas
2115 5694 2368 5745 lirmarct.

1953 5806 1970 5835 ⁸
1989 5801 2162 5854 Plures
2174 5808 2303 5864 uss,
2323 5801 2670 5864 tocoqaodatn.
