3990 6308
571 292 665 360 931

639 417 688 466 7.
739 413 888 481 [vt-rs.
913 410 993 485 5.]
1022 413 1331 469 Audivimus
1350 413 1481 484 jam,
1513 413 1724 478 fratres,
1757 415 1897 486 quod
1917 415 2154 486 quotidie

564 513 671 552 non
701 507 938 561 tacetur;
967 498 1242 552 audiamus
1264 497 1388 568 quid
1420 498 1735 553 clamaverit
1763 515 1856 567 per
1879 500 2155 552 columnas

566 586 680 643 bas.
703 589 939 660 Tempus
983 590 1228 645 audiendi
1259 599 1340 644 est
1393 599 1608 660 propter
1651 599 1906 645 terrorem
1961 591 2150 646 illum:

569 680 677 753 ligo
692 682 1198 753 justitiasjudicobo,
1229 699 1343 736 cum
1365 699 1604 751 accepero
1631 693 1844 755 tempus.
1880 683 1974 738 llle
2004 699 2154 738 acce-

571 784 752 838 ιιιιιτιιε
779 782 861 827 est
887 783 1098 843 tempus
1124 773 1360 840 justitias
1392 772 1661 841 judicandi
1690 789 1704 837 ;
1737 787 1831 826 vos
1861 773 1972 842 jam
2014 789 2154 827 nunc

565 864 770 918 habetis
798 875 1005 932 tempus
1041 862 1271 931 justitias
1302 861 1547 917 faciendi.
1575 864 1627 918 Si
1671 873 1886 929 taceret,
1918 879 2021 917 non
2060 864 2154 916 ha-

567 956 765 1010 beretis
791 957 916 1024 quid
945 956 1148 1018 facere;
1183 955 1274 1009 sed
1302 955 1630 1009 conﬁrmatis
1646 957 1907 1009 colmnnis
1932 957 2146 1009 clamat.

567 1049 704 1114 Quid
731 1047 961 1100 clamat?
988 1046 1112 1100 Dixi
1137 1047 1319 1116 iniquis
1348 1064 1366 1101 :
1406 1046 1580 1100 Nolite
1608 1049 1775 1117 inique
1797 1048 1979 1115 facere.
2022 1047 2149 1101 flla-

566 1149 694 1199 mat,
724 1137 916 1192 fratres
945 1139 1045 1191 mei
1066 1154 1081 1202 ;
1104 1149 1248 1192 certe
1273 1139 1534 1194 clama'is.
1565 1138 1795 1191 delectat.
1822 1153 1914 1189 vos
1933 1179 1945 1198 ,
1971 1137 2151 1193 audite

561 1231 899 1284 clamantem.
926 1232 1027 1284 Per
1049 1230 1219 1299 ipsom
1241 1232 1485 1294 obsecro,
1520 1240 1710 1285 terreat
1743 1247 1836 1285 vos
1869 1233 1964 1284 ista
1999 1247 2100 1284 rex
2129 1247 2142 1283 :

562 1339 667 1376 non
709 1332 815 1377 tam
863 1339 960 1376 nos
1009 1333 1201 1376 vestrm
1242 1325 1356 1376 ista!
1403 1339 1562 1377 voces
1600 1326 1863 1377 delectare
1913 1324 2146 1385 debent,

560 1430 719 1483 quam
751 1431 846 1468 vos
876 1415 991 1468 istic
1016 1428 1236 1468 terrere.
1270 1413 1395 1467 Dixi
1420 1414 1602 1485 iniquis
1623 1430 1641 1466 :
1663 1414 1837 1468 Nolite
1856 1415 2026 1483 inique
2070 1417 2150 1485 fa-

558 1521 687 1559 cere.
719 1504 823 1559 Sed
851 1504 959 1571 jam
977 1505 1236 1568 fecerunt,
1264 1515 1317 1560 et
1332 1505 1410 1559 rei
1441 1515 1596 1569 sunt;
1620 1506 1729 1574 jam
1758 1505 1970 1571 deﬂuxit
1993 1516 2146 1572 terra,

558 1607 610 1650 et
627 1613 799 1651 omnes
819 1596 1156 1651 inhabitantes
1192 1598 1244 1650 in
1268 1614 1348 1650 ea.
1373 1597 1686 1666 Compuneti
1727 1607 1850 1651 sunt
1869 1597 2032 1651 corde
2059 1598 2150 1667 qui

560 1688 835 1743 Christum
862 1689 1270 1753 crueilixerunt;
1299 1699 1632 1758 agnoverunt
1661 1701 1937 1758 peceatum
1969 1703 2146 1754 Suum,

558 1783 863 1840 didicerunt
905 1783 1101 1854 aliquid
1151 1783 1220 1836 ab
1254 1783 1548 1852 Apostolis,
1582 1799 1650 1836 ne
1694 1782 2045 1852 desperarent
2082 1782 2150 1835 de

559 1868 887 1946 indulgentia
917 1874 1323 1944 prtedieatoris'
1376 1873 1508 1947 (Aet.
1544 1891 1602 1941 ιι,
1631 1876 1720 1941 57,
1753 1876 1871 1948 58).
1914 1875 2149 1930 Medicus

556 1969 700 2022 enim
719 1976 959 2033 venerat,
987 1980 1041 2022 et
1066 1968 1184 2022 ideo
1208 1982 1313 2022 non
1341 1968 1407 2021 ad
1435 1984 1596 2024 sanos
1615 1977 1833 2024 venerat
1861 1986 1874 2022 :
1905 1967 2026 2022 Non
2053 1978 2146 2031 est,

558 2060 748 2130 inquit,
775 2076 903 2129 apns
931 2063 1070 2113 sanis
1096 2059 1338 2122 medicus,
1385 2061 1475 2114 sed
1498 2061 1630 2114 male
1655 2060 1990 2122 trahentibus;
2047 2075 2149 2114 non

555 2152 666 2205 veni
686 2152 1058 2221 vocarejustos,
1076 2151 1165 2205 sed
1181 2160 1462 2221 peccatores
1483 2151 1552 2205 ad
1571 2153 1912 2223 penitentiam
1934 2150 2144 2222 (Matth.

565 2257 640 2307 iv,
671 2242 739 2296 12
756 2251 802 2296 et
827 2241 940 2310 l3).
974 2241 1136 2311 Ergo,
1173 2241 1298 2296 Dixi
1321 2243 1511 2308 iniquis
1537 2259 1554 2297 :
1585 2241 1760 2297 Nolite
1774 2243 1944 2313 inique
1958 2247 2142 2313 facere.

559 2331 675 2387 Non
701 2332 1001 2388 audierunt.
1029 2332 1168 2387 Olim
1196 2334 1338 2388 enim
1365 2334 1520 2388 nobis
1545 2333 1746 2389 dictum
1764 2343 1848 2390 est
1873 2350 1890 2400 ;
1919 2349 2023 2388 non
2052 2350 2147 2387 an~

555 2427 808 2489 dicimus,
835 2425 969 2494 lapsi
991 2440 1196 2490 sumus,
1217 2425 1469 2480 mortales
1496 2424 1639 2492 facti,
1669 2425 1926 2480 mortales
1945 2425 2141 2495 geniti:

555 2516 768 2585 deﬂuxit
808 2524 964 2570 terra.
1008 2513 1242 2570 Audiam
1270 2515 1352 2570 vel
1391 2515 1571 2580 modo,
1603 2525 1659 2570 ut
1694 2524 1935 2587 surgant,
1978 2516 2147 2571 medi-

553 2623 675 2661 cum
693 2606 784 2677 qui
808 2607 954 2661 venit
977 2605 1043 2661 ad
1073 2606 1378 2677 languidum
1423 2625 1437 2658 :
1472 2623 1630 2676 quem
1659 2608 1943 2664 noluerunt
1957 2608 2145 2664 audire

551 2697 686 2760 sani,
720 2704 778 2750 ut
815 2712 921 2751 non
966 2697 1256 2760 caderent;
1285 2697 1505 2752 audiant
1523 2700 1786 2768 iacentes,
1811 2708 1868 2754 ut
1898 2709 2142 2770 surgant.

559 2788 681 2842 Dixi
704 2788 890 2857 iniquis
923 2805 943 2841 :
980 2786 1151 2842 Nolite
1174 2788 1343 2856 inique
1362 2787 1547 2857 facere.
1578 2788 1714 2856 Quid
1746 2789 1955 2860 agimus
1981 2807 1996 2843 :
2023 2788 2140 2844 Jam

551 2879 793 2934 fecimus.
825 2879 893 2934 Et
921 2879 1322 2948 delinquentibus
1352 2896 1372 2935 :
1400 2878 1579 2934 Nolite
1619 2881 1844 2936 exaltare
1871 2898 2029 2936 cornu
2053 2899 2141 2936 re-

547 2981 708 3024 strum
742 2972 786 3022 '.
827 2969 964 3040 Quid
1016 2979 1101 3026 est
1157 2970 1296 3027 hoc?
1339 2971 1395 3027 Si
1426 2971 1627 3027 fecistis
1670 2973 2000 3044 iniquitatem
2044 2990 2142 3043 per

546 3061 910 3130 cupiditatem,
959 3061 1123 3116 nolite
1161 3077 1280 3116 eam
1329 3060 1620 3119 defendere
1665 3078 1761 3133 per
1803 3064 2135 3120 elationem:

545 3152 897 3220 conﬁtemini,
929 3152 974 3208 si
1006 3152 1228 3209 fecistis.
1268 3153 1370 3223 Qui
1398 3155 1542 3211 enim
1588 3172 1693 3210 non
1729 3157 2035 3226 conﬁtetur,
2084 3167 2140 3215 et

546 3243 761 3313 iniquus
783 3252 887 3308 est,
917 3243 940 3276 ³
965 3243 1164 3301 exaltat
1181 3259 1370 3301 cornu.
1419 3245 1542 3300 Dixi
1577 3247 1764 3318 iniquis
1786 3264 1805 3302 :
1830 3247 2005 3304 Nolite
2031 3250 2150 3327 ini-_

543 3351 639 3405 que
661 3339 866 3406 facere;
898 3345 944 3388 et
978 3335 1384 3408 delinquentibus
1420 3352 1441 3390 :
1493 3336 1671 3392 Nolite
1698 3340 1924 3394 exaltare
1974 3358 2134 3396 cornu

541 3433 778 3478 vestrum.
829 3425 1163 3480 Esaltabitur
1190 3426 1243 3481 in
1285 3426 1439 3483 vobis
1475 3442 1643 3483 cornu
1686 3428 1905 3493 Christi,
1944 3432 1988 3485 si
2025 3448 2132 3488 non

541 3515 809 3570 exaltetur
838 3529 1005 3570 cornu
1045 3526 1300 3571 vestrum.
1334 3514 1514 3572 Cornu
1549 3528 1803 3574 vestrum.
1829 3521 1896 3574 de
1936 3522 2132 3592 iniqui-

541 3613 651 3661 tate
697 3613 782 3660 est
806 3621 823 3670 ;
855 3620 1021 3660 cornu
1049 3606 1242 3662 Christi
1269 3607 1337 3664 de
1364 3609 1664 3677 majestate.

615 3695 670 3749 8.
701 3694 852 3768 [verm
879 3694 1025 3768 6-8.]
1071 3695 1248 3752 Nolite
1265 3715 1382 3768 ergo
1401 3697 1573 3766 επεν·τί
1598 3715 1617 3754 :
1641 3717 1704 3756 ne
1729 3701 2007 3771 loquamini
2030 3705 2130 3759 atl-

537 3803 710 3842 uersus
738 3786 897 3843 Deum
922 3790 1254 3861 iniquitatem.
1287 3793 1481 3848 Audite
1495 3792 1606 3862 jam
1627 3810 1789 3850 voces
1804 3798 2090 3852 multorum
2109 3816 2124 3863 ;

543 3876 728 3930 audiat
755 3879 1147 3950 unusquisque.
1177 3891 1232 3936 et
1260 3892 1544 3953 pungatur.
1575 3883 1711 3951 Quid
1743 3886 1919 3941 solent
1947 3888 2123 3942 Immi-

540 3982 637 4023 nes
661 3967 839 4023 dicere
858 3968 884 4022 ‘l
907 3969 1042 4024 Vere
1059 3970 1265 4040 judicat
1305 3972 1445 4028 Deus
1474 3972 1544 4028 de
1564 3974 1724 4029 rebus
1765 3974 2044 4032 humanis?
2073 3989 2128 4034 et

539 4067 623 4113 est
657 4058 784 4114 illud
801 4059 1060 4130 judicium
1094 4062 1187 4118 Dei
1209 4062 1269 4116 ‘t
1306 4072 1398 4118 aut
1427 4079 1556 4118 vero
1588 4075 1742 4121 curat
1767 4067 1894 4138 quid
1936 4081 2126 4140 agatur

540 4152 591 4206 in
619 4153 797 4207 terra?
825 4153 956 4208 Tam
985 4154 1139 4209 multi
1182 4154 1347 4225 iniqui
1390 4155 1693 4212 redundant
1739 4158 2117 4225 felicitatibus;

538 4243 852 4298 innocentes
896 4254 1212 4313 premuntur
1276 4245 1583 4302 laboribus!
1650 4248 1757 4304 Sed
1812 4250 1888 4304 illi
1929 4253 2125 4308 accidit

533 4333 718 4390 nescio
743 4333 869 4405 quid
915 4335 1064 4402 mali,
1091 4335 1393 4405 castigante
1432 4336 1544 4392 Deo
1591 4348 1649 4393 et
1692 4338 2038 4409 admonente,
2069 4353 2123 4398 et

534 4425 681 4479 novit
706 4422 1092 4480 conscientiam
1125 4440 1312 4488 suam;
1347 4428 1494 4482 novit
1521 4443 1618 4497 pro
1645 4431 1838 4485 merito
1867 4443 2120 4503 peccato-

529 4529 647 4569 rum
671 4529 890 4571 suorum
930 4515 1130 4586 aliquid
1180 4531 1240 4571 se
1286 4519 1489 4586 perpeti
1540 4534 1699 4589 posse
1730 4539 1747 4577 :
1775 4523 1918 4579 unde
1954 4540 2118 4595 argu-

528 4615 798 4660 mentatur
820 4606 1082 4661 adversus
1123 4608 1332 4662 Deum?
1379 4609 1511 4676 Quia
1540 4627 1644 4664 non
1680 4623 1857 4680 potest
1895 4616 2076 4671 dicere
2099 4660 2115 4684 ,

523 4699 707 4752 Justus
735 4712 888 4762 sum;
920 4698 1048 4768 quid
1078 4709 1328 4768 putamus
1356 4716 1476 4754 eum
1499 4701 1722 4758 dicere?
1751 4706 1887 4760 Sunt
1910 4710 2117 4777 pejores

526 4788 713 4858 iniqui,
741 4798 794 4843 et
821 4798 998 4844 tamen
1030 4790 1132 4844 ista
1161 4807 1266 4846 non
1285 4802 1579 4862 patiuntur.
1613 4795 1738 4851 llaec
1760 4809 1844 4854 est
1868 4802 2117 4870 iniquitas

522 4895 682 4946 quam
707 4879 1002 4950 loquuntur
1031 4879 1276 4938 homines
1299 4882 1557 4940 adversus
1587 4887 1773 4942 Deum.
1803 4889 1990 4947 Videte
2019 4909 2116 4948 au-

525 4983 632 5026 tem
658 4986 819 5042 quam
856 4971 1095 5042 iniquum
1135 4975 1204 5028 sit
1239 4975 1404 5030 :dum
1448 4991 1507 5031 se
1533 4979 1645 5033 vult
1682 4982 1886 5049 justum
1922 4985 2110 5054 videri,

523 5063 672 5119 illum
705 5064 833 5119 facit
869 5065 1148 5134 injustam.
1180 5067 1279 5135 Qui
1324 5070 1465 5122 enim
1510 5070 1658 5136 dicit,
1709 5072 1894 5142 Inique
1938 5080 2112 5144 patior

528 5155 669 5226 quod
698 5156 909 5226 patior;
948 5158 1094 5212 illum
1123 5160 1359 5229 iniquum
1387 5160 1512 5216 facit
1551 5165 1706 5232 cujus
1741 5165 1943 5234 judicio
1969 5172 2110 5239 pati-

525 5257 632 5312 tur,
673 5263 734 5303 se
761 5256 938 5302 autem
966 5249 1170 5318 justum
1206 5251 1295 5320 qui
1319 5252 1498 5320 inique
1550 5258 1767 5323 patitur.
1820 5258 1968 5328 Rogo
1991 5277 2106 5326 vos,

523 5344 715 5396 fratres
745 5343 873 5407 mei,
907 5358 1116 5412 aequum
1147 5344 1375 5410 esthoc,
1407 5355 1464 5398 ut
1509 5347 1648 5402 lleus
1678 5349 1926 5404 credatur
1971 5353 2108 5421 inju-

576 5496 591 5526 '
623 5493 810 5557 Aliquot
832 5502 960 5552 “$5.,
983 5503 1272 5559 peccatores.

577 5559 597 5626 ξ
621 5564 740 5626 vos,
767 5563 990 5626 vestrum,
1015 5559 1093 5607 hic
1112 5567 1164 5608 et
1188 5559 1307 5626 intra
1331 5560 1473 5610 abest
1491 5574 1517 5609 a
1537 5561 1786 5626 plerisque
1807 5570 1914 5616 Mss.

577 5619 597 5684 ξ
621 5618 754 5684 Hild,
779 5626 824 5684 e_t_
847 5618 1029 5668 exultat
1053 5633 1220 5670 coma.
1245 5623 1392 5684 abest
1409 5618 1661 5684 particula,
1685 5618 1747 5682 et,
1773 5640 1801 5675 τι
1819 5634 1926 5677 Mss.

573 5681 593 5708 δ
618 5681 690 5726 sic
713 5678 942 5749 tttellnt‘t‘s
963 5687 1070 5730 Mss.
1111 5691 1162 5728 Αι
1201 5683 1313 5731 Edd.
1333 5697 1360 5754 :_
1394 5678 1513 5754 fere
1530 5697 1628 5754 non
1648 5678 1851 5782 iudicat
1879 5698 2005 5741 Deus
2039 5689 2102 5742 de

573 5742 654 5782 bus
676 5741 909 5782 hnmmns,
945 5750 994 5782 rt
1014 5749 1083 5782 est
1105 5742 1256 5782 ultum
1281 5752 1359 5782 nm
1382 5745 1621 5782 υηίηιυηη
1645 5749 1656 5760 '

509 5747 547 5783 ι’.
565 5742 654 5790 bus
675 5741 911 5791 inanimis.
940 5750 994 5792 ει
1014 5749 1083 5793 εει
1105 5742 1258 5794 ultum
1273 5745 1360 5794 Dei
1372 5743 1622 5807 judicium
1642 5741 1656 5799 Ξ

1775 303 1834 361 S.
1875 300 2243 362 AUGUSTINI
2284 306 2586 366 EPISCOPI

3743 327 3842 388 93')

2265 429 2400 484 stus,
2431 432 2485 476 tu
2507 424 2725 493 justus?
2768 425 2901 484 Cum
2941 439 3118 489 autem
3142 431 3262 490 haec
3285 434 3440 502 dicis,
3488 439 3721 511 loqueris
3751 445 3832 496 ad-

2267 525 2455 566 versus
2484 513 2649 569 Deum
2682 517 3037 589 iniquitatem.

2333 602 2387 657 9.
2417 602 2551 670 Quid
2589 605 2716 662 dicit
2758 609 2808 662 in
2855 611 2960 664 alio
2993 613 3241 681 psalmo?
3267 617 3396 672 Han:
3424 618 3589 686 fecisti
3615 638 3634 676 :
3657 638 3835 678 nume-

2261 693 2389 746 ratis
2415 695 2729 763 quibusdam
2760 703 3008 770 peccatis.
3038 705 3184 772 llaec,
3218 709 3409 779 inquit,
3434 713 3617 782 fecisti,
3674 725 3722 768 et
3764 724 3835 768 tn-

2260 783 2362 837 cui.
2407 785 2541 853 Quid
2570 797 2672 855 est,
2701 792 2880 845 tacui?
2924 793 3202 866 Nunquam
3249 808 3389 856 tacet
3417 814 3706 872 praecepto,
3746 809 3832 860 sed

2259 874 2472 930 interim
2506 886 2644 933 tacet
2671 882 2929 951 supplicio
2954 900 2966 947 ;
2996 887 3220 955 quiescit
3247 903 3276 941 a
3305 890 3556 955 vindicta,
3587 909 3691 947 non
3721 909 3832 962 pro.

2259 967 2360 1020 fert
2384 968 2436 1021 in
2453 969 2760 1026 damnatum
2788 978 3126 1031 sententiam.
3150 976 3256 1034 Sed
3287 979 3389 1035 hoc
3411 981 3499 1036 ille
3523 983 3649 1038 dicit
3674 1003 3688 1038 :
3718 985 3836 1039 Feci

2259 1059 2344 1112 illa
2375 1070 2429 1113 et
2457 1061 2563 1126 illa,
2596 1073 2650 1118 et
2678 1079 2782 1119 non
2815 1065 3100 1122 vindicavit
3139 1070 3311 1138 Deus;
3363 1088 3489 1128 ecce
3511 1089 3672 1130 sanus
3697 1092 3832 1140 sum,

2257 1148 2388 1202 nihil
2418 1153 2539 1206 mali
2569 1155 2789 1224 contigit
2816 1157 2968 1214 mihi.
3006 1157 3136 1213 Haec
3170 1162 3354 1232 fecisti,
3385 1173 3434 1219 et
3471 1166 3649 1221 tacui:
3669 1169 3833 1237 suspi-

2256 1251 2399 1295 catus
2426 1258 2477 1294 es
2502 1243 2832 1313 iniquitatem,
2881 1247 3020 1318 quod
3050 1266 3135 1303 ero
3178 1251 3266 1306 tibi
3302 1254 3502 1309 similis.
3547 1255 3686 1323 Quid
3734 1268 3833 1324 est,

2255 1331 2391 1400 quod
2434 1349 2517 1387 ero
2546 1333 2634 1388 tibi
2653 1337 2874 1392 similis?
2911 1338 3042 1407 Quia
3071 1349 3122 1395 tu
3151 1341 3364 1414 iniquus
3391 1361 3469 1412 es,
3517 1357 3573 1401 et
3614 1363 3699 1401 me
3735 1348 3833 1402 iui-

2255 1439 2418 1491 quum
2445 1425 2637 1494 putasti
2660 1445 2674 1489 ;
2700 1438 2949 1499 tanquam
2975 1435 3382 1503 approbatorem
3407 1437 3698 1494 facinorum
3725 1452 3812 1496 tuo

2255 1529 2396 1582 rum,
2426 1531 2530 1570 non
2561 1518 2958 1578 ad—versatorcm
2983 1524 3022 1590 ¹,
3044 1540 3149 1579 ηοη
3179 1527 3425 1586 ultorem.
3445 1529 3509 1583 Et
3532 1531 3660 1601 quid
3686 1541 3832 1602 post-

2255 1621 2317 1661 ea
2367 1607 2459 1662 tibi
2490 1609 2661 1665 dicit?
2716 1615 2939 1682 Arguam
2964 1625 3032 1681 te,
3059 1625 3105 1670 et
3120 1619 3420 1672 constituam
3445 1630 3492 1674 te
3517 1631 3634 1676 ante
3659 1625 3833 1693 faciem

2255 1711 2394 1753 tuam
2421 1700 2590 1771 (Psal.
2619 1721 2764 1772 1tth,
2786 1704 2899 1777 2|).
2932 1708 3065 1776 Quid
3090 1718 3173 1764 est
3196 1710 3338 1764 hoc?
3362 1712 3494 1779 Quia
3523 1714 3682 1769 modo
3711 1730 3822 1786 pec-

2253 1791 2424 1846 cando
2446 1801 2566 1862 post
2592 1803 2735 1866 terga
2768 1809 2816 1851 te
2845 1800 3018 1867 ponis,
3047 1815 3151 1855 non
3179 1810 3230 1857 te
3259 1802 3427 1867 vides,
3460 1819 3563 1859 non
3589 1815 3640 1861 te
3669 1807 3826 1876 inspi-

2253 1880 2360 1948 cis;
2395 1899 2494 1953 ego
2514 1892 2567 1940 te
2607 1901 2799 1955 ponam
2833 1900 2956 1944 ante
2974 1900 3046 1956 te,
3093 1901 3147 1946 et
3175 1891 3364 1954 faciam
3391 1894 3486 1949 tibi
3513 1895 3831 1966 supplicium

2253 1970 2322 2027 de
2349 1982 2419 2027 te.
2448 1973 2538 2031 Sic
2559 1986 2611 2031 et
2641 1977 2743 2033 hic.
2774 1977 2860 2033 Ne
2883 1980 3160 2051 loquamini
3184 1984 3429 2041 adversus
3456 1984 3619 2040 Deum
3644 1987 3830 2058 iniquio

2252 2073 2423 2118 tatem.
2451 2069 2744 2150 Attendite.
2776 2070 2924 2126 Multi
2951 2082 3127 2128 autem
3155 2074 3444 2147 loquuntur
3461 2075 3616 2133 istam
3643 2079 3829 2150 iniquio

2254 2164 2414 2211 tatem
2441 2174 2456 2222 ;
2497 2158 2590 2213 sed
2620 2176 2726 2215 non
2757 2162 2956 2218 audent
2981 2164 3175 2234 palam,
3205 2182 3273 2221 ne
3303 2166 3600 2238 blasphemi
3637 2169 3830 2224 extror-

2250 2257 2472 2303 reantur
2497 2249 2564 2304 ab
2591 2249 2894 2308 hominibus
2920 2254 3020 2323 piis
3050 2272 3064 2307 :
3095 2255 3147 2309 in
3169 2256 3332 2312 corde
3356 2273 3453 2313 suo
3482 2260 3582 2313 ista
3617 2259 3828 2324 rodunt,

2251 2336 2394 2394 intus
2421 2341 2510 2394 tali
2541 2341 2746 2397 nefario
2783 2344 2905 2398 cibo
2928 2356 3249 2415 pascuntur;
3287 2347 3516 2403 delectat
3553 2365 3647 2406 eos
3689 2349 3828 2420 loqui

2249 2433 2508 2489 adversus
2553 2435 2742 2502 Deum,
2784 2447 2841 2492 et
2875 2439 2918 2491 si
2964 2455 3069 2492 non
3100 2451 3385 2510 erumpunt
3428 2441 3622 2512 lingua,
3673 2442 3827 2499 corde

2251 2539 2354 2576 non
2379 2533 2572 2579 tacent.
2605 2525 2756 2581 Unde
2778 2527 2830 2580 in
2858 2528 2966 2582 alio
2993 2529 3198 2597 psalmo
3219 2530 3410 2586 dicitur
3435 2549 3448 2584 :
3483 2531 3627 2586 Dixit
3652 2535 3827 2588 stultus

2248 2615 2301 2669 in
2327 2617 2479 2672 corde
2499 2634 2612 2683 suo,
2660 2617 2780 2674 Non
2810 2630 2883 2675 est
2907 2620 3041 2675 Deus
3064 2621 3232 2694 (Psal.
3263 2640 3380 2694 snt,
3416 2625 3488 2694 l).
3534 2623 3678 2679 Dixit
3705 2627 3826 2679 stul-

2249 2716 2367 2767 tus;
2415 2708 2509 2761 sed
2536 2708 2783 2764 homines
2813 2711 3026 2766 timuit:
3051 2713 3221 2767 noluit
3247 2714 3426 2770 dicere
3460 2715 3547 2769 ubi
3587 2715 3825 2771 audirent

2250 2795 2530 2862 homines;
2577 2809 2631 2853 et
2656 2799 2728 2854 ibi
2757 2800 2910 2866 dixit,
2957 2803 3045 2856 ubi
3071 2803 3282 2859 audiret
3310 2806 3424 2875 ipse
3449 2805 3516 2860 de
3540 2822 3646 2875 quo
3671 2806 3825 2861 dixit.

2247 2887 2533 2958 Propterea
2561 2900 2614 2945 et
2642 2891 2728 2946 hic
2750 2892 2799 2946 in
2822 2892 2922 2947 isto
2941 2894 3171 2964 psalmo,
3186 2895 3508 2962 rharissimi,
3541 2897 3822 2962 intendite,

2245 2980 2494 3047 quoniam
2526 2980 2627 3036 hoc
2656 2981 2796 3052 quod
2826 2983 2980 3051 dixit,
3027 2984 3199 3039 Nolite
3227 2986 3365 3057 loqui
3388 2987 3624 3043 adversus
3661 2988 3822 3043 Deum

2243 3071 2573 3141 iniquitatem,
2621 3073 2747 3128 vidit
2778 3075 2972 3130 multos
3016 3075 3117 3130 hoc
3146 3077 3200 3131 in
3225 3077 3388 3133 corde
3428 3094 3610 3150 agere,
3650 3091 3706 3135 et.
3733 3083 3824 3135 ad-

2241 3163 2412 3232 junxit
2435 3181 2450 3217 :
2487 3163 2738 3230 Quoniam
2758 3183 2915 3239 neque
2935 3167 2996 3220 ab
3027 3169 3238 3236 oriente,
3283 3187 3440 3241 neque
3467 3171 3528 3224 ab
3549 3172 3824 3238 occidente,

2241 3272 2398 3328 neque
2421 3273 2455 3309 a
2497 3257 2706 3311 desertis
2735 3260 3024 3328 montium;
3068 3264 3304 3330 quoniam
3344 3263 3485 3319 Deus
3520 3265 3687 3337 judea:
3727 3278 3824 3323 est.

2240 3345 2582 3418 lniqnitatum
2614 3357 2822 3404 tuarum
2847 3351 3008 3420 judcs
3040 3353 3180 3408 Deus
3205 3364 3308 3410 est.
3337 3353 3392 3411 Si
3420 3356 3558 3411 Dens
3577 3369 3680 3423 est,
3706 3359 3825 3412 ubi-

2237 3454 2343 3509 que
2368 3453 2605 3508 praesens
2633 3451 2735 3496 est.
2777 3441 2894 3509 Quo
2921 3453 2972 3498 te
2999 3442 3210 3499 auferes
3237 3446 3305 3500 ab
3325 3447 3496 3502 oculis
3524 3448 3636 3512 Dei,
3683 3461 3740 3504 ut
3771 3453 3822 3504 in

2238 3541 2388 3600 parte
2435 3533 2612 3604 aliqua
2655 3534 2891 3605 loquaris
2928 3537 3068 3607 quod
3119 3539 3207 3595 ille
3245 3554 3350 3594 non
3401 3543 3618 3597 audiat?
3669 3544 3726 3596 Si
3757 3546 3824 3600 ab

2235 3625 2443 3680 oriente
2467 3623 2671 3694 judicat
2718 3628 2878 3695 Deus,
2925 3628 3118 3685 secede
3156 3631 3208 3684 in
3249 3633 3600 3698 occidentem,
3643 3646 3698 3690 et
3736 3636 3823 3691 die

2233 3714 2490 3784 quidquid
2533 3716 2615 3771 vis
2639 3716 2898 3773 adversus
2928 3719 3093 3774 Deum
3119 3737 3154 3782 τί
3179 3721 3221 3775 si
3251 3722 3319 3776 ab
3345 3723 3640 3791 occidente,
3686 3725 3823 3780 vade

2233 3805 2288 3858 in
2313 3807 2598 3872 orientem,
2643 3816 2697 3862 et
2727 3809 2796 3863 ibi
2843 3808 3097 3880 loquere;
3147 3812 3190 3866 si
3220 3828 3250 3866 a
3291 3813 3520 3870 desertis
3559 3817 3821 3872 montium

2227 3895 2452 3965 judicat,
2472 3898 2672 3953 vadein
2707 3901 2938 3954 medium
2965 3903 3303 3971 populorum,
3331 3905 3417 3961 ubi
3450 3907 3541 3962 tibi
3569 3909 3821 3964 submur-

2231 4005 2430 4044 mures.
2475 3991 2550 4045 De
2589 3991 2738 4046 nullo
2779 3992 3182 4063 loco'judicat,
3217 3998 3303 4067 qui
3340 3998 3536 4070 ubique
3580 4012 3820 4058 secretus

2229 4090 2331 4143 est,
2366 4081 2563 4153 ubique
2590 4082 2875 4151 publicus;
2920 4102 3077 4156 quem
3109 4088 3235 4142 nulli
3274 4089 3398 4143 licet
3433 4099 3489 4143 ut
3508 4099 3594 4146 est
3615 4108 3819 4164 cogno-

2228 4191 2399 4239 scere,
2431 4187 2486 4231 et
2510 4193 2670 4247 qnem
2703 4196 2860 4234 nemo
2886 4183 3214 4250 permittitur
3237 4186 3503 4255 ignorare.
3538 4187 3670 4245 Vide
3690 4192 3818 4261 quid

2227 4284 2373 4337 agas.
2421 4270 2680 4341 Loqueris
2707 4273 2963 4329 adversus
2993 4276 3157 4331 Deum
3192 4280 3545 4348 iniquitatem.
3587 4282 3819 4354 Spiritus

2229 4360 2438 4414 Domini
2463 4364 2670 4434 repleuit
2696 4365 2864 4420 orbem
2904 4377 3155 4422 terrarum
3189 4369 3328 4439 (alia
3371 4373 3642 4442 Scriptura
3687 4376 3819 4432 dicit

2228 4455 2384 4524 hoc);
2408 4468 2453 4510 et
2481 4457 2575 4511 hoc
2593 4461 2730 4528 quod
2755 4460 2971 4513 continet
2989 4466 3157 4515 omnia
3177 4465 3435 4519 scientiam
3462 4467 3608 4520 liabet
3637 4470 3774 4522 vocis
3797 4483 3820 4525 :

2226 4559 2433 4616 propter
2460 4549 2556 4602 Itoc
2579 4551 2666 4618 qui
2691 4551 2916 4620 loquitur
2941 4554 3135 4620 iniqua,
3164 4571 3263 4608 non
3292 4568 3450 4624 potest
3471 4558 3629 4612 latere
3652 4559 3814 4631 (Sep.

2225 4652 2261 4699 ι.
2282 4639 2376 4692 ’ἵει
2393 4639 2473 4709 8).
2506 4640 2622 4694 Noli
2646 4657 2773 4708 ergo
2790 4643 3024 4712 cogitare
3057 4644 3223 4699 Deum
3251 4647 3301 4699 in
3336 4647 3492 4710 locis;
3525 4649 3614 4704 ille
3638 4661 3815 4708 tecum

2223 4738 2306 4782 est
2332 4729 2474 4792 talis,
2522 4731 2695 4798 qualis
2725 4732 2911 4786 fueris.
2941 4733 3076 4799 Quid
3103 4745 3186 4788 est
3209 4736 3347 4798 talis,
3391 4739 3562 4807 qualis
3606 4739 3812 4796 fueris?

2225 4819 2433 4880 Bonus.
2477 4823 2522 4875 si
2555 4824 2726 4878 bonus
2760 4823 2950 4882 fueris:
2998 4835 3054 4879 et
3092 4826 3264 4880 malus
3306 4828 3396 4881 tibi
3445 4830 3733 4895 videbitur,
3769 4835 3812 4888 si

2221 4914 2394 4967 malus
2429 4914 2590 4968 fueris
2613 4916 2737 4970 :scd
2766 4916 3054 4986 cpitulator
3077 4921 3121 4972 si
3157 4919 3326 4973 bonus
3349 4921 3543 4986 fueris;
3596 4925 3742 4979 ultor
3769 4929 3813 4980 si

2221 5004 2389 5057 malus
2410 5005 2592 5060 lueris.
2619 5005 2694 5059 lbi
2719 5006 2884 5060 habes
2908 5007 3142 5074 judicent
3162 5011 3213 5061 in
3237 5020 3567 5067 secretotuo.
3611 5014 3814 5072 Volens

2219 5094 2397 5150 facere
2423 5095 2622 5166 aliquid
2651 5097 2798 5160 tituli,
2843 5097 2910 5151 de
2951 5099 3162 5167 puldieo
3189 5100 3379 5169 recipis
3407 5110 3457 5154 te
3499 5104 3549 5155 iu
3586 5103 3810 5160 domum

2217 5197 2386 5252 tuam,
2418 5186 2505 5240 ubi
2546 5204 2702 5241 nemo
2732 5189 3066 5242 inimicorum
3095 5190 3307 5250 videat;
3358 5192 3425 5245 de
3458 5193 3587 5247 locis
3614 5195 3808 5250 domus

2216 5289 2321 5332 tum
2353 5279 2612 5348 promptis
2638 5290 2691 5332 et
2721 5279 2771 5332 in
2800 5281 2986 5332 faciem
3030 5280 3352 5340 constitutis.
3394 5297 3638 5339 reinoves
3671 5296 3724 5340 te
3756 5291 3807 5341 in

2215 5369 2552 5431 cubiculum;
2591 5370 2748 5422 times
2773 5379 2822 5422 et
2867 5369 2917 5422 in
2953 5370 3197 5424 cubiculo
3247 5372 3460 5428 aliunde
3501 5377 3802 5441 conscium,

2219 5462 2429 5518 secedis
2456 5462 2506 5514 in
2537 5477 2631 5514 cor
2649 5472 2816 5523 tuum,
2849 5461 2918 5514 ibi
2935 5460 3220 5516 'mcditaris
3252 5480 3263 5512 :
3299 5463 3386 5516 ille
3401 5465 3562 5518 corde
3590 5475 3683 5519 tuo
3718 5469 3804 5520 in-

2217 5554 2380 5607 terior
2399 5561 2502 5604 est.
2533 5553 2877 5621 Quocumque
2903 5568 3029 5622 ergo
3057 5551 3273 5622 fugeris.
3316 5554 3384 5606 ibi
3412 5565 3513 5608 est.
3543 5553 3801 5627 Teipsuni

2274 5692 2290 5722 ι
2319 5689 2541 5750 Plerique
2564 5695 2658 5736 Mss
2681 5723 2694 5742 ,
2719 5701 2811 5737 non
2843 5687 3296 5750 animadversorem.

2271 5755 2292 5784 ³
2315 5758 2450 5812 Lota,
2469 5749 2784 5812 nonjudicat.
2807 5749 2971 5811 Abest,
2991 5762 3103 5809 ηοη,
3131 5753 3192 5798 ab
3216 5756 3289 5799 Er.
3315 5760 3365 5801 ct
3383 5766 3411 5800 a
3433 5758 3537 5801 τω.
