3990 6336
295 391 400 455 955

299 526 405 578 quo
437 507 642 578 fngics?
683 505 869 561 Nonne
891 517 1224 574 quocumque
1254 501 1448 573 fugeris
1471 544 1485 560 .
1513 512 1563 555 te
1589 500 1831 571 sequeris
1856 497 1881 553 Υ

299 601 526 668 Quando
563 610 738 654 autem
784 610 838 654 et
880 599 1050 666 tcipso
1092 595 1311 650 interior
1343 606 1446 658 est,
1499 611 1604 649 non
1649 605 1729 648 est
1774 609 1878 663 quo

300 691 469 762 fugias
505 707 534 746 a
571 693 677 746 Deo
699 693 854 756 irato,
905 691 1003 743 nisi
1031 690 1095 743 ad
1129 691 1292 742 Deum
1325 689 1587 756 placatum
1616 706 1628 739 :
1659 701 1878 756 prorsus

307 799 413 837 non
441 793 523 838 est
546 798 650 852 quo
673 783 861 852 fugias.
896 782 987 834 Vis
1013 781 1194 850 fugere
1219 782 1286 834 ab
1324 778 1477 848 ipso?
1522 779 1663 848 Fuge
1690 779 1754 831 ad
1800 778 1880 846 ip-

298 893 437 929 sum.
468 876 692 944 Ergone
720 874 1006 943 loquamini
1034 874 1292 928 adversus
1322 873 1487 926 Deum
1521 873 1875 939 iniquitatem,

305 979 406 1021 nec.
431 967 539 1020 illic
567 966 656 1020 tthi
685 966 982 1034 loquimini.
1013 962 1357 1034 luiquituteut,
1387 965 1573 1033 inquit,
1608 963 1879 1016 meditatus

299 1071 370 1113 est
394 1061 444 1112 in
474 1059 626 1112 cubili
655 1073 746 1110 suo
770 1058 943 1125 (Psal.
975 1074 1144 1119 xxxv,
1172 1057 1250 1125 Ei).
1297 1056 1432 1122 Quid
1489 1054 1773 1109 meditatus
1795 1063 1878 1108 est

300 1151 351 1202 in
405 1149 563 1202 cubili
603 1149 740 1200 suo?
770 1147 955 1201 Cubile
1002 1162 1096 1200 cor
1134 1147 1270 1212 ejus,
1318 1145 1503 1199 dicens
1536 1163 1549 1198 :
1583 1145 1881 1210 Sacriﬁcate

299 1242 606 1311 sacriﬁcium
628 1241 871 1303 justitiw,
915 1251 960 1292 et
999 1249 1196 1309 sperate
1222 1238 1274 1291 in
1303 1237 1544 1290 Domino.
1586 1237 1687 1291 Sed
1721 1251 1877 1303 supra

301 1332 454 1392 dixit,
483 1329 651 1383 Dicite
671 1331 722 1382 iu
743 1329 974 1382 cordibus
1004 1330 1198 1393 ves-tris,
1251 1338 1296 1380 et
1339 1330 1391 1381 iu
1417 1329 1662 1381 cubilibus
1705 1328 1878 1380 restria

297 1422 696 1491 compungimiui
725 1419 875 1492 (Paul
896 1461 907 1473 .
942 1436 1015 1481 tv,
1047 1421 1100 1478 6,
1127 1421 1205 1488 5).
1252 1421 1387 1484 Quot
1421 1419 1588 1473 habes
1635 1421 1704 1472 ibi
1745 1432 1880 1488 puu-

298 1514 504 1566 ctiones
529 1513 840 1576 facinorum,
877 1520 954 1564 tot
974 1512 1108 1564 habe
1131 1511 1238 1564 illic
1277 1511 1713 1580 compunctiones
1752 1525 1881 1563 con.

301 1603 616 1658 fessionum.
649 1601 747 1658 Ubi
778 1617 905 1673 ergo
930 1603 1160 1672 loqueris
1196 1603 1451 1657 adversus
1485 1603 1650 1658 Deum
1688 1602 1882 1673 iniqui-

300 1704 485 1761 tatem,
519 1696 585 1749 ibi
614 1705 664 1750 te
695 1695 898 1764 judicat
930 1713 942 1747 :
973 1711 1076 1748 non
1099 1695 1354 1763 judicium
1392 1691 1590 1760 differt,
1638 1695 1732 1750 sed
1764 1710 1880 1765 poe-

299 1803 444 1839 nam.
501 1785 615 1840 1am
643 1786 863 1854 judicat,
887 1785 995 1855 jatn
1027 1787 1190 1850 novit,
1229 1787 1338 1853 jam
1369 1786 1512 1841 videt.
1545 1801 1557 1838 :
1587 1801 1742 1855 pinna
1789 1801 1876 1840 re-

298 1889 442 1938 stat;
467 1892 586 1932 cum
611 1877 767 1931 fuerit
792 1885 1127 1945 praisentata,
1155 1877 1372 1931 habebis
1397 1883 1452 1932 et
1478 1892 1713 1945 poenam,
1756 1891 1876 1930 cum

299 1968 601 2036 apparuerit
628 1968 786 2022 facies
816 1967 953 2022 illius
981 1968 1210 2022 hominis
1229 1968 1317 2038 qui
1346 1968 1431 2022 hic
1453 1969 1638 2022 irrisus
1662 1978 1760 2032 est,
1786 1969 1877 2038 qui

297 2060 585 2126 judicatus,
605 2060 694 2128 qui
721 2059 1024 2121 crucifixus,
1053 2060 1142 2129 qui
1169 2057 1270 2114 sub
1302 2059 1481 2128 judice
1526 2059 1711 2122 stetit;
1756 2073 1878 2113 cum

301 2150 604 2218 apparuerit
625 2150 961 2218 judicans‘in
991 2150 1275 2220 praesentia
1323 2165 1437 2214 sua,
1485 2158 1613 2204 tunc
1659 2149 1880 2204 habebis

301 2254 534 2309 poenam,
564 2240 610 2294 si
643 2249 694 2295 te
719 2256 824 2294 non
845 2241 1164 2295 correxeris.
1213 2240 1347 2306 Quid
1377 2256 1505 2310 ergo
1533 2241 1692 2294 modo
1717 2240 1879 2296 facie-

301 2334 463 2386 mus?
491 2332 882 2387 Prmvcuiatnus
908 2333 1091 2387 faciem
1121 2331 1258 2399 ejus,
1285 2339 1331 2386 iv
1349 2340 1677 2400 ἐξομολογήσει
1703 2333 1875 2405 Psal.

299 2435 444 2486 xcw,
474 2422 554 2490 2).
587 2423 824 2477 Przcvcni
856 2423 907 2475 iu
930 2422 1263 2477 confessione
1292 2440 1304 2475 :
1333 2425 1509 2478 veniet
1551 2424 1691 2476 mitis
1719 2435 1876 2493 qttem

299 2513 502 2567 feceras
532 2513 746 2566 iratum.
792 2511 972 2580 Neque
1009 2530 1041 2564 a
1078 2513 1285 2566 desertis
1319 2515 1598 2579 montium;
1640 2515 1880 2582 quoniam

299 2600 441 2656 Deus
468 2603 633 2673 judea:
671 2615 739 2656 est
767 2619 786 2656 :
812 2618 916 2656 non
953 2603 1021 2657 ab
1051 2602 1280 2666 oriente,
1329 2618 1435 2657 non
1477 2604 1545 2658 ab
1579 2604 1872 2669 occidente,

299 2710 408 2749 non
440 2709 468 2747 a
498 2693 724 2748 desertis
746 2693 1022 2746 montium.
1055 2691 1272 2759 Quare?
1322 2692 1574 2760 Quoniam
1618 2693 1752 2746 Deus
1785 2683 1880 2765 ju-

300 2789 400 2840 dea:
435 2796 527 2840 est.
575 2785 631 2839 Si
661 2785 712 2839 in
748 2785 925 2853 aliquo
953 2786 968 2816 ¹
1000 2785 1117 2839 loco
1167 2792 1330 2849 esset,
1376 2799 1482 2838 non
1510 2792 1652 2839 esset
1699 2786 1876 2840 Deus:

301 2878 422 2946 quia
456 2891 582 2930 vero
605 2877 741 2929 Deus
761 2875 923 2942 judex
945 2883 1048 2938 est,
1078 2889 1182 2928 non
1215 2875 1374 2929 homo
1396 2915 1412 2940 ,
1443 2875 1548 2927 noli
1587 2874 1731 2929 illum
1780 2889 1876 2929 ex-

300 2977 545 3034 spectare
579 2966 645 3020 de
674 2965 824 3021 locis.
877 2965 1054 3020 Locus
1097 2965 1212 3034 ejus
1241 2974 1294 3019 tu
1323 2966 1451 3031 eris,
1474 2965 1520 3020 si
1545 2968 1566 2996 '
1595 2965 1784 3030 bonus,
1831 2966 1876 3022 si

299 3056 580 3112 confessus
601 3056 926 3111 invocaveris
955 3071 1100 3111 eum.

373 3148 618 3204 iOJquc
649 3149 899 3211 Itumiliat,
937 3158 982 3202 et
1010 3149 1145 3202 hunc
1174 3148 1378 3204 exultat.
1418 3149 1586 3216 Quem
1614 3149 1876 3215 bumiliat,

298 3255 456 3309 quem
485 3241 679 3294 cxaltat
699 3239 860 3309 judex
894 3240 1019 3293 ille?
1055 3239 1324 3294 Attendite
1345 3239 1479 3293 duos
1505 3240 1621 3294 illos
1659 3241 1709 3294 in
1741 3251 1878 3295 tem-

300 3333 414 3401 plo,
429 3342 484 3386 et
498 3331 686 3384 videtis
711 3346 869 3398 quem
890 3329 1149 3391 bumiliat,
1165 3341 1217 3385 et
1237 3345 1393 3399 quem
1413 3331 1879 3384 exaltat.¢Asccn-

301 3422 494 3476 derunt
551 3422 602 3474 in
658 3421 864 3491 templo.
907 3436 1063 3474 orare
1086 3461 1102 3486 ,
1139 3439 1157 3472 ι
1200 3421 1267 3474 ait
1295 3437 1311 3485 ;
1339 3439 1359 3472 ι
1395 3437 1529 3474 unus
1555 3422 1874 3483 Pbarismus.

303 3525 358 3567 et
385 3514 517 3567 alter
549 3511 888 3566 Publicanus.
924 3529 943 3562 ι
991 3511 1292 3566 Pbarisaaus
1333 3512 1584 3566 dicebat:
1623 3530 1642 3565 ι
1670 3512 1878 3569 Gratias

303 3606 395 3660 tibi
425 3620 544 3674 ago,
587 3604 710 3674 quia
738 3619 842 3659 non
863 3617 981 3658 sum
1008 3604 1144 3658 sicut
1170 3604 1349 3659 cmteri
1381 3604 1646 3672 homines,
1674 3605 1874 3674 injusti,

302 3705 567 3765 raptores,
613 3695 860 3759 adulteri,
922 3695 1060 3749 sicut
1092 3704 1146 3748 et
1187 3693 1272 3749 hic
1313 3695 1632 3750 Publicanus
1656 3712 1670 3749 :
1689 3695 1875 3765 jejuno

301 3787 384 3842 bis
409 3787 460 3840 in
489 3786 745 3850 sabbato;
777 3785 1011 3840 decimas
1035 3786 1105 3840 do
1127 3787 1360 3840 omnium
1387 3802 1505 3856 qua:
1542 3787 1810 3856 possideo.
1851 3807 1871 3840 ι

301 3879 382 3934 Ad
427 3879 687 3933 medicum
716 3879 1049 3942 ascenderat,
1097 3889 1152 3932 et
1201 3878 1436 3933 membra
1463 3894 1588 3932 sana
1628 3879 1878 3934 ostende-

303 3969 388 4024 bat
416 3985 431 4033 ;
461 3970 676 4024 vulnera
700 3970 928 4040 tegebat.
976 3969 1110 4036 Quid
1154 3984 1284 4039 ergo
1325 3971 1412 4025 ille
1442 3970 1532 4040 qui
1561 3972 1750 4026 melius
1777 3988 1876 4025 no-

299 4071 449 4116 verat
478 4060 616 4115 unde
640 4061 952 4115 sanaretur?
983 4060 1291 4116 Publicamts
1315 4072 1481 4116 autem
1517 4062 1581 4116 de
1607 4063 1876 4134 longinquo

299 4151 486 4216 stabat,
528 4162 573 4205 ct
615 4151 921 4221 percutiebat
965 4162 1135 4220 pectus
1173 4168 1338 4226 suum.
1393 4152 1594 4206 Videtis
1639 4169 1760 4208 eum
1808 4154 1877 4210 de

299 4245 585 4314 longinquo
599 4252 826 4297 stantem
858 4260 872 4297 :
901 4243 974 4296 illi
1000 4243 1552 4312 propinquabatquem
1577 4244 1874 4301 invocabat.

303 4355 326 4388 ι
356 4338 421 4392 Et
439 4336 765 4406 percntiebat
787 4345 971 4403 pectus
991 4350 1168 4400 suum,
1186 4335 1404 4390 dicens:
1425 4336 1585 4398 Deus,
1621 4338 1879 4406 propitius

298 4437 418 4481 esto
443 4426 568 4480 milii
599 4427 880 4494 peccaturi.
912 4427 1082 4479 Amen
1096 4425 1216 4480 dico
1240 4425 1409 4489 vobis;
1427 4425 1703 4481 descendit
1723 4428 1879 4496 justi»

299 4517 486 4572 flcatus
531 4515 846 4571 Publicauus
878 4517 986 4580 ille,
1017 4517 1182 4586 magis
1221 4533 1379 4587 quam
1419 4517 1718 4572 Pharisaeus
1742 4519 1875 4574 ille:

297 4607 417 4677 quia
430 4607 604 4660 omnis
623 4606 712 4674 qui
733 4606 1022 4671 seexaltat,
1041 4605 1430 4668 bumiliabitur;
1453 4616 1507 4661 et
1522 4608 1608 4675 qui
1631 4622 1690 4661 se
1707 4607 1881 4662 humi-

297 4701 412 4755 liat.
431 4698 746 4754 exaltabitur
763 4716 780 4750 ι
805 4698 954 4766 (Luc.
973 4713 1126 4763 xvut,
1149 4697 1649 4767 10-”).Expositus
1663 4710 1745 4753 est
1761 4717 1878 4754 vec-

297 4809 393 4847 sus
410 4794 592 4862 psalmi
610 4793 785 4860 hujus.
808 4795 943 4847 Deus
959 4793 1122 4859 judex
1134 4793 1260 4862 quid
1281 4791 1432 4847 facit?
1454 4791 1602 4846 Hunc
1623 4792 1874 4861 humilial,

295 4896 344 4938 et
370 4885 502 4939 Imm:
529 4886 753 4948 exultat;
783 4886 1022 4938 luuniliat
1047 4885 1351 4955 superbum,
1379 4886 1573 4938 exaltat
1600 4884 1876 4940 humilem.

373 4977 460 5029 Η.
488 4975 636 5045 [ven
668 4974 747 5048 9.]
800 4975 932 5041 Quia
952 4974 1089 5028 calix
1115 4974 1168 5028 in
1193 4991 1346 5027 manu
1374 4973 1585 5028 Domini
1622 4975 1723 5027 viui
1753 4977 1877 5028 meri

296 5071 476 5137 plenus
497 5081 568 5123 est
599 5073 773 5124 mixto.
799 5071 1004 5125 Merito.
1037 5070 1101 5124 Et
1128 5071 1385 5124 inclinauit
1406 5089 1468 5127 ea:
1501 5075 1593 5127 hoc
1623 5075 1677 5126 in
1711 5074 1876 5139 hunc;

297 5173 635 5214 uerumtamen
667 5166 768 5230 [απτ
799 5163 906 5232 ejus
950 5179 1049 5215 non
1091 5172 1163 5216 est
1187 5164 1441 5216 exinanita
1469 5179 1487 5216 :
1507 5164 1669 5218 bibent
1705 5181 1875 5220 omnes

300 5262 586 5320 precaturus
630 5261 795 5304 ten-te.
843 5252 1190 5305 Renovamini
1243 5253 1549 5320 paululum;
1590 5255 1871 5310 obscurum

300 5342 500 5412 aliquid
527 5351 611 5396 est
637 5360 650 5396 :
681 5343 795 5405 sed,
825 5344 1091 5413 quomodo
1129 5344 1427 5398 audivimus
1475 5347 1743 5416 Evangelii
1795 5348 1872 5404 Ie-

298 5434 530 5487 t‘tionem
559 5435 1000 5498 recentissimam,
1037 5433 1219 5497 Petite,
1247 5447 1295 5488 et
1315 5435 1514 5489 dubitur
1545 5437 1678 5491 vobis
1700 5454 1876 5510 ,‘qucc-

302 5524 396 5575 rite
415 5532 460 5577 et
489 5524 746 5576 invenietis
765 5565 780 5586 ,
806 5526 1024 5591 pulsate,
1049 5535 1096 5578 et
1113 5528 1366 5594 aperietur
1383 5527 1519 5581 vobis
1547 5527 1759 5596 (Matt/1.
1777 5547 1868 5593 νη,

293 5615 375 5672 7).
409 5614 512 5669 Sed
535 5614 666 5670 dicis
697 5633 708 5668 ;
739 5616 854 5683 Quo
891 5617 1062 5684 pulso,
1089 5625 1145 5670 ut
1186 5618 1454 5685 aperiatur
1494 5619 1662 5674 mibi?
1697 5620 1874 5690 Neque

359 5751 373 5780 ³
401 5748 476 5801 sic
498 5753 570 5796 Er.
595 5757 647 5798 et
669 5749 850 5802 aliquot
872 5755 978 5799 Mss.
1005 5757 1054 5797 At
1076 5757 1204 5802 ιον..
1232 5749 1280 5798 si
1301 5753 1347 5799 in
1371 5751 1482 5802 alio.

355 5813 377 5842 ¹¹
400 5809 644 5871 Particulo,
671 5812 732 5871 si,
751 5809 839 5862 boc
863 5812 971 5861 loco
986 5827 1015 5861 a
1038 5819 1143 5864 Mss.
1160 5813 1407 5877 Plerisque
1430 5818 1584 5887 abest.

1369 385 1764 443 ENARRATIO
1800 383 1867 440 ΙΝ
1907 381 2223 442 PSALMUM
2263 385 2493 447 LXXIV.

3465 403 3572 460 9M

1989 501 2050 554 ab
2078 503 2284 569 oriente,
2313 523 2469 577 neque
2504 509 2566 562 ab
2604 511 2877 578 occidente,
2916 526 3076 582 neque
3109 530 3143 568 α
3180 514 3388 571 desertis
3421 533 3567 572 uiam

1985 592 2151 659 tium;
2178 596 2415 661 quoniam
2467 596 2604 652 Deus
2641 600 2807 670 judea:
2841 614 2939 659 est.
2984 604 3038 659 Si
3081 620 3317 674 pra-scus
3360 617 3443 660 est
3479 607 3565 662 hic

1986 693 2142 752 atque
2171 684 2298 750 illic,
2343 695 2397 740 et
2423 688 2616 742 absens
2645 707 2926 760 nusquam,
2966 695 3052 749 ubi
3077 706 3207 761 stas,
3253 695 3325 750 ibi
3369 697 3562 765 pulsa;

1987 774 2056 827 ibi
2087 784 2290 830 tantum
2319 786 2421 834 sta.
2472 780 2593 847 quia
2631 782 2821 836 stando
2852 786 3108 852 pulsatur.
3149 787 3288 854 Quid
3331 801 3459 856 ergo
3480 796 3565 842 est

1987 866 2133 920 hoc?
2174 867 2348 922 Prima
2375 870 2600 937 qna-stio
2643 872 2742 926 ista
2775 876 3026 938 occurrit,
3065 874 3185 930 Vini
3231 878 3355 930 meri
3383 877 3564 947 plenus

1985 967 2058 1009 est
2087 959 2243 1011 mixto
2270 973 2288 1010 :
2307 957 2575 1028 quomodo
2603 963 2746 1024 meri,
2785 962 2829 1016 si
2857 963 3058 1018 mixto?
3091 965 3378 1030 Cmtertttu,
3410 965 3566 1021 Calix

1985 1046 2036 1099 in
2063 1065 2213 1101 manu
2235 1048 2465 1116 Domini,
2517 1066 2636 1105 cum
2655 1052 2803 1114 dicit,
2823 1052 3045 1107 eruditis
3070 1053 3120 1106 in
3146 1055 3379 1109 Ecclesia
3407 1054 3567 1110 Cbri-

1985 1138 2050 1192 sti
2086 1140 2291 1208 loquor,
2343 1157 2448 1193 non
2478 1144 2656 1212 utique
2680 1143 2841 1196 veluti
2871 1143 3038 1197 forma
3069 1144 3299 1199 humana
3330 1146 3559 1198 circnm-

1984 1229 2238 1297 scriptum
2267 1230 2430 1284 Deum
2469 1231 2674 1287 debetis
2705 1234 2853 1286 vobis
2903 1234 2954 1286 iu
2998 1234 3162 1288 corde
3208 1235 3443 1304 pingere,
3472 1248 3564 1290 ne

1983 1319 2179 1374 clausis
2199 1323 2409 1390 templis
2435 1325 2715 1378 simulacra
2741 1326 2790 1377 in
2821 1326 3072 1379 cordibus
3103 1325 3393 1381 fabricctis.
3412 1325 3564 1381 Calix

1983 1427 2111 1483 ergo
2133 1413 2232 1466 iste
2259 1415 2456 1485 aliquid
2487 1415 2769 1483 significat.
2799 1415 3133 1470 Inveniemus
3164 1417 3286 1472 hoc.
3317 1413 3384 1470 In
3406 1433 3560 1469 manu

1983 1512 2158 1556 autem
2180 1501 2409 1570 Domini,
2435 1513 2520 1558 est
2551 1505 2600 1557 in
2632 1514 2890 1573 petestate
2916 1506 3120 1559 Doinini
3155 1523 3169 1559 :
3197 1520 3386 1559 manus
3412 1505 3556 1560 enim

1984 1593 2078 1648 Dei
2109 1603 2344 1663 potestas
2374 1595 2467 1649 Dei
2491 1595 2860 1650 conuuendata
2897 1604 2996 1650 est.
3027 1595 3157 1650 Nam
3185 1605 3240 1652 et
3276 1596 3344 1650 de
3385 1594 3559 1648 homi-

1982 1685 2138 1738 nibus
2180 1686 2493 1755 plerumque
2519 1685 2735 1750 dicitur,
2767 1686 2822 1740 In
2867 1701 3026 1739 manu
3065 1686 3166 1741 hoc
3211 1685 3406 1749 habet;
3453 1685 3558 1741 hoc

1983 1785 2086 1839 est,
2126 1776 2178 1830 in
2220 1785 2482 1846 potestate
2524 1775 2700 1840 liabet,
2755 1791 2875 1830 cum
2919 1778 3029 1830 vult
3075 1776 3216 1830 facit.
3257 1775 3384 1829 Vini
3435 1777 3561 1829 meri

1984 1867 2164 1937 plenus
2183 1876 2255 1921 est
2285 1867 2458 1922 mixto.
2476 1866 2877 1937 Cousequenter
2894 1868 3008 1936 ipse
3024 1868 3268 1937 exposuit
3289 1883 3303 1920 :
3328 1866 3563 1921 Inclina-

1985 1960 2072 2024 vit,
2104 1959 2292 2027 inquit,
2323 1976 2386 2013 ea:
2423 1960 2516 2012 hoc
2545 1960 2595 2013 in
2613 1960 2776 2024 hunc;
2806 1970 3143 2013 verumtamen
3162 1962 3266 2031 fma:
3298 1959 3408 2031 ejus
3457 1976 3561 2016 non

1983 2057 2056 2102 est
2080 2050 2360 2104 exinanita.
2391 2050 2531 2105 Ecce
2557 2051 2698 2105 unde
2727 2051 2893 2104 mixto
2914 2053 3036 2104 vino
3067 2051 3254 2120 plenus
3278 2062 3413 2106 erat.
3439 2050 3559 2106 Non

1983 2156 2112 2211 ergo
2135 2156 2226 2195 ros
2258 2151 2475 2208 terreat,
2504 2143 2627 2212 quia
2655 2151 2709 2197 et
2739 2159 2944 2198 merqu
2969 2151 3023 2196 et
3059 2146 3277 2197 mixtum
3309 2158 3323 2196 :
3351 2159 3558 2198 merum

1983 2243 2200 2304 propter
2223 2234 2603 2299 sinceritatem,
2644 2234 2864 2288 mixtum
2912 2242 3127 2303 prOpter
3164 2235 3369 2289 faecem.
3419 2233 3559 2303 Quid

1980 2340 2108 2395 ergo
2135 2325 2205 2380 ibi
2230 2325 2428 2391 vinum,
2469 2334 2524 2380 et
2560 2325 2685 2395 quid
2719 2324 2858 2379 faex?
2896 2325 2960 2379 Et
2985 2324 3110 2395 quid
3139 2334 3241 2390 est,
3287 2323 3567 2379 [inclinavit

1981 2432 2045 2469 ea:
2076 2416 2171 2470 hoc
2194 2417 2248 2470 in
2263 2417 2415 2480 hunc,
2439 2418 2511 2469 ita
2537 2426 2598 2471 ut
2622 2417 2720 2470 fex
2747 2416 2863 2486 ejus
2887 2431 2990 2470 non
3019 2426 3164 2471 esset
3190 2415 3458 2470 exinanita
3477 2416 3503 2470 2

2057 2507 2146 2562 12.
2174 2506 2327 2582 Unde
2351 2507 2557 2562 venerit
2592 2506 2658 2561 ad
2703 2507 2822 2573 boc,
2856 2506 3206 2562 recordamini
3243 2505 3437 2562 :Hunc
3467 2507 3565 2562 Im-

1980 2599 2163 2664 miliat,
2205 2607 2251 2652 et
2286 2600 2418 2652 hunc
2443 2599 2654 2652 exultat.
2688 2597 2838 2666 Quod
2880 2597 3160 2667 ﬁguratum
3198 2609 3281 2654 est
3317 2599 3472 2654 nobis
3511 2599 3565 2654 iu

1981 2691 2269 2761 Evangelia
2293 2707 2390 2762 per
2412 2691 2547 2746 duos
2573 2690 2835 2756 homines,
2864 2691 3187 2746 Pbaristcum
3223 2702 3277 2746 et
3318 2691 3566 2748 Publica-

1979 2802 2130 2850 num,
2171 2784 2274 2840 hoc
2314 2785 2470 2840 latius
2509 2784 2851 2853 accipientes,
2894 2785 3252 2854 intelligamus
3290 2785 3566 2855 du05°po—

1979 2880 2156 2948 pulos,
2187 2878 2494 2934 Judmorum
2564 2888 2618 2932 et
2655 2879 2902 2934 Gentium
2937 2877 3283 2932 :Judznurum
3315 2876 3563 2948 populus,

1980 2968 2283 3025 Pharismus
2325 2969 2446 3031 ille;
2490 2967 2736 3023 Gentium
2785 2968 3030 3039 populus.
3083 2966 3400 3022 Publicauus
3450 2967 3564 3022 ille.

1978 3061 2283 3116 .Indmorum
2333 3061 2558 3131 populus
2604 3060 2838 3129 jactabat
2891 3061 3079 3114 merita
3136 3073 3270 3125 sua;
3313 3057 3562 3114 Gentium

1979 3155 2332 3210 confitebatur
2361 3161 2572 3224 peccata
2600 3168 2717 3208 sua.
2747 3152 2846 3221 Qui
2875 3152 3022 3206 novit
3049 3152 3100 3204 in
3124 3150 3337 3206 Litteris
3365 3151 3566 3206 sanctis

1978 3258 2034 3304 et
2061 3247 2329 3316 Epistolas
2350 3246 2689 3316 apostolicos,
2721 3256 2775 3300 et
2799 3246 2966 3299 Actus
2990 3244 3386 3312 Apostolorum,
3419 3243 3565 3298 videt

1979 3340 2050 3396 ibi
2073 3339 2212 3410 quod
2242 3338 2362 3394 dico
2391 3357 2405 3392 :
2454 3353 2520 3392 ne
2570 3339 2780 3407 longum
2815 3337 3001 3392 faciam
3023 3336 3289 3406 quomodo
3321 3337 3562 3406 Apostoli

1979 3431 2398 3487 exhortabautur
2421 3429 2618 3485 Gentes
2645 3446 2710 3483 ne
2730 3429 3097 3498 desperarent,
3120 3429 3330 3498 quodin
3358 3430 3562 3498 magnis

1979 3523 2214 3592 peccatis
2251 3522 2575 3592 jacuisscnt;
2627 3532 2679 3576 et
2721 3521 3081 3592 reprimebant
3104 3520 3338 3583 Indicos,
3391 3538 3458 3577 ne
3503 3536 3565 3578 se

1981 3615 2299 3670 extollerent
2323 3615 2472 3683 quasi
2503 3630 2564 3668 ex
2589 3613 3054 3682 justilicatiouibus
3079 3613 3256 3681 Legis,
3283 3622 3336 3667 ct
3363 3613 3483 3669 ideo
3502 3628 3563 3670 se

1979 3715 2228 3774 putarent
2247 3705 2440 3774 justos,
2468 3703 2705 3758 Gentiles
2735 3713 2911 3756 autem
2941 3712 3247 3772 peccatores
3272 3719 3411 3768 esse,
3438 3702 3563 3773 quia

1979 3796 2179 3851 Judazis
2206 3806 2260 3849 et
2289 3794 2396 3849 Lex
2422 3804 2557 3856 erat.
2588 3806 2641 3848 et
2672 3793 2925 3863 templum
2955 3805 3090 3860 erat,
3123 3806 3177 3848 et
3205 3793 3560 3850 sacerdotium

1979 3897 2096 3944 erat
2128 3888 2305 3957 (Rom.
2355 3902 2434 3950 Ill,
2467 3886 2562 3956 iv).
2599 3885 2675 3940 Illi
2705 3896 2878 3939 autem
2907 3900 3094 3940 omnes
3119 3885 3353 3940 cultores
3388 3885 3562 3940 idolo-

1979 3996 2120 4045 rum,
2148 3990 2488 4034 veneratorcs
2517 3977 2925 4042 daemoniorum,
2959 3977 3113 4047 longe
3137 3978 3350 4046 quidem
3380 3978 3558 4046 positi;

1979 4073 2116 4127 sicut
2158 4071 2474 4126 Publicanus
2513 4070 2599 4124 ille
2637 4070 2705 4124 de
2753 4070 3040 4139 longinquo
3081 4070 3275 4123 stabat.
3307 4069 3456 4125 Sicut
3486 4069 3561 4125 illi

1979 4161 2336 4231 superbiendo
2364 4171 2721 4227 recesserunt,
2759 4159 2838 4214 sic
2886 4159 2969 4214 isti
3012 4161 3318 4215 confitendo
3344 4161 3563 4231 propin-

1980 4263 2292 4325 quaverunt.
2323 4253 2469 4306 Calia:
2500 4268 2628 4322 ergo
2656 4252 2758 4304 riui
2799 4251 2922 4304 meri
2960 4251 3137 4321 plenus
3176 4253 3228 4305 iu
3257 4268 3412 4305 manu
3451 4251 3561 4306 Do—

1981 4346 2123 4409 mini,
2152 4353 2404 4415 quantum
2441 4342 2602 4396 donat
2633 4341 2882 4394 Dominus
2921 4348 2980 4394 ut
3017 4341 3305 4409 intelligant
3350 4341 3564 4410 (potest

1980 4439 2122 4493 enim
2149 4437 2286 4491 alius
2318 4436 2528 4499 melius,
2551 4435 2674 4504 quia
2712 4435 2792 4489 sic
2824 4449 2881 4487 se
2907 4433 3068 4488 habet
3090 4434 3386 4488 obscuritas
3411 4434 3560 4491 Scri-

1981 4542 2254 4601 pturarum
2285 4546 2299 4582 :
2330 4528 2545 4584 difficile
2583 4536 2662 4582 cst
2706 4534 2764 4581 ut
2792 4543 2952 4580 unum
2980 4525 3184 4594 pariant
3210 4526 3559 4582 intellectum.

1980 4621 2310 4689 Quicumque
2342 4629 2516 4674 tamen
2558 4616 2856 4670 intellectus
2881 4617 3092 4679 exierit,
3121 4631 3256 4685 opus
3283 4627 3365 4671 est
3392 4627 3448 4670 ut
3476 4633 3564 4672 re-

1979 4715 2115 4784 gula:
2147 4713 2266 4767 fidei
2295 4721 2552 4781 congruat
2593 4729 2606 4764 :
2649 4725 2745 4764 nec
2779 4707 3068 4777 majoribus
3111 4708 3427 4771 inridemus,
3462 4725 3562 4764 nec

1980 4806 2184 4874 parvuli
2209 4805 2555 4872 deSpcramns
2577 4801 2616 4853 ¹.
2647 4799 2782 4867 Quid
2822 4799 2978 4853 nobis
3008 4797 3249 4852 videatur
3276 4799 3396 4853 dico
3420 4799 3563 4854 Cba—
3644 4788 3646 4791 ’

1980 4896 2125 4951 ritati
2156 4895 2376 4959 Vestrar,
2406 4908 2510 4947 non
2536 4901 2594 4946 ut
2617 4892 2887 4946 obstruunt
2908 4905 3062 4944 aures
3083 4900 3288 4943 vestras
3307 4891 3562 4945 adversus

1979 4989 2116 5043 alios
2141 4988 2328 5041 melius
2355 4985 2548 5056 aliquid
2565 4984 2701 5039 forte
2725 4981 3002 5053 dicturos).
3024 4981 3173 5037 Calia:
3197 4983 3298 5036 vini
3313 4985 3436 5037 meri
3455 4985 3562 5054 ριε.

1981 5098 2074 5133 nus
2104 5081 2259 5133 mixto
2287 5078 2495 5131 videtur
2523 5076 2652 5130 mibi
2678 5090 2800 5131 esse
2821 5075 2924 5128 Lex
2943 5090 3062 5143 qua:
3085 5073 3204 5126 data
3231 5086 3309 5128 ρει
3337 5073 3556 5136 Ιιιιίειτίς.

1981 5183 2033 5228 et
2061 5171 2234 5225 omnis
2274 5171 2358 5223 illa
2389 5169 2659 5236 Scriptura
2693 5166 2898 5220 Veteris
2947 5163 3088 5232 quod
3130 5164 3323 5216 dicitur
3370 5163 3557 5217 Testa-

1981 5263 2167 5326 menti,
2196 5260 2266 5315 ibi
2290 5271 2414 5315 sunt
2444 5260 2676 5327 pondera
2722 5257 2956 5310 omnium
2998 5256 3400 5309 sententiarum.
3425 5254 3560 5310 Nam

1980 5354 2051 5409 ibi
2077 5353 2280 5408 Novum
2310 5351 2705 5405 Testamentum
2735 5346 3101 5405 absconditum
3133 5346 3279 5406 latet.
3306 5355 3556 5414 tanquam

1981 5446 2033 5498 in
2087 5445 2217 5499 faece
2270 5443 2624 5512 corporalium
2683 5447 3155 5493 sacramentorum.
3212 5437 3561 5492 Circumcisio

1979 5538 2155 5591 carnis
2186 5534 2359 5604 magni
2389 5533 2703 5586 sacramenti
2737 5545 2824 5585 res
2869 5541 2969 5591 est,
2998 5539 3052 5583 ct
3098 5529 3405 5599 intelligitur
3433 5527 3556 5582 inde

1979 5629 2314 5684 circumcisio
2336 5626 2534 5682 cordis.
2573 5624 2850 5693 Templum
2891 5621 3013 5676 illud
3058 5621 3352 5677 Jerusalem
3382 5619 3560 5689 magni

1981 5723 2297 5780 sacramenti
2328 5729 2410 5774 est
2438 5734 2546 5782 res,
2583 5723 2636 5770 et
2673 5714 2980 5782 intelligitur
3009 5728 3072 5766 cx
3112 5729 3178 5765 eo
3226 5726 3420 5781 corpus
3455 5711 3558 5767 Do-

2048 5815 2065 5846 ¹
2086 5814 2156 5862 sic
2178 5819 2282 5861 ω
2309 5818 2363 5861 ιιι
2388 5807 2522 5871 Edd._.
2540 5819 2626 5858 nec
2651 5805 2712 5856 de
2729 5803 2942 5869 parvulis
2965 5801 3296 5866 desperemus.
