3990 6342
463 388 567 444 955

463 502 608 557 mini.
649 496 820 553 Terra
863 493 1233 567 promissionis
1273 488 1585 558 intelligitur
1627 500 1850 554 regnum
1877 482 2045 539 (12lo-

465 608 602 646 rum.
654 586 983 644 Sacriﬁcium
1031 585 1362 640 victimarum
1402 590 1456 636 et
1506 592 1758 648 pecorum
1800 589 2048 645 magnum

465 681 624 738 habet
649 688 1076 741 sacramntum;
1117 676 1212 730 sed
1260 673 1313 728 in
1357 671 1606 727 omnibus
1643 669 1746 723 illis
1767 667 2050 736 generibus

464 774 845 830 sacriﬁciorum
891 768 1200 838 intelligitur
1242 778 1407 819 unum
1456 759 1586 816 illud
1635 758 1952 814 sacriﬁcium
1995 765 2050 812 et

464 867 620 923 unica
644 866 854 919 victima
876 863 928 918 in
955 875 1114 916 cruce
1156 857 1413 912 Dominus
1435 856 1452 888 ¹
1483 871 1497 907 :
1528 867 1624 924 pro
1650 851 1844 923 quibus
1871 850 2048 904 omni-

464 958 562 1012 bus
589 954 862 1011 sacriﬁciis
893 968 1055 1006 unum
1096 964 1195 1004 nos
1237 948 1515 1011 habemus,
1555 945 1676 1014 quia
1716 952 1770 996 et
1799 942 1887 997 illa
1919 942 2051 1010 lign-

465 1049 655 1104 rabant
691 1047 827 1111 haec,
869 1046 921 1100 id
970 1052 1072 1106 est,
1127 1043 1229 1096 illis
1267 1039 1382 1094 haec
1420 1037 1796 1107 ligurahantur.
1825 1033 2051 1106 Accepit

467 1143 694 1210 populus
721 1141 810 1196 ille
849 1140 1042 1209 Legem
1067 1155 1080 1203 ;
1110 1136 1314 1206 accepit
1340 1132 1586 1188 mandata
1619 1130 1762 1199 justa
1804 1136 1857 1183 et
1885 1128 2046 1184 bona.

466 1233 605 1298 Quid
633 1241 738 1288 tam
758 1232 957 1301 justum
994 1243 1173 1299 quam,
1218 1226 1339 1282 Non
1369 1222 1582 1289 occides,
1621 1220 1744 1275 Non
1771 1217 2050 1274 mmo-liabe-

468 1324 558 1386 ris,
587 1320 708 1376 Non
738 1320 1002 1392 furaberis,
1037 1317 1159 1375 Non
1182 1317 1369 1386 falsum
1391 1313 1725 1370 testimonium
1746 1312 1899 1366 dices.
1939 1309 2050 1363 Ho-

468 1428 592 1464 nora
623 1421 814 1480 patrem
837 1420 882 1464 ct
911 1417 1141 1474 matrem,
1173 1407 1297 1462 Non
1334 1406 1656 1477 concupisces
1689 1421 1796 1458 rem
1832 1400 2052 1475 proximi

467 1503 559 1561 tui.
594 1501 716 1557 Non
739 1503 1059 1571 concupisces
1091 1517 1301 1555 uxorem
1333 1498 1554 1572 proximi
1576 1498 1669 1564 tui,
1697 1496 1867 1552 Unum
1891 1494 2081 1559 Deum,

465 1594 721 1658 adorabis,
749 1604 796 1648 ct
823 1594 924 1663 ipsi
948 1594 1046 1648 soli
1081 1593 1263 1649 servies
1294 1591 1487 1660 (Exod.
1514 1605 1611 1656 xx,
1639 1590 1794 1651 7-17,
1824 1597 1870 1641 et
1896 1587 2048 1642 Deut.

467 1700 521 1752 ν,
553 1685 751 1756 6-21)?
789 1683 978 1740 Omnia
1026 1684 1126 1740 ista
1164 1682 1230 1738 ad
1273 1684 1453 1737 vinum
1485 1682 1769 1751 pertinent.
1794 1678 1885 1732 illa
1924 1691 2052 1732 vero

468 1776 700 1830 carnalia
730 1776 881 1845 quasi
906 1763 1238 1842 resederunt,
1271 1786 1331 1831 ut
1373 1781 1710 1830 remanerent
1735 1770 1875 1842 apud
1905 1770 2048 1836 illos,

468 1876 525 1923 et
567 1866 936 1924 effunderetur
975 1866 1105 1923 inde
1148 1868 1326 1924 omnis
1380 1865 1672 1936 spiritualis
1723 1865 2050 1920 intellectus.

468 1957 620 2014 Calia:
648 1973 774 2012 vero
801 1958 854 2011 in
874 1974 1030 2013 manu
1060 1957 1281 2024 Domini,
1302 1957 1355 2014 id
1381 1967 1464 2014 est
1489 1958 1542 2012 in
1572 1963 1836 2028 potestate
1873 1954 2052 2009 Domi-

473 2052 560 2115 ni;
588 2050 692 2103 vini
724 2051 869 2115 meri,
901 2049 952 2106 id
977 2058 1060 2105 est
1088 2048 1242 2119 Legis
1269 2050 1527 2114 sinceraz;
1553 2050 1732 2119 plenus
1771 2057 1843 2101 est
1874 2047 2050 2109 mixto,

473 2138 527 2194 id
555 2148 636 2194 est
656 2154 776 2194 cum
805 2138 933 2194 faece
957 2138 1314 2209 corporalium
1341 2147 1815 2194 sacramentorum.
1840 2135 1908 2191 Et
1929 2137 2053 2206 quia

471 2232 604 2284 hunc
649 2229 902 2295 Itumiliat,
945 2230 1234 2299 superbum
1274 2227 1537 2291 Judantm,
1576 2235 1627 2282 ct
1674 2227 1808 2281 hunc
1842 2227 2050 2291 exultat,

452 2321 812 2377 conﬁtentem
840 2321 1126 2388 Geutilem,
1157 2320 1415 2375 inclinavit
1439 2335 1504 2375 ea:
1525 2322 1619 2373 hoc
1647 2320 1699 2373 in
1723 2319 1877 2384 hunc,
1902 2317 1952 2372 id
1974 2326 2057 2372 est

471 2426 503 2465 a
529 2412 749 2466 Judaico
774 2415 968 2482 populo
989 2412 1042 2466 in
1069 2411 1331 2467 Gentilem
1359 2409 1634 2480 populum.
1666 2408 1802 2474 Quid
1836 2408 2058 2462 inclina-

475 2503 587 2557 vit?
607 2502 800 2572 Legem
825 2519 840 2555 :
867 2502 1127 2571 eliquatus
1151 2511 1232 2557 est
1259 2501 1382 2555 inde
1399 2500 1688 2570 spiritualis
1717 2499 2058 2566 intellectus;

482 2592 833 2648 Verumtamen
855 2593 959 2662 [ω
979 2594 1088 2663 ejus
1111 2609 1211 2646 non
1236 2601 1307 2646 est
1323 2591 1600 2657 exinanita,
1624 2591 1746 2660 quia
1765 2588 1940 2643 omnia
1971 2604 2059 2643 sa-

471 2693 743 2739 cramenta
772 2683 1004 2739 carnalia
1030 2683 1170 2754 apud
1202 2683 1415 2738 Judueos
1445 2691 1835 2738 remanserunt.
1876 2679 2058 2734 Bibent

465 2771 645 2829 onuies
664 2783 948 2845 peccatores
971 2782 1135 2829 term.
1165 2775 1265 2842 Qui
1299 2762 1519 2828 bibent?
1551 2773 1738 2828 Omnes
1773 2780 2058 2840 peccatores

471 2877 636 2922 terra.
657 2866 760 2937 Qui
785 2877 1096 2937 peccatores
1118 2877 1275 2921 terra:
1290 2867 1314 2917 ?
1329 2865 1496 2921 Judaei
1526 2874 1674 2920 erant
1695 2864 1910 2934 quidem
1933 2875 2059 2932 pec-

471 2969 706 3027 calores,
735 2959 830 3014 sed
856 2958 1108 3028 superbi;
1135 2959 1375 3014 Gentiles
1411 2967 1587 3012 autem
1627 2967 1780 3013 erant
1808 2967 2055 3026 peceato-

472 3065 583 3116 res,
613 3049 708 3105 sed
743 3049 976 3106 humiles
1005 3067 1020 3104 :
1052 3050 1238 3105 Omnes
1278 3050 1560 3120 peccatores
1589 3050 1788 3112 bibent;
1816 3049 1908 3103 sed
1937 3047 2059 3102 vide

471 3142 562 3212 qui
599 3139 804 3208 faecem,
846 3141 939 3212 qui
979 3142 1182 3197 vinum.
1227 3141 1433 3196 Etenim
1473 3142 1547 3195 illi
1591 3139 1820 3195 bibendo
1851 3138 2057 3202 liecem,

472 3239 838 3298 evanuerunt;
870 3232 956 3287 isti
984 3231 1214 3288 bibendo
1243 3232 1444 3294 viuum,
1470 3230 1745 3301 iustiﬁcati
1771 3239 1895 3284 sunt
1923 3244 2057 3284 :an-

470 3322 626 3377 deam
654 3314 831 3399 dicere
857 3331 913 3378 et
942 3322 1250 3389 inebriatos,
1281 3331 1336 3378 et
1363 3337 1467 3378 non
1501 3320 1728 3386 timebo;
1759 3329 1919 3388 atque
1957 3318 2061 3373 uti-

472 3428 595 3467 nam
650 3428 838 3468 omnes
879 3414 961 3470 sic
1004 3411 1373 3468 inebrieminil
1428 3410 1800 3467 Recordamini
1849 3425 1862 3462 :
1908 3407 2060 3462 Catia:

471 3514 587 3557 tunc
615 3505 869 3559 inebrians
909 3521 1059 3574 quam
1098 3503 1562 3576 prmelarus(Psal.
1602 3517 1737 3566 xxu,
1780 3499 1874 3570 5)!
1919 3498 2057 3566 Quid

472 3596 613 3649 enim
628 3597 654 3648 ἵ
675 3596 891 3665 putatis,
923 3596 1113 3652 fratres
1132 3596 1262 3662 mei,
1287 3609 1475 3650 omnes
1499 3594 1618 3648 illos
1641 3593 1728 3663 qui
1755 3590 2058 3646 conﬁtendo

470 3687 741 3747 Christum
809 3675 969 3741 etiam
1035 3687 1170 3742 mori
1212 3687 1534 3752 voluerunt,
1593 3685 1804 3740 sobrios
1856 3682 2057 3736 fuisse?

475 3776 653 3845 Usque
694 3778 828 3830 adeo
875 3777 1006 3832 ebrii
1046 3785 1227 3842 erant,
1275 3787 1334 3832 ut
1375 3791 1503 3832 suos
1547 3791 1651 3830 non
1683 3782 2054 3845 agnoscerent.
2108 3773 2110 3777 ’

468 3870 671 3922 Omnes
714 3871 993 3940 propinqui
1023 3871 1126 3937 sui,
1159 3870 1247 3940 qui
1283 3885 1377 3925 eos
1418 3884 1449 3922 a
1480 3885 1572 3938 spe
1595 3867 1891 3924 cmlestium
1921 3880 2058 3934 pm

474 3960 700 4013 miormn
745 3961 968 4013 terrenis
1007 3959 1385 4014 blandimentis
1427 3968 1668 4016 avertere
1709 3956 1879 4013 moliti
1907 3964 2051 4021 sunt,

473 4065 577 4103 non
602 4059 728 4104 sunt
754 4052 937 4119 agniti,
967 4067 1071 4105 non
1103 4061 1225 4106 sunt
1251 4050 1414 4104 auditi
1444 4049 1512 4104 ab
1551 4049 1734 4104 ebriis.
1765 4046 1879 4102 Non
1903 4053 2057 4102 erant

470 4143 624 4202 ebrii,
653 4143 845 4210 quibus
877 4153 1134 4196 mutatum
1157 4157 1250 4196 cor
1268 4143 1418 4196 erat?
1439 4141 1554 4195 Non
1575 4148 1729 4195 erant
1748 4139 1901 4205 ebrii,
1923 4153 2057 4207 quo-

472 4251 587 4288 rum
617 4250 766 4288 mens
789 4235 1015 4288 alienata
1037 4243 1152 4288 erat
1170 4235 1236 4286 ab
1255 4235 1357 4289 hoc
1378 4234 1610 4288 smculo?
1637 4232 1833 4298 Bibent,
1864 4233 2051 4301 inquit,

470 4343 644 4379 omnes
671 4338 956 4396 peccatores
993 4337 1156 4379 terrm.
1189 4325 1293 4381 Sed
1336 4325 1424 4395 qui
1452 4325 1638 4380 bibent
1662 4324 1880 4378 vinum?
1920 4324 2051 4377 Pec-

471 4425 680 4470 catores
705 4417 908 4479 bibent,
952 4416 1045 4470 sed
1084 4431 1152 4470 ne
1179 4424 1491 4470 remaneant
1517 4423 1852 4486 peccatores;
1883 4424 1940 4468 ut
1962 4414 2054 4486 ju-

468 4506 782 4569 stiﬁceulur,
819 4523 923 4566 non
955 4516 1012 4559 ut
1041 4507 1346 4575 puniantur.

542 4600 626 4652 l3.
661 4597 810 4669 iners.
837 4596 950 4670 10.]
980 4596 1090 4669 Ego
1115 4608 1282 4652 autem
1312 4613 1475 4655 :nam
1498 4615 1683 4654 omnes
1705 4598 1925 4664 bibunt;
1956 4599 2052 4654 sed

466 4703 707 4742 seorsum
734 4706 843 4755 ego,
871 4689 920 4743 id
951 4699 1034 4743 est
1059 4690 1302 4743 Christus
1334 4705 1454 4745 cum
1481 4706 1706 4760 corpore
1725 4707 1854 4754 suo;
1881 4694 1932 4746 in
1950 4709 2052 4746 sa:-

465 4779 635 4831 cnlum
663 4780 925 4848 gaudebo;
955 4779 1170 4849 psallam
1203 4781 1307 4833 Deo
1342 4781 1506 4837 Iacob
1533 4799 1552 4834 :
1581 4784 1930 4852 promissione
1961 4785 2049 4838 illa

464 4868 640 4921 futura
672 4871 722 4922 in
753 4873 875 4935 line,
906 4870 975 4924 de
1002 4887 1104 4939 qua
1135 4871 1350 4938 dicitur,
1381 4871 1464 4926 Nc
1484 4889 1798 4944 corrumpas.
1823 4874 1935 4946 Ego
1954 4892 2050 4929 au-

461 4971 562 5012 tem
583 4961 635 5012 in
657 4963 896 5014 sarculum
922 4962 1170 5030 gaudebo.

458 5107 462 5109 .
537 5053 622 5106 H.
649 5051 797 5125 [vers.
825 5053 936 5125 1L]
963 5052 1030 5107 Et
1073 5056 1242 5109 omnia
1265 5071 1460 5108 cornua
1483 5068 1801 5125 peccatorum
1824 5059 2050 5126 confrin-

461 5157 581 5212 gam
598 5158 618 5208 ;
649 5153 695 5196 et
716 5145 1072 5197 mltabuntur
1095 5161 1288 5198 cornua
1303 5149 1455 5215 justi.
1480 5147 1592 5201 Hoc
1624 5155 1727 5211 est,
1763 5147 1915 5200 Hunc
1947 5149 2046 5201 ltu-

464 5236 644 5300 mit'iat,
673 5245 719 5290 et
746 5236 881 5289 hunc
906 5237 1114 5290 exultat.
1143 5236 1336 5291 Nolunt
1360 5239 1457 5292 sibi
1481 5240 1646 5307 frangi
1670 5242 1688 5270 ²
1705 5255 1901 5293 cornua
1927 5255 2048 5307 pec-

462 5337 694 5388 catores,
721 5340 840 5394 qua:
866 5325 981 5379 sine
1005 5326 1166 5381 dubio
1187 5325 1493 5396 frangentur
1516 5329 1568 5383 in
1599 5328 1722 5382 ﬁne.
1747 5328 1859 5382 Non
1887 5329 1964 5381 vis
1990 5337 2049 5381 ut

463 5415 552 5468 illc
584 5426 709 5469 tunc
735 5415 978 5485 frangat?
1002 5427 1054 5470 tu
1086 5417 1242 5470 hodie
1271 5417 1472 5488 frange.
1515 5418 1720 5474 Audisti
1770 5421 1910 5473 cnim
1951 5435 2044 5473 su-

462 5521 590 5575 pra;
636 5506 745 5562 noli
794 5519 1182 5563 contemnere:
1228 5508 1354 5565 Dixi
1389 5510 1606 5580 iniquis,
1655 5509 1830 5564 Nolite
1879 5513 2047 5582 inique

451 5611 646 5668 agere;
660 5609 708 5651 et
729 5597 1145 5667 delinquentibus,
1173 5597 1348 5654 Nolite
1369 5602 1594 5657 exaltare
1615 5616 1793 5656 cornu.
1822 5601 2046 5669 Quando

525 5733 540 5762 ί
568 5729 702 5789 tald.,
727 5732 928 5782 nomini.
951 5741 1004 5782 At
1028 5736 1191 5793 probas
1209 5743 1336 5787 nota:
1362 5745 1487 5790 Mss.
1517 5745 1762 5790 Domtmts.

525 5794 548 5824 '
567 5795 749 5843 Critian.
774 5800 880 5856 κε..
902 5797 1145 5858 (ratione.

1697 369 1756 423 S.
1799 358 2164 418 AUGUSTI!“
2205 361 2503 420 EPIS'IOPI

3631 373 3735 431 958

2155 477 2368 543 audisti,
2401 478 2574 536 Nolite
2614 483 2838 536 exaltare
2874 500 3052 548 cornu,
3086 485 3490 555 contempsisti,
3519 495 3573 544 et
3595 492 3738 543 exal-

2157 569 2277 622 tasti
2297 584 2494 634 cornu;
2523 573 2705 626 venies
2733 574 2799 627 ad
2833 575 3013 637 linem,
3052 577 3140 630 ubi
3182 577 3291 643 ﬁet,
3334 577 3522 633 Omnia
3550 594 3739 634 cornua

2155 673 2472 728 peccatorum
2513 665 2852 736 confringam,
2893 677 2939 721 et
2977 670 3330 723 exaltabuntur
3370 687 3561 724 cornua
3594 672 3734 740 iusti.

2153 750 2367 806 Cornua
2393 763 2756 822 peccatorum,
2795 757 3080 825 dignitates
3112 760 3504 830 Superborum;
3537 775 3735 816 cornua

2151 840 2308 911 justi,
2338 858 2554 898 munera
2581 842 2779 900 Christi
2811 864 2825 900 :
2859 861 2953 917 per
2979 863 3177 904 cornua
3206 851 3348 905 enim
3386 851 3737 908 sublimitates

2155 933 2540 1003 intelliguntur.
2569 933 2760 991 Oderis
2789 937 2841 992 in
2873 947 3012 993 terra
3047 939 3420 995 sublimitatem
3449 950 3731 1005 terrenam,

2157 1036 2214 1080 nt
2243 1029 2415 1096 possis
2459 1028 2658 1086 habere
2699 1032 2996 1090 caelestem.
3031 1036 3190 1090 Amas
3221 1048 3525 1102 terrenam;
3557 1055 3662 1093 non
3687 1049 3738 1094 te

2157 1117 2386 1172 admittit
2411 1119 2476 1172 ad
2515 1122 2790 1176 cmlestem
2833 1141 2848 1179 :
2879 1133 2934 1178 et
2959 1125 3025 1179 ad
3054 1125 3421 1184 confusionem
3455 1130 3738 1197 pertinebit

2155 1206 2297 1275 quod
2336 1207 2594 1279 frangitur
2620 1211 2713 1265 tibi
2752 1226 2950 1278 cornu;
2981 1217 3250 1285 quomodo
3274 1217 3337 1271 ad
3363 1219 3584 1289 gloriam
3616 1235 3736 1290 per-

2151 1295 2364 1364 tinebit,
2396 1299 2439 1352 si
2461 1300 2724 1356 esaltatur
2753 1301 2846 1358 tibi
2871 1318 3056 1360 cornu.
3084 1305 3238 1360 Modo
3266 1322 3394 1378 ergo
3419 1318 3502 1362 est
3531 1319 3739 1380 tempus

2157 1387 2384 1458 eligendi
2408 1408 2424 1453 ;
2456 1400 2580 1446 tunc
2610 1407 2714 1448 non
2740 1393 2863 1450 erit.
2887 1393 3005 1449 Non
3031 1410 3090 1451 es
3114 1397 3369 1464 dicturus,
3415 1399 3660 1454 Dimittar
3684 1411 3736 1456 et

2156 1481 2351 1550 eligam
2388 1500 2402 1537 :
2450 1494 2838 1552 prmeesserunt
2879 1486 3022 1541 enim
3051 1500 3230 1551 voces,
3276 1487 3396 1543 Dixi
3431 1490 3635 1561 iniquis.
3681 1491 3739 1547 Si

2157 1585 2265 1626 non
2292 1571 2423 1636 dixi,
2470 1588 2597 1642 para
2627 1577 3046 1637 excusationem.
3083 1591 3215 1649 para
3255 1578 3618 1636 defensionem
3647 1600 3661 1635 :
3694 1581 3740 1637 si

2158 1671 2334 1718 autem
2369 1663 2515 1730 dixi,
2545 1680 2856 1736 prmoccupa
2884 1665 3296 1733 confessionem,
3338 1687 3406 1724 ne
3443 1671 3625 1726 venias
3671 1672 3741 1728 ad

2157 1752 2588 1820 damnationem;
2625 1757 2750 1826 quia
2789 1765 2915 1816 tunc
2953 1758 3222 1815 confessio
3257 1773 3374 1816 sera
3401 1761 3522 1825 crit,
3563 1769 3613 1816 et
3643 1763 3744 1817 do-

2159 1842 2330 1899 fensio
2356 1845 2502 1900 nulla
2524 1847 2649 1901 erit.

2164 1975 3744 2008 Μ

2556 2055 2640 2119 ΙΝ
2682 2057 3062 2123 PSALMUM
3105 2061 3342 2124 LXXV

2727 2178 3144 2241 ENARRATlO.

2679 2307 2851 2348 εειυιο
2880 2310 2947 2348 ΔΙ)
2973 2310 3177 2349 ηεηεθι
3186 2335 3198 2347 .

2233 2410 2285 2466 l.
2318 2409 2466 2479 Iners.
2489 2405 2571 2481 2.]
2596 2407 2780 2462 Solent
2806 2406 3002 2461 inimici
3033 2407 3235 2460 Domini
3256 2406 3379 2461 Jesu
3409 2405 3603 2461 Christi
3631 2422 3746 2462 out-

2164 2500 2318 2554 nibus
2349 2499 2457 2553 noti
2487 2497 2655 2552 Judaei
2686 2498 2897 2565 gloriari
2938 2499 2988 2550 in
3016 2497 3117 2551 isto
3141 2497 3344 2565 psalmo
3367 2513 3522 2566 quem
3559 2509 3744 2552 canta-

2163 2589 2354 2652 vimus,
2384 2589 2637 2652 dicentes,
2669 2587 2838 2640 Notus
2877 2587 2931 2639 in
2959 2585 3344 2650 Juda-a'Deus;
3369 2589 3420 2640 in
3447 2576 3746 2642 Israelitico

2163 2697 2316 2752 gnum
2353 2697 2536 2734 nomen
2573 2681 2719 2750 ejus,
2760 2689 2811 2734 et
2855 2679 3105 2734 insultare
3133 2679 3391 2734 Gentibus
3419 2679 3610 2749 quibus
3641 2697 3745 2736 non

2162 2783 2247 2829 est
2271 2784 2429 2828 notus
2473 2773 2634 2837 Deus,
2685 2781 2739 2829 et
2775 2772 2953 2828 dicere
2976 2773 3098 2843 quia
3148 2773 3246 2826 sibi
3291 2772 3421 2827 solis
3471 2783 3626 2826 notus
3665 2781 3746 2828 est

2166 2866 2335 2931 Deus;
2369 2865 2581 2936 quando
2617 2865 2881 2935 Propheta
2912 2866 3057 2924 dicit.
3088 2865 3256 2921 Notus
3283 2866 3335 2918 in
3362 2864 3547 2918 Iudam
3572 2865 3705 2920 Deus
3726 2882 3746 2920 :

2163 2957 2288 3012 alibi
2316 2971 2442 3028 ergo
2472 2956 2695 3026 ignotus.
2729 2957 2896 3011 Notus
2924 2964 3007 3011 est
3047 2966 3222 3011 autem
3272 2971 3455 3014 revera
3485 2957 3536 3011 in
3563 2956 3744 3011 .lmla-a

2166 3049 2327 3114 Deus,
2353 3051 2395 3102 si
2421 3049 2714 3120 intelligant
2738 3048 2863 3119 quid
2896 3049 2964 3103 sit
2985 3048 3189 3102 Jndrea.
3220 3047 3351 3102 Nam
3376 3063 3498 3102 vere
3527 3065 3634 3102 non
3662 3061 3745 3103 est

2163 3149 2322 3196 notus
2349 3141 2487 3196 Deus
2517 3140 2615 3194 nisi
2650 3140 2702 3194 in
2744 3139 2946 3195 Judaea.
2980 3139 3121 3196 Ecce
3147 3147 3202 3195 et
3243 3153 3342 3195 nos
3366 3139 3468 3195 hoc
3495 3141 3743 3204 dicimus,

2161 3231 2285 3300 quia
2313 3231 2410 3284 nisi
2438 3231 2664 3300 quisque
2699 3230 2853 3286 fuerit
2884 3232 2936 3286 in
2975 3231 3178 3296 Judma,
3205 3239 3363 3287 notus
3383 3230 3434 3286 ei
3466 3231 3603 3286 Deus
3623 3247 3746 3298 esse

2165 3338 2269 3378 non
2303 3331 2495 3392 potest.
2527 3320 2632 3377 Sed
2656 3322 2781 3393 quid
2811 3322 2939 3377 dicit
2973 3321 3299 3390 Apostolus?
3335 3321 3435 3388 Qui
3461 3322 3514 3376 in
3551 3324 3746 3375 occulto

2161 3415 2377 3469 Judwus
2405 3424 2477 3467 est
2489 3431 2510 3480 ;
2549 3413 2637 3483 qui
2676 3413 3054 3467 circumcisione
3081 3412 3268 3478 cordis,
3309 3428 3410 3466 non
3445 3412 3631 3479 littera,
3657 3411 3746 3467 sed

2163 3507 2343 3573 spiritu
2370 3503 2543 3574 (Rom.
2577 3499 2634 3569 u,
2664 3503 2758 3573 20)
2786 3521 2800 3557 :
2827 3511 2952 3557 sunt
2992 3518 3120 3574 ergo
3158 3501 3328 3557 Judzei
3377 3502 3429 3556 in
3461 3503 3745 3557 circumci-

2163 3598 2312 3651 sione
2337 3596 2533 3661 carnis,
2559 3605 2762 3650 etsunt
2798 3593 2969 3648 Judaei
3013 3593 3066 3648 in
3105 3591 3505 3649 circumcisione
3544 3592 3744 3647 cordis.

2165 3689 2350 3744 Patres
2376 3688 2541 3743 nostri
2576 3687 2726 3742 multi
2755 3687 2946 3752 sancti,
2983 3695 3038 3741 et
3077 3686 3538 3741 circumeisionem
3567 3686 3748 3741 carnis

2163 3781 2430 3838 habebant
2456 3790 2675 3852 propter
2693 3780 3020 3852 signaculum
3041 3779 3182 3846 ﬁdei,
3206 3787 3260 3835 et
3283 3778 3742 3834 circumcisionem

2163 3873 2340 3930 cordis
2362 3881 2580 3944 propter
2600 3873 2767 3943 ipsam
2797 3871 2977 3927 ﬁdem.
3009 3872 3090 3925 Ab
3129 3869 3212 3925 his
3246 3869 3481 3940 patribus
3507 3869 3741 3938 degene-

2161 3973 2340 4020 rantes
2365 3965 2452 4019 isti
2477 3963 2564 4032 qui
2586 3962 2746 4017 modo
2771 3963 2822 4016 in
2846 3962 3058 4017 nomine
3082 3960 3374 4031 gloriantur
3387 3968 3443 4015 et
3463 3959 3596 4013 facta
3622 3973 3746 4027 per-

2162 4056 2442 4121 diderunt;
2470 4056 2539 4111 ab
2567 4054 2650 4109 bis
2685 4069 2816 4126 ergo
2842 4054 3077 4125 patribus
3102 4054 3502 4124 degenerantes,
3528 4068 3744 4108 reman-

2160 4157 2348 4203 serunt
2374 4148 2426 4202 in
2451 4162 2612 4202 carne
2639 4146 2831 4212 Judzei,
2860 4147 2912 4200 in
2937 4145 3100 4201 corde
3125 4145 3338 4216 Pagani.
3364 4145 3464 4214 ipsi
3490 4147 3632 4199 enim
3653 4145 3746 4198 Ju-

2160 4240 2284 4308 dmi,
2317 4241 2404 4310 qui
2434 4250 2646 4295 suntex
2686 4237 2977 4304 Abraham,
3008 4253 3036 4291 a
3066 4255 3173 4309 quo
3205 4238 3347 4292 Isaac
3377 4246 3531 4291 natus
3558 4249 3662 4302 est,
3690 4247 3745 4292 et

2159 4346 2227 4386 es
2253 4331 2346 4387 illo
2369 4331 2554 4394 Jacob,
2579 4339 2632 4386 et
2649 4347 2716 4386 ex
2734 4329 2900 4387 Iacob
2931 4329 3210 4386 duodecim
3237 4329 3577 4393 Patriarcbae,
3602 4340 3654 4384 et
3674 4344 3745 4385 ex

2158 4422 2438 4478 duodecim
2478 4421 2800 4478 Patriarchis
2843 4422 3069 4492 populus
3113 4421 3390 4476 universus
3413 4420 3740 4475 Judaerum.

2159 4516 2266 4570 Sed
2296 4515 2456 4571 ludari
2484 4524 2765 4586 propterea
2794 4497 3025 4569 maxime
3049 4512 3298 4584 appellati
3337 4521 3479 4577 sunt,
3508 4513 3628 4582 quia
3651 4512 3745 4566 Ju-

2159 4606 2255 4660 das
2282 4621 2419 4660 unus
2444 4614 2557 4660 erat
2582 4603 2651 4659 de
2677 4604 2800 4659 ﬁliis
2825 4603 3107 4659 duodecim
3127 4603 3311 4669 Jacob,
3340 4602 3638 4672 patriarcha
3662 4603 3744 4657 in.

2158 4707 2241 4752 ter
2267 4696 2569 4764 duodecim,
2595 4705 2650 4752 et
2677 4697 2743 4751 de
2767 4696 2931 4766 stirpe
2954 4696 3069 4765 ejus
3107 4711 3328 4766 regnum
3367 4696 3612 4751 veniebat
3648 4695 3744 4751 Ju-

2156 4788 2306 4843 dazis.
2352 4788 2480 4842 Nam
2521 4788 2697 4842 omnis
2733 4786 2824 4842 ille
2871 4787 3097 4856 pepnlus
3131 4785 3420 4840 secundum
3456 4801 3739 4841 numerum

2154 4880 2433 4935 duodecim
2472 4880 2703 4935 ﬁliorum
2746 4879 2912 4936 Jacob
2955 4879 3239 4936 duodecim
3279 4880 3450 4934 tribus
3488 4879 3735 4934 habebat.

2155 4972 2349 5027 Tribus
2372 4971 2620 5026 dicuntur
2635 4971 3056 5039 tanquamcuriaa
3077 4978 3134 5025 et
3160 4971 3595 5040 congregationes
3622 4970 3737 5026 dis.

2155 5061 2336 5117 tinctze
2389 5062 2723 5131 populorum.
2755 5057 2993 5115 Habebat
3011 5075 3138 5130 ergo
3165 5061 3251 5115 ille
3277 5061 3502 5129 populus
3529 5059 3736 5116 duode-

2152 5154 2256 5206 cim
2281 5153 2477 5217 tribus;
2503 5168 2532 5228 e
2552 5151 2744 5221 quibus
2761 5151 3040 5205 duodecim
3065 5151 3304 5204 tribubus
3321 5167 3421 5205 una
3442 5151 3609 5205 tribus
3623 5162 3738 5208 erat

2151 5245 2284 5300 Juda
2306 5260 2366 5298 ex
2395 5260 2496 5313 qua
2529 5251 2681 5298 erant
2707 5258 2884 5314 reges,
2917 5252 2971 5297 et
2999 5252 3114 5297 erat
3138 5244 3304 5299 altera
3327 5245 3497 5298 tribus
3522 5246 3646 5300 Levi
3670 5263 3733 5300 ex

2151 5352 2255 5407 qua
2280 5344 2434 5390 erant
2479 5336 2800 5390 sacerdotes.
2847 5334 2951 5391 Sed
2980 5336 3102 5404 quia
3142 5337 3504 5391 sacerdotibus
3537 5339 3734 5407 templo

2152 5427 2506 5482 servientibus
2557 5435 2696 5481 terra
2740 5427 2904 5479 divisa
2947 5441 3051 5479 non
3093 5434 3176 5494 est
3218 5425 3400 5497 (Num.
3433 5443 3584 5492 xvm,
3617 5429 3729 5499 20),

2153 5519 2431 5588 oportebat
2469 5527 2644 5572 autem
2675 5525 2733 5570 ut
2760 5516 3047 5582 duodecim.
3084 5516 3324 5571 tribubus
3359 5517 3732 5586 dispertiretur

2151 5611 2328 5668 omnis
2355 5612 2499 5682 regio
2519 5608 2920 5681 promissionis:
2943 5618 3168 5678 excepta
3187 5623 3314 5678 ergo
3338 5624 3441 5663 una
3465 5609 3603 5665 tribu
3625 5627 3731 5663 ma-

2151 5703 2282 5771 joris
2305 5701 2597 5770 dignitatis,
2621 5699 2758 5754 tribu
2789 5699 2934 5764 Levi,
2963 5715 3081 5768 quae
3111 5709 3228 5752 erat
3266 5701 3317 5752 in
3339 5699 3726 5765 sacerdotibus,

2157 5803 2492 5851 remanerent
2535 5793 2802 5854 undecim,
2845 5791 2946 5847 nisi
2986 5804 3081 5860 per
3121 5789 3458 5850 adomioncm
3504 5790 3730 5848 duorum
