3990 6330
238 443 345 504 957

241 567 474 621 ﬁliorum
498 560 696 636 Ioseph
723 560 1006 620 duodecim
1026 563 1442 635 complerentur.
1462 563 1574 618 iloe
1595 561 1718 630 quid
1740 561 1832 626 sit,

239 655 522 713 advertite.
555 655 705 712 Unus
733 656 800 712 de
825 656 1108 711 duodecim
1137 656 1258 709 lilits
1283 653 1445 710 Iacob
1470 663 1586 709 erat
1611 650 1830 720 Ioseph.

241 748 347 804 iste
373 759 456 803 est
474 748 674 817 Ioseph
698 764 857 820 quem
878 747 1072 802 fratres
1109 748 1191 802 sui
1231 746 1283 800 in
1320 744 1606 818 zEgyptum
1646 741 1836 798 vendi-

236 843 459 907 derunt,
490 850 544 897 et
565 827 671 897 illii’e
696 843 888 896 merito
913 841 1173 895 castitatis
1200 840 1267 894 ad
1296 839 1577 894 sublimem
1604 838 1835 907 dignita-

242 945 350 990 tem
377 936 668 1006 perductus
688 946 789 999 est,
814 943 868 991 et
907 935 1071 989 adluit
1099 935 1171 989 illi
1217 934 1356 989 Deus
1381 933 1433 988 in
1478 933 1623 988 omni
1668 946 1834 1001 opere

239 1041 368 1092 suo;
399 1036 453 1082 et
473 1029 706 1096 suscepit
727 1026 919 1082 fratres
947 1042 1074 1082 suos
1117 1042 1147 1080 a
1177 1026 1370 1095 quibus
1409 1024 1656 1079 venditus
1694 1031 1829 1086 erat,

239 1127 295 1172 et
341 1128 568 1188 patrem,
619 1117 759 1174 l‘ame
806 1118 1144 1183 laborantes,
1194 1127 1248 1172 et
1287 1126 1503 1187 propter
1536 1131 1726 1185 panem
1765 1115 1832 1169 ad

241 1206 535 1283 A'Igypmm
561 1200 971 1266 descendentes.
1013 1210 1118 1265 iste
1156 1209 1353 1279 Ioseph
1394 1207 1528 1262 duos
1560 1206 1695 1260 lilios
1732 1206 1831 1260 ha—

238 1302 378 1364 buit,
411 1301 665 1370 Epitraim
703 1311 757 1357 et
785 1302 1044 1356 tranasse.
1083 1300 1313 1355 Moriens
1354 1297 1539 1364 Iacco,
1581 1310 1830 1368 tanquam

238 1402 564 1450 testamento
589 1398 627 1458 ί,
647 1397 935 1462 assumpsit
953 1392 1073 1450 illos
1089 1404 1311 1462 nepotes
1331 1407 1455 1448 suos
1477 1393 1527 1446 in
1552 1407 1831 1446 numerant

240 1487 496 1549 ﬁliorum,
523 1497 577 1541 et
601 1486 735 1542 dixit
763 1485 875 1540 tilio
902 1498 1000 1539 suo
1025 1484 1220 1554 Ioseph
1254 1502 1267 1539 :
1297 1482 1476 1539 Crateri
1503 1481 1591 1552 qui
1610 1498 1832 1536 nascun-

240 1590 343 1641 tur,
370 1581 458 1632 tibi
483 1588 626 1632 erunt
644 1594 664 1644 ε
684 1579 768 1632 isti
793 1587 958 1632 autem
987 1578 1129 1636 mihi.
1166 1586 1213 1632 et
1249 1575 1472 1629 diuident
1500 1585 1686 1628 terram
1717 1589 1835 1628 cum

242 1672 484 1740 fratribus
510 1670 615 1725 suis
642 1667 793 1741 (Gen.
822 1681 1006 1730 vattt,
1026 1670 1081 1733 5,
1099 1669 1178 1740 li).
1202 1667 1392 1722 Adhuc
1421 1683 1523 1720 non
1544 1672 1659 1720 erat
1685 1665 1832 1731 data,

244 1777 344 1817 nec
365 1762 531 1816 divisa
563 1768 702 1814 terra
733 1757 1131 1831 promissionis;
1159 1757 1252 1813 sed
1279 1756 1488 1812 dicebat
1514 1755 1606 1809 ille
1630 1755 1680 1808 in
1707 1754 1831 1824 Spio

243 1855 349 1908 ritu
379 1851 720 1921 prophetans.
750 1848 1140 1906 Aceedentibus
1165 1861 1294 1917 ergo
1336 1846 1542 1902 duobus
1586 1844 1708 1901 ﬁliis
1743 1843 1834 1899 Io-

241 1942 403 2012 seph,
432 1943 581 1996 facte
616 1950 742 1997 sunt
781 1939 1130 1995 nihilominus
1174 1939 1452 1993 duodecim
1483 1937 1670 2001 tribus,
1710 1935 1833 2004 quia

240 2038 350 2106 jam
377 2035 632 2091 tredecim
663 2043 787 2090 sunt
815 2052 828 2089 :
859 2048 954 2104 pro
1002 2049 1103 2087 una
1132 2033 1272 2087 enim
1302 2032 1440 2087 tribu
1468 2027 1686 2098 Ioseph,
1715 2028 1834 2082 dua:

242 2137 605 2191 accesserunt,
654 2132 710 2181 et
756 2125 908 2180 iacta:
957 2135 1080 2179 sunt
1125 2122 1402 2178 tredecim.
1445 2122 1677 2189 Exoepta
1708 2134 1836 2188 ergo

245 2219 386 2274 tribu
419 2218 564 2283 Levi,
599 2217 683 2270 illa
717 2217 855 2272 tribu
887 2214 1222 2270 sacerdotum
1251 2227 1370 2283 qua:
1403 2211 1666 2266 serviebat
1701 2218 1837 2264 tein-

245 2310 354 2377 pio,
393 2317 446 2363 et
472 2308 541 2363 de
565 2309 789 2363 decimis
818 2308 1026 2363 vivebat
1047 2316 1361 2361 ea‘terarum
1387 2303 1619 2357 omnium
1644 2301 1836 2372 quibus

244 2411 387 2455 terra
411 2399 576 2454 divisa
608 2411 708 2464 est,
739 2409 1016 2454 remanent
1035 2396 1338 2453 duodecim.
1366 2395 1419 2450 in
1451 2395 1534 2450 his
1553 2394 1832 2449 duodecim

243 2501 364 2546 erat
393 2491 560 2548 tribus
577 2492 740 2552 ~Iuda.
767 2491 906 2545 unde
933 2506 1087 2561 reges
1110 2499 1283 2544 erant.
1305 2487 1435 2543 Nam
1458 2488 1630 2558 primo
1647 2486 1713 2540 de
1733 2485 1834 2539 alia

245 2587 387 2643 tribu
415 2586 572 2640 datus
606 2595 688 2640 est
726 2599 818 2639 rex
847 2583 971 2637 Sani
995 2581 1039 2653 (i
1071 2582 1199 2652 Reg.
1223 2595 1303 2646 ix,
1337 2578 1412 2649 i),
1443 2590 1494 2633 et
1525 2576 1838 2646 reprobatns

244 2688 329 2736 est
357 2689 603 2747 tanquam
627 2676 798 2729 malus
822 2690 949 2740 rex;
979 2681 1160 2743 postea
1183 2672 1337 2727 datos
1357 2681 1438 2725 est
1457 2670 1524 2723 de
1547 2669 1682 2723 tribu
1702 2666 1837 2721 Iuda

245 2783 344 2828 rex
379 2771 562 2839 David,
587 2779 642 2825 et
667 2785 732 2824 ex
756 2771 846 2824 illo
876 2769 943 2825 de
971 2766 1109 2821 tribu
1150 2765 1284 2822 Iuda
1316 2764 1528 2818 luerunt
1552 2775 1704 2830 reges
1726 2758 1838 2828 (Id.

246 2879 357 2926 τινι,
387 2861 498 2931 12).
526 2861 690 2916 Iacob
726 2871 902 2913 autem
934 2860 1020 2912 ille
1041 2856 1142 2911 hoc
1179 2855 1406 2920 dixerat,
1435 2853 1648 2922 quando
1671 2850 1836 2905 bene-

246 2953 459 3009 tiiXerat
485 2953 621 3006 ﬁlios
644 2965 771 3004 suos
807 2968 819 3003 :
851 2949 971 3002 Non
998 2948 1191 3016 deﬁciet
1222 2947 1452 3016 princeps
1473 2944 1535 2996 de
1556 2942 1719 3009 Inda,
1749 2957 1839 2994 nec

246 3049 357 3100 dux
374 3045 437 3099 de
459 3041 731 3117 femoribus
755 3044 881 3111 ejus,
908 3041 1065 3095 donec
1086 3040 1246 3092 veniat
1282 3038 1364 3090 cui
1389 3037 1746 3107 repromissum
1768 3040 1840 3086 est

249 3136 403 3204 (Gen.
427 3152 569 3202 xux,
602 3136 710 3206 i0).
742 3135 816 3190 De
861 3135 999 3188 tribu
1039 3142 1215 3187 autem
1249 3130 1383 3186 Iuda
1413 3129 1558 3183 venit
1586 3127 1839 3182 Dominus

249 3240 434 3285 noster
467 3228 621 3283 Iesus
649 3227 920 3281 Christus.
966 3225 1060 3279 Est
1090 3223 1231 3278 enim
1251 3264 1264 3284 ,
1289 3219 1719 3288 sieut'Scriptura
1753 3215 1840 3270 di-

247 3323 323 3376 cit
351 3331 404 3375 et
425 3319 584 3376 modo
603 3318 846 3381 audistis,
883 3332 945 3370 ex
962 3316 1151 3370 semine
1173 3312 1361 3378 David,
1389 3321 1543 3365 natus
1567 3301 1635 3363 de
1655 3307 1837 3364 Maria.

247 3413 514 3468 Caeterum
542 3409 681 3481 quod
710 3409 900 3462 attinet
939 3407 1004 3461 ad
1047 3404 1376 3458 divinitatem
1427 3400 1635 3456 Domini
1672 3399 1840 3454 nostri

248 3502 377 3560 Iesu
419 3502 635 3567 Christi,
681 3501 733 3553 in
775 3515 876 3569 qua
927 3497 1148 3569 mqualis
1185 3505 1270 3551 est
1299 3493 1470 3559 Patri;
1517 3508 1621 3547 non
1665 3489 1839 3547 solum

250 3605 378 3650 ante
414 3593 648 3651 Iudaeos.
693 3585 786 3644 sed
817 3589 976 3645 etiam
1018 3599 1144 3642 ante
1175 3586 1344 3655 ipsum
1374 3581 1640 3638 Abraham
1660 3581 1838 3651 (Ioan.

250 3704 367 3748 vni.
399 3686 488 3756 58)
512 3701 528 3750 ;
551 3699 650 3739 nec
669 3682 839 3737 Solum
867 3692 990 3736 ante
1006 3678 1295 3740 Abraham,
1319 3675 1412 3732 sed
1431 3684 1625 3729 etante
1649 3673 1837 3737 Adam;

253 3799 355 3837 nec
379 3781 548 3836 solum
579 3786 703 3833 ante
739 3776 931 3842 Adam,
959 3773 1054 3828 sed
1082 3782 1136 3827 et
1165 3781 1288 3825 ante
1318 3769 1512 3825 etelum
1542 3777 1594 3822 et
1625 3777 1841 3827 terram,

253 3886 307 3930 et
333 3884 458 3928 ante
498 3871 724 3926 szceula:
754 3868 877 3938 quia
915 3865 1087 3920 omnia
1114 3880 1202 3934 per
1239 3863 1407 3930 ipsum
1435 3865 1570 3932 facta
1614 3867 1751 3922 sunt,
1795 3865 1845 3911 et

252 3969 361 4020 sine
393 3966 504 4035 ipso
534 3965 726 4034 factum
765 3969 837 4013 est
863 3958 992 4012 nihil
1013 3956 1120 4026 (Id.
1155 3971 1193 4022 ι,
1222 3953 1298 4024 5).
1325 3953 1459 4019 Quia
1490 3967 1617 4020 ergo
1645 3951 1696 4003 in
1722 3963 1845 4019 pro-

256 4056 431 4127 pbetia
461 4055 658 4107 dictum
685 4060 787 4115 est,
832 4048 950 4102 Non
983 4047 1178 4115 deficiet
1214 4047 1445 4114 princeps
1473 4059 1536 4097 ea:
1561 4041 1724 4100 Iuda.
1755 4053 1845 4093 ne-

253 4163 353 4216 que
381 4146 490 4199 dua:
521 4144 584 4196 de
608 4143 881 4213 femoribus
910 4142 1038 4210 ejus,
1080 4138 1238 4191 donec
1267 4135 1437 4188 veniat
1464 4135 1546 4191 cui
1575 4133 1847 4202 repromis—

253 4255 367 4293 sum
402 4247 517 4291 est:
542 4234 950 4290 considerantur
985 4229 1162 4301 priora
1191 4237 1451 4296 tempora,
1479 4234 1532 4279 et
1573 4223 1847 4277 invenitur

256 4331 380 4398 quia
405 4327 572 4385 Iudaei
615 4326 680 4380 de
725 4325 863 4378 tribu
898 4322 1031 4378 Iuda
1072 4335 1285 4389 semper
1327 4332 1482 4387 reges
1522 4316 1842 4380 habuerunt,

260 4423 401 4477 unde
428 4422 552 4477 dicti
569 4429 699 4474 sunt
723 4417 927 4479 Iudaei;
956 4425 1012 4469 et
1041 4429 1144 4468 non
1172 4411 1474 4465 habuerunt
1496 4424 1673 4478 regem
1700 4408 1847 4476 prius

256 4515 633 4583 alienigenam,
666 4510 767 4563 nisi
799 4505 1063 4562 Herodem
1096 4504 1243 4557 illum
1270 4501 1358 4571 qui
1388 4501 1482 4554 iuit
1506 4497 1719 4569 quando
1742 4489 1848 4550 Do-

259 4606 439 4660 minus
476 4614 629 4657 natus
670 4611 746 4656 est
779 4597 942 4670 (Luc.—
972 4611 1048 4660 In,
1097 4596 1174 4664 Ι).
1212 4593 1339 4648 inde
1377 4600 1655 4659 eruperunt
1693 4602 1848 4659 reges

259 4697 594 4768 alienigente,
622 4694 692 4747 ab
711 4691 943 4747 Herode.
968 4691 1104 4742 Ante
1134 4684 1396 4740 Herodem
1422 4698 1608 4735 omnes
1624 4680 1690 4735 de
1709 4679 1847 4733 tribu

258 4789 414 4854 Iuda,
443 4789 535 4842 sed
575 4785 746 4839 donec
785 4781 995 4836 veniret
1035 4779 1118 4831 cui
1144 4776 1503 4844 repromissum
1542 4781 1633 4825 est.
1664 4769 1849 4840 itaque

262 4874 379 4951 ipso
397 4882 504 4951 jam
531 4877 777 4932 veniente
815 4871 1065 4932 Domino.
1096 4883 1342 4923 eversum
1384 4874 1468 4920 est
1497 4878 1714 4929 regnum
1754 4860 1848 4916 Iu-

259 4976 520 5035 daeorum,
541 4978 595 5023 et
615 4967 875 5022 sublatum
899 4973 981 5017 est
1004 4978 1067 5016 ex
1094 4959 1313 5015 Iudmis.
1344 4955 1497 5010 Modo
1522 4971 1627 5008 non
1653 4953 1844 5007 habent

261 5077 506 5129 regnum,
546 5059 666 5129 quia
709 5055 897 5111 nolunt
938 5064 1265 5120 cognoscere
1301 5062 1484 5102 verum
1519 5061 1720 5115 regem.
1753 5042 1847 5096 Vi-

259 5157 383 5209 dete
405 5153 514 5222 jam
558 5151 600 5206 si
631 5147 799 5203 Iudwi
851 5145 959 5198 sint
1008 5141 1327 5212 appellandi.
1367 5138 1481 5193 Iam
1512 5137 1699 5190 videtis
1727 5134 1848 5204 quia

260 5234 430 5301 Iudici
473 5258 577 5296 non
604 5249 726 5293 sunt
753 5233 1075 5306 appellandi.
1113 5232 1213 5299 ipsi
1253 5245 1382 5283 voce
1430 5243 1522 5281 sua
1565 5226 1850 5280 abdicave-

262 5346 386 5394 runt
415 5350 474 5388 se
498 5335 566 5391 ab
593 5334 696 5386 isto
735 5330 971 5390 nomine,
1010 5335 1066 5378 ut
1095 5323 1262 5379 Iuda-i
1295 5337 1399 5375 non
1433 5321 1542 5373 sint
1573 5319 1715 5389 digni
1755 5333 1852 5386 ap-

265 5429 473 5500 pellari,
503 5422 604 5479 nisi
633 5431 835 5476 tantum
863 5434 1044 5473 carne.
1082 5417 1178 5474 Ubi
1209 5430 1337 5485 ergo
1375 5429 1434 5467 se
1472 5418 1853 5482 separaverunt

262 5523 328 5574 ab
351 5521 454 5573 isto
479 5515 730 5572 nomine?
762 5512 1033 5573 Dicebant,
1064 5507 1354 5562 saeviebant
1390 5506 1443 5559 in
1482 5505 1773 5565 Christum.
1799 5503 1850 5556 id

263 5624 344 5670 est
369 5613 389 5643 ¹
420 5620 586 5682 genus
609 5605 765 5670 Inda,
805 5602 1094 5660 smviebant
1133 5603 1183 5652 in
1222 5613 1403 5651 semen
1450 5594 1633 5649 David.
1680 5592 1746 5648 Et
1780 5594 1855 5646 ait

327 5769 342 5798 ι
371 5765 504 5818 ΡΜ..
529 5765 805 5813 testamento
823 5756 1080 5817 assumpto.
1106 5762 1222 5810 \‘os,
1243 5755 1505 5812 assumpto,
1528 5750 1669 5800 abest
1690 5750 1753 5800 ab
1771 5747 1856 5799 aii-

266 5833 512 5947 “glria
535 5886 587 5938 id
606 5893 676 5936 est
697 5884 746 5935 in
764 5895 910 5946 aeuus
934 5865 1078 5929 Iunia.
1109 5878 1271 5937 abest,
1289 5875 1358 5935 in,
1383 5886 1409 5922 ε
1432 5879 1535 5922 Mss.

1267 440 1664 503 ENARRATIO
1703 442 1766 494 ΙΝ
1807 438 2125 498 PSALMUM
2154 441 2364 498 LXXV.

3419 450 3525 508 958

1939 558 2045 615 illis
2066 560 2298 616 Pilatus:
2328 563 2517 634 Regem
2537 573 2748 622 vestrum
2767 568 3062 640 cruciﬁgam
3080 569 3108 625 1
3136 569 3206 626 Et
3243 570 3318 627 illi
3361 591 3375 626 :
3411 572 3525 627 Nos

1938 669 2039 706 non
2081 653 2322 709 habemus
2363 672 2551 724 regem,
2594 657 2693 713 nisi
2714 658 2963 715 Casarem
2985 658 3162 731 (Joan.
3200 677 3306 725 six,
3334 663 3444 732 i5).
3476 660 3523 717 0

1937 743 2104 800 Iudaei
2129 745 2221 814 qui
2252 745 2536 810 vocamini,
2559 758 2612 801 et
2644 763 2747 803 non
2781 751 2946 815 estis;
2973 751 3017 805 si
3058 767 3164 806 non
3185 751 3403 807 habetis
3432 768 3527 806 rea

1937 851 2080 907 gem,
2113 838 2213 891 nisi
2256 837 2549 904 Caesarem,
2588 838 2783 893 deiecit
2810 840 2919 910 jam
2956 841 3202 910 princeps
3231 842 3300 898 de
3335 842 3469 897 Iuda
3501 858 3518 897 :

1937 931 2083 986 venit
2105 946 2232 1000 ergo
2258 929 2349 985 ille
2374 931 2453 984 cui
2483 931 2841 998 repromissum
2863 941 2957 984 est.
2985 929 3062 985 llli
3080 947 3205 1003 ergo
3231 934 3404 988 verius
3421 932 3521 988 Iu-

1935 1021 2058 1088 daei,
2104 1021 2192 1092 qui
2222 1023 2498 1078 christiani
2545 1023 2671 1079 facti
2716 1033 2840 1079 sunt
2864 1039 2929 1080 ex
2956 1023 3191 1078 Iudmis:
3222 1028 3399 1080 caeteri
3423 1026 3518 1082 Iu-

1938 1115 2038 1170 da-l
2065 1114 2154 1184 qui
2190 1115 2244 1169 in
2274 1114 2546 1169 Christum
2589 1131 2695 1168 non
2724 1115 3089 1180 crediderunt,
3129 1116 3290 1170 etiam
3323 1133 3518 1173 nomen

1937 1206 2111 1275 ipsum
2139 1205 2361 1274 pendere
2386 1203 2530 1275 digni
2561 1204 2793 1260 fuerunt.
2825 1205 3006 1260 Iudwa
3039 1221 3166 1276 ergo
3192 1222 3337 1272 vera,
3364 1203 3524 1260 Chri-

1937 1301 2003 1352 sti
2036 1297 2269 1352 Ecclesia
2294 1308 2396 1363 est,
2426 1298 2653 1352 credens
2680 1299 2733 1350 in
2769 1298 2917 1351 illum
2958 1314 3135 1368 regem
3165 1299 3254 1368 qui
3281 1299 3424 1354 venit
3453 1313 3522 1354 es

1939 1389 2078 1443 tribu
2108 1388 2244 1442 Inda
2273 1403 2367 1458 per
2391 1390 2648 1458 virginem
2673 1388 2921 1454 Mariam;
2949 1389 3175 1444 credens
3201 1391 3253 1444 in
3281 1389 3427 1443 illum
3452 1390 3524 1444 de

1937 1496 2044 1550 quo
2064 1482 2223 1536 modo
2253 1479 2540 1550 Apostolus
2563 1481 2790 1542 dicebat,
2808 1481 2875 1536 ad
2892 1480 3229 1537 Timotheum
3257 1482 3517 1536 scribens:

1939 1569 2137 1624 Memor
2170 1580 2273 1625 esto
2300 1569 2478 1625 Iesum
2505 1568 2761 1625 Christum
2798 1570 3124 1626 resurrexisse
3163 1587 3196 1624 a
3222 1571 3429 1624 mortuis
3458 1585 3523 1624 ea:

1937 1665 2123 1717 semine
2149 1661 2332 1728 David,
2363 1663 2638 1717 secundum
2670 1661 3004 1733 Evangelia»:
3033 1661 3275 1730 meum(li
3294 1660 3431 1716 Tim.
3462 1677 3522 1727 tt,

1938 1751 2016 1820 8).
2049 1752 2123 1808 De
2145 1751 2278 1808 Iuda
2313 1754 2453 1807 enim
2481 1753 2666 1815 David.
2707 1762 2763 1808 et
2786 1770 2853 1807 ex
2893 1752 3055 1806 David
3084 1751 3334 1807 Dinninus
3367 1752 3527 1808 Iesus

1938 1842 2205 1897 Christus.
2236 1837 2344 1897 Nos
2369 1842 2647 1898 credentes
2686 1843 2737 1898 in
2776 1843 3047 1897 Christum
3092 1842 3416 1912 pertinemus
3455 1840 3521 1895 ad

1936 1931 2164 1997 Iudam;
2193 1941 2248 1988 et
2279 1947 2376 1988 nos
2403 1933 2749 2002 cognovimus
2787 1932 3059 1988 Christum
3088 1934 3191 2012 qui‘
3219 1930 3388 1987 oculis
3417 1947 3525 1987 non

1941 2025 2188 2091 vidimus,
2231 2025 2335 2080 ilde
2378 2026 2691 2080 retinemus.
2724 2022 2838 2080 Non
2876 2039 3004 2096 ergo
3043 2025 3296 2079 insultent
3331 2023 3524 2086 Iudaei.

1939 2118 2029 2188 qui
2051 2117 2164 2187 jam
2192 2132 2298 2171 non
2327 2126 2451 2171 sunt
2480 2116 2648 2171 Ind:ei
2675 2135 2687 2170 :
2717 2116 2816 2186 ipsi
2850 2117 3122 2182 dixerunt,
3152 2112 3263 2168 Nos
3299 2130 3399 2168 non
3431 2114 3528 2166 Isa-

1939 2210 2110 2263 bemus
2134 2226 2319 2279 regem,
2357 2210 2453 2262 nisi
2491 2207 2762 2263 Caesarem.
2789 2208 2919 2261 Nam
2945 2207 3137 2262 melius
3161 2206 3265 2260 illis
3302 2215 3437 2270 erat,
3469 2215 3526 2260 ut

1940 2318 2030 2356 rex
2057 2303 2265 2356 illorum
2296 2313 2438 2356 esset
2465 2300 2730 2363 Christus,
2761 2317 2827 2356 es
2856 2302 3063 2357 semine
3105 2299 3267 2355 David
3296 2299 3524 2356 de~tribu

1939 2389 2095 2445 Iuda.
2127 2391 2327 2446 Tanton
2355 2391 2474 2459 quia
2498 2392 2612 2459 ipse
2640 2391 2883 2446 Christus
2910 2406 2976 2445 ex
3006 2392 3210 2446 semine
3250 2389 3410 2443 David
3433 2403 3521 2443 se-

1941 2482 2172 2535 eundum
2199 2496 2438 2546 carnem,
2467 2481 2606 2534 Deus
2629 2490 2806 2534 autem
2830 2494 2990 2550 super
3009 2477 3185 2535 omnia
3209 2477 3521 2533 bettedictus

1942 2572 1995 2626 in
2045 2573 2261 2637 saecula,
2308 2572 2421 2640 ipse
2466 2586 2558 2626 rex
2591 2579 2772 2624 noster
2799 2578 2970 2645 estet
3011 2571 3147 2624 Deus
3175 2579 3398 2624 noster:
3432 2583 3523 2622 rex

1943 2671 2145 2729 noster,
2192 2663 2485 2716 secundum
2523 2662 2662 2732 quod
2693 2673 2849 2716 natus
2887 2671 2969 2715 est
3006 2675 3072 2715 ex
3106 2658 3246 2714 tribu
3274 2658 3406 2714 Iuda
3436 2673 3526 2714 see

1941 2754 2174 2809 cundum
2213 2761 2452 2815 Carnem,
2496 2751 2741 2808 Christus
2789 2751 3046 2806 Dominus
3083 2750 3360 2814 Salvator;
3385 2747 3529 2805 Dens

1941 2855 2120 2900 autem
2144 2854 2347 2910 noster,
2382 2843 2470 2913 qui
2502 2853 2584 2897 est
2620 2852 2744 2897 ante
2776 2841 2986 2904 Iudam,
3022 2849 3078 2896 et
3105 2851 3228 2895 ante
3247 2840 3442 2896 calum
3471 2848 3528 2894 et

1946 2944 2168 2998 terram,
2207 2948 2301 3003 per
2325 2948 2483 3003 quem
2513 2931 2648 2987 facta
2675 2941 2800 2986 sunt
2827 2933 3028 2996 omnia,
3069 2935 3131 2986 et
3158 2929 3445 3000 spiritualia
3473 2937 3530 2988 et

1944 3024 2263 3092 corporalia.
2309 3021 2366 3078 Si
2406 3024 2548 3080 enim
2589 3023 2757 3076 omnia
2797 3037 2884 3092 per
2920 3022 3084 3092 ipsum
3124 3021 3260 3092 facta
3291 3030 3444 3082 sunt;
3473 3029 3528 3074 ct

1943 3115 2058 3184 ipsa
2082 3113 2242 3167 Maria
2269 3113 2336 3167 de
2360 3128 2464 3183 qua
2495 3124 2651 3167 natus
2670 3120 2769 3174 est,
2797 3127 2891 3182 per
2916 3112 3087 3182 ipsum
3109 3106 3246 3165 facta
3272 3116 3375 3164 est.
3393 3107 3530 3177 Quo-

1945 3204 2108 3259 modo
2134 3220 2260 3275 ει·ςο
2287 3204 2376 3258 ille
2396 3203 2548 3274 quasi
2573 3203 2751 3259 caeteri
2783 3201 3028 3256 homines
3065 3209 3391 3265 nasceretur,
3433 3199 3527 3269 qui

1944 3297 2045 3351 sibi
2079 3296 2202 3350 iecit
2233 3306 2456 3350 matrem
2485 3295 2552 3348 de
2581 3309 2684 3366 qua
2728 3292 3074 3372 nasceretur?
3107 3293 3244 3362 Ergo
3281 3290 3393 3360 ipse
3419 3287 3529 3344 Do-

1945 3391 2120 3444 minus
2152 3407 2164 3442 :
2199 3389 2454 3458 Apostolo
2479 3389 2712 3452 dicente,
2741 3402 2861 3439 eum
2891 3385 3196 3456 loqueretur
3218 3384 3282 3438 de
3301 3381 3527 3448 Iudmis,

1949 3482 2176 3550 Quorum
2219 3491 2419 3550 patres;
2469 3487 2516 3531 et
2561 3493 2626 3532 ea:
2661 3477 2838 3546 quibus
2878 3485 2950 3529 est
2993 3473 3220 3527 Christus
3246 3458 3522 3525 secundum

1944 3587 2170 3636 carnem,
2191 3571 2277 3634 qui
2315 3580 2386 3623 est
2420 3585 2570 3638 super
2593 3568 2763 3621 omnia
2793 3564 2931 3618 Deus
2960 3563 3242 3618 benedictus
3269 3563 3321 3615 in
3343 3563 3531 3614 sarcula

1949 3658 2124 3733 (Rom.
2155 3675 2229 3724 ιχ,
2258 3659 2335 3730 5).
2363 3658 2496 3725 Quia
2523 3671 2652 3726 ergo
2676 3655 2849 3711 Iudaei
2886 3653 3130 3708 viderunt
3157 3651 3450 3716 Christum,
3477 3659 3528 3706 et

1945 3753 2343 3815 cruciﬁxerunt,
2373 3766 2480 3805 non
2501 3749 2748 3803 viderunt
2771 3749 2933 3802 Deum
2965 3744 3193 3800 :Gentes
3214 3753 3388 3796 autem
3408 3741 3530 3810 quia

1946 3861 2052 3900 non
2105 3844 2372 3910 viderunt,
2419 3849 2473 3896 et
2507 3839 2874 3906 crediderunt,
2921 3837 3292 3891 intellexerunt
3339 3833 3528 3887 Deum.

1948 3936 2091 4008 Ergo
2116 3937 2159 3992 si
2191 3935 2418 3990 innotuit
2445 3934 2522 3990 eis
2553 3932 2694 3988 Deus
2721 3933 2772 3985 in
2797 3930 3013 3986 Christo
3053 3927 3304 3982 mundum
3345 3940 3533 3979 recona

1948 4029 2136 4082 cilians
2165 4027 2266 4082 sibi
2307 4027 2373 4096 (li
2401 4024 2522 4081 Cor.
2551 4041 2605 4090 v,
2639 4024 2749 4094 19).
2777 4031 2832 4077 et
2861 4021 2979 4076 ideo
3015 4021 3089 4074 illi
3133 4018 3530 4081 eruciiixerunt,

1949 4121 2069 4188 quia
2101 4120 2155 4172 in
2181 4133 2342 4172 carne
2365 4118 2619 4171 latentem
2649 4117 2812 4168 Deum
2833 4127 2940 4165 non
2969 4112 3359 4172 intellexerunt,
3383 4121 3533 4161 rece-

1948 4211 2038 4266 dat
2070 4211 2155 4262 illa
2183 4225 2301 4278 qu:e
2325 4218 2542 4262 vocatur
2569 4206 2772 4268 Iudara,
2804 4214 2855 4257 et
2887 4217 2988 4255 non
3013 4212 3093 4255 est
3119 4217 3134 4264 ;
3157 4198 3377 4253 accedat
3404 4211 3530 4252 vera

1948 4302 2152 4366 Indtea,
2183 4301 2263 4354 cui
2291 4299 2521 4354 dicitur:
2553 4298 2783 4350 Accedite
2808 4297 2872 4346 ad
2899 4311 3032 4358 cum,
3078 4303 3121 4344 et
3158 4290 3528 4352 illuminamini,

1950 4404 1997 4447 et
2026 4393 2195 4446 vultus
2219 4391 2366 4445 vestri
2399 4406 2497 4442 non
2528 4387 2812 4440 erubescent
2844 4383 3016 4457 (l’sul.
3040 4398 3220 4446 simu,
3243 4379 3320 4452 6).
3345 4377 3534 4432 Vultus

1949 4500 2091 4536 verae
2118 4482 2316 4537 Iudaea).
2342 4494 2447 4534 non
2471 4476 2880 4532 confundantur.
2913 4474 3120 4528 Etenim
3158 4470 3458 4532 audierunt,
3479 4476 3536 4521 et

1951 4573 2326 4636 crediderunt;
2354 4579 2409 4624 et
2433 4566 2568 4622 facta
2595 4575 2677 4620 est
2703 4565 2938 4620 Ecclesia
2964 4579 3088 4618 vera
3116 4561 3317 4622 Iudzea,
3343 4558 3428 4611 ubi
3447 4575 3539 4610 no-

1955 4677 2039 4719 tus
2067 4665 2328 4724 Christus,
2373 4659 2464 4731 qui
2505 4658 2665 4712 homo
2706 4666 2788 4711 est
2836 4671 2902 4709 ex
2941 4655 3143 4708 semine
3185 4649 3367 4712 David,
3395 4648 3538 4702 Dens

1953 4771 2115 4825 super
2137 4753 2320 4808 David.

2021 4847 2076 4901 3.
2110 4845 2277 4898 Notus
2304 4843 2356 4894 in
2380 4840 2566 4894 Iudam
2593 4839 2762 4899 Deus;
2792 4837 2852 4890 in
2891 4834 3052 4889 Israel
3078 4848 3314 4903 magnum
3350 4842 3535 4884 nomen

1952 4942 2084 5010 ejus.
2110 4939 2178 4992 Et
2205 4937 2272 4991 de
2303 4935 2460 4991 israei
2501 4935 2578 4986 sic
2601 4931 2859 4985 debemus
2886 4929 3147 4997 accipere,
3176 4921 3444 4994 quomodo
3471 4921 3539 4974 de

1951 5033 2135 5101 Iudaea
2171 5049 2183 5084 :
2213 5027 2481 5098 quomodo
2510 5025 2582 5079 illi
2612 5040 2714 5076 non
2764 5029 2887 5074 sunt
2930 5019 3038 5073 veri
3067 5015 3265 5080 Iudmi,
3314 5013 3392 5066 sic
3439 5022 3539 5066 nec

1953 5099 2111 5176 verus
2148 5118 2326 5173 israei.
2357 5117 2488 5182 Quis
2509 5117 2651 5168 enim
2684 5099 2876 5166 dicitur
2898 5108 3092 5162 israei?
3123 5105 3317 5160 Videtis
3348 5104 3536 5157 Deum.

1956 5214 2025 5268 Et
2052 5210 2319 5282 quomodo
2350 5207 2424 5262 illi
2454 5206 2696 5260 viderunt
2731 5205 2896 5258 Deum
2922 5243 2935 5264 ,
2969 5201 3107 5254 inter
3134 5214 3267 5267 quos
3296 5195 3541 5249 ambula-

1954 5306 2027 5357 vit
2077 5302 2128 5358 in
2155 5317 2337 5363 carne,
2365 5309 2420 5354 et
2449 5314 2569 5353 cum
2602 5304 2846 5366 putarent
2877 5292 3166 5354 hominem,
3189 5288 3500 5343 occiderunt
3524 5285 3548 5340 τ

1956 5397 2262 5464 Resurgens
2283 5391 2371 5446 ille
2410 5389 2655 5460 apparuit
2696 5388 2834 5460 Deus
2860 5383 3105 5439 omnibus
3131 5381 3324 5452 quibus
3352 5393 3411 5433 se
3445 5393 3543 5464 vos

1961 5489 2054 5541 luit
2079 5462 2467 5541 demonstrare.
2499 5482 2574 5534 illi
2621 5495 2748 5551 ergo
2777 5478 2918 5549 digni
2947 5487 3069 5530 sunt
3101 5473 3262 5528 lSrael
3288 5471 3389 5526 diei
3409 5511 3423 5537 ,
3454 5462 3545 5540 qui

1960 5585 2274 5642 meruerunt
2300 5574 2571 5627 Christum
2601 5570 2896 5639 intelligere
2928 5568 3092 5622 Deum
3136 5566 3185 5617 in
3213 5577 3374 5618 carne
3406 5559 3548 5632 post-

1961 5686 2093 5738 tum,
2132 5683 2190 5726 ut
2219 5687 2321 5725 non
2363 5668 2502 5738 quod
2535 5665 2785 5720 videbant
2808 5669 3232 5721 contemnerent,
3278 5655 3372 5710 sed
3401 5650 3545 5724 quod

1963 5784 2066 5823 non
2087 5762 2340 5820 videbant
2359 5762 2663 5815 adorarent.
2701 5757 2818 5811 Non
2841 5756 3010 5808 visum
3025 5751 3180 5807 enim
3204 5748 3373 5803 oculis
3398 5744 3549 5801 Ceno

1967 5873 2048 5919 tes
2076 5858 2262 5916 humili
2289 5864 2469 5911 mente
2498 5859 2847 5924 perceperunt
2886 5847 3036 5903 illum
3075 5857 3236 5916 quem
3269 5854 3373 5896 non
3403 5837 3552 5894 vide~
