3990 6314
451 370 563 426 939

453 485 614 551 bant,
643 493 696 540 et
724 482 825 540 fide
854 492 1158 541 tenuerunt.
1185 485 1417 542 Proinde
1446 485 1519 566 illi
1543 487 1634 558 qui
1661 489 1905 546 manibus
1942 500 2025 546 te-

450 584 698 638 nuerunt,
719 573 1056 642 occiderunt;
1082 577 1174 647 qui
1192 576 1295 632 lide
1317 586 1622 645 tenuerunt,
1644 577 2024 637 adoraverunt.

448 667 511 720 In
547 665 709 723 Israel
732 686 971 738 magnum
992 686 1173 724 nomen
1203 671 1333 738 ejus.
1356 669 1449 724 Vis
1475 685 1595 726 esse
1634 669 1835 726 Israel?
1871 672 2024 727 Illum

443 758 660 813 attende
701 758 768 814 de
808 775 915 829 quo
942 760 1198 814 Dominus
1226 760 1300 813 ait
1326 777 1341 813 :
1376 758 1508 814 Ecce
1533 776 1647 814 vere
1671 759 1929 828 Israelita,
1968 763 2024 817 in

441 864 541 915 quo
566 850 713 903 dolus
734 866 837 904 non
866 859 942 904 est
973 849 1154 923 (Joan.
1182 865 1221 912 ι,
1251 840 1361 921 ιι).
1391 849 1449 906 Si
1475 864 1633 906 verus
1653 849 1891 905 Israelita
1910 893 1927 917 ,
1967 852 2023 905 in

438 954 538 1006 quo
565 939 714 993 dolus
739 955 840 994 non
867 948 943 993 est
961 980 975 1001 ,
1008 938 1176 993 dolosi
1205 948 1259 994 et
1308 938 1597 995 mendaces
1625 955 1731 995 non
1761 949 1884 995 sunt
1907 941 2019 998 veri

442 1028 714 1084 Israelita.
735 1028 850 1084 Non
877 1043 1007 1100 ergo
1033 1029 1213 1085 dicant
1236 1029 1322 1085 isti
1349 1033 1600 1101 quoniam
1618 1031 1757 1101 apud
1788 1032 1904 1086 illos
1934 1041 2021 1088 est

441 1119 602 1182 lit-nis,
630 1128 685 1172 et
707 1133 954 1190 magnum
994 1134 1187 1176 nomen
1217 1120 1334 1191 ejus
1373 1121 1426 1176 in
1463 1121 1629 1177 Israel
1659 1140 1674 1177 :
1707 1124 1932 1193 probent
1957 1138 2016 1179 se

439 1206 724 1277 Israelitas,
750 1220 805 1265 et
830 1212 1067 1267 concedo
1090 1228 1191 1284 ego
1219 1213 1340 1283 quia
1382 1213 1437 1268 in
1464 1214 1641 1270 Israel
1654 1231 1897 1287 magnum
1923 1233 2015 1271 no-

434 1318 549 1355 men
577 1303 706 1370 ejus.
1406 1314 1416 1323 '

505 1393 558 1446 5.
589 1392 737 1466 [oers.
762 1391 841 1465 5.]
883 1392 948 1448 Et
976 1398 1142 1463 factus
1164 1404 1237 1450 est
1262 1396 1316 1449 in
1347 1414 1471 1468 pace
1499 1398 1641 1453 locus
1666 1400 1778 1469 ejus
1800 1441 1816 1467 ,
1848 1408 1893 1454 et
1917 1400 2011 1459 Ita-

432 1484 608 1538 bitatio
635 1487 742 1555 ejus
768 1487 821 1539 in
861 1485 1014 1541 Sion.
1043 1487 1250 1543 Rursus
1272 1489 1405 1565 Sion
1429 1491 1578 1560 quasi
1609 1492 1777 1559 patria
1800 1500 1883 1546 est
1909 1490 2008 1547 Iu-

426 1578 661 1633 daeorum
692 1596 707 1632 :
735 1594 859 1634 vera
886 1576 1016 1636 Sion
1045 1579 1284 1636 Ecclesia
1326 1591 1413 1637 est
1436 1583 1886 1640 Christianorum.
1917 1582 2008 1641 ln-

427 1670 736 1737 terprctatio
784 1679 961 1725 autem
1017 1671 1292 1728 nominum
1349 1671 1684 1730 hebraeorum
1735 1676 1816 1732 sic
1852 1678 2007 1733 nobis

427 1759 692 1814 traditur:
722 1759 901 1816 Iudaea
943 1762 1220 1819 Confessio
1249 1763 1658 1834 interpretatur;
1697 1764 1857 1823 Israel
1910 1768 2005 1823 Vi-

423 1848 561 1904 deas
583 1850 769 1905 Deum.
799 1851 925 1907 Post
941 1851 1180 1907 Indicam
1203 1852 1363 1910 Israel
1392 1873 1406 1909 :
1430 1854 1509 1911 sic
1533 1855 1619 1912 hic
1648 1858 1877 1926 positum
1897 1869 1998 1925 est,

424 1938 596 1996 Notus
633 1945 684 1996 in
708 1943 892 1997 Iudam
920 1944 1056 1999 Dens
1079 1961 1099 2008 ξ
1124 1946 1177 1999 in
1204 1944 1374 2001 Israel
1399 1964 1637 2017 magnum
1661 1967 1843 2006 nomen
1869 1954 1999 2023 ejus.

423 2033 591 2089 Deum
618 2035 698 2090 vis
720 2034 939 2091 videre?
968 2037 1123 2093 Prius
1145 2036 1401 2095 conﬁtere
1443 2048 1532 2103 tu,
1559 2050 1616 2097 et
1641 2042 1721 2098 sic
1749 2044 1802 2098 in
1832 2045 2003 2115 teipse

421 2124 484 2179 ﬁt
506 2126 652 2181 locus
677 2126 794 2192 Dei;
814 2127 934 2197 quia
959 2130 1126 2200 factus
1152 2136 1227 2183 est
1253 2130 1309 2185 in
1332 2147 1457 2200 pace
1475 2131 1616 2187 locus
1640 2132 1771 2204 ejus.
1797 2134 1999 2202 Quam-

418 2216 511 2269 diu
537 2231 665 2288 ergo
709 2231 815 2272 non
857 2219 1132 2275 conﬁteris
1173 2230 1388 2289 peccata
1437 2230 1565 2287 tua,
1605 2224 1999 2294 quodammodo

419 2307 610 2361 rixaris
634 2322 756 2363 cum
778 2307 889 2364 Deo
929 2326 944 2363 :
986 2308 1256 2381 quomodo
1284 2311 1428 2368 enim
1473 2328 1580 2369 non
1610 2331 1732 2370 eum
1763 2317 1857 2372 illo
1884 2316 1997 2374 liti-

416 2413 531 2467 gas,
558 2398 645 2469 qui
670 2399 811 2468 quod
838 2398 911 2454 illi
940 2400 1184 2470 diSplicet
1205 2403 1428 2458 laudas?
1457 2404 1614 2461 Punit
1654 2407 1743 2463 ille
1778 2406 1952 2466 furem
1976 2427 1993 2477 ;

418 2498 473 2542 ιιι
504 2489 701 2544 furtum
744 2489 927 2547 laudas
972 2509 987 2545 :
1035 2493 1182 2562 punit
1228 2493 1319 2551 ille
1367 2495 1677 2561 ebriosum;
1710 2507 1763 2554 ιιι
1810 2500 1995 2557 laudas

416 2580 801 2636 ebriositatem.
831 2581 1025 2655 Litigas
1044 2599 1164 2639 cum
1201 2585 1343 2653 Deo;
1371 2602 1476 2642 non
1511 2586 1682 2645 fecisti
1718 2592 1793 2647 illi
1820 2593 1994 2652 locum

416 2670 468 2723 in
488 2670 651 2726 corde
676 2681 801 2727 tuo:
828 2672 947 2742 quia
980 2673 1035 2728 in
1057 2691 1182 2746 pace
1204 2676 1345 2731 locus
1358 2678 1491 2749 ejus.
1519 2679 1589 2735 Et
1608 2683 1880 2751 quomodo
1907 2685 1992 2740 in-

412 2758 547 2830 cipis
590 2776 770 2830 pacem
811 2762 1008 2819 habere
1031 2779 1151 2820 cum
1183 2766 1338 2822 Deo?
1364 2766 1556 2840 Incipis
1581 2770 1658 2827 illi
1698 2772 1752 2827 in
1780 2773 1994 2831 confes-

409 2853 582 2904 sione.
627 2852 820 2907 Psalmi
867 2870 968 2910 vos
993 2866 1077 2911 est
1113 2855 1374 2927 dicentis,
1404 2857 1624 2934 Incipite
1668 2864 1889 2921 Domino
1935 2869 1991 2925 in

408 2943 722 3013 confmionc
750 2943 923 3016 (Psal.
961 2962 1142 3016 exui,
1184 2947 1261 3022 7).
1309 2951 1447 3021 Quid
1476 2965 1593 3021 est,
1625 2954 1846 3027 Incipite
1874 2957 1987 3016 Do-

407 3035 544 3088 mino
568 3035 622 3089 in
647 3038 1002 3107 confessione?
1028 3039 1248 3111 Incipite
1273 3043 1488 3116 adjungi
1521 3046 1646 3101 Deo.
1674 3049 1990 3118 Quomodo?

407 3122 479 3180 Ut
505 3125 608 3180 hoc
640 3128 793 3183 vobis
815 3128 1095 3199 displiceat
1119 3133 1261 3203 quod
1288 3143 1345 3190 et
1373 3134 1447 3190 illi
1485 3136 1752 3207 displicet.
1785 3141 1985 3212 DiSpli-

404 3225 491 3271 cet
521 3216 595 3271 illi
620 3217 721 3272 vita
754 3226 839 3274 tua
863 3221 1000 3276 mala
1035 3239 1051 3278 :
1090 3223 1136 3277 si
1172 3224 1378 3293 placeat
1403 3226 1533 3293 tibi,
1560 3228 1879 3304 disjungeris
1917 3235 1988 3291 ab

408 3306 539 3373 illo;
568 3308 612 3371 si
642 3307 919 3380 displiceat
946 3310 1063 3376 tibi,
1091 3328 1190 3385 per
1225 3314 1617 3374 confessionem
1648 3321 1722 3376 illi
1763 3323 1987 3393 conjun—

400 3399 564 3468 gcris.
593 3398 726 3455 Vide
754 3417 818 3456 ex
845 3410 1041 3472 quanta
1061 3414 1213 3474 parte
1236 3406 1511 3464 dissimilis
1530 3424 1612 3475 es,
1638 3414 1854 3482 quando
1879 3416 1985 3471 uti-

399 3506 504 3559 qne
535 3501 753 3563 propter
776 3493 943 3563 ipsam
972 3494 1455 3555 dissimilitudinem
1484 3500 1756 3573 displices.
1784 3504 1981 3563 Factus

397 3580 540 3636 enim
561 3596 650 3649 es,
690 3597 725 3637 ο
751 3581 914 3639 homo
933 3625 950 3650 ,
982 3584 1049 3641 ad
1078 3586 1364 3657 imaginem
1392 3589 1515 3657 Dei;
1546 3606 1644 3661 per
1666 3595 1827 3650 vitam
1853 3612 1983 3653 vero

399 3686 701 3747 perversam
720 3682 777 3728 et
796 3674 987 3729 malam
1011 3674 1334 3745 perturbain
1361 3680 1413 3735 in
1433 3690 1505 3747 te,
1533 3691 1588 3738 et
1614 3688 1980 3745 exterminasti

400 3762 451 3815 in
483 3772 535 3817 te
561 3746 843 3835 imaginem
870 3766 1174 3824 Conditoris
1197 3770 1294 3838 tui.
1327 3772 1517 3832 Factus
1546 3775 1819 3835 dissimilis
1841 3821 1857 3847 ,
1893 3790 1978 3835 at-

399 3854 573 3911 tendis
624 3855 676 3909 in
724 3866 813 3924 te,
844 3868 898 3913 et
937 3858 1190 3930 displices
1234 3863 1329 3918 tibi
1363 3881 1377 3917 :
1405 3866 1516 3933 jam
1560 3881 1626 3922 ex
1653 3884 1721 3922 eo
1767 3873 1977 3941 empiin

395 3945 585 4000 similis
614 3945 725 4002 lieri
744 3988 760 4012 ,
787 3949 910 4019 quia
938 3949 1040 4006 hoc
1085 3950 1179 4006 tibi
1202 3951 1453 4024 displicet
1487 3955 1630 4026 quod
1654 3958 1902 4029 displicet
1922 3971 1979 4018 et

394 4036 529 4093 Deo.

464 4129 517 4184 4.
548 4129 654 4185 Sed
684 4133 949 4201 quomodo
978 4149 1095 4190 sum
1139 4137 1328 4192 similis
1350 4179 1365 4202 ,
1398 4139 1574 4211 inquis
1593 4182 1610 4207 ,
1639 4143 1853 4213 quando
1879 4146 1976 4202 ad—

391 4217 497 4273 huc
533 4219 659 4275 mihi
702 4221 1001 4292 displiceo?
1025 4224 1151 4282 Ideo
1174 4228 1374 4284 dictum
1401 4240 1486 4286 est
1510 4273 1526 4297 ,
1564 4231 1804 4305 Incipite.
1834 4235 1973 4294 Incio

392 4327 458 4380 pe
486 4310 709 4367 Domino
737 4315 790 4369 in
811 4317 1175 4385 confessione;
1208 4323 1499 4391 perlicicris
1528 4325 1582 4379 in
1604 4326 1753 4396 pac'e.
1784 4329 1974 4387 Adhuc

389 4403 531 4456 enim
560 4403 725 4459 habes
754 4406 1031 4464 adversum
1071 4418 1123 4465 te
1165 4410 1385 4467 bellum.
1429 4414 1684 4473 Indicitur
1728 4419 1824 4475 tibi
1854 4421 1974 4477 bel-

388 4492 519 4558 lum,
548 4509 653 4549 non
681 4497 851 4553 solum
876 4498 1133 4557 adversus
1151 4504 1520 4575 suggestiones
1538 4507 1758 4577 diaboli,
1781 4510 1971 4568 adver-

390 4599 483 4636 sus
513 4585 802 4655 principem
828 4592 1107 4659 potestatis
1134 4596 1274 4649 aeris
1302 4595 1489 4664 hujus,
1518 4598 1608 4669 qui
1638 4612 1891 4671 operatur
1917 4604 1968 4658 in

388 4674 510 4728 tiliis
538 4674 865 4744 difﬁdentiae,
895 4681 1151 4736 adversus
1190 4684 1459 4740 diabolum
1488 4698 1545 4743 et
1567 4690 1791 4759 angelos
1814 4694 1965 4761 ejus,

383 4768 675 4838 spiritualia
717 4774 962 4841 nequitia:
987 4774 1205 4845 (Ephes.
1228 4792 1308 4839 Vl,
1343 4778 1452 4849 12);
1478 4795 1583 4834 non
1624 4782 1797 4837 solum
1832 4800 1963 4857 ergo

382 4859 641 4915 adversus
688 4862 833 4931 ipsos
877 4863 971 4918 tibi
1011 4865 1209 4921 bellum
1256 4867 1524 4935 indicitur,
1569 4869 1666 4925 sed
1709 4872 1967 4929 adversus

381 4951 636 5018 tcipsum.
655 4951 935 5019 Quomodo
961 4956 1217 5014 adversus
1243 4959 1470 5029 teipsum
1486 4962 1513 5015 ’ἔ
1529 4960 1801 5019 Adversus
1822 4974 1964 5020 tuam

380 5041 818 5097 consuetudinem
848 5046 1063 5111 malam,
1093 5048 1351 5104 adversus
1377 5060 1694 5108 vetustatem
1714 5055 1837 5110 vita:
1860 5065 1964 5111 tua:

383 5131 556 5194 tnalzr,
584 5146 703 5201 qum
730 5134 891 5191 trahit
914 5144 967 5192 te
991 5138 1057 5193 ad
1098 5141 1330 5207 solitam,
1361 5151 1417 5197 et
1443 5142 1678 5199 refrenat
1698 5161 1730 5200 a
1751 5163 1885 5202 nova
1922 5150 1961 5204 ί.

384 5220 637 5277 Indicitur
659 5226 800 5279 enim
826 5227 919 5281 tibi
944 5231 1189 5298 quaedam
1216 5247 1349 5288 nova
1379 5235 1506 5300 vita,
1528 5247 1582 5290 et
1608 5245 1663 5291 tu
1687 5249 1844 5295 vetus
1870 5255 1959 5296 es:

378 5315 626 5371 novitatis
652 5318 848 5387 gaudio
896 5323 1239 5390 suspenderis
1262 5367 1279 5389 ,
1307 5330 1588 5383 vetustatis
1625 5345 1791 5387 onere
1821 5348 1962 5402 prte-

377 5405 649 5472 gravaris;
676 5406 861 5477 incipit
880 5409 973 5464 tibi
1000 5427 1120 5468 esse
1147 5414 1344 5469 bellum
1367 5418 1624 5474 adversus
1660 5432 1731 5475 te.
1761 5422 1866 5477 Sed
1894 5440 1963 5480 ex

374 5510 479 5560 qna
507 5506 655 5564 parte
674 5497 768 5552 tibi
793 5499 1062 5568 displices,
1079 5503 1321 5574 jungeris
1350 5506 1494 5573 Deo;
1525 5520 1581 5565 et
1605 5527 1671 5565 ex
1687 5528 1788 5583 qua
1813 5527 1962 5584 parte

372 5583 482 5651 jam
524 5588 767 5659 jungeris
796 5590 927 5658 Deo,
974 5592 1199 5652 idoneus
1239 5598 1349 5654 eris
1396 5598 1464 5654 ad
1496 5603 1816 5661 vincendum
1867 5619 1957 5674 te,

439 5739 455 5769 ι
472 5744 609 5819 ΗΥ.)
629 5740 699 5819 ad
927 5753 973 5798 et
995 5748 1269 5810 retractatur
1291 5765 1325 5802 a
1344 5765 1481 5805 nova.
1506 5763 1560 5806 Αι
1581 5762 1711 5819 uss,
1731 5762 1799 5810 ad
1819 5759 1961 5813 solita

369 5806 420 5849 ct
438 5801 650 5863 refrcnat
670 5817 700 5853 a
713 5817 850 5855 noua.

1650 376 1708 434 8.
1747 376 2114 436 AUGUSTI?“
2153 383 2459 446 EPISCOI‘I

2136 495 2260 564 quia
2291 498 2377 555 ille
2404 511 2578 559 tecum
2626 518 2709 564 est
2734 512 2824 581 qui
2851 516 3027 570 omnia
3055 534 3291 591 superat.
3330 526 3562 589 Attende
3584 538 3717 605 quid

2133 587 2261 643 dicit
2287 592 2576 662 Apostolus
2605 615 2618 653 :
2658 600 2829 659 Mente
2853 609 3015 663 servio
3058 587 3158 685 legi
3193 614 3323 683 Dei;
3351 635 3505 676 carne

2130 676 2236 747 legi
2252 685 2461 749 peccati.
2488 685 2638 744 Unde
2666 696 2880 748 mente?
2912 696 3043 761 Quia
3072 676 3318 768 displicet
3357 711 3449 767 tibi
3485 676 3714 776 vitatu;

2129 767 2289 823 mala.
2319 771 2472 829 Unde
2500 781 2690 834 carne?
2712 783 2844 852 Quia
2882 803 2986 843 non
3027 767 3221 850 desunt
3261 806 3715 872 suggestionesct

2126 854 2508 921 delectationes
2529 870 2717 938 malm;
2745 875 2841 930 sed
2868 893 2933 931 ex
2963 896 3029 934 eo
3066 886 3208 953 quod
3248 854 3429 949 mellite
3465 896 3710 968 jungeris

2127 946 2229 968 λη
2329 955 2341 965 .
2416 956 2427 966 .
2627 962 2643 968 -
2674 965 2685 968 -

2127 946 2259 1017 Deo,
2293 955 2461 1013 vincis
2502 962 2644 1031 quod
2672 965 2726 1019 in
2771 976 2823 1021 te
2866 986 2971 1025 non
3012 946 3123 1031 vult
3166 982 3341 1050 sequi.
3381 946 3709 1055 Précegsisti

2123 1044 2266 1156 enim
2294 1062 2359 1102 ex
2385 1060 2568 1121 parte,
2597 1065 2651 1110 et
2678 1073 2743 1112 ex
2784 1074 2934 1130 parte
2961 1068 3188 1125 tardaris
3230 1044 3261 1125 ε-
3294 1044 3707 1156 ιι-ιιιιαήιιιίνιζιιέ

2120 1133 2188 1188 ad
2213 1136 2361 1194 illum
2384 1143 2475 1211 qui
2506 1154 2559 1200 te
2584 1162 2795 1205 sursum
2822 1155 2977 1211 tollit.
3009 1158 3251 1224 Pondere
3282 1133 3708 1242 quodith

2118 1227 2274 1326 statis
2308 1228 2662 1343 de'primeris;
2693 1241 2859 1298 clama
2890 1259 2945 1303 et
2986 1248 3073 1306 dic
3113 1270 3127 1306 :
3157 1227 3365 1333 Infelix
3389 1227 3698 1343 epouhomT,

2115 1317 2229 1428 guis
2246 1335 2334 1428 ‘me
2358 1321 2586 1381 liberabit
2616 1330 2680 1385 de
2705 1350 2918 1404 corpore
2954 1346 3134 1402 mortis
3156 1317 3357 1423 [cujusl—

2114 1406 2322 1511 Intrabit
2339 1414 2407 1468 ab
2424 1431 2491 1472 eo
2515 1434 2623 1489 quo
2646 1430 2880 1493 gravor?
2904 1448 3099 1506 corpus
3125 1406 3265 1498 enim
3285 1406 3426 1518 quojd
3454 1467 3701 1513 corrum-

2114 1498 2291 1614 pitur:
2304 1514 2806 1614 aggravatﬁanimam
2828 1519 2982 1592 (Sap.
3000 1498 3090 1595 ix,
3126 1531 3234 1602 15).

2114 1590 2291 1648 rabit?
2336 1596 2515 1697 gratia
2545 1602 2640 1659 Dei
2662 1625 2753 1677 per
2787 1590 2967 1670 Jesunt
2994 1590 3698 1697 Christum

2110 1691 2271 1793 :trum
2300 1686 2479 1757 (Rom.
2667 1696 2758 1767 25,
2790 1703 2903 1793 24).
2928 1707 3104 1776 Quare
3127 1724 3305 1773 autem

2109 1770 2217 1878 diu.
2238 1786 2421 1833 contra
2454 1790 2504 1838 te
2529 1783 2705 1858 litiges
2723 1833 2739 1858 ,
2767 1770 3695 1878 doneciabsorbeauturro‘mn'gcu-u

2110 1862 2354 1931 piditates
2386 1875 2579 1931 male
2610 1878 2680 1934 Ut
2712 1882 2978 1958 intelligas
3011 1892 3064 1947 in
3093 1903 3146 1951 te
3420 1862 3563 1965 tua;

2108 1961 2161 2061 τις
2185 1971 2250 2011 ex
2280 1960 2451 2033 teipso
2477 1976 2559 2022 est
2584 1968 2856 2043 flagellum
2882 1989 3063 2049 tuum;
3093 1960 3206 2042 siti
3230 1992 3343 2049 rixa

2105 2045 2193 2102 Sit:
2214 2050 2515 2112 vindicatur
2542 2061 2595 2115 in
2639 2065 2893 2124 rebellem
2932 2074 3190 2134 adversus
3218 2081 3421 2154 Deum,
3473 2102 3529 2148 ut
3574 2096 3689 2165 ipse

2105 2139 2204 2165 ..ηιξ
2234 2141 2298 2165 -2.
2329 2142 2432 2165 ιΑιι
2694 2155 2706 2165 ⁵

2103 2139 2209 2243 sibi
2234 2141 2300 2196 sit
2328 2142 2565 2243 bellum,
2616 2155 2706 2225 qui
2749 2174 2934 2228 pacem
2966 2167 3135 2223 noluit
3161 2139 3529 2236 habere—cuni

2102 2226 2210 2284 Sed
2250 2240 2372 2289 tene
2397 2241 2641 2298 membra
2688 2226 2775 2302 tua
2801 2248 3059 2311 adversus
3085 2226 3687 2334 concupiscenda-savia;

2104 2322 2294 2427 malas.
2320 2326 2562 2386 Surrexit
2591 2334 2708 2403 ira;
2742 2348 2865 2396 tene
2891 2354 2944 2399 tu
2970 2361 3184 2407 manum
3212 2322 3526 2427 eotijunctus
3551 2366 3683 2423 Deo.

2103 2408 2302 2519 Potuit.
2327 2432 2581 2491 surgere,
2632 2427 2727 2483 sed
2753 2446 2861 2488 non
2892 2433 3092 2494 invenit
3135 2408 3526 2519 arma..;pud-

2101 2512 2244 2606 suam
2275 2507 2516 2612 Ῐ¹¹¹¹³⁸²¹¹⁸
2550 2525 2670 2585 θείς
2716 2524 2856 2593 apud
2890 2535 2944 2582 te
2966 2542 3114 2585 arma
3140 2544 3267 2591 sunt
3294 2556 3310 2592 ε
3334 2507 3411 2595 sil
3452 2507 3681 2616 impellis

2099 2592 2349 2697 inermis,
2383 2611 2440 2658 et
2464 2604 2625 2663 discit
2644 2592 2765 2681 jam
2780 2629 2884 2672 non
2909 2633 3130 2691 surgere
3158 2628 3247 2696 qui
3273 2592 3468 2690 frustra

2095 2685 2195 2741 xit.

2165 2780 2220 2835 5.
2251 2781 2365 2885 illoc
2390 2795 2572 2845 autem
2603 2790 2747 2885 dico,
2779 2796 3098 2870 cbarissimi,
3124 2823 3194 2863 ne
3222 2808 3358 2868 l'orte
3384 2816 3506 2885 quia
3534 2820 3675 2877 disi.

2091 2885 2234 2940 mus,
2261 2872 2427 2969 (inme
2449 2891 2619 2937 autem
2644 2883 2744 2958 legi
2772 2894 2982 2961 peccati,
3013 2900 3209 2965 putetis
3234 2872 3674 2969 consentiendum

2091 2976 2215 3018 esse
2256 2964 2536 3027 desideriis
2582 2977 2775 3033 vestris
2812 2964 3137 3043 carnalibus.
3174 2991 3289 3047 Etsi
3314 3011 3420 3052 non

2091 3055 2254 3110 modo
2277 3058 2380 3113 nisi
2402 3077 2523 3119 esse
2563 3066 2830 3127 desideria
2870 3079 3123 3147 carnalia,
3158 3099 3265 3141 non
3293 3099 3378 3145 est
3404 3055 3510 3149 illis
3537 3111 3673 3153 cou-

2089 3148 2447 3245 sentiendum.
2480 3154 2770 3227 Propterea
2800 3180 2906 3222 non
2950 3169 3085 3227 dixit
3112 3174 3418 3245 Apostolus.
3448 3148 3674 3245 Nou'sit

2088 3247 2366 3306 peccatum
2394 3243 2447 3298 in
2475 3256 2653 3304 vestro
2671 3255 2882 3310 mortali
2912 3243 3175 3332 corpore;
3204 3269 3354 3325 novit
3380 3274 3521 3329 enim
3547 3243 3671 3347 quia

2088 3329 2341 3434 quamdiu
2368 3338 2596 3394 mortale
2615 3350 2719 3407 est.
2743 3356 2824 3400 est
2852 3347 2924 3403 ibi
2947 3329 3224 3419 peccatum
3249 3377 3266 3414 :
3291 3362 3385 3417 sed
3409 3329 3672 3434 quid

2091 3414 2215 3472 Non
2241 3437 2364 3492 ergo
2397 3437 2568 3497 regnet
2609 3444 2870 3500 peccatum
2910 3414 2964 3494 in
3008 3454 3171 3499 vestro
3199 3452 3402 3506 mortali
3412 3414 3669 3528 1corpore.

2087 3507 2232 3615 Quid
2251 3520 2365 3617 est,
2398 3532 2500 3572 non
2520 3524 2735 3591 regnet!
2762 3523 2881 3596 Ipse
2899 3535 3145 3601 exposuit
3172 3554 3186 3590 :
3215 3539 3295 3593 Ad
3314 3507 3667 3617 obedientium,

2085 3599 2278 3672 inquit,
2306 3605 2571 3666 desideriis
2595 3613 2706 3685 ejus
2726 3616 2900 3687 (Rom.
2936 3599 3013 3691 vi,
3064 3627 3177 3698 η).
3219 3630 3357 3689 Sunt

2081 3694 2353 3764 existunt;
2401 3699 2667 3759 desideria
2696 3723 2804 3764 non
2852 3720 2908 3767 tu
2952 3694 3177 3777 obaudis
3201 3721 3481 3785 desideriis
3525 3694 3665 3799 tuis;

2082 3800 2188 3841 non
2217 3793 2460 3859 seqtteris
2490 3794 2603 3865 ipsa
2646 3798 2933 3873 desideria,
2960 3823 3063 3863 non
3093 3811 3199 3867 illis
3238 3823 3510 3877 censentis
3540 3840 3555 3877 :

2080 3875 2173 3931 tibi
2204 3892 2500 3953 peccatum,
2524 3888 2619 3943 sed
2637 3892 2817 3949 amisit
2838 3912 3077 3968 regnum,
3105 3906 3315 3974 quando
3359 3912 3471 3975 jam
3489 3875 3502 3877 ﬁ
3518 3875 3572 3972 in
3590 3875 3668 3974 Ῑᾶ

2079 3982 2186 4023 non
2225 3985 2412 4044 regnat
2443 3991 2737 4048 peccatum;
2775 3999 2958 4056 postea
2998 3992 3208 4052 inimica
3258 4003 3543 4061 novissima
3563 4009 3664 4065 de-

2077 4069 2315 4166 struetur
2332 4080 2483 4122 mors
2511 4068 2553 4139 (Ι
2574 4070 2693 4128 Cor.
2715 4091 2807 4144 xv,
2838 4078 2951 4153 26).
2981 4081 3116 4151 Quid
3158 4089 3303 4145 enim
3347 4094 3498 4151 nobis
3540 4114 3666 4169 pro-

2079 4152 2323 4223 mittitur,
2353 4160 2606 4229 quoniam
2634 4164 2834 4224 dictum
2863 4181 2948 4228 est
2974 4191 2988 4227 :
3010 4174 3187 4236 Mente
3201 4183 3380 4240 servio
3407 4186 3507 4259 legi
3531 4152 3661 4259 ;

2076 4256 2239 4301 carne
2274 4256 2451 4304 autem
2486 4251 2587 4324 legi
2626 4260 2830 4324 peccati
2867 4260 3044 4333 (Rom.
3076 4282 3169 4335 vti,
3193 4271 3314 4340 25)?
3354 4251 3491 4334 Audi

2075 4336 2384 4394 missionem
2413 4358 2428 4396 :
2460 4345 2582 4414 quia
2619 4364 2726 4404 non
2764 4367 2978 4424 semper
3002 4371 3161 4417 erunt
3183 4364 3236 4418 in
3268 4380 3429 4443 carne
3447 4336 3663 4428 des-ide—

2072 4427 2153 4482 ria
2177 4429 2374 4487 illicita.
2393 4434 2603 4493 Etenim
2624 4454 2887 4515 resurget,
2910 4457 2965 4503 et
2982 4454 3301 4523 mutabitur;
3402 4475 3523 4517 cum
3548 4427 3661 4521 mu-

2076 4525 2183 4573 tata
2209 4518 2368 4578 fuerit
2391 4539 2519 4582 caro
2539 4527 2637 4586 ista
2667 4537 2909 4593 mortalis
2934 4540 2985 4594 in
3020 4518 3298 4612 spirituale
3315 4564 3528 4622 corpus,
3544 4518 3658 4624 jam

2072 4609 2237 4666 nullis
2260 4618 2705 4686 concupiscentiis
2740 4609 3100 4700 saecularibus,
3130 4636 3242 4705 jam
3278 4609 3442 4697 nullis

2073 4700 2157 4754 nis
2197 4701 2645 4767 delectationibus
2690 4713 2926 4774 titillabit
2958 4700 3212 4791 animam,
3242 4744 3344 4785 nec
3381 4700 3588 4791 avertet
3602 4700 3657 4794 ia

2070 4796 2523 4866 contemplatione
2553 4801 2666 4858 Dei.
2695 4804 2781 4862 Fit
2820 4825 2947 4882 ergo
2980 4814 3033 4869 in
3066 4831 3130 4872 ea
3161 4820 3304 4889 quod
3339 4823 3468 4881 dicit
3512 4829 3659 4897 Apo-

2071 4886 2261 4955 stolus,
2290 4907 2310 4941 ι
2340 4889 2550 4963 Corpus
2570 4897 2790 4966 quidem
2812 4912 3079 4962 mortuum
3104 4886 3193 4964 est
3214 4924 3432 4984 propter
3467 4886 3658 4988 pecea-

2071 4985 2182 5032 tum
2204 4996 2219 5047 ;
2240 4981 2459 5050 spiritus
2478 4994 2657 5041 autem
2681 4991 2784 5045 vita
2815 5002 2893 5047 est
2926 5006 3143 5065 propter
3155 4981 3437 5068 justitiam.
3551 5023 3651 5064 au-

2069 5076 2176 5123 tem
2205 5071 2293 5141 qui
2314 5074 2588 5132 suscitavit
2610 5076 2792 5135 Iesum
2829 5097 2858 5135 a
2900 5087 3123 5143 mortuis
3149 5091 3350 5148 habitat
3388 5096 3439 5151 in
3467 5100 3653 5164 vobis;

2067 5162 2157 5231 qui
2183 5164 2457 5222 suscitavit
2474 5167 2656 5224 Iesum
2692 5172 2960 5230 Christum
2984 5193 3016 5232 a
3043 5183 3266 5239 mortuis
3292 5186 3577 5245 vivificabit
3600 5162 3656 5247 et

2068 5256 2310 5311 mortalia
2350 5273 2573 5328 corpora
2611 5274 2810 5331 vestra,
2839 5279 3056 5339 propter
3077 5272 3332 5342 Spiritum
3368 5293 3523 5335 suum
3560 5284 3651 5352 qui

2067 5346 2270 5403 habitat
2317 5351 2371 5405 in
2399 5353 2550 5409 vobis
2584 5374 2603 5407 ι
2650 5355 2763 5427 (Id.
2790 5375 2906 5425 nu,
2940 5362 3166 5435 10,“).
3202 5368 3490 5428 Vivilicatis
3524 5346 3655 5445 ergo

2065 5442 2383 5509 corporibus
2411 5444 2629 5509 nostris,
2667 5448 2770 5502 erit
2808 5465 2907 5518 pax
2938 5469 3059 5508 vera
3081 5455 3167 5511 ubi
3204 5456 3353 5514 locus
3387 5470 3471 5516 est
3515 5442 3650 5521 Dei:

2064 5532 2159 5585 sed
2178 5534 2443 5590 ormcedat
2454 5538 2740 5594 confessio.
2761 5540 2929 5598 Notus
2945 5545 2997 5599 in
3007 5544 3193 5604 Indica
3208 5547 3348 5607 Deus
3363 5568 3383 5607 :
3397 5554 3655 5611 conﬁtere

2065 5636 2195 5691 ergo
2221 5624 2384 5692 prius.
2403 5623 2469 5679 In
2485 5625 2654 5683 Israel
2675 5647 2913 5703 magnum
2937 5653 3117 5694 nomen
3138 5641 3250 5712 ejus
3275 5657 3297 5697 :
3314 5644 3549 5700 nondum
3576 5647 3653 5702 vi-

2064 5712 2161 5767 des
2190 5730 2239 5767 III
2259 5717 2437 5782 specie
2459 5734 2473 5780 ;
2493 5719 2613 5775 vide
2638 5738 2703 5779 ex
2731 5724 2856 5793 lide,
2881 5737 2937 5784 et
2961 5729 3054 5787 lict
3078 5731 3134 5788 in
3154 5741 3208 5789 te
3234 5735 3377 5806 quod
3410 5739 3654 5809 sequhur

2130 5824 2145 5856 ¹
2175 5826 2362 5889 Aliquot
2382 5834 2510 5890 λιες..
2528 5826 2607 5893 ﬁt.
