  <div class='ocr_page' id='page_1' title='image "/cluster/home/n/w/nwhite01/storage/ocr_20150623/36/umn.319510024773307/490.png"; bbox 0 0 3990 6370; ppageno 0'>
   <div class='ocr_carea' id='block_1_1' title="bbox 186 396 266 454">
    <p class='ocr_par' dir='ltr' id='par_1_1' title="bbox 186 396 266 454">
     <span class='ocr_line' id='line_1_1' title="bbox 186 396 266 454; baseline -0.05 0"><span class='ocrx_word' id='word_1_1' title='bbox 186 396 266 454; x_wconf 72' lang='grc'><strong>961</strong></span> 
     </span>
    </p>
   </div>
   <div class='ocr_carea' id='block_1_2' title="bbox 184 469 1730 575">
    <p class='ocr_par' dir='ltr' id='par_1_2' title="bbox 184 469 1730 575">
     <span class='ocr_line' id='line_1_2' title="bbox 184 469 1730 575; baseline -0.027 -12"><span class='ocrx_word' id='word_1_2' title='bbox 184 509 238 564; x_wconf 70' lang='lat' dir='ltr'><strong>Et</strong></span> <span class='ocrx_word' id='word_1_3' title='bbox 279 511 421 575; x_wconf 73' lang='lat' dir='ltr'><strong>{actus</strong></span> <span class='ocrx_word' id='word_1_4' title='bbox 470 508 542 554; x_wconf 82' lang='lat' dir='ltr'><strong>est</strong></span> <span class='ocrx_word' id='word_1_5' title='bbox 586 499 640 550; x_wconf 90' lang='lat' dir='ltr'><strong>in</strong></span> <span class='ocrx_word' id='word_1_6' title='bbox 686 509 810 563; x_wconf 82' lang='lat' dir='ltr'><strong>pace</strong></span> <span class='ocrx_word' id='word_1_7' title='bbox 849 491 990 545; x_wconf 88' lang='lat' dir='ltr'><strong>locus</strong></span> <span class='ocrx_word' id='word_1_8' title='bbox 1015 487 1147 557; x_wconf 86' lang='lat' dir='ltr'><strong>ejus,</strong></span> <span class='ocrx_word' id='word_1_9' title='bbox 1192 495 1238 537; x_wconf 88' lang='lat' dir='ltr'><strong>et</strong></span> <span class='ocrx_word' id='word_1_10' title='bbox 1275 477 1514 533; x_wconf 78' lang='lat' dir='ltr'><strong>habitatio</strong></span> <span class='ocrx_word' id='word_1_11' title='bbox 1542 488 1652 543; x_wconf 58' lang='lat' dir='ltr'><strong>ejus</strong></span> <span class='ocrx_word' id='word_1_12' title='bbox 1677 469 1730 521; x_wconf 86' lang='lat' dir='ltr'><strong>in</strong></span> 
     </span>
    </p>
   </div>
   <div class='ocr_carea' id='block_1_3' title="bbox 184 565 1734 655">
    <p class='ocr_par' dir='ltr' id='par_1_3' title="bbox 184 565 1734 655">
     <span class='ocr_line' id='line_1_3' title="bbox 184 565 1734 655; baseline -0.025 -3"><span class='ocrx_word' id='word_1_13' title='bbox 184 565 308 653; x_wconf 75' lang='lat' dir='ltr'><strong>Sion.</strong></span> <span class='ocrx_word' id='word_1_14' title='bbox 340 594 460 648; x_wconf 98' lang='lat' dir='ltr'><strong>Sion</strong></span> <span class='ocrx_word' id='word_1_15' title='bbox 522 591 900 655; x_wconf 72' lang='lat' dir='ltr'><strong>interpretatur</strong></span> <span class='ocrx_word' id='word_1_16' title='bbox 969 574 1377 644; x_wconf 78' lang='lat' dir='ltr'><strong>Contemplatio.</strong></span> <span class='ocrx_word' id='word_1_17' title='bbox 1431 565 1568 636; x_wconf 89' lang='lat' dir='ltr'><strong>Quid</strong></span> <span class='ocrx_word' id='word_1_18' title='bbox 1607 653 1619 655; x_wconf 21' lang='lat'><em>4</em></span> <span class='ocrx_word' id='word_1_19' title='bbox 1651 571 1734 617; x_wconf 88' lang='lat' dir='ltr'><strong>est</strong></span> 
     </span>
    </p>
   </div>
   <div class='ocr_carea' id='block_1_4' title="bbox 185 653 1732 752">
    <p class='ocr_par' dir='ltr' id='par_1_4' title="bbox 185 653 1732 752">
     <span class='ocr_line' id='line_1_4' title="bbox 185 653 1732 752; baseline -0.024 -10"><span class='ocrx_word' id='word_1_20' title='bbox 185 680 527 752; x_wconf 73' lang='lat' dir='ltr'><strong>contemplatio</strong></span> <span class='ocrx_word' id='word_1_21' title='bbox 556 680 615 734; x_wconf 70' lang='lat'><strong>‘1&#39;</strong></span> <span class='ocrx_word' id='word_1_22' title='bbox 653 653 1145 738; x_wconf 72' lang='lat' dir='ltr'><strong>Contemplabimur</strong></span> <span class='ocrx_word' id='word_1_23' title='bbox 1203 663 1344 718; x_wconf 88' lang='lat' dir='ltr'><strong>enim</strong></span> <span class='ocrx_word' id='word_1_24' title='bbox 1388 659 1554 714; x_wconf 87' lang='lat' dir='ltr'><strong>Deum</strong></span> <span class='ocrx_word' id='word_1_25' title='bbox 1598 653 1732 707; x_wconf 85' lang='lat' dir='ltr'><strong>facie</strong></span> 
     </span>
    </p>
   </div>
   <div class='ocr_carea' id='block_1_5' title="bbox 185 745 1730 842">
    <p class='ocr_par' dir='ltr' id='par_1_5' title="bbox 185 745 1730 842">
     <span class='ocr_line' id='line_1_5' title="bbox 185 745 1730 842; baseline -0.025 -8"><span class='ocrx_word' id='word_1_26' title='bbox 185 780 243 834; x_wconf 86' lang='lat' dir='ltr'><strong>ad</strong></span> <span class='ocrx_word' id='word_1_27' title='bbox 270 745 435 832; x_wconf 74' lang='lat' dir='ltr'><strong>faciem</strong></span> <span class='ocrx_word' id='word_1_28' title='bbox 467 773 508 842; x_wconf 89' lang='lat' dir='ltr'><strong>(l</strong></span> <span class='ocrx_word' id='word_1_29' title='bbox 535 769 654 826; x_wconf 86' lang='lat' dir='ltr'><strong>Cor.</strong></span> <span class='ocrx_word' id='word_1_30' title='bbox 686 783 799 828; x_wconf 69' lang='grc' dir='ltr'>χιιι,</span> <span class='ocrx_word' id='word_1_31' title='bbox 835 764 944 833; x_wconf 71' lang='lat' dir='ltr'><strong>l2).</strong></span> <span class='ocrx_word' id='word_1_32' title='bbox 973 762 1068 815; x_wconf 87' lang='lat' dir='ltr'><strong>Hic</strong></span> <span class='ocrx_word' id='word_1_33' title='bbox 1098 756 1253 813; x_wconf 90' lang='lat' dir='ltr'><strong>nobis</strong></span> <span class='ocrx_word' id='word_1_34' title='bbox 1300 750 1642 823; x_wconf 89' lang='lat' dir='ltr'><strong>promittitur,</strong></span> <span class='ocrx_word' id='word_1_35' title='bbox 1675 745 1730 796; x_wconf 92' lang='lat' dir='ltr'><strong>in</strong></span> 
     </span>
    </p>
   </div>
   <div class='ocr_carea' id='block_1_6' title="bbox 186 837 1736 939">
    <p class='ocr_par' dir='ltr' id='par_1_6' title="bbox 186 837 1736 939">
     <span class='ocr_line' id='line_1_6' title="bbox 186 837 1736 939; baseline -0.026 -15"><span class='ocrx_word' id='word_1_36' title='bbox 186 884 320 939; x_wconf 87' lang='lat' dir='ltr'><strong>quem</strong></span> <span class='ocrx_word' id='word_1_37' title='bbox 345 864 500 920; x_wconf 91' lang='lat' dir='ltr'><strong>modo</strong></span> <span class='ocrx_word' id='word_1_38' title='bbox 531 876 636 915; x_wconf 89' lang='lat' dir='ltr'><strong>non</strong></span> <span class='ocrx_word' id='word_1_39' title='bbox 673 857 917 910; x_wconf 73' lang='lat' dir='ltr'><strong>videntes</strong></span> <span class='ocrx_word' id='word_1_40' title='bbox 951 849 1239 905; x_wconf 80' lang='lat' dir='ltr'><strong>credimus.</strong></span> <span class='ocrx_word' id='word_1_41' title='bbox 1289 837 1569 909; x_wconf 82' lang='lat' dir='ltr'><strong>Quomodo</strong></span> <span class='ocrx_word' id='word_1_42' title='bbox 1609 848 1736 904; x_wconf 80' lang='lat' dir='ltr'><strong>gau-</strong></span> 
     </span>
    </p>
   </div>
   <div class='ocr_carea' id='block_1_7' title="bbox 186 928 1733 1015">
    <p class='ocr_par' dir='ltr' id='par_1_7' title="bbox 186 928 1733 1015">
     <span class='ocr_line' id='line_1_7' title="bbox 186 928 1733 1015; baseline -0.025 -1"><span class='ocrx_word' id='word_1_43' title='bbox 186 961 400 1015; x_wconf 83' lang='lat' dir='ltr'><strong>debimus</strong></span> <span class='ocrx_word' id='word_1_44' title='bbox 427 970 549 1008; x_wconf 88' lang='lat' dir='ltr'><strong>cum</strong></span> <span class='ocrx_word' id='word_1_45' title='bbox 581 950 868 1004; x_wconf 56' lang='lat' dir='ltr'><strong>uiderimus</strong></span> <span class='ocrx_word' id='word_1_46' title='bbox 890 942 1050 999; x_wconf 87' lang='lat' dir='ltr'><strong>eum?</strong></span> <span class='ocrx_word' id='word_1_47' title='bbox 1082 940 1317 1002; x_wconf 81' lang='lat' dir='ltr'><strong>Fratres,</strong></span> <span class='ocrx_word' id='word_1_48' title='bbox 1349 934 1394 988; x_wconf 89' lang='lat' dir='ltr'><strong>si</strong></span> <span class='ocrx_word' id='word_1_49' title='bbox 1431 928 1588 984; x_wconf 91' lang='lat' dir='ltr'><strong>modo</strong></span> <span class='ocrx_word' id='word_1_50' title='bbox 1618 937 1733 980; x_wconf 90' lang='lat' dir='ltr'><strong>tau-</strong></span> 
     </span>
    </p>
   </div>
   <div class='ocr_carea' id='block_1_8' title="bbox 189 1025 1740 1120">
    <p class='ocr_par' dir='ltr' id='par_1_8' title="bbox 189 1025 1740 1120">
     <span class='ocr_line' id='line_1_8' title="bbox 189 1025 1740 1120; baseline -0.023 -15"><span class='ocrx_word' id='word_1_51' title='bbox 189 1064 283 1105; x_wconf 87' lang='lat' dir='ltr'><strong>tmn</strong></span> <span class='ocrx_word' id='word_1_52' title='bbox 306 1048 542 1120; x_wconf 80' lang='lat' dir='ltr'><strong>gaudium</strong></span> <span class='ocrx_word' id='word_1_53' title='bbox 575 1045 629 1097; x_wconf 91' lang='lat' dir='ltr'><strong>in</strong></span> <span class='ocrx_word' id='word_1_54' title='bbox 665 1041 818 1095; x_wconf 89' lang='lat' dir='ltr'><strong>nobis</strong></span> <span class='ocrx_word' id='word_1_55' title='bbox 856 1036 979 1091; x_wconf 89' lang='lat' dir='ltr'><strong>facit</strong></span> <span class='ocrx_word' id='word_1_56' title='bbox 1018 1029 1323 1105; x_wconf 80' lang='lat' dir='ltr'><strong>promissio,</strong></span> <span class='ocrx_word' id='word_1_57' title='bbox 1373 1031 1626 1094; x_wconf 90' lang='lat' dir='ltr'><strong>quantum</strong></span> <span class='ocrx_word' id='word_1_58' title='bbox 1657 1025 1740 1072; x_wconf 85' lang='grc' dir='ltr'><strong>εει</strong></span> 
     </span>
    </p>
   </div>
   <div class='ocr_carea' id='block_1_9' title="bbox 190 1108 1742 1197">
    <p class='ocr_par' dir='ltr' id='par_1_9' title="bbox 190 1108 1742 1197">
     <span class='ocr_line' id='line_1_9' title="bbox 190 1108 1742 1197; baseline -0.024 0"><span class='ocrx_word' id='word_1_59' title='bbox 190 1108 358 1196; x_wconf 58' lang='lat' dir='ltr'><strong>factum</strong></span> <span class='ocrx_word' id='word_1_60' title='bbox 387 1132 649 1197; x_wconf 82' lang='lat' dir='ltr'><strong>redditio?</strong></span> <span class='ocrx_word' id='word_1_61' title='bbox 676 1128 949 1186; x_wconf 80' lang='lat' dir='ltr'><strong>Reddetur</strong></span> <span class='ocrx_word' id='word_1_62' title='bbox 990 1123 1130 1178; x_wconf 86' lang='lat' dir='ltr'><strong>enim</strong></span> <span class='ocrx_word' id='word_1_63' title='bbox 1158 1119 1311 1174; x_wconf 90' lang='lat' dir='ltr'><strong>nobis</strong></span> <span class='ocrx_word' id='word_1_64' title='bbox 1351 1113 1491 1185; x_wconf 88' lang='lat' dir='ltr'><strong>quod</strong></span> <span class='ocrx_word' id='word_1_65' title='bbox 1542 1108 1742 1180; x_wconf 53' lang='lat' dir='ltr'><strong>promi.</strong></span> 
     </span>
    </p>
   </div>
   <div class='ocr_carea' id='block_1_10' title="bbox 190 1202 1741 1297">
    <p class='ocr_par' dir='ltr' id='par_1_10' title="bbox 190 1202 1741 1297">
     <span class='ocr_line' id='line_1_10' title="bbox 190 1202 1741 1297; baseline -0.024 -12"><span class='ocrx_word' id='word_1_66' title='bbox 190 1233 268 1285; x_wconf 91' lang='lat' dir='ltr'><strong>sit.</strong></span> <span class='ocrx_word' id='word_1_67' title='bbox 296 1228 347 1284; x_wconf 86' lang='lat' dir='ltr'><strong>Et</strong></span> <span class='ocrx_word' id='word_1_68' title='bbox 376 1227 500 1297; x_wconf 89' lang='lat' dir='ltr'><strong>quid</strong></span> <span class='ocrx_word' id='word_1_69' title='bbox 529 1219 802 1294; x_wconf 86' lang='lat' dir='ltr'><strong>promisit?</strong></span> <span class='ocrx_word' id='word_1_70' title='bbox 833 1217 1100 1285; x_wconf 89' lang='lat' dir='ltr'><strong>Seipsum,</strong></span> <span class='ocrx_word' id='word_1_71' title='bbox 1141 1221 1199 1264; x_wconf 88' lang='lat' dir='ltr'><strong>ut</strong></span> <span class='ocrx_word' id='word_1_72' title='bbox 1222 1209 1273 1262; x_wconf 91' lang='lat' dir='ltr'><strong>in</strong></span> <span class='ocrx_word' id='word_1_73' title='bbox 1305 1206 1436 1260; x_wconf 82' lang='lat' dir='ltr'><strong>facie</strong></span> <span class='ocrx_word' id='word_1_74' title='bbox 1479 1202 1661 1270; x_wconf 62' lang='lat' dir='ltr'><strong>ipsius.</strong></span> <span class='ocrx_word' id='word_1_75' title='bbox 1687 1206 1741 1250; x_wconf 85' lang='lat' dir='ltr'><strong>et</strong></span> 
     </span>
    </p>
   </div>
   <div class='ocr_carea' id='block_1_11' title="bbox 191 1287 1744 1385">
    <p class='ocr_par' dir='ltr' id='par_1_11' title="bbox 191 1287 1744 1385">
     <span class='ocr_line' id='line_1_11' title="bbox 191 1287 1744 1385; baseline -0.026 -6"><span class='ocrx_word' id='word_1_76' title='bbox 191 1325 316 1379; x_wconf 85' lang='lat' dir='ltr'><strong>illius</strong></span> <span class='ocrx_word' id='word_1_77' title='bbox 365 1287 814 1385; x_wconf 70' lang='lat' dir='ltr'><strong>contemplatione</strong></span> <span class='ocrx_word' id='word_1_78' title='bbox 878 1306 1236 1378; x_wconf 79' lang='lat' dir='ltr'><strong>gaudeamus;</strong></span> <span class='ocrx_word' id='word_1_79' title='bbox 1289 1307 1346 1353; x_wconf 87' lang='lat' dir='ltr'><strong>et</strong></span> <span class='ocrx_word' id='word_1_80' title='bbox 1393 1309 1498 1349; x_wconf 88' lang='lat' dir='ltr'><strong>non</strong></span> <span class='ocrx_word' id='word_1_81' title='bbox 1547 1287 1744 1359; x_wconf 88' lang='lat' dir='ltr'><strong>aliquid</strong></span> 
     </span>
    </p>
   </div>
   <div class='ocr_carea' id='block_1_12' title="bbox 191 1378 1746 1469">
    <p class='ocr_par' dir='ltr' id='par_1_12' title="bbox 191 1378 1746 1469">
     <span class='ocr_line' id='line_1_12' title="bbox 191 1378 1746 1469; baseline -0.025 -1"><span class='ocrx_word' id='word_1_82' title='bbox 191 1378 316 1468; x_wconf 82' lang='lat' dir='ltr'><strong>aliud</strong></span> <span class='ocrx_word' id='word_1_83' title='bbox 339 1378 620 1464; x_wconf 77' lang='lat' dir='ltr'><strong>delectabit</strong></span> <span class='ocrx_word' id='word_1_84' title='bbox 649 1417 767 1466; x_wconf 89' lang='lat' dir='ltr'><strong>nos,</strong></span> <span class='ocrx_word' id='word_1_85' title='bbox 795 1399 916 1469; x_wconf 84' lang='lat' dir='ltr'><strong>quia</strong></span> <span class='ocrx_word' id='word_1_86' title='bbox 957 1394 1088 1450; x_wconf 84' lang='lat' dir='ltr'><strong>nihil</strong></span> <span class='ocrx_word' id='word_1_87' title='bbox 1112 1403 1196 1448; x_wconf 85' lang='lat' dir='ltr'><strong>est</strong></span> <span class='ocrx_word' id='word_1_88' title='bbox 1221 1387 1414 1443; x_wconf 87' lang='lat' dir='ltr'><strong>melius</strong></span> <span class='ocrx_word' id='word_1_89' title='bbox 1442 1383 1534 1438; x_wconf 90' lang='lat' dir='ltr'><strong>illo</strong></span> <span class='ocrx_word' id='word_1_90' title='bbox 1553 1380 1641 1451; x_wconf 88' lang='lat' dir='ltr'><strong>qui</strong></span> <span class='ocrx_word' id='word_1_91' title='bbox 1670 1378 1746 1431; x_wconf 85' lang='lat' dir='ltr'><strong>fe-</strong></span> 
     </span>
    </p>
   </div>
   <div class='ocr_carea' id='block_1_13' title="bbox 192 1470 1746 1567">
    <p class='ocr_par' dir='ltr' id='par_1_13' title="bbox 192 1470 1746 1567">
     <span class='ocr_line' id='line_1_13' title="bbox 192 1470 1746 1567; baseline -0.026 -7"><span class='ocrx_word' id='word_1_92' title='bbox 192 1508 258 1560; x_wconf 87' lang='lat' dir='ltr'><strong>cit</strong></span> <span class='ocrx_word' id='word_1_93' title='bbox 279 1502 442 1558; x_wconf 90' lang='lat' dir='ltr'><strong>omnia</strong></span> <span class='ocrx_word' id='word_1_94' title='bbox 468 1511 586 1567; x_wconf 76' lang='lat' dir='ltr'><strong>qua:</strong></span> <span class='ocrx_word' id='word_1_95' title='bbox 614 1493 898 1548; x_wconf 86' lang='lat' dir='ltr'><strong>delectant.</strong></span> <span class='ocrx_word' id='word_1_96' title='bbox 926 1485 1116 1540; x_wconf 79' lang='lat' dir='ltr'><strong>Factus</strong></span> <span class='ocrx_word' id='word_1_97' title='bbox 1140 1492 1210 1536; x_wconf 89' lang='lat' dir='ltr'><strong>est</strong></span> <span class='ocrx_word' id='word_1_98' title='bbox 1235 1479 1289 1533; x_wconf 85' lang='lat' dir='ltr'><strong>in</strong></span> <span class='ocrx_word' id='word_1_99' title='bbox 1309 1491 1431 1547; x_wconf 83' lang='lat' dir='ltr'><strong>pace</strong></span> <span class='ocrx_word' id='word_1_100' title='bbox 1452 1475 1591 1527; x_wconf 90' lang='lat' dir='ltr'><strong>locus</strong></span> <span class='ocrx_word' id='word_1_101' title='bbox 1615 1470 1746 1536; x_wconf 85' lang='lat' dir='ltr'><strong>ejus,</strong></span> 
     </span>
    </p>
   </div>
   <div class='ocr_carea' id='block_1_14' title="bbox 193 1561 1752 1656">
    <p class='ocr_par' dir='ltr' id='par_1_14' title="bbox 193 1561 1752 1656">
     <span class='ocr_line' id='line_1_14' title="bbox 193 1561 1752 1656; baseline -0.025 -8"><span class='ocrx_word' id='word_1_102' title='bbox 193 1604 236 1649; x_wconf 85' lang='lat' dir='ltr'><strong>et</strong></span> <span class='ocrx_word' id='word_1_103' title='bbox 273 1561 499 1646; x_wconf 74' lang='lat' dir='ltr'><strong>habitatio</strong></span> <span class='ocrx_word' id='word_1_104' title='bbox 539 1588 648 1656; x_wconf 84' lang='lat' dir='ltr'><strong>ejus</strong></span> <span class='ocrx_word' id='word_1_105' title='bbox 688 1585 741 1636; x_wconf 88' lang='lat' dir='ltr'><strong>in</strong></span> <span class='ocrx_word' id='word_1_106' title='bbox 769 1579 896 1635; x_wconf 85' lang='lat' dir='ltr'><strong>Sion</strong></span> <span class='ocrx_word' id='word_1_107' title='bbox 923 1594 942 1632; x_wconf 93' lang='lat'><strong>:</strong></span> <span class='ocrx_word' id='word_1_108' title='bbox 968 1575 1019 1630; x_wconf 89' lang='lat' dir='ltr'><strong>id</strong></span> <span class='ocrx_word' id='word_1_109' title='bbox 1057 1581 1158 1635; x_wconf 85' lang='lat' dir='ltr'><strong>est,</strong></span> <span class='ocrx_word' id='word_1_110' title='bbox 1208 1572 1260 1624; x_wconf 92' lang='lat' dir='ltr'><strong>in</strong></span> <span class='ocrx_word' id='word_1_111' title='bbox 1306 1561 1752 1656; x_wconf 77' lang='lat' dir='ltr'><strong>contemplatione</strong></span> 
     </span>
    </p>
   </div>
   <div class='ocr_carea' id='block_1_15' title="bbox 193 1648 1754 1750">
    <p class='ocr_par' dir='ltr' id='par_1_15' title="bbox 193 1648 1754 1750">
     <span class='ocr_line' id='line_1_15' title="bbox 193 1648 1754 1750; baseline -0.024 -13"><span class='ocrx_word' id='word_1_112' title='bbox 193 1682 398 1750; x_wconf 87' lang='lat' dir='ltr'><strong>quadam</strong></span> <span class='ocrx_word' id='word_1_113' title='bbox 439 1687 492 1733; x_wconf 91' lang='lat' dir='ltr'><strong>et</strong></span> <span class='ocrx_word' id='word_1_114' title='bbox 532 1648 898 1745; x_wconf 67' lang='lat' dir='ltr'><strong>speculatione</strong></span> <span class='ocrx_word' id='word_1_115' title='bbox 946 1666 1079 1720; x_wconf 82' lang='lat' dir='ltr'><strong>facta</strong></span> <span class='ocrx_word' id='word_1_116' title='bbox 1115 1670 1198 1716; x_wconf 88' lang='lat' dir='ltr'><strong>est</strong></span> <span class='ocrx_word' id='word_1_117' title='bbox 1236 1657 1489 1713; x_wconf 83' lang='lat' dir='ltr'><strong>habitatio</strong></span> <span class='ocrx_word' id='word_1_118' title='bbox 1548 1651 1664 1721; x_wconf 84' lang='lat' dir='ltr'><strong>ejus</strong></span> <span class='ocrx_word' id='word_1_119' title='bbox 1699 1648 1754 1701; x_wconf 87' lang='lat' dir='ltr'><strong>in</strong></span> 
     </span>
    </p>
   </div>
   <div class='ocr_carea' id='block_1_16' title="bbox 195 1775 329 1830">
    <p class='ocr_par' dir='ltr' id='par_1_16' title="bbox 195 1775 329 1830">
     <span class='ocr_line' id='line_1_16' title="bbox 195 1775 329 1830; baseline -0.045 0"><span class='ocrx_word' id='word_1_120' title='bbox 195 1775 329 1830; x_wconf 86' lang='lat' dir='ltr'><strong>Sion.</strong></span> 
     </span>
    </p>
   </div>
   <div class='ocr_carea' id='block_1_17' title="bbox 261 1840 1758 1936">
    <p class='ocr_par' dir='ltr' id='par_1_17' title="bbox 261 1840 1758 1936">
     <span class='ocr_line' id='line_1_17' title="bbox 261 1840 1758 1936; baseline -0.023 -17"><span class='ocrx_word' id='word_1_121' title='bbox 261 1867 310 1920; x_wconf 77' lang='grc'><strong>6.</strong></span> <span class='ocrx_word' id='word_1_122' title='bbox 347 1862 511 1936; x_wconf 80' lang='lat' dir='ltr'><strong>[vers.</strong></span> <span class='ocrx_word' id='word_1_123' title='bbox 561 1852 643 1928; x_wconf 72' lang='grc'><strong>4.]</strong></span> <span class='ocrx_word' id='word_1_124' title='bbox 682 1853 762 1909; x_wconf 81' lang='lat' dir='ltr'><strong>Ibi</strong></span> <span class='ocrx_word' id='word_1_125' title='bbox 811 1849 1054 1927; x_wconf 77' lang='lat' dir='ltr'><strong>confregit</strong></span> <span class='ocrx_word' id='word_1_126' title='bbox 1093 1842 1407 1914; x_wconf 81' lang='lat' dir='ltr'><strong>fortitudines</strong></span> <span class='ocrx_word' id='word_1_127' title='bbox 1455 1850 1661 1890; x_wconf 83' lang='lat' dir='ltr'><strong>arcuum</strong></span> <span class='ocrx_word' id='word_1_128' title='bbox 1712 1840 1758 1886; x_wconf 86' lang='lat' dir='ltr'><strong>et</strong></span> 
     </span>
    </p>
   </div>
   <div class='ocr_carea' id='block_1_18' title="bbox 196 1924 1759 2020">
    <p class='ocr_par' dir='ltr' id='par_1_18' title="bbox 196 1924 1759 2020">
     <span class='ocr_line' id='line_1_18' title="bbox 196 1924 1759 2020; baseline -0.02 -10"><span class='ocrx_word' id='word_1_129' title='bbox 196 1924 394 2019; x_wconf 70' lang='lat' dir='ltr'><strong>scutum,</strong></span> <span class='ocrx_word' id='word_1_130' title='bbox 435 1958 480 2005; x_wconf 86' lang='lat' dir='ltr'><strong>et</strong></span> <span class='ocrx_word' id='word_1_131' title='bbox 503 1924 763 2020; x_wconf 81' lang='lat' dir='ltr'><strong>gladium,</strong></span> <span class='ocrx_word' id='word_1_132' title='bbox 797 1952 842 1997; x_wconf 87' lang='lat' dir='ltr'><strong>et</strong></span> <span class='ocrx_word' id='word_1_133' title='bbox 872 1924 1073 1995; x_wconf 86' lang='lat' dir='ltr'><strong>bellum.</strong></span> <span class='ocrx_word' id='word_1_134' title='bbox 1103 1935 1201 1990; x_wconf 87' lang='lat' dir='ltr'><strong>Ubi</strong></span> <span class='ocrx_word' id='word_1_135' title='bbox 1243 1927 1538 1998; x_wconf 75' lang='lat' dir='ltr'><strong>confregit?</strong></span> <span class='ocrx_word' id='word_1_136' title='bbox 1571 1927 1627 1980; x_wconf 88' lang='lat' dir='ltr'><strong>lu</strong></span> <span class='ocrx_word' id='word_1_137' title='bbox 1671 1924 1759 1978; x_wconf 84' lang='lat' dir='ltr'><strong>illa</strong></span> 
     </span>
    </p>
   </div>
   <div class='ocr_carea' id='block_1_19' title="bbox 197 2019 1764 2118">
    <p class='ocr_par' dir='ltr' id='par_1_19' title="bbox 197 2019 1764 2118">
     <span class='ocr_line' id='line_1_19' title="bbox 197 2019 1764 2118; baseline -0.022 -17"><span class='ocrx_word' id='word_1_138' title='bbox 197 2060 319 2118; x_wconf 85' lang='lat' dir='ltr'><strong>pace</strong></span> <span class='ocrx_word' id='word_1_139' title='bbox 352 2019 566 2104; x_wconf 65' lang='lat' dir='ltr'><strong>aeterna,</strong></span> <span class='ocrx_word' id='word_1_140' title='bbox 609 2039 660 2092; x_wconf 89' lang='lat' dir='ltr'><strong>in</strong></span> <span class='ocrx_word' id='word_1_141' title='bbox 685 2036 770 2089; x_wconf 90' lang='lat' dir='ltr'><strong>illa</strong></span> <span class='ocrx_word' id='word_1_142' title='bbox 801 2048 929 2103; x_wconf 86' lang='lat' dir='ltr'><strong>pace</strong></span> <span class='ocrx_word' id='word_1_143' title='bbox 964 2028 1217 2100; x_wconf 86' lang='lat' dir='ltr'><strong>perfecta.</strong></span> <span class='ocrx_word' id='word_1_144' title='bbox 1261 2023 1326 2078; x_wconf 86' lang='lat' dir='ltr'><strong>Et</strong></span> <span class='ocrx_word' id='word_1_145' title='bbox 1355 2020 1534 2082; x_wconf 89' lang='lat' dir='ltr'><strong>modo,</strong></span> <span class='ocrx_word' id='word_1_146' title='bbox 1574 2019 1764 2070; x_wconf 86' lang='lat' dir='ltr'><strong>fratres</strong></span> 
     </span>
    </p>
   </div>
   <div class='ocr_carea' id='block_1_20' title="bbox 199 2108 1764 2204">
    <p class='ocr_par' dir='ltr' id='par_1_20' title="bbox 199 2108 1764 2204">
     <span class='ocr_line' id='line_1_20' title="bbox 199 2108 1764 2204; baseline -0.02 -13"><span class='ocrx_word' id='word_1_147' title='bbox 199 2108 318 2199; x_wconf 74' lang='lat' dir='ltr'><strong>inci,</strong></span> <span class='ocrx_word' id='word_1_148' title='bbox 341 2133 427 2204; x_wconf 88' lang='lat' dir='ltr'><strong>qui</strong></span> <span class='ocrx_word' id='word_1_149' title='bbox 474 2130 608 2185; x_wconf 90' lang='lat' dir='ltr'><strong>bene</strong></span> <span class='ocrx_word' id='word_1_150' title='bbox 650 2124 1024 2187; x_wconf 87' lang='lat' dir='ltr'><strong>crediderunt,</strong></span> <span class='ocrx_word' id='word_1_151' title='bbox 1069 2118 1250 2172; x_wconf 78' lang='lat' dir='ltr'><strong>vident</strong></span> <span class='ocrx_word' id='word_1_152' title='bbox 1279 2114 1402 2184; x_wconf 87' lang='lat' dir='ltr'><strong>quia</strong></span> <span class='ocrx_word' id='word_1_153' title='bbox 1443 2126 1548 2164; x_wconf 89' lang='lat' dir='ltr'><strong>non</strong></span> <span class='ocrx_word' id='word_1_154' title='bbox 1593 2108 1660 2161; x_wconf 88' lang='lat' dir='ltr'><strong>de</strong></span> <span class='ocrx_word' id='word_1_155' title='bbox 1704 2120 1764 2160; x_wconf 91' lang='lat' dir='ltr'><strong>se</strong></span> 
     </span>
    </p>
   </div>
   <div class='ocr_carea' id='block_1_21' title="bbox 199 2198 1766 2292">
    <p class='ocr_par' dir='ltr' id='par_1_21' title="bbox 199 2198 1766 2292">
     <span class='ocr_line' id='line_1_21' title="bbox 199 2198 1766 2292; baseline -0.022 -9"><span class='ocrx_word' id='word_1_156' title='bbox 199 2198 382 2283; x_wconf 68' lang='lat' dir='ltr'><strong>debent</strong></span> <span class='ocrx_word' id='word_1_157' title='bbox 414 2232 775 2292; x_wconf 82' lang='lat' dir='ltr'><strong>praesumere;</strong></span> <span class='ocrx_word' id='word_1_158' title='bbox 814 2221 868 2269; x_wconf 88' lang='lat' dir='ltr'><strong>et</strong></span> <span class='ocrx_word' id='word_1_159' title='bbox 910 2223 1122 2266; x_wconf 87' lang='lat' dir='ltr'><strong>omnem</strong></span> <span class='ocrx_word' id='word_1_160' title='bbox 1163 2203 1456 2275; x_wconf 87' lang='lat' dir='ltr'><strong>potentiam</strong></span> <span class='ocrx_word' id='word_1_161' title='bbox 1502 2198 1766 2252; x_wconf 90' lang='lat' dir='ltr'><strong>minarum</strong></span> 
     </span>
    </p>
   </div>
   <div class='ocr_carea' id='block_1_22' title="bbox 200 2287 1764 2381">
    <p class='ocr_par' dir='ltr' id='par_1_22' title="bbox 200 2287 1764 2381">
     <span class='ocr_line' id='line_1_22' title="bbox 200 2287 1764 2381; baseline -0.022 -9"><span class='ocrx_word' id='word_1_162' title='bbox 200 2287 498 2378; x_wconf 63' lang='lat' dir='ltr'><strong>suarum,et</strong></span> <span class='ocrx_word' id='word_1_163' title='bbox 520 2307 772 2381; x_wconf 89' lang='lat' dir='ltr'><strong>quidquid</strong></span> <span class='ocrx_word' id='word_1_164' title='bbox 794 2304 846 2358; x_wconf 90' lang='lat' dir='ltr'><strong>in</strong></span> <span class='ocrx_word' id='word_1_165' title='bbox 870 2303 950 2359; x_wconf 89' lang='lat' dir='ltr'><strong>eis</strong></span> <span class='ocrx_word' id='word_1_166' title='bbox 972 2308 1185 2355; x_wconf 88' lang='lat' dir='ltr'><strong>acutum</strong></span> <span class='ocrx_word' id='word_1_167' title='bbox 1208 2298 1230 2328; x_wconf 79' lang='grc'>⁸</span> <span class='ocrx_word' id='word_1_168' title='bbox 1249 2303 1332 2348; x_wconf 82' lang='grc' dir='ltr'><strong>εει</strong></span> <span class='ocrx_word' id='word_1_169' title='bbox 1355 2292 1421 2347; x_wconf 90' lang='lat' dir='ltr'><strong>ad</strong></span> <span class='ocrx_word' id='word_1_170' title='bbox 1445 2287 1764 2352; x_wconf 82' lang='lat' dir='ltr'><strong>nocendum,</strong></span> 
     </span>
    </p>
   </div>
   <div class='ocr_carea' id='block_1_23' title="bbox 201 2380 1772 2475">
    <p class='ocr_par' dir='ltr' id='par_1_23' title="bbox 201 2380 1772 2475">
     <span class='ocr_line' id='line_1_23' title="bbox 201 2380 1772 2475; baseline -0.019 -12"><span class='ocrx_word' id='word_1_171' title='bbox 201 2380 675 2475; x_wconf 84' lang='lat' dir='ltr'><strong>conlringnntillud</strong></span> <span class='ocrx_word' id='word_1_172' title='bbox 699 2416 714 2453; x_wconf 95' lang='lat'><strong>:</strong></span> <span class='ocrx_word' id='word_1_173' title='bbox 736 2406 789 2452; x_wconf 89' lang='lat' dir='ltr'><strong>et</strong></span> <span class='ocrx_word' id='word_1_174' title='bbox 808 2391 1058 2465; x_wconf 89' lang='lat' dir='ltr'><strong>quidquid</strong></span> <span class='ocrx_word' id='word_1_175' title='bbox 1079 2389 1228 2459; x_wconf 81' lang='lat' dir='ltr'><strong>quasi</strong></span> <span class='ocrx_word' id='word_1_176' title='bbox 1251 2401 1348 2455; x_wconf 88' lang='lat' dir='ltr'><strong>pro</strong></span> <span class='ocrx_word' id='word_1_177' title='bbox 1363 2396 1554 2453; x_wconf 87' lang='lat' dir='ltr'><strong>magno</strong></span> <span class='ocrx_word' id='word_1_178' title='bbox 1575 2380 1772 2434; x_wconf 79' lang='lat' dir='ltr'><strong>habent</strong></span> 
     </span>
    </p>
   </div>
   <div class='ocr_carea' id='block_1_24' title="bbox 201 2466 1772 2562">
    <p class='ocr_par' dir='ltr' id='par_1_24' title="bbox 201 2466 1772 2562">
     <span class='ocr_line' id='line_1_24' title="bbox 201 2466 1772 2562; baseline -0.02 -10"><span class='ocrx_word' id='word_1_179' title='bbox 201 2495 338 2551; x_wconf 79' lang='lat' dir='ltr'><strong>unde</strong></span> <span class='ocrx_word' id='word_1_180' title='bbox 371 2466 430 2548; x_wconf 69' lang='lat' dir='ltr'><strong>se</strong></span> <span class='ocrx_word' id='word_1_181' title='bbox 471 2495 808 2562; x_wconf 80' lang='lat' dir='ltr'><strong>protegerent</strong></span> <span class='ocrx_word' id='word_1_182' title='bbox 833 2485 856 2517; x_wconf 80' lang='grc'>³</span> <span class='ocrx_word' id='word_1_183' title='bbox 887 2479 1265 2550; x_wconf 86' lang='lat' dir='ltr'><strong>temporaliter,</strong></span> <span class='ocrx_word' id='word_1_184' title='bbox 1298 2484 1354 2530; x_wconf 88' lang='lat' dir='ltr'><strong>et</strong></span> <span class='ocrx_word' id='word_1_185' title='bbox 1396 2472 1590 2528; x_wconf 82' lang='lat' dir='ltr'><strong>bellum</strong></span> <span class='ocrx_word' id='word_1_186' title='bbox 1630 2466 1772 2540; x_wconf 90' lang='lat' dir='ltr'><strong>quod</strong></span> 
     </span>
    </p>
   </div>
   <div class='ocr_carea' id='block_1_25' title="bbox 200 2561 1774 2641">
    <p class='ocr_par' dir='ltr' id='par_1_25' title="bbox 200 2561 1774 2641">
     <span class='ocr_line' id='line_1_25' title="bbox 200 2561 1774 2641; baseline -0.018 0"><span class='ocrx_word' id='word_1_187' title='bbox 200 2588 448 2641; x_wconf 83' lang='lat' dir='ltr'><strong>adversus</strong></span> <span class='ocrx_word' id='word_1_188' title='bbox 476 2561 656 2636; x_wconf 15' lang='lat' dir='ltr'><strong>iDcum</strong></span> <span class='ocrx_word' id='word_1_189' title='bbox 699 2571 1030 2632; x_wconf 80' lang='lat' dir='ltr'><strong>defendendo</strong></span> <span class='ocrx_word' id='word_1_190' title='bbox 1076 2576 1290 2641; x_wconf 83' lang='lat' dir='ltr'><strong>peccata</strong></span> <span class='ocrx_word' id='word_1_191' title='bbox 1336 2579 1431 2620; x_wconf 81' lang='lat' dir='ltr'><strong>sua</strong></span> <span class='ocrx_word' id='word_1_192' title='bbox 1478 2561 1774 2634; x_wconf 81' lang='lat' dir='ltr'><strong>gerebant,</strong></span> 
     </span>
    </p>
   </div>
   <div class='ocr_carea' id='block_1_26' title="bbox 201 2666 917 2736">
    <p class='ocr_par' dir='ltr' id='par_1_26' title="bbox 201 2666 917 2736">
     <span class='ocr_line' id='line_1_26' title="bbox 201 2666 917 2736; baseline -0.022 -2"><span class='ocrx_word' id='word_1_193' title='bbox 201 2677 372 2733; x_wconf 86' lang='lat' dir='ltr'><strong>omnia</strong></span> <span class='ocrx_word' id='word_1_194' title='bbox 401 2675 513 2729; x_wconf 63' lang='lat' dir='ltr'><strong>haec</strong></span> <span class='ocrx_word' id='word_1_195' title='bbox 542 2672 609 2725; x_wconf 87' lang='lat' dir='ltr'><strong>ibi</strong></span> <span class='ocrx_word' id='word_1_196' title='bbox 639 2666 917 2736; x_wconf 76' lang='lat' dir='ltr'><strong>confregit.</strong></span> 
     </span>
    </p>
   </div>
   <div class='ocr_carea' id='block_1_27' title="bbox 274 2742 1779 2839">
    <p class='ocr_par' dir='ltr' id='par_1_27' title="bbox 274 2742 1779 2839">
     <span class='ocr_line' id='line_1_27' title="bbox 274 2742 1779 2839; baseline -0.019 -18"><span class='ocrx_word' id='word_1_197' title='bbox 274 2769 327 2823; x_wconf 86' lang='lat'><strong>7.</strong></span> <span class='ocrx_word' id='word_1_198' title='bbox 363 2764 525 2839; x_wconf 68' lang='grc' dir='ltr'><strong>[κη.</strong></span> <span class='ocrx_word' id='word_1_199' title='bbox 553 2758 648 2833; x_wconf 87' lang='grc'><strong>5.]</strong></span> <span class='ocrx_word' id='word_1_200' title='bbox 691 2757 994 2812; x_wconf 83' lang='lat' dir='ltr'><strong>llluminans</strong></span> <span class='ocrx_word' id='word_1_201' title='bbox 1015 2762 1068 2807; x_wconf 89' lang='lat' dir='ltr'><strong>tu</strong></span> <span class='ocrx_word' id='word_1_202' title='bbox 1087 2747 1448 2805; x_wconf 80' lang='lat' dir='ltr'><strong>admirabiliter</strong></span> <span class='ocrx_word' id='word_1_203' title='bbox 1473 2761 1506 2798; x_wconf 92' lang='lat' dir='ltr'><strong>a</strong></span> <span class='ocrx_word' id='word_1_204' title='bbox 1530 2742 1779 2797; x_wconf 86' lang='lat' dir='ltr'><strong>montibus</strong></span> 
     </span>
    </p>
   </div>
   <div class='ocr_carea' id='block_1_28' title="bbox 201 2832 1782 2922">
    <p class='ocr_par' dir='ltr' id='par_1_28' title="bbox 201 2832 1782 2922">
     <span class='ocr_line' id='line_1_28' title="bbox 201 2832 1782 2922; baseline -0.018 -9"><span class='ocrx_word' id='word_1_205' title='bbox 201 2832 419 2914; x_wconf 66' lang='lat' dir='ltr'><strong>aeternis.</strong></span> <span class='ocrx_word' id='word_1_206' title='bbox 464 2853 563 2922; x_wconf 87' lang='lat' dir='ltr'><strong>Qui</strong></span> <span class='ocrx_word' id='word_1_207' title='bbox 612 2832 736 2905; x_wconf 81' lang='lat' dir='ltr'><strong>sunt</strong></span> <span class='ocrx_word' id='word_1_208' title='bbox 780 2855 988 2901; x_wconf 86' lang='lat' dir='ltr'><strong>montes</strong></span> <span class='ocrx_word' id='word_1_209' title='bbox 1033 2841 1252 2897; x_wconf 71' lang='lat' dir='ltr'><strong>aeterni?</strong></span> <span class='ocrx_word' id='word_1_210' title='bbox 1301 2839 1446 2906; x_wconf 87' lang='lat' dir='ltr'><strong>Quos</strong></span> <span class='ocrx_word' id='word_1_211' title='bbox 1493 2837 1607 2904; x_wconf 88' lang='lat' dir='ltr'><strong>ipse</strong></span> <span class='ocrx_word' id='word_1_212' title='bbox 1658 2832 1782 2886; x_wconf 83' lang='lat' dir='ltr'><strong>fecit</strong></span> 
     </span>
    </p>
   </div>
   <div class='ocr_carea' id='block_1_29' title="bbox 202 2923 1780 3016">
    <p class='ocr_par' dir='ltr' id='par_1_29' title="bbox 202 2923 1780 3016">
     <span class='ocr_line' id='line_1_29' title="bbox 202 2923 1780 3016; baseline -0.022 -7"><span class='ocrx_word' id='word_1_213' title='bbox 202 2964 461 3012; x_wconf 65' lang='lat' dir='ltr'><strong>attentos;</strong></span> <span class='ocrx_word' id='word_1_214' title='bbox 491 2947 580 3016; x_wconf 92' lang='lat' dir='ltr'><strong>qui</strong></span> <span class='ocrx_word' id='word_1_215' title='bbox 609 2951 734 2998; x_wconf 91' lang='lat' dir='ltr'><strong>sunt</strong></span> <span class='ocrx_word' id='word_1_216' title='bbox 761 2947 968 2994; x_wconf 86' lang='lat' dir='ltr'><strong>montes</strong></span> <span class='ocrx_word' id='word_1_217' title='bbox 995 2935 1168 3006; x_wconf 89' lang='lat' dir='ltr'><strong>magni</strong></span> <span class='ocrx_word' id='word_1_218' title='bbox 1188 2973 1204 2998; x_wconf 95' lang='lat'><strong>,</strong></span> <span class='ocrx_word' id='word_1_219' title='bbox 1236 2931 1610 3002; x_wconf 70' lang='lat' dir='ltr'><strong>praedicatores</strong></span> <span class='ocrx_word' id='word_1_220' title='bbox 1638 2923 1780 2978; x_wconf 83' lang='lat' dir='ltr'><strong>veri-</strong></span> 
     </span>
    </p>
   </div>
   <div class='ocr_carea' id='block_1_30' title="bbox 202 3017 1780 3098">
    <p class='ocr_par' dir='ltr' id='par_1_30' title="bbox 202 3017 1780 3098">
     <span class='ocr_line' id='line_1_30' title="bbox 202 3017 1780 3098; baseline -0.017 -1"><span class='ocrx_word' id='word_1_221' title='bbox 202 3042 346 3097; x_wconf 80' lang='lat' dir='ltr'><strong>tatis.</strong></span> <span class='ocrx_word' id='word_1_222' title='bbox 393 3038 473 3094; x_wconf 82' lang='lat' dir='ltr'><strong>Tu</strong></span> <span class='ocrx_word' id='word_1_223' title='bbox 502 3035 804 3098; x_wconf 88' lang='lat' dir='ltr'><strong>illuminas;</strong></span> <span class='ocrx_word' id='word_1_224' title='bbox 835 3030 932 3085; x_wconf 88' lang='lat' dir='ltr'><strong>sed</strong></span> <span class='ocrx_word' id='word_1_225' title='bbox 956 3045 985 3082; x_wconf 93' lang='lat' dir='ltr'><strong>a</strong></span> <span class='ocrx_word' id='word_1_226' title='bbox 1016 3025 1284 3082; x_wconf 83' lang='lat' dir='ltr'><strong>montibus</strong></span> <span class='ocrx_word' id='word_1_227' title='bbox 1318 3020 1531 3077; x_wconf 71' lang='lat' dir='ltr'><strong>atternis</strong></span> <span class='ocrx_word' id='word_1_228' title='bbox 1563 3037 1577 3072; x_wconf 93' lang='lat'><strong>:</strong></span> <span class='ocrx_word' id='word_1_229' title='bbox 1627 3017 1780 3087; x_wconf 87' lang='lat' dir='ltr'><strong>primi</strong></span> 
     </span>
    </p>
   </div>
   <div class='ocr_carea' id='block_1_31' title="bbox 203 3111 1783 3204">
    <p class='ocr_par' dir='ltr' id='par_1_31' title="bbox 203 3111 1783 3204">
     <span class='ocr_line' id='line_1_31' title="bbox 203 3111 1783 3204; baseline -0.018 -15"><span class='ocrx_word' id='word_1_230' title='bbox 203 3132 380 3204; x_wconf 85' lang='lat' dir='ltr'><strong>magni</strong></span> <span class='ocrx_word' id='word_1_231' title='bbox 415 3139 621 3185; x_wconf 83' lang='lat' dir='ltr'><strong>montes</strong></span> <span class='ocrx_word' id='word_1_232' title='bbox 666 3124 938 3193; x_wconf 77' lang='lat' dir='ltr'><strong>excipiunt</strong></span> <span class='ocrx_word' id='word_1_233' title='bbox 979 3122 1147 3174; x_wconf 90' lang='lat' dir='ltr'><strong>lucem</strong></span> <span class='ocrx_word' id='word_1_234' title='bbox 1178 3130 1342 3182; x_wconf 87' lang='lat' dir='ltr'><strong>tuam,</strong></span> <span class='ocrx_word' id='word_1_235' title='bbox 1394 3121 1448 3166; x_wconf 91' lang='lat' dir='ltr'><strong>et</strong></span> <span class='ocrx_word' id='word_1_236' title='bbox 1489 3127 1516 3163; x_wconf 92' lang='lat' dir='ltr'><strong>a</strong></span> <span class='ocrx_word' id='word_1_237' title='bbox 1547 3111 1664 3163; x_wconf 85' lang='lat' dir='ltr'><strong>luce</strong></span> <span class='ocrx_word' id='word_1_238' title='bbox 1696 3120 1783 3161; x_wconf 83' lang='lat' dir='ltr'><strong>tua</strong></span> 
     </span>
    </p>
   </div>
   <div class='ocr_carea' id='block_1_32' title="bbox 203 3199 1784 3296">
    <p class='ocr_par' dir='ltr' id='par_1_32' title="bbox 203 3199 1784 3296">
     <span class='ocr_line' id='line_1_32' title="bbox 203 3199 1784 3296; baseline -0.016 -17"><span class='ocrx_word' id='word_1_239' title='bbox 203 3199 362 3296; x_wconf 43' lang='lat' dir='ltr'><strong>qua&#39;m</strong></span> <span class='ocrx_word' id='word_1_240' title='bbox 407 3220 703 3287; x_wconf 85' lang='lat' dir='ltr'><strong>suscipiunt</strong></span> <span class='ocrx_word' id='word_1_241' title='bbox 739 3222 968 3280; x_wconf 86' lang='lat' dir='ltr'><strong>montes,</strong></span> <span class='ocrx_word' id='word_1_242' title='bbox 1011 3209 1235 3265; x_wconf 79' lang='lat' dir='ltr'><strong>vestitur</strong></span> <span class='ocrx_word' id='word_1_243' title='bbox 1269 3217 1324 3261; x_wconf 93' lang='lat' dir='ltr'><strong>et</strong></span> <span class='ocrx_word' id='word_1_244' title='bbox 1369 3215 1528 3260; x_wconf 87' lang='lat' dir='ltr'><strong>terra.</strong></span> <span class='ocrx_word' id='word_1_245' title='bbox 1561 3200 1666 3257; x_wconf 86' lang='lat' dir='ltr'><strong>Sed</strong></span> <span class='ocrx_word' id='word_1_246' title='bbox 1709 3199 1784 3254; x_wconf 82' lang='lat' dir='ltr'><strong>illi</strong></span> 
     </span>
    </p>
   </div>
   <div class='ocr_carea' id='block_1_33' title="bbox 204 3289 1788 3386">
    <p class='ocr_par' dir='ltr' id='par_1_33' title="bbox 204 3289 1788 3386">
     <span class='ocr_line' id='line_1_33' title="bbox 204 3289 1788 3386; baseline -0.018 -13"><span class='ocrx_word' id='word_1_247' title='bbox 204 3289 381 3386; x_wconf 81' lang='lat' dir='ltr'><strong>magni</strong></span> <span class='ocrx_word' id='word_1_248' title='bbox 410 3319 615 3366; x_wconf 87' lang='lat' dir='ltr'><strong>montes</strong></span> <span class='ocrx_word' id='word_1_249' title='bbox 640 3312 964 3378; x_wconf 78' lang='lat' dir='ltr'><strong>exceperunt</strong></span> <span class='ocrx_word' id='word_1_250' title='bbox 985 3299 1260 3371; x_wconf 79' lang='lat' dir='ltr'><strong>Apostoli;</strong></span> <span class='ocrx_word' id='word_1_251' title='bbox 1291 3307 1540 3366; x_wconf 87' lang='lat' dir='ltr'><strong>tauquam</strong></span> <span class='ocrx_word' id='word_1_252' title='bbox 1566 3289 1788 3347; x_wconf 86' lang='lat' dir='ltr'><strong>orientis</strong></span> 
     </span>
    </p>
   </div>
   <div class='ocr_carea' id='block_1_34' title="bbox 205 3381 1786 3480">
    <p class='ocr_par' dir='ltr' id='par_1_34' title="bbox 205 3381 1786 3480">
     <span class='ocr_line' id='line_1_34' title="bbox 205 3381 1786 3480; baseline -0.016 -19"><span class='ocrx_word' id='word_1_253' title='bbox 205 3381 422 3480; x_wconf 78' lang='lat' dir='ltr'><strong>luminis</strong></span> <span class='ocrx_word' id='word_1_254' title='bbox 440 3399 726 3473; x_wconf 88' lang='lat' dir='ltr'><strong>primordia</strong></span> <span class='ocrx_word' id='word_1_255' title='bbox 745 3402 1064 3465; x_wconf 82' lang='lat' dir='ltr'><strong>exceperunt</strong></span> <span class='ocrx_word' id='word_1_256' title='bbox 1086 3389 1340 3458; x_wconf 83' lang='lat' dir='ltr'><strong>Apostoli.</strong></span> <span class='ocrx_word' id='word_1_257' title='bbox 1364 3383 1623 3454; x_wconf 86' lang='lat' dir='ltr'><strong>Numquid</strong></span> <span class='ocrx_word' id='word_1_258' title='bbox 1645 3381 1786 3454; x_wconf 93' lang='lat' dir='ltr'><strong>quod</strong></span> 
     </span>
    </p>
   </div>
   <div class='ocr_carea' id='block_1_35' title="bbox 203 3474 1792 3565">
    <p class='ocr_par' dir='ltr' id='par_1_35' title="bbox 203 3474 1792 3565">
     <span class='ocr_line' id='line_1_35' title="bbox 203 3474 1792 3565; baseline -0.016 -14"><span class='ocrx_word' id='word_1_259' title='bbox 203 3477 530 3565; x_wconf 73' lang='lat' dir='ltr'><strong>exceperunt</strong></span> <span class='ocrx_word' id='word_1_260' title='bbox 552 3531 567 3553; x_wconf 86' lang='lat'><strong>,</strong></span> <span class='ocrx_word' id='word_1_261' title='bbox 597 3487 734 3558; x_wconf 85' lang='lat' dir='ltr'><strong>apud</strong></span> <span class='ocrx_word' id='word_1_262' title='bbox 761 3502 820 3541; x_wconf 85' lang='lat' dir='ltr'><strong>se</strong></span> <span class='ocrx_word' id='word_1_263' title='bbox 848 3481 1216 3540; x_wconf 74' lang='lat' dir='ltr'><strong>retinuerunt‘l</strong></span> <span class='ocrx_word' id='word_1_264' title='bbox 1241 3477 1388 3538; x_wconf 75' lang='lat' dir='ltr'><strong>Non;</strong></span> <span class='ocrx_word' id='word_1_265' title='bbox 1417 3491 1486 3530; x_wconf 88' lang='lat' dir='ltr'><strong>ne</strong></span> <span class='ocrx_word' id='word_1_266' title='bbox 1521 3474 1792 3528; x_wconf 83' lang='lat' dir='ltr'><strong>diceretur</strong></span> 
     </span>
    </p>
   </div>
   <div class='ocr_carea' id='block_1_36' title="bbox 204 3563 1790 3646">
    <p class='ocr_par' dir='ltr' id='par_1_36' title="bbox 204 3563 1790 3646">
     <span class='ocr_line' id='line_1_36' title="bbox 204 3563 1790 3646; baseline -0.017 -5"><span class='ocrx_word' id='word_1_267' title='bbox 204 3563 356 3641; x_wconf 79' lang='lat' dir='ltr'><strong>illis:</strong></span> <span class='ocrx_word' id='word_1_268' title='bbox 390 3583 543 3636; x_wconf 73' lang='lat' dir='ltr'><strong>Serve</strong></span> <span class='ocrx_word' id='word_1_269' title='bbox 581 3593 792 3646; x_wconf 81' lang='lat' dir='ltr'><strong>nequam</strong></span> <span class='ocrx_word' id='word_1_270' title='bbox 840 3584 887 3628; x_wconf 87' lang='lat' dir='ltr'><strong>et</strong></span> <span class='ocrx_word' id='word_1_271' title='bbox 930 3573 1091 3642; x_wconf 77' lang='lat' dir='ltr'><strong>piger,</strong></span> <span class='ocrx_word' id='word_1_272' title='bbox 1133 3570 1280 3622; x_wconf 89' lang='lat' dir='ltr'><strong>dares</strong></span> <span class='ocrx_word' id='word_1_273' title='bbox 1325 3563 1590 3638; x_wconf 71' lang='lat' dir='ltr'><strong>pecuniam</strong></span> <span class='ocrx_word' id='word_1_274' title='bbox 1626 3576 1790 3616; x_wconf 86' lang='lat' dir='ltr'><strong>meam</strong></span> 
     </span>
    </p>
   </div>
   <div class='ocr_carea' id='block_1_37' title="bbox 205 3649 1790 3737">
    <p class='ocr_par' dir='ltr' id='par_1_37' title="bbox 205 3649 1790 3737">
     <span class='ocr_line' id='line_1_37' title="bbox 205 3649 1790 3737; baseline -0.016 -9"><span class='ocrx_word' id='word_1_275' title='bbox 205 3670 564 3728; x_wconf 84' lang='lat' dir='ltr'><strong>uumntulariis</strong></span> <span class='ocrx_word' id='word_1_276' title='bbox 608 3664 839 3737; x_wconf 70' lang='lat' dir='ltr'><strong>(Matth.</strong></span> <span class='ocrx_word' id='word_1_277' title='bbox 871 3676 982 3719; x_wconf 75' lang='lat' dir='ltr'><strong>xxv</strong></span> <span class='ocrx_word' id='word_1_278' title='bbox 1005 3701 1021 3725; x_wconf 93' lang='lat'><strong>,</strong></span> <span class='ocrx_word' id='word_1_279' title='bbox 1063 3658 1156 3724; x_wconf 75' lang='grc'><strong>26,</strong></span> <span class='ocrx_word' id='word_1_280' title='bbox 1181 3658 1250 3712; x_wconf 72' lang='grc'><strong>27</strong></span> <span class='ocrx_word' id='word_1_281' title='bbox 1368 3653 1425 3709; x_wconf 96' lang='lat' dir='ltr'><strong>Si</strong></span> <span class='ocrx_word' id='word_1_282' title='bbox 1470 3666 1599 3723; x_wconf 84' lang='lat' dir='ltr'><strong>ergo</strong></span> <span class='ocrx_word' id='word_1_283' title='bbox 1649 3649 1790 3720; x_wconf 86' lang='lat' dir='ltr'><strong>quod</strong></span> 
     </span>
    </p>
   </div>
   <div class='ocr_carea' id='block_1_38' title="bbox 204 3742 1792 3835">
    <p class='ocr_par' dir='ltr' id='par_1_38' title="bbox 204 3742 1792 3835">
     <span class='ocr_line' id='line_1_38' title="bbox 204 3742 1792 3835; baseline -0.018 -12"><span class='ocrx_word' id='word_1_284' title='bbox 204 3770 562 3835; x_wconf 85' lang='lat' dir='ltr'><strong>susceperunt</strong></span> <span class='ocrx_word' id='word_1_285' title='bbox 584 3775 689 3815; x_wconf 90' lang='lat' dir='ltr'><strong>non</strong></span> <span class='ocrx_word' id='word_1_286' title='bbox 716 3756 855 3828; x_wconf 87' lang='lat' dir='ltr'><strong>apud</strong></span> <span class='ocrx_word' id='word_1_287' title='bbox 883 3771 943 3810; x_wconf 88' lang='lat' dir='ltr'><strong>se</strong></span> <span class='ocrx_word' id='word_1_288' title='bbox 970 3755 1336 3815; x_wconf 85' lang='lat' dir='ltr'><strong>retinuerunt,</strong></span> <span class='ocrx_word' id='word_1_289' title='bbox 1368 3745 1461 3803; x_wconf 90' lang='lat' dir='ltr'><strong>sed</strong></span> <span class='ocrx_word' id='word_1_290' title='bbox 1487 3743 1632 3799; x_wconf 91' lang='lat' dir='ltr'><strong>omni</strong></span> <span class='ocrx_word' id='word_1_291' title='bbox 1674 3742 1792 3796; x_wconf 84' lang='lat' dir='ltr'><strong>orbi</strong></span> 
     </span>
    </p>
   </div>
   <div class='ocr_carea' id='block_1_39' title="bbox 206 3835 1797 3924">
    <p class='ocr_par' dir='ltr' id='par_1_39' title="bbox 206 3835 1797 3924">
     <span class='ocr_line' id='line_1_39' title="bbox 206 3835 1797 3924; baseline -0.018 -9"><span class='ocrx_word' id='word_1_292' title='bbox 206 3871 476 3914; x_wconf 90' lang='lat' dir='ltr'><strong>terrarum</strong></span> <span class='ocrx_word' id='word_1_293' title='bbox 507 3852 945 3924; x_wconf 72' lang='lat' dir='ltr'><strong>prmdieaverunt,</strong></span> <span class='ocrx_word' id='word_1_294' title='bbox 973 3844 1278 3900; x_wconf 86' lang='lat' dir='ltr'><strong>Illuminans</strong></span> <span class='ocrx_word' id='word_1_295' title='bbox 1309 3851 1362 3894; x_wconf 86' lang='lat' dir='ltr'><strong>tu</strong></span> <span class='ocrx_word' id='word_1_296' title='bbox 1385 3835 1746 3892; x_wconf 81' lang='lat' dir='ltr'><strong>admirabiliter</strong></span> <span class='ocrx_word' id='word_1_297' title='bbox 1764 3849 1797 3886; x_wconf 92' lang='lat' dir='ltr'><strong>a</strong></span> 
     </span>
    </p>
   </div>
   <div class='ocr_carea' id='block_1_40' title="bbox 205 3925 1796 4008">
    <p class='ocr_par' dir='ltr' id='par_1_40' title="bbox 205 3925 1796 4008">
     <span class='ocr_line' id='line_1_40' title="bbox 205 3925 1796 4008; baseline -0.015 -4"><span class='ocrx_word' id='word_1_298' title='bbox 205 3950 468 4004; x_wconf 84' lang='lat' dir='ltr'><strong>montibus</strong></span> <span class='ocrx_word' id='word_1_299' title='bbox 488 3945 706 4000; x_wconf 68' lang='lat' dir='ltr'><strong>internis.</strong></span> <span class='ocrx_word' id='word_1_300' title='bbox 727 3941 873 4008; x_wconf 83' lang='lat' dir='ltr'><strong>Quos</strong></span> <span class='ocrx_word' id='word_1_301' title='bbox 897 3946 1124 3993; x_wconf 66' lang='lat' dir='ltr'><strong>aeternos</strong></span> <span class='ocrx_word' id='word_1_302' title='bbox 1152 3933 1342 3998; x_wconf 85' lang='lat' dir='ltr'><strong>fecisti,</strong></span> <span class='ocrx_word' id='word_1_303' title='bbox 1371 3944 1466 3999; x_wconf 89' lang='lat' dir='ltr'><strong>per</strong></span> <span class='ocrx_word' id='word_1_304' title='bbox 1491 3927 1611 3984; x_wconf 89' lang='lat' dir='ltr'><strong>illos</strong></span> <span class='ocrx_word' id='word_1_305' title='bbox 1633 3925 1796 3980; x_wconf 70' lang='lat' dir='ltr'><strong>vitam</strong></span> 
     </span>
    </p>
   </div>
   <div class='ocr_carea' id='block_1_41' title="bbox 202 4017 1799 4102">
    <p class='ocr_par' dir='ltr' id='par_1_41' title="bbox 202 4017 1799 4102">
     <span class='ocr_line' id='line_1_41' title="bbox 202 4017 1799 4102; baseline -0.018 -5"><span class='ocrx_word' id='word_1_306' title='bbox 202 4053 470 4098; x_wconf 73' lang='lat' dir='ltr'><strong>retentam</strong></span> <span class='ocrx_word' id='word_1_307' title='bbox 499 4045 553 4092; x_wconf 91' lang='lat' dir='ltr'><strong>et</strong></span> <span class='ocrx_word' id='word_1_308' title='bbox 579 4034 786 4091; x_wconf 73' lang='lat' dir='ltr'><strong>caeteris</strong></span> <span class='ocrx_word' id='word_1_309' title='bbox 816 4028 1099 4102; x_wconf 87' lang='lat' dir='ltr'><strong>promisisti</strong></span> <span class='ocrx_word' id='word_1_310' title='bbox 1124 4043 1137 4081; x_wconf 88' lang='lat'><strong>:</strong></span> <span class='ocrx_word' id='word_1_311' title='bbox 1169 4024 1477 4080; x_wconf 85' lang='lat' dir='ltr'><strong>Illuminans</strong></span> <span class='ocrx_word' id='word_1_312' title='bbox 1500 4029 1554 4073; x_wconf 88' lang='lat' dir='ltr'><strong>tu</strong></span> <span class='ocrx_word' id='word_1_313' title='bbox 1573 4017 1799 4070; x_wconf 81' lang='lat' dir='ltr'><strong>admira-</strong></span> 
     </span>
    </p>
   </div>
   <div class='ocr_carea' id='block_1_42' title="bbox 201 4109 1799 4188">
    <p class='ocr_par' dir='ltr' id='par_1_42' title="bbox 201 4109 1799 4188">
     <span class='ocr_line' id='line_1_42' title="bbox 201 4109 1799 4188; baseline -0.017 0"><span class='ocrx_word' id='word_1_314' title='bbox 201 4135 381 4188; x_wconf 82' lang='lat' dir='ltr'><strong>biliter</strong></span> <span class='ocrx_word' id='word_1_315' title='bbox 427 4147 462 4186; x_wconf 86' lang='lat' dir='ltr'><strong>a</strong></span> <span class='ocrx_word' id='word_1_316' title='bbox 510 4128 758 4183; x_wconf 85' lang='lat' dir='ltr'><strong>montibus</strong></span> <span class='ocrx_word' id='word_1_317' title='bbox 797 4123 1015 4178; x_wconf 74' lang='lat' dir='ltr'><strong>aeternis.</strong></span> <span class='ocrx_word' id='word_1_318' title='bbox 1068 4117 1340 4187; x_wconf 80' lang='lat' dir='ltr'><strong>Magnifice</strong></span> <span class='ocrx_word' id='word_1_319' title='bbox 1393 4128 1512 4168; x_wconf 87' lang='lat' dir='ltr'><strong>cum</strong></span> <span class='ocrx_word' id='word_1_320' title='bbox 1564 4109 1799 4180; x_wconf 89' lang='lat' dir='ltr'><strong>pondere</strong></span> 
     </span>
    </p>
   </div>
   <div class='ocr_carea' id='block_1_43' title="bbox 202 4204 1800 4285">
    <p class='ocr_par' dir='ltr' id='par_1_43' title="bbox 202 4204 1800 4285">
     <span class='ocr_line' id='line_1_43' title="bbox 202 4204 1800 4285; baseline -0.016 -6"><span class='ocrx_word' id='word_1_321' title='bbox 202 4226 416 4279; x_wconf 90' lang='lat' dir='ltr'><strong>dictum</strong></span> <span class='ocrx_word' id='word_1_322' title='bbox 455 4229 574 4285; x_wconf 88' lang='lat' dir='ltr'><strong>est,</strong></span> <span class='ocrx_word' id='word_1_323' title='bbox 609 4216 685 4272; x_wconf 82' lang='lat' dir='ltr'><strong>Tu</strong></span> <span class='ocrx_word' id='word_1_324' title='bbox 705 4231 726 4281; x_wconf 87' lang='lat'><strong>;</strong></span> <span class='ocrx_word' id='word_1_325' title='bbox 753 4229 821 4271; x_wconf 87' lang='lat' dir='ltr'><strong>ne</strong></span> <span class='ocrx_word' id='word_1_326' title='bbox 849 4221 994 4284; x_wconf 89' lang='lat' dir='ltr'><strong>putet</strong></span> <span class='ocrx_word' id='word_1_327' title='bbox 1022 4209 1215 4278; x_wconf 84' lang='lat' dir='ltr'><strong>aliquis</strong></span> <span class='ocrx_word' id='word_1_328' title='bbox 1255 4204 1396 4277; x_wconf 88' lang='lat' dir='ltr'><strong>quod</strong></span> <span class='ocrx_word' id='word_1_329' title='bbox 1433 4219 1554 4259; x_wconf 91' lang='lat' dir='ltr'><strong>cum</strong></span> <span class='ocrx_word' id='word_1_330' title='bbox 1593 4211 1800 4256; x_wconf 88' lang='lat' dir='ltr'><strong>montes</strong></span> 
     </span>
    </p>
   </div>
   <div class='ocr_carea' id='block_1_44' title="bbox 203 4292 1803 4373">
    <p class='ocr_par' dir='ltr' id='par_1_44' title="bbox 203 4292 1803 4373">
     <span class='ocr_line' id='line_1_44' title="bbox 203 4292 1803 4373; baseline -0.015 -5"><span class='ocrx_word' id='word_1_331' title='bbox 203 4313 540 4369; x_wconf 87' lang='lat' dir='ltr'><strong>illuminent.</strong></span> <span class='ocrx_word' id='word_1_332' title='bbox 573 4306 719 4363; x_wconf 77' lang='lat' dir='ltr'><strong>Multi</strong></span> <span class='ocrx_word' id='word_1_333' title='bbox 747 4304 888 4360; x_wconf 91' lang='lat' dir='ltr'><strong>enim</strong></span> <span class='ocrx_word' id='word_1_334' title='bbox 919 4310 1162 4373; x_wconf 88' lang='lat' dir='ltr'><strong>putantes</strong></span> <span class='ocrx_word' id='word_1_335' title='bbox 1190 4296 1332 4369; x_wconf 88' lang='lat' dir='ltr'><strong>quod</strong></span> <span class='ocrx_word' id='word_1_336' title='bbox 1359 4295 1427 4351; x_wconf 82' lang='lat' dir='ltr'><strong>ab</strong></span> <span class='ocrx_word' id='word_1_337' title='bbox 1453 4294 1581 4365; x_wconf 88' lang='lat' dir='ltr'><strong>ipsis</strong></span> <span class='ocrx_word' id='word_1_338' title='bbox 1605 4292 1803 4348; x_wconf 87' lang='lat' dir='ltr'><strong>monti-</strong></span> 
     </span>
    </p>
   </div>
   <div class='ocr_carea' id='block_1_45' title="bbox 203 4382 1800 4460">
    <p class='ocr_par' dir='ltr' id='par_1_45' title="bbox 203 4382 1800 4460">
     <span class='ocr_line' id='line_1_45' title="bbox 203 4382 1800 4460; baseline -0.016 -1"><span class='ocrx_word' id='word_1_339' title='bbox 203 4405 315 4459; x_wconf 81' lang='lat' dir='ltr'><strong>ints</strong></span> <span class='ocrx_word' id='word_1_340' title='bbox 341 4403 784 4460; x_wconf 88' lang='lat' dir='ltr'><strong>illuminarentur,</strong></span> <span class='ocrx_word' id='word_1_341' title='bbox 815 4395 1053 4449; x_wconf 88' lang='lat' dir='ltr'><strong>fecerunt</strong></span> <span class='ocrx_word' id='word_1_342' title='bbox 1081 4389 1179 4445; x_wconf 83' lang='lat' dir='ltr'><strong>sibi</strong></span> <span class='ocrx_word' id='word_1_343' title='bbox 1209 4395 1384 4458; x_wconf 88' lang='lat' dir='ltr'><strong>partes</strong></span> <span class='ocrx_word' id='word_1_344' title='bbox 1411 4385 1478 4440; x_wconf 89' lang='lat' dir='ltr'><strong>de</strong></span> <span class='ocrx_word' id='word_1_345' title='bbox 1506 4382 1800 4447; x_wconf 89' lang='lat' dir='ltr'><strong>montibus;</strong></span> 
     </span>
    </p>
   </div>
   <div class='ocr_carea' id='block_1_46' title="bbox 201 4472 1803 4563">
    <p class='ocr_par' dir='ltr' id='par_1_46' title="bbox 201 4472 1803 4563">
     <span class='ocr_line' id='line_1_46' title="bbox 201 4472 1803 4563; baseline -0.016 -12"><span class='ocrx_word' id='word_1_346' title='bbox 201 4506 265 4550; x_wconf 83' lang='lat' dir='ltr'><strong>et</strong></span> <span class='ocrx_word' id='word_1_347' title='bbox 300 4497 451 4563; x_wconf 88' lang='lat' dir='ltr'><strong>ipsos</strong></span> <span class='ocrx_word' id='word_1_348' title='bbox 482 4501 693 4547; x_wconf 85' lang='lat' dir='ltr'><strong>montes</strong></span> <span class='ocrx_word' id='word_1_349' title='bbox 717 4483 1062 4542; x_wconf 89' lang='lat' dir='ltr'><strong>conciderunt</strong></span> <span class='ocrx_word' id='word_1_350' title='bbox 1085 4478 1141 4546; x_wconf 74' lang='grc'><strong>⁸,</strong></span> <span class='ocrx_word' id='word_1_351' title='bbox 1171 4486 1227 4532; x_wconf 87' lang='grc' dir='ltr'><strong>ει</strong></span> <span class='ocrx_word' id='word_1_352' title='bbox 1250 4475 1349 4546; x_wconf 90' lang='lat' dir='ltr'><strong>ipsi</strong></span> <span class='ocrx_word' id='word_1_353' title='bbox 1377 4472 1632 4529; x_wconf 90' lang='lat' dir='ltr'><strong>confracti</strong></span> <span class='ocrx_word' id='word_1_354' title='bbox 1658 4480 1803 4526; x_wconf 89' lang='lat' dir='ltr'><strong>sunt.</strong></span> 
     </span>
    </p>
   </div>
   <div class='ocr_carea' id='block_1_47' title="bbox 201 4562 1804 4652">
    <p class='ocr_par' dir='ltr' id='par_1_47' title="bbox 201 4562 1804 4652">
     <span class='ocr_line' id='line_1_47' title="bbox 201 4562 1804 4652; baseline -0.017 -10"><span class='ocrx_word' id='word_1_355' title='bbox 201 4562 415 4642; x_wconf 83' lang='lat' dir='ltr'><strong>Nescio</strong></span> <span class='ocrx_word' id='word_1_356' title='bbox 450 4582 541 4652; x_wconf 89' lang='lat' dir='ltr'><strong>qui</strong></span> <span class='ocrx_word' id='word_1_357' title='bbox 567 4580 666 4636; x_wconf 86' lang='lat' dir='ltr'><strong>sibi</strong></span> <span class='ocrx_word' id='word_1_358' title='bbox 697 4579 935 4633; x_wconf 89' lang='lat' dir='ltr'><strong>fecerunt</strong></span> <span class='ocrx_word' id='word_1_359' title='bbox 961 4573 1252 4633; x_wconf 88' lang='lat' dir='ltr'><strong>Donatum,</strong></span> <span class='ocrx_word' id='word_1_360' title='bbox 1280 4565 1460 4622; x_wconf 90' lang='lat' dir='ltr'><strong>nescio</strong></span> <span class='ocrx_word' id='word_1_361' title='bbox 1483 4564 1572 4634; x_wconf 88' lang='lat' dir='ltr'><strong>qui</strong></span> <span class='ocrx_word' id='word_1_362' title='bbox 1598 4563 1694 4618; x_wconf 84' lang='lat' dir='ltr'><strong>sibi</strong></span> <span class='ocrx_word' id='word_1_363' title='bbox 1726 4562 1804 4617; x_wconf 83' lang='lat' dir='ltr'><strong>fc-</strong></span> 
     </span>
    </p>
   </div>
   <div class='ocr_carea' id='block_1_48' title="bbox 201 4657 1808 4732">
    <p class='ocr_par' dir='ltr' id='par_1_48' title="bbox 201 4657 1808 4732">
     <span class='ocr_line' id='line_1_48' title="bbox 201 4657 1808 4732; baseline -0.016 0"><span class='ocrx_word' id='word_1_364' title='bbox 201 4685 414 4732; x_wconf 84' lang='lat' dir='ltr'><strong>cerunt</strong></span> <span class='ocrx_word' id='word_1_365' title='bbox 431 4672 801 4729; x_wconf 74' lang='lat' dir='ltr'><strong>Maximianum</strong></span> <span class='ocrx_word' id='word_1_366' title='bbox 819 4709 837 4732; x_wconf 83' lang='lat'><strong>,</strong></span> <span class='ocrx_word' id='word_1_367' title='bbox 863 4665 1044 4722; x_wconf 84' lang='lat' dir='ltr'><strong>nescio</strong></span> <span class='ocrx_word' id='word_1_368' title='bbox 1070 4663 1158 4732; x_wconf 90' lang='lat' dir='ltr'><strong>qui</strong></span> <span class='ocrx_word' id='word_1_369' title='bbox 1190 4660 1289 4716; x_wconf 87' lang='lat' dir='ltr'><strong>sibi</strong></span> <span class='ocrx_word' id='word_1_370' title='bbox 1319 4661 1557 4714; x_wconf 87' lang='lat' dir='ltr'><strong>fecerunt</strong></span> <span class='ocrx_word' id='word_1_371' title='bbox 1583 4657 1727 4710; x_wconf 90' lang='lat' dir='ltr'><strong>illum</strong></span> <span class='ocrx_word' id='word_1_372' title='bbox 1752 4663 1808 4711; x_wconf 86' lang='grc' dir='ltr'><strong>ει</strong></span> 
     </span>
    </p>
   </div>
   <div class='ocr_carea' id='block_1_49' title="bbox 205 4745 1808 4830">
    <p class='ocr_par' dir='ltr' id='par_1_49' title="bbox 205 4745 1808 4830">
     <span class='ocr_line' id='line_1_49' title="bbox 205 4745 1808 4830; baseline -0.014 -9"><span class='ocrx_word' id='word_1_373' title='bbox 205 4768 398 4821; x_wconf 86' lang='lat' dir='ltr'><strong>illum.</strong></span> <span class='ocrx_word' id='word_1_374' title='bbox 430 4765 604 4830; x_wconf 83' lang='lat' dir='ltr'><strong>Quare</strong></span> <span class='ocrx_word' id='word_1_375' title='bbox 631 4765 938 4828; x_wconf 85' lang='lat' dir='ltr'><strong>computant</strong></span> <span class='ocrx_word' id='word_1_376' title='bbox 976 4754 1201 4810; x_wconf 82' lang='lat' dir='ltr'><strong>salutem</strong></span> <span class='ocrx_word' id='word_1_377' title='bbox 1235 4764 1383 4805; x_wconf 87' lang='lat' dir='ltr'><strong>suam</strong></span> <span class='ocrx_word' id='word_1_378' title='bbox 1415 4748 1466 4802; x_wconf 93' lang='lat' dir='ltr'><strong>in</strong></span> <span class='ocrx_word' id='word_1_379' title='bbox 1506 4745 1808 4800; x_wconf 87' lang='lat' dir='ltr'><strong>hominibus</strong></span> 
     </span>
    </p>
   </div>
   <div class='ocr_carea' id='block_1_50' title="bbox 201 4840 1807 4919">
    <p class='ocr_par' dir='ltr' id='par_1_50' title="bbox 201 4840 1807 4919">
     <span class='ocr_line' id='line_1_50' title="bbox 201 4840 1807 4919; baseline -0.014 -9"><span class='ocrx_word' id='word_1_380' title='bbox 201 4871 342 4910; x_wconf 66' lang='lat' dir='ltr'><strong>esse</strong></span> <span class='ocrx_word' id='word_1_381' title='bbox 363 4896 382 4919; x_wconf 88' lang='lat'><strong>,</strong></span> <span class='ocrx_word' id='word_1_382' title='bbox 413 4869 516 4906; x_wconf 90' lang='lat' dir='ltr'><strong>non</strong></span> <span class='ocrx_word' id='word_1_383' title='bbox 546 4852 597 4906; x_wconf 91' lang='lat' dir='ltr'><strong>in</strong></span> <span class='ocrx_word' id='word_1_384' title='bbox 629 4850 773 4904; x_wconf 79' lang='lat' dir='ltr'><strong>Deo?</strong></span> <span class='ocrx_word' id='word_1_385' title='bbox 794 4846 840 4903; x_wconf 91' lang='grc' dir='ltr'><strong>Ο</strong></span> <span class='ocrx_word' id='word_1_386' title='bbox 866 4847 1058 4912; x_wconf 91' lang='lat' dir='ltr'><strong>homo,</strong></span> <span class='ocrx_word' id='word_1_387' title='bbox 1085 4843 1228 4897; x_wconf 81' lang='lat' dir='ltr'><strong>venit</strong></span> <span class='ocrx_word' id='word_1_388' title='bbox 1251 4840 1316 4894; x_wconf 85' lang='lat' dir='ltr'><strong>ad</strong></span> <span class='ocrx_word' id='word_1_389' title='bbox 1338 4850 1391 4894; x_wconf 89' lang='lat' dir='ltr'><strong>te</strong></span> <span class='ocrx_word' id='word_1_390' title='bbox 1417 4840 1506 4892; x_wconf 80' lang='lat' dir='ltr'><strong>lux</strong></span> <span class='ocrx_word' id='word_1_391' title='bbox 1538 4852 1631 4906; x_wconf 90' lang='lat' dir='ltr'><strong>per</strong></span> <span class='ocrx_word' id='word_1_392' title='bbox 1653 4851 1807 4888; x_wconf 88' lang='lat' dir='ltr'><strong>mon-</strong></span> 
     </span>
    </p>
   </div>
   <div class='ocr_carea' id='block_1_51' title="bbox 205 4925 1813 5010">
    <p class='ocr_par' dir='ltr' id='par_1_51' title="bbox 205 4925 1813 5010">
     <span class='ocr_line' id='line_1_51' title="bbox 205 4925 1813 5010; baseline -0.014 -10"><span class='ocrx_word' id='word_1_393' title='bbox 205 4957 340 5010; x_wconf 86' lang='lat' dir='ltr'><strong>tes;</strong></span> <span class='ocrx_word' id='word_1_394' title='bbox 375 4944 471 4999; x_wconf 87' lang='lat' dir='ltr'><strong>sed</strong></span> <span class='ocrx_word' id='word_1_395' title='bbox 501 4943 640 4996; x_wconf 86' lang='lat' dir='ltr'><strong>Deus</strong></span> <span class='ocrx_word' id='word_1_396' title='bbox 677 4949 730 4994; x_wconf 92' lang='lat' dir='ltr'><strong>te</strong></span> <span class='ocrx_word' id='word_1_397' title='bbox 772 4936 1050 4998; x_wconf 87' lang='lat' dir='ltr'><strong>illuminat,</strong></span> <span class='ocrx_word' id='word_1_398' title='bbox 1092 4947 1196 4987; x_wconf 88' lang='lat' dir='ltr'><strong>non</strong></span> <span class='ocrx_word' id='word_1_399' title='bbox 1225 4940 1453 4984; x_wconf 87' lang='lat' dir='ltr'><strong>montes.</strong></span> <span class='ocrx_word' id='word_1_400' title='bbox 1501 4925 1813 4981; x_wconf 84' lang='lat' dir='ltr'><strong>Illuminans</strong></span> 
     </span>
    </p>
   </div>
   <div class='ocr_carea' id='block_1_52' title="bbox 204 5016 1812 5102">
    <p class='ocr_par' dir='ltr' id='par_1_52' title="bbox 204 5016 1812 5102">
     <span class='ocr_line' id='line_1_52' title="bbox 204 5016 1812 5102; baseline -0.014 -13"><span class='ocrx_word' id='word_1_401' title='bbox 204 5047 267 5090; x_wconf 81' lang='lat' dir='ltr'><strong>tu</strong></span> <span class='ocrx_word' id='word_1_402' title='bbox 293 5075 314 5100; x_wconf 83' lang='lat'><strong>,</strong></span> <span class='ocrx_word' id='word_1_403' title='bbox 349 5033 522 5102; x_wconf 89' lang='lat' dir='ltr'><strong>inquit</strong></span> <span class='ocrx_word' id='word_1_404' title='bbox 545 5049 559 5085; x_wconf 92' lang='lat'><strong>:</strong></span> <span class='ocrx_word' id='word_1_405' title='bbox 585 5041 640 5083; x_wconf 86' lang='lat' dir='ltr'><strong>tu</strong></span> <span class='ocrx_word' id='word_1_406' title='bbox 659 5071 672 5094; x_wconf 90' lang='lat'><strong>,</strong></span> <span class='ocrx_word' id='word_1_407' title='bbox 706 5045 810 5082; x_wconf 90' lang='lat' dir='ltr'><strong>non</strong></span> <span class='ocrx_word' id='word_1_408' title='bbox 836 5035 1064 5081; x_wconf 89' lang='lat' dir='ltr'><strong>montes.</strong></span> <span class='ocrx_word' id='word_1_409' title='bbox 1090 5023 1169 5077; x_wconf 87' lang='lat' dir='ltr'><strong>Tu</strong></span> <span class='ocrx_word' id='word_1_410' title='bbox 1198 5021 1489 5075; x_wconf 86' lang='lat' dir='ltr'><strong>illuntinans</strong></span> <span class='ocrx_word' id='word_1_411' title='bbox 1514 5034 1533 5071; x_wconf 93' lang='lat'><strong>:</strong></span> <span class='ocrx_word' id='word_1_412' title='bbox 1564 5035 1597 5070; x_wconf 79' lang='grc' dir='ltr'><em>α</em></span> <span class='ocrx_word' id='word_1_413' title='bbox 1624 5016 1812 5070; x_wconf 86' lang='lat' dir='ltr'><strong>monti-</strong></span> 
     </span>
    </p>
   </div>
   <div class='ocr_carea' id='block_1_53' title="bbox 205 5107 1814 5193">
    <p class='ocr_par' dir='ltr' id='par_1_53' title="bbox 205 5107 1814 5193">
     <span class='ocr_line' id='line_1_53' title="bbox 205 5107 1814 5193; baseline -0.01 -16"><span class='ocrx_word' id='word_1_414' title='bbox 205 5126 314 5178; x_wconf 77' lang='lat' dir='ltr'><strong>bus</strong></span> <span class='ocrx_word' id='word_1_415' title='bbox 356 5121 574 5193; x_wconf 83' lang='lat' dir='ltr'><strong>quidem</strong></span> <span class='ocrx_word' id='word_1_416' title='bbox 620 5118 853 5181; x_wconf 70' lang='lat' dir='ltr'><strong>attentis;</strong></span> <span class='ocrx_word' id='word_1_417' title='bbox 881 5115 1005 5180; x_wconf 88' lang='lat' dir='ltr'><strong>sed,</strong></span> <span class='ocrx_word' id='word_1_418' title='bbox 1035 5123 1090 5168; x_wconf 88' lang='lat' dir='ltr'><strong>tu</strong></span> <span class='ocrx_word' id='word_1_419' title='bbox 1127 5112 1442 5166; x_wconf 88' lang='lat' dir='ltr'><strong>illuminans.</strong></span> <span class='ocrx_word' id='word_1_420' title='bbox 1481 5107 1634 5164; x_wconf 85' lang='lat' dir='ltr'><strong>Unde</strong></span> <span class='ocrx_word' id='word_1_421' title='bbox 1659 5117 1713 5163; x_wconf 91' lang='lat' dir='ltr'><strong>et</strong></span> <span class='ocrx_word' id='word_1_422' title='bbox 1759 5107 1814 5162; x_wconf 88' lang='lat' dir='ltr'><strong>in</strong></span> 
     </span>
    </p>
   </div>
   <div class='ocr_carea' id='block_1_54' title="bbox 285 5242 1818 5328">
    <p class='ocr_par' dir='ltr' id='par_1_54' title="bbox 285 5242 1818 5328">
     <span class='ocr_line' id='line_1_54' title="bbox 285 5242 1818 5328; baseline 0 0"><span class='ocrx_word' id='word_1_423' title='bbox 285 5257 304 5288; x_wconf 77' lang='lat'>&#39;</span> <span class='ocrx_word' id='word_1_424' title='bbox 336 5257 419 5328; x_wconf 67' lang='lat' dir='ltr'><strong>sic</strong></span> <span class='ocrx_word' id='word_1_425' title='bbox 446 5253 800 5328; x_wconf 44' lang='lat'><strong>&#39;40-!!!313</strong></span> <span class='ocrx_word' id='word_1_426' title='bbox 821 5247 978 5328; x_wconf 52' lang='lat' dir='ltr'><strong>suis.</strong></span> <span class='ocrx_word' id='word_1_427' title='bbox 1434 5254 1590 5328; x_wconf 58' lang='lat'><strong>2.9“?</strong></span> <span class='ocrx_word' id='word_1_428' title='bbox 1614 5243 1818 5328; x_wconf 56' lang='lat' dir='ltr'><strong>&#39;F&#39;bse</strong></span> 
     </span>
    </p>
   </div>
   <div class='ocr_carea' id='block_1_55' title="bbox 203 5303 1820 5428">
    <p class='ocr_par' dir='ltr' id='par_1_55' title="bbox 203 5303 1820 5428">
     <span class='ocr_line' id='line_1_55' title="bbox 203 5303 1818 5380; baseline -0.011 -11"><span class='ocrx_word' id='word_1_429' title='bbox 203 5303 457 5380; x_wconf 76' lang='lat' dir='ltr'><strong>margine</strong></span> <span class='ocrx_word' id='word_1_430' title='bbox 482 5317 737 5376; x_wconf 80' lang='lat' dir='ltr'><strong>irrepsisse</strong></span> <span class='ocrx_word' id='word_1_431' title='bbox 754 5303 996 5360; x_wconf 75' lang='lat' dir='ltr'><strong>videntur.</strong></span> <span class='ocrx_word' id='word_1_432' title='bbox 1031 5309 1122 5358; x_wconf 67' lang='lat' dir='ltr'><strong>Nisi</strong></span> <span class='ocrx_word' id='word_1_433' title='bbox 1147 5303 1272 5378; x_wconf 72' lang='lat' dir='ltr'><strong>forte</strong></span> <span class='ocrx_word' id='word_1_434' title='bbox 1294 5303 1559 5366; x_wconf 81' lang='lat' dir='ltr'><strong>legendum</strong></span> <span class='ocrx_word' id='word_1_435' title='bbox 1578 5313 1672 5373; x_wconf 72' lang='lat' dir='ltr'><strong>est,</strong></span> <span class='ocrx_word' id='word_1_436' title='bbox 1697 5311 1750 5371; x_wconf 76' lang='lat' dir='ltr'><strong>ut</strong></span> <span class='ocrx_word' id='word_1_437' title='bbox 1768 5305 1818 5351; x_wconf 86' lang='lat' dir='ltr'><strong>in</strong></span> 
     </span>
     <span class='ocr_line' id='line_1_56' title="bbox 204 5364 1820 5428; baseline -0.009 -1"><span class='ocrx_word' id='word_1_438' title='bbox 204 5379 346 5427; x_wconf 75' lang='lat' dir='ltr'><strong>uid.</strong></span> <span class='ocrx_word' id='word_1_439' title='bbox 374 5375 568 5426; x_wconf 68' lang='lat' dir='ltr'><strong>t&#39;ratell.</strong></span> <span class='ocrx_word' id='word_1_440' title='bbox 596 5383 648 5424; x_wconf 89' lang='lat' dir='ltr'><strong>et</strong></span> <span class='ocrx_word' id='word_1_441' title='bbox 682 5379 917 5423; x_wconf 79' lang='lat' dir='ltr'><strong>Gemmct.</strong></span> <span class='ocrx_word' id='word_1_442' title='bbox 945 5371 1167 5428; x_wconf 89' lang='lat' dir='ltr'><strong>habetur,</strong></span> <span class='ocrx_word' id='word_1_443' title='bbox 1183 5379 1293 5428; x_wconf 73' lang='lat' dir='ltr'><strong>1am</strong></span> <span class='ocrx_word' id='word_1_444' title='bbox 1327 5367 1548 5428; x_wconf 63' lang='lat' dir='ltr'><strong>Instat-na</strong></span> <span class='ocrx_word' id='word_1_445' title='bbox 1570 5364 1651 5414; x_wconf 78' lang='lat' dir='ltr'><strong>die</strong></span> <span class='ocrx_word' id='word_1_446' title='bbox 1687 5365 1820 5413; x_wconf 66' lang='lat' dir='ltr'><strong>duti-</strong></span> 
     </span>
    </p>
   </div>
   <div class='ocr_carea' id='block_1_56' title="bbox 204 5377 1821 5497">
    <p class='ocr_par' dir='ltr' id='par_1_56' title="bbox 204 5377 1821 5497">
     <span class='ocr_line' id='line_1_57' title="bbox 204 5377 1820 5428; baseline -0.009 -1"><span class='ocrx_word' id='word_1_447' title='bbox 204 5377 568 5427; x_wconf 62' lang='lat' dir='ltr'><strong>uldft&#39;ratell.</strong></span> <span class='ocrx_word' id='word_1_448' title='bbox 596 5383 648 5424; x_wconf 89' lang='lat' dir='ltr'><strong>et</strong></span> <span class='ocrx_word' id='word_1_449' title='bbox 682 5379 917 5423; x_wconf 79' lang='lat' dir='ltr'><strong>Gemmct.</strong></span> <span class='ocrx_word' id='word_1_450' title='bbox 946 5377 1167 5428; x_wconf 86' lang='lat' dir='ltr'><strong>habetur,</strong></span> <span class='ocrx_word' id='word_1_451' title='bbox 1183 5379 1293 5428; x_wconf 73' lang='lat' dir='ltr'><strong>1am</strong></span> <span class='ocrx_word' id='word_1_452' title='bbox 1327 5377 1548 5416; x_wconf 70' lang='lat' dir='ltr'><strong>uester-na</strong></span> <span class='ocrx_word' id='word_1_453' title='bbox 1570 5377 1651 5414; x_wconf 79' lang='lat' dir='ltr'><strong>ate</strong></span> <span class='ocrx_word' id='word_1_454' title='bbox 1687 5377 1820 5413; x_wconf 66' lang='lat' dir='ltr'><strong>amtt-</strong></span> 
     </span>
     <span class='ocr_line' id='line_1_58' title="bbox 204 5425 1821 5497; baseline -0.009 -7"><span class='ocrx_word' id='word_1_455' title='bbox 204 5455 358 5497; x_wconf 76' lang='lat' dir='ltr'><strong>mns,</strong></span> <span class='ocrx_word' id='word_1_456' title='bbox 385 5446 432 5487; x_wconf 86' lang='lat' dir='ltr'><strong>et</strong></span> <span class='ocrx_word' id='word_1_457' title='bbox 454 5437 712 5497; x_wconf 82' lang='lat' dir='ltr'><strong>audierunt</strong></span> <span class='ocrx_word' id='word_1_458' title='bbox 734 5434 932 5496; x_wconf 81' lang='lat' dir='ltr'><strong>quidam</strong></span> <span class='ocrx_word' id='word_1_459' title='bbox 943 5432 1145 5497; x_wconf 80' lang='lat' dir='ltr'><strong>fratres,</strong></span> <span class='ocrx_word' id='word_1_460' title='bbox 1179 5440 1296 5491; x_wconf 80' lang='lat' dir='ltr'><strong>quos</strong></span> <span class='ocrx_word' id='word_1_461' title='bbox 1330 5433 1376 5477; x_wconf 89' lang='lat' dir='ltr'><strong>et</strong></span> <span class='ocrx_word' id='word_1_462' title='bbox 1398 5425 1540 5476; x_wconf 83' lang='lat' dir='ltr'><strong>hodie</strong></span> <span class='ocrx_word' id='word_1_463' title='bbox 1562 5435 1821 5489; x_wconf 64' lang='lat' dir='ltr'><strong>praesentes</strong></span> 
     </span>
    </p>
   </div>
   <div class='ocr_carea' id='block_1_57' title="bbox 203 5491 1066 5561">
    <p class='ocr_par' dir='ltr' id='par_1_57' title="bbox 203 5491 1066 5561">
     <span class='ocr_line' id='line_1_59' title="bbox 203 5491 1066 5561; baseline -0.014 -9"><span class='ocrx_word' id='word_1_464' title='bbox 203 5491 474 5560; x_wconf 62' lang='lat' dir='ltr'><strong>videmus,</strong></span> <span class='ocrx_word' id='word_1_465' title='bbox 495 5498 613 5561; x_wconf 81' lang='lat' dir='ltr'><strong>quid</strong></span> <span class='ocrx_word' id='word_1_466' title='bbox 636 5495 697 5546; x_wconf 84' lang='lat' dir='ltr'><strong>sit</strong></span> <span class='ocrx_word' id='word_1_467' title='bbox 719 5491 1066 5561; x_wconf 70' lang='lat' dir='ltr'><strong>contemplatio.</strong></span> 
     </span>
    </p>
   </div>
   <div class='ocr_carea' id='block_1_58' title="bbox 289 5549 1822 5620">
    <p class='ocr_par' dir='ltr' id='par_1_58' title="bbox 289 5549 1822 5620">
     <span class='ocr_line' id='line_1_60' title="bbox 289 5549 1822 5620; baseline -0.008 -10"><span class='ocrx_word' id='word_1_468' title='bbox 289 5549 315 5594; x_wconf 57' lang='grc' dir='ltr'>δ</span> <span class='ocrx_word' id='word_1_469' title='bbox 344 5549 422 5612; x_wconf 78' lang='lat' dir='ltr'><strong>sic</strong></span> <span class='ocrx_word' id='word_1_470' title='bbox 447 5549 557 5609; x_wconf 55' lang='lat' dir='ltr'><strong>tida.</strong></span> <span class='ocrx_word' id='word_1_471' title='bbox 583 5568 636 5608; x_wconf 84' lang='grc' dir='ltr'>Αι</span> <span class='ocrx_word' id='word_1_472' title='bbox 671 5565 778 5608; x_wconf 71' lang='lat' dir='ltr'><strong>uss.</strong></span> <span class='ocrx_word' id='word_1_473' title='bbox 802 5549 1055 5620; x_wconf 77' lang='lat' dir='ltr'><strong>plerique,</strong></span> <span class='ocrx_word' id='word_1_474' title='bbox 1091 5559 1253 5604; x_wconf 86' lang='lat' dir='ltr'><strong>actum</strong></span> <span class='ocrx_word' id='word_1_475' title='bbox 1282 5555 1373 5600; x_wconf 86' lang='lat' dir='ltr'><strong>est.</strong></span> <span class='ocrx_word' id='word_1_476' title='bbox 1408 5549 1633 5609; x_wconf 83' lang='lat' dir='ltr'><strong>Quidam,</strong></span> <span class='ocrx_word' id='word_1_477' title='bbox 1656 5557 1822 5612; x_wconf 77' lang='lat' dir='ltr'><strong>aptum</strong></span> 
     </span>
    </p>
   </div>
   <div class='ocr_carea' id='block_1_59' title="bbox 204 5633 1820 5758">
    <p class='ocr_par' dir='ltr' id='par_1_59' title="bbox 204 5633 1820 5758">
     <span class='ocr_line' id='line_1_61' title="bbox 204 5633 1820 5758; baseline -0.007 -26"><span class='ocrx_word' id='word_1_478' title='bbox 346 5691 424 5732; x_wconf 76' lang='lat' dir='ltr'><strong>Fr.</strong></span> <span class='ocrx_word' id='word_1_479' title='bbox 447 5693 500 5758; x_wconf 77' lang='lat' dir='ltr'><strong>et</strong></span> <span class='ocrx_word' id='word_1_480' title='bbox 514 5690 653 5758; x_wconf 84' lang='lat'><strong>.</strong></span> <span class='ocrx_word' id='word_1_481' title='bbox 667 5684 928 5744; x_wconf 78' lang='lat' dir='ltr'><strong>protegant.</strong></span> <span class='ocrx_word' id='word_1_482' title='bbox 944 5687 1040 5728; x_wconf 80' lang='lat' dir='ltr'><strong>Am.</strong></span> <span class='ocrx_word' id='word_1_483' title='bbox 1055 5683 1108 5726; x_wconf 90' lang='lat' dir='ltr'><strong>et</strong></span> <span class='ocrx_word' id='word_1_484' title='bbox 1125 5653 1348 5739; x_wconf 80' lang='lat' dir='ltr'><strong>plerique</strong></span> <span class='ocrx_word' id='word_1_485' title='bbox 1361 5679 1491 5732; x_wconf 66' lang='lat' dir='ltr'><strong>Mss,</strong></span> <span class='ocrx_word' id='word_1_486' title='bbox 1506 5673 1820 5734; x_wconf 83' lang='lat' dir='ltr'><strong>protegerent.</strong></span> 
     </span>
    </p>
   </div>
   <div class='ocr_carea' id='block_1_60' title="bbox 212 5747 652 5808">
    <p class='ocr_par' dir='ltr' id='par_1_60' title="bbox 212 5747 652 5808">
     <span class='ocr_line' id='line_1_62' title="bbox 212 5747 652 5808; baseline -0.018 -10"><span class='ocrx_word' id='word_1_487' title='bbox 212 5747 322 5798; x_wconf 73' lang='grc' dir='ltr'><strong>ΑιΞί</strong></span> <span class='ocrx_word' id='word_1_488' title='bbox 333 5783 348 5800; x_wconf 94' lang='grc'><strong>.</strong></span> <span class='ocrx_word' id='word_1_489' title='bbox 385 5750 652 5808; x_wconf 77' lang='lat' dir='ltr'><strong>protegmt.</strong></span> 
     </span>
    </p>
   </div>
   <div class='ocr_carea' id='block_1_61' title="bbox 285 5791 1666 5869">
    <p class='ocr_par' dir='ltr' id='par_1_61' title="bbox 285 5791 1666 5869">
     <span class='ocr_line' id='line_1_63' title="bbox 285 5791 1666 5869; baseline -0.009 -15"><span class='ocrx_word' id='word_1_490' title='bbox 285 5791 321 5839; x_wconf 61' lang='grc' dir='ltr'><em>ἶ</em></span> <span class='ocrx_word' id='word_1_491' title='bbox 333 5791 662 5869; x_wconf 51' lang='lat' dir='ltr'><strong>suam</strong></span> <span class='ocrx_word' id='word_1_492' title='bbox 680 5814 941 5862; x_wconf 66' lang='lat' dir='ltr'><strong>menso,</strong></span> <span class='ocrx_word' id='word_1_493' title='bbox 963 5807 1007 5850; x_wconf 88' lang='lat' dir='ltr'><strong>et</strong></span> <span class='ocrx_word' id='word_1_494' title='bbox 1029 5796 1122 5864; x_wconf 82' lang='lat' dir='ltr'><strong>ipsi</strong></span> <span class='ocrx_word' id='word_1_495' title='bbox 1143 5804 1322 5848; x_wconf 76' lang='lat' dir='ltr'><strong>utentes</strong></span> <span class='ocrx_word' id='word_1_496' title='bbox 1334 5791 1666 5846; x_wconf 80' lang='lat' dir='ltr'><strong>conciderunt.</strong></span> 
     </span>
    </p>
   </div>
   <div class='ocr_carea' id='block_1_62' title="bbox 1233 352 2337 424">
    <p class='ocr_par' dir='ltr' id='par_1_62' title="bbox 1233 352 2337 424">
     <span class='ocr_line' id='line_1_64' title="bbox 1233 352 2337 424; baseline -0.013 0"><span class='ocrx_word' id='word_1_497' title='bbox 1233 358 1628 424; x_wconf 66' lang='lat' dir='ltr'><strong>ENARRATIO</strong></span> <span class='ocrx_word' id='word_1_498' title='bbox 1659 354 1724 411; x_wconf 81' lang='lat' dir='ltr'><strong>IN</strong></span> <span class='ocrx_word' id='word_1_499' title='bbox 1769 352 2091 411; x_wconf 71' lang='lat' dir='ltr'><strong>PSALMUM</strong></span> <span class='ocrx_word' id='word_1_500' title='bbox 2133 356 2337 410; x_wconf 78' lang='lat' dir='ltr'><strong>LXXV.</strong></span> 
     </span>
    </p>
   </div>
   <div class='ocr_carea' id='block_1_63' title="bbox 3320 366 3425 422">
    <p class='ocr_par' dir='ltr' id='par_1_63' title="bbox 3320 366 3425 422">
     <span class='ocr_line' id='line_1_65' title="bbox 3320 366 3425 422; baseline -0.01 0"><span class='ocrx_word' id='word_1_501' title='bbox 3320 366 3425 422; x_wconf 75' lang='lat'><strong>96?.</strong></span> 
     </span>
    </p>
   </div>
   <div class='ocr_carea' id='block_1_64' title="bbox 1842 467 3424 540">
    <p class='ocr_par' dir='ltr' id='par_1_64' title="bbox 1842 467 3424 540">
     <span class='ocr_line' id='line_1_66' title="bbox 1842 467 3424 540; baseline 0.01 -21"><span class='ocrx_word' id='word_1_502' title='bbox 1842 467 1946 520; x_wconf 88' lang='lat' dir='ltr'><strong>alio</strong></span> <span class='ocrx_word' id='word_1_503' title='bbox 1971 467 2088 521; x_wconf 87' lang='lat' dir='ltr'><strong>loco</strong></span> <span class='ocrx_word' id='word_1_504' title='bbox 2113 469 2238 538; x_wconf 91' lang='lat' dir='ltr'><strong>quid</strong></span> <span class='ocrx_word' id='word_1_505' title='bbox 2259 469 2335 523; x_wconf 90' lang='lat' dir='ltr'><strong>ait</strong></span> <span class='ocrx_word' id='word_1_506' title='bbox 2354 472 2628 540; x_wconf 67' lang='lat' dir='ltr'><strong>psalmus?</strong></span> <span class='ocrx_word' id='word_1_507' title='bbox 2657 473 2838 529; x_wconf 69' lang='lat' dir='ltr'><strong>Levavi</strong></span> <span class='ocrx_word' id='word_1_508' title='bbox 2863 475 3034 530; x_wconf 85' lang='lat' dir='ltr'><strong>oculos</strong></span> <span class='ocrx_word' id='word_1_509' title='bbox 3053 495 3184 533; x_wconf 85' lang='lat' dir='ltr'><strong>meos</strong></span> <span class='ocrx_word' id='word_1_510' title='bbox 3207 481 3255 533; x_wconf 83' lang='lat' dir='ltr'><strong>in</strong></span> <span class='ocrx_word' id='word_1_511' title='bbox 3281 499 3424 534; x_wconf 82' lang='lat' dir='ltr'><strong>mon-</strong></span> 
     </span>
    </p>
   </div>
   <div class='ocr_carea' id='block_1_65' title="bbox 1841 559 3424 638">
    <p class='ocr_par' dir='ltr' id='par_1_65' title="bbox 1841 559 3424 638">
     <span class='ocr_line' id='line_1_67' title="bbox 1841 559 3424 638; baseline 0.009 -29"><span class='ocrx_word' id='word_1_512' title='bbox 1841 567 1944 620; x_wconf 82' lang='lat' dir='ltr'><strong>tes,</strong></span> <span class='ocrx_word' id='word_1_513' title='bbox 1977 559 2110 610; x_wconf 87' lang='lat' dir='ltr'><strong>unde</strong></span> <span class='ocrx_word' id='word_1_514' title='bbox 2133 560 2289 612; x_wconf 74' lang='lat' dir='ltr'><strong>ueniet</strong></span> <span class='ocrx_word' id='word_1_515' title='bbox 2313 563 2558 614; x_wconf 74' lang='lat' dir='ltr'><strong>auxilium</strong></span> <span class='ocrx_word' id='word_1_516' title='bbox 2578 565 2720 617; x_wconf 82' lang='lat' dir='ltr'><strong>mihi.</strong></span> <span class='ocrx_word' id='word_1_517' title='bbox 2749 566 2881 633; x_wconf 85' lang='lat' dir='ltr'><strong>Quid</strong></span> <span class='ocrx_word' id='word_1_518' title='bbox 2908 583 3054 638; x_wconf 78' lang='lat' dir='ltr'><strong>ergo,</strong></span> <span class='ocrx_word' id='word_1_519' title='bbox 3081 570 3132 622; x_wconf 91' lang='lat' dir='ltr'><strong>in</strong></span> <span class='ocrx_word' id='word_1_520' title='bbox 3156 571 3424 624; x_wconf 84' lang='lat' dir='ltr'><strong>montibus</strong></span> 
     </span>
    </p>
   </div>
   <div class='ocr_carea' id='block_1_66' title="bbox 1844 652 3426 717">
    <p class='ocr_par' dir='ltr' id='par_1_66' title="bbox 1844 652 3426 717">
     <span class='ocr_line' id='line_1_68' title="bbox 1844 652 3426 717; baseline 0.008 -17"><span class='ocrx_word' id='word_1_521' title='bbox 1844 658 1928 701; x_wconf 88' lang='lat' dir='ltr'><strong>est</strong></span> <span class='ocrx_word' id='word_1_522' title='bbox 1956 663 2080 717; x_wconf 85' lang='lat' dir='ltr'><strong>spes</strong></span> <span class='ocrx_word' id='word_1_523' title='bbox 2110 657 2197 702; x_wconf 85' lang='lat' dir='ltr'><strong>tua</strong></span> <span class='ocrx_word' id='word_1_524' title='bbox 2216 690 2230 713; x_wconf 97' lang='lat'><strong>,</strong></span> <span class='ocrx_word' id='word_1_525' title='bbox 2259 659 2314 703; x_wconf 87' lang='lat' dir='ltr'><strong>et</strong></span> <span class='ocrx_word' id='word_1_526' title='bbox 2339 652 2459 705; x_wconf 91' lang='lat' dir='ltr'><strong>inde</strong></span> <span class='ocrx_word' id='word_1_527' title='bbox 2487 653 2575 706; x_wconf 92' lang='lat' dir='ltr'><strong>tibi</strong></span> <span class='ocrx_word' id='word_1_528' title='bbox 2602 658 2774 708; x_wconf 76' lang='lat' dir='ltr'><strong>veniet</strong></span> <span class='ocrx_word' id='word_1_529' title='bbox 2802 659 3050 711; x_wconf 79' lang='lat' dir='ltr'><strong>auxilium</strong></span> <span class='ocrx_word' id='word_1_530' title='bbox 3075 659 3098 711; x_wconf 82' lang='lat'><strong>?</strong></span> <span class='ocrx_word' id='word_1_531' title='bbox 3124 661 3426 714; x_wconf 82' lang='lat' dir='ltr'><strong>remansisti</strong></span> 
     </span>
    </p>
   </div>
   <div class='ocr_carea' id='block_1_67' title="bbox 1847 739 3429 820">
    <p class='ocr_par' dir='ltr' id='par_1_67' title="bbox 1847 739 3429 820">
     <span class='ocr_line' id='line_1_69' title="bbox 1847 739 3429 820; baseline 0.006 -26"><span class='ocrx_word' id='word_1_532' title='bbox 1847 739 1900 794; x_wconf 92' lang='lat' dir='ltr'><strong>in</strong></span> <span class='ocrx_word' id='word_1_533' title='bbox 1951 741 2258 795; x_wconf 73' lang='lat' dir='ltr'><strong>montibus?</strong></span> <span class='ocrx_word' id='word_1_534' title='bbox 2312 741 2444 796; x_wconf 82' lang='lat' dir='ltr'><strong>Vide</strong></span> <span class='ocrx_word' id='word_1_535' title='bbox 2497 744 2623 811; x_wconf 86' lang='lat' dir='ltr'><strong>quid</strong></span> <span class='ocrx_word' id='word_1_536' title='bbox 2678 762 2820 815; x_wconf 83' lang='lat' dir='ltr'><strong>agas.</strong></span> <span class='ocrx_word' id='word_1_537' title='bbox 2876 749 2968 802; x_wconf 85' lang='lat' dir='ltr'><strong>Est</strong></span> <span class='ocrx_word' id='word_1_538' title='bbox 3019 750 3212 817; x_wconf 83' lang='lat' dir='ltr'><strong>aliquid</strong></span> <span class='ocrx_word' id='word_1_539' title='bbox 3268 766 3429 820; x_wconf 86' lang='lat' dir='ltr'><strong>super</strong></span> 
     </span>
    </p>
   </div>
   <div class='ocr_carea' id='block_1_68' title="bbox 1848 842 3427 908">
    <p class='ocr_par' dir='ltr' id='par_1_68' title="bbox 1848 842 3427 908">
     <span class='ocr_line' id='line_1_70' title="bbox 1848 842 3427 908; baseline 0.007 -22"><span class='ocrx_word' id='word_1_540' title='bbox 1848 842 2098 887; x_wconf 83' lang='lat' dir='ltr'><strong>montes:</strong></span> <span class='ocrx_word' id='word_1_541' title='bbox 2145 850 2304 903; x_wconf 85' lang='lat' dir='ltr'><strong>super</strong></span> <span class='ocrx_word' id='word_1_542' title='bbox 2342 847 2551 892; x_wconf 87' lang='lat' dir='ltr'><strong>montes</strong></span> <span class='ocrx_word' id='word_1_543' title='bbox 2597 849 2678 891; x_wconf 85' lang='lat' dir='ltr'><strong>est</strong></span> <span class='ocrx_word' id='word_1_544' title='bbox 2720 855 2875 908; x_wconf 87' lang='lat' dir='ltr'><strong>quem</strong></span> <span class='ocrx_word' id='word_1_545' title='bbox 2925 853 3150 898; x_wconf 86' lang='lat' dir='ltr'><strong>tremunt</strong></span> <span class='ocrx_word' id='word_1_546' title='bbox 3196 855 3427 899; x_wconf 86' lang='lat' dir='ltr'><strong>montes.</strong></span> 
     </span>
    </p>
   </div>
   <div class='ocr_carea' id='block_1_69' title="bbox 1850 923 3430 995">
    <p class='ocr_par' dir='ltr' id='par_1_69' title="bbox 1850 923 3430 995">
     <span class='ocr_line' id='line_1_71' title="bbox 1850 923 3430 995; baseline 0.007 -18"><span class='ocrx_word' id='word_1_547' title='bbox 1850 923 2050 989; x_wconf 80' lang='lat' dir='ltr'><strong>Levavi,</strong></span> <span class='ocrx_word' id='word_1_548' title='bbox 2076 925 2261 995; x_wconf 86' lang='lat' dir='ltr'><strong>inquit,</strong></span> <span class='ocrx_word' id='word_1_549' title='bbox 2285 927 2460 980; x_wconf 82' lang='lat' dir='ltr'><strong>oculos</strong></span> <span class='ocrx_word' id='word_1_550' title='bbox 2476 943 2609 980; x_wconf 85' lang='lat' dir='ltr'><strong>meos</strong></span> <span class='ocrx_word' id='word_1_551' title='bbox 2636 928 2687 980; x_wconf 92' lang='lat' dir='ltr'><strong>in</strong></span> <span class='ocrx_word' id='word_1_552' title='bbox 2718 941 2927 992; x_wconf 87' lang='lat' dir='ltr'><strong>montes,</strong></span> <span class='ocrx_word' id='word_1_553' title='bbox 2949 936 3076 985; x_wconf 80' lang='lat' dir='ltr'><strong>unde</strong></span> <span class='ocrx_word' id='word_1_554' title='bbox 3103 936 3257 987; x_wconf 81' lang='lat' dir='ltr'><strong>reniet</strong></span> <span class='ocrx_word' id='word_1_555' title='bbox 3277 936 3430 988; x_wconf 71' lang='lat' dir='ltr'><strong>auxi-</strong></span> 
     </span>
    </p>
   </div>
   <div class='ocr_carea' id='block_1_70' title="bbox 1854 1017 3429 1098">
    <p class='ocr_par' dir='ltr' id='par_1_70' title="bbox 1854 1017 3429 1098">
     <span class='ocr_line' id='line_1_72' title="bbox 1854 1017 3429 1098; baseline 0.007 -28"><span class='ocrx_word' id='word_1_556' title='bbox 1854 1017 1979 1070; x_wconf 86' lang='lat' dir='ltr'><strong>lium</strong></span> <span class='ocrx_word' id='word_1_557' title='bbox 2004 1019 2146 1072; x_wconf 86' lang='lat' dir='ltr'><strong>milti.</strong></span> <span class='ocrx_word' id='word_1_558' title='bbox 2170 1019 2274 1072; x_wconf 84' lang='lat' dir='ltr'><strong>Sed</strong></span> <span class='ocrx_word' id='word_1_559' title='bbox 2299 1019 2422 1089; x_wconf 84' lang='lat' dir='ltr'><strong>quid</strong></span> <span class='ocrx_word' id='word_1_560' title='bbox 2451 1021 2726 1090; x_wconf 87' lang='lat' dir='ltr'><strong>sequitur?</strong></span> <span class='ocrx_word' id='word_1_561' title='bbox 2752 1023 3008 1076; x_wconf 76' lang='lat' dir='ltr'><strong>Aurilium</strong></span> <span class='ocrx_word' id='word_1_562' title='bbox 3034 1043 3213 1090; x_wconf 83' lang='lat' dir='ltr'><strong>meum,</strong></span> <span class='ocrx_word' id='word_1_563' title='bbox 3237 1030 3429 1098; x_wconf 83' lang='lat' dir='ltr'><strong>inquit.</strong></span> 
     </span>
    </p>
   </div>
   <div class='ocr_carea' id='block_1_71' title="bbox 1852 1107 3438 1192">
    <p class='ocr_par' dir='ltr' id='par_1_71' title="bbox 1852 1107 3438 1192">
     <span class='ocr_line' id='line_1_73' title="bbox 1852 1107 3438 1192; baseline 0.011 -33"><span class='ocrx_word' id='word_1_564' title='bbox 1852 1123 1884 1160; x_wconf 89' lang='lat' dir='ltr'><strong>a</strong></span> <span class='ocrx_word' id='word_1_565' title='bbox 1907 1107 2146 1175; x_wconf 88' lang='lat' dir='ltr'><strong>Domino,</strong></span> <span class='ocrx_word' id='word_1_566' title='bbox 2169 1111 2255 1191; x_wconf 56' lang='grc' dir='ltr'><strong>φθῆ</strong></span> <span class='ocrx_word' id='word_1_567' title='bbox 2282 1112 2398 1181; x_wconf 80' lang='lat' dir='ltr'><strong>fecit</strong></span> <span class='ocrx_word' id='word_1_568' title='bbox 2420 1113 2599 1166; x_wconf 63' lang='lat' dir='ltr'><strong>costum</strong></span> <span class='ocrx_word' id='word_1_569' title='bbox 2621 1123 2666 1167; x_wconf 85' lang='lat' dir='ltr'><strong>et</strong></span> <span class='ocrx_word' id='word_1_570' title='bbox 2692 1126 2877 1167; x_wconf 84' lang='lat' dir='ltr'><strong>terram</strong></span> <span class='ocrx_word' id='word_1_571' title='bbox 2904 1117 2921 1183; x_wconf 93' lang='lat'><strong>(</strong></span> <span class='ocrx_word' id='word_1_572' title='bbox 2936 1115 3074 1170; x_wconf 87' lang='lat' dir='ltr'><strong>Psal.</strong></span> <span class='ocrx_word' id='word_1_573' title='bbox 3104 1132 3206 1172; x_wconf 77' lang='lat' dir='ltr'><strong>cxx</strong></span> <span class='ocrx_word' id='word_1_574' title='bbox 3230 1159 3246 1184; x_wconf 90' lang='lat'><strong>,</strong></span> <span class='ocrx_word' id='word_1_575' title='bbox 3277 1121 3326 1182; x_wconf 86' lang='lat' dir='ltr'><strong>l,</strong></span> <span class='ocrx_word' id='word_1_576' title='bbox 3353 1121 3438 1192; x_wconf 70' lang='grc'><strong>2).</strong></span> 
     </span>
    </p>
   </div>
   <div class='ocr_carea' id='block_1_72' title="bbox 1857 1199 3438 1279">
    <p class='ocr_par' dir='ltr' id='par_1_72' title="bbox 1857 1199 3438 1279">
     <span class='ocr_line' id='line_1_74' title="bbox 1857 1199 3438 1279; baseline 0.009 -27"><span class='ocrx_word' id='word_1_577' title='bbox 1857 1199 1910 1253; x_wconf 91' lang='lat' dir='ltr'><strong>lu</strong></span> <span class='ocrx_word' id='word_1_578' title='bbox 1959 1213 2163 1256; x_wconf 87' lang='lat' dir='ltr'><strong>montes</strong></span> <span class='ocrx_word' id='word_1_579' title='bbox 2203 1203 2415 1271; x_wconf 87' lang='lat' dir='ltr'><strong>quidem</strong></span> <span class='ocrx_word' id='word_1_580' title='bbox 2461 1205 2625 1259; x_wconf 74' lang='lat' dir='ltr'><strong>levavi</strong></span> <span class='ocrx_word' id='word_1_581' title='bbox 2669 1207 2875 1270; x_wconf 88' lang='lat' dir='ltr'><strong>oculos,</strong></span> <span class='ocrx_word' id='word_1_582' title='bbox 2925 1209 3046 1277; x_wconf 84' lang='lat' dir='ltr'><strong>quia</strong></span> <span class='ocrx_word' id='word_1_583' title='bbox 3095 1226 3189 1279; x_wconf 88' lang='lat' dir='ltr'><strong>per</strong></span> <span class='ocrx_word' id='word_1_584' title='bbox 3229 1224 3438 1266; x_wconf 76' lang='lat' dir='ltr'><strong>mentes</strong></span> 
     </span>
    </p>
   </div>
   <div class='ocr_carea' id='block_1_73' title="bbox 1858 1291 3439 1369">
    <p class='ocr_par' dir='ltr' id='par_1_73' title="bbox 1858 1291 3439 1369">
     <span class='ocr_line' id='line_1_75' title="bbox 1858 1291 3439 1369; baseline 0.009 -26"><span class='ocrx_word' id='word_1_585' title='bbox 1858 1291 1984 1345; x_wconf 88' lang='lat' dir='ltr'><strong>mihi</strong></span> <span class='ocrx_word' id='word_1_586' title='bbox 2011 1304 2131 1345; x_wconf 88' lang='lat' dir='ltr'><strong>sunt</strong></span> <span class='ocrx_word' id='word_1_587' title='bbox 2156 1291 2441 1363; x_wconf 63' lang='lat' dir='ltr'><strong>Scriptura:</strong></span> <span class='ocrx_word' id='word_1_588' title='bbox 2470 1306 2811 1362; x_wconf 66' lang='lat' dir='ltr'><strong>monstratae;</strong></span> <span class='ocrx_word' id='word_1_589' title='bbox 2841 1298 2933 1352; x_wconf 89' lang='lat' dir='ltr'><strong>sed</strong></span> <span class='ocrx_word' id='word_1_590' title='bbox 2957 1315 3055 1369; x_wconf 83' lang='lat' dir='ltr'><strong>ego</strong></span> <span class='ocrx_word' id='word_1_591' title='bbox 3074 1315 3168 1355; x_wconf 90' lang='lat' dir='ltr'><strong>cor</strong></span> <span class='ocrx_word' id='word_1_592' title='bbox 3192 1300 3362 1357; x_wconf 87' lang='lat' dir='ltr'><strong>habeo</strong></span> <span class='ocrx_word' id='word_1_593' title='bbox 3387 1303 3439 1357; x_wconf 92' lang='lat' dir='ltr'><strong>iu</strong></span> 
     </span>
    </p>
   </div>
   <div class='ocr_carea' id='block_1_74' title="bbox 1858 1383 2816 1452">
    <p class='ocr_par' dir='ltr' id='par_1_74' title="bbox 1858 1383 2816 1452">
     <span class='ocr_line' id='line_1_76' title="bbox 1858 1383 2816 1452; baseline 0.005 -15"><span class='ocrx_word' id='word_1_594' title='bbox 1858 1383 1952 1438; x_wconf 83' lang='lat' dir='ltr'><strong>illo</strong></span> <span class='ocrx_word' id='word_1_595' title='bbox 1978 1384 2066 1452; x_wconf 90' lang='lat' dir='ltr'><strong>qui</strong></span> <span class='ocrx_word' id='word_1_596' title='bbox 2090 1383 2350 1438; x_wconf 88' lang='lat' dir='ltr'><strong>illuminat</strong></span> <span class='ocrx_word' id='word_1_597' title='bbox 2378 1400 2564 1442; x_wconf 88' lang='lat' dir='ltr'><strong>omnes</strong></span> <span class='ocrx_word' id='word_1_598' title='bbox 2589 1397 2816 1442; x_wconf 88' lang='lat' dir='ltr'><strong>montes.</strong></span> 
     </span>
    </p>
   </div>
   <div class='ocr_carea' id='block_1_75' title="bbox 1931 1475 3440 1554">
    <p class='ocr_par' dir='ltr' id='par_1_75' title="bbox 1931 1475 3440 1554">
     <span class='ocr_line' id='line_1_77' title="bbox 1931 1475 3440 1554; baseline 0.005 -24"><span class='ocrx_word' id='word_1_599' title='bbox 1931 1475 1984 1530; x_wconf 88' lang='lat'><strong>8.</strong></span> <span class='ocrx_word' id='word_1_600' title='bbox 2029 1475 2169 1547; x_wconf 84' lang='lat' dir='ltr'><strong>Ergo</strong></span> <span class='ocrx_word' id='word_1_601' title='bbox 2187 1518 2203 1542; x_wconf 93' lang='lat'><strong>,</strong></span> <span class='ocrx_word' id='word_1_602' title='bbox 2229 1475 2415 1531; x_wconf 75' lang='lat' dir='ltr'><strong>fratres</strong></span> <span class='ocrx_word' id='word_1_603' title='bbox 2439 1519 2454 1542; x_wconf 88' lang='lat'><strong>,</strong></span> <span class='ocrx_word' id='word_1_604' title='bbox 2483 1478 2548 1533; x_wconf 87' lang='lat' dir='ltr'><strong>ad</strong></span> <span class='ocrx_word' id='word_1_605' title='bbox 2582 1480 2682 1536; x_wconf 92' lang='lat' dir='ltr'><strong>hoc</strong></span> <span class='ocrx_word' id='word_1_606' title='bbox 2701 1480 2899 1536; x_wconf 89' lang='lat' dir='ltr'><strong>dictum</strong></span> <span class='ocrx_word' id='word_1_607' title='bbox 2925 1490 3036 1547; x_wconf 90' lang='lat' dir='ltr'><strong>est,</strong></span> <span class='ocrx_word' id='word_1_608' title='bbox 3071 1499 3137 1538; x_wconf 91' lang='lat' dir='ltr'><strong>ne</strong></span> <span class='ocrx_word' id='word_1_609' title='bbox 3163 1484 3440 1554; x_wconf 85' lang='lat' dir='ltr'><strong>quisquam</strong></span> 
     </span>
    </p>
   </div>
   <div class='ocr_carea' id='block_1_76' title="bbox 1859 1568 3442 1639">
    <p class='ocr_par' dir='ltr' id='par_1_76' title="bbox 1859 1568 3442 1639">
     <span class='ocr_line' id='line_1_78' title="bbox 1859 1568 3442 1639; baseline 0.006 -19"><span class='ocrx_word' id='word_1_610' title='bbox 1859 1577 2094 1622; x_wconf 70' lang='lat' dir='ltr'><strong>vestrum</strong></span> <span class='ocrx_word' id='word_1_611' title='bbox 2125 1568 2251 1622; x_wconf 77' lang='lat' dir='ltr'><strong>velit</strong></span> <span class='ocrx_word' id='word_1_612' title='bbox 2278 1582 2426 1639; x_wconf 80' lang='lat' dir='ltr'><strong>Spem</strong></span> <span class='ocrx_word' id='word_1_613' title='bbox 2457 1585 2606 1624; x_wconf 85' lang='lat' dir='ltr'><strong>suam</strong></span> <span class='ocrx_word' id='word_1_614' title='bbox 2636 1587 2832 1639; x_wconf 88' lang='lat' dir='ltr'><strong>ponere</strong></span> <span class='ocrx_word' id='word_1_615' title='bbox 2871 1572 2922 1627; x_wconf 92' lang='lat' dir='ltr'><strong>in</strong></span> <span class='ocrx_word' id='word_1_616' title='bbox 2951 1574 3184 1628; x_wconf 87' lang='lat' dir='ltr'><strong>homine.</strong></span> <span class='ocrx_word' id='word_1_617' title='bbox 3219 1574 3442 1630; x_wconf 85' lang='lat' dir='ltr'><strong>Tamdiu</strong></span> 
     </span>
    </p>
   </div>
   <div class='ocr_carea' id='block_1_77' title="bbox 1863 1657 3446 1734">
    <p class='ocr_par' dir='ltr' id='par_1_77' title="bbox 1863 1657 3446 1734">
     <span class='ocr_line' id='line_1_79' title="bbox 1863 1657 3446 1734; baseline 0.005 -22"><span class='ocrx_word' id='word_1_618' title='bbox 1863 1666 1946 1713; x_wconf 81' lang='lat' dir='ltr'><strong>est</strong></span> <span class='ocrx_word' id='word_1_619' title='bbox 1973 1657 2166 1728; x_wconf 90' lang='lat' dir='ltr'><strong>aliquid</strong></span> <span class='ocrx_word' id='word_1_620' title='bbox 2194 1657 2373 1725; x_wconf 91' lang='lat' dir='ltr'><strong>homo,</strong></span> <span class='ocrx_word' id='word_1_621' title='bbox 2402 1660 2652 1729; x_wconf 86' lang='lat' dir='ltr'><strong>quamdiu</strong></span> <span class='ocrx_word' id='word_1_622' title='bbox 2684 1662 2756 1715; x_wconf 89' lang='lat' dir='ltr'><strong>illi</strong></span> <span class='ocrx_word' id='word_1_623' title='bbox 2791 1663 2956 1718; x_wconf 78' lang='lat' dir='ltr'><strong>lueret</strong></span> <span class='ocrx_word' id='word_1_624' title='bbox 2983 1679 3012 1717; x_wconf 88' lang='lat' dir='ltr'><strong>a</strong></span> <span class='ocrx_word' id='word_1_625' title='bbox 3039 1679 3145 1734; x_wconf 90' lang='lat' dir='ltr'><strong>quo</strong></span> <span class='ocrx_word' id='word_1_626' title='bbox 3166 1663 3333 1721; x_wconf 83' lang='lat' dir='ltr'><strong>factus</strong></span> <span class='ocrx_word' id='word_1_627' title='bbox 3362 1676 3446 1721; x_wconf 89' lang='lat' dir='ltr'><strong>est</strong></span> 
     </span>
    </p>
   </div>
   <div class='ocr_carea' id='block_1_78' title="bbox 1867 1745 3442 1818">
    <p class='ocr_par' dir='ltr' id='par_1_78' title="bbox 1867 1745 3442 1818">
     <span class='ocr_line' id='line_1_80' title="bbox 1867 1745 3442 1818; baseline 0.006 -18"><span class='ocrx_word' id='word_1_628' title='bbox 1867 1745 2049 1801; x_wconf 91' lang='lat' dir='ltr'><strong>homo.</strong></span> <span class='ocrx_word' id='word_1_629' title='bbox 2073 1746 2204 1801; x_wconf 81' lang='lat' dir='ltr'><strong>Nam</strong></span> <span class='ocrx_word' id='word_1_630' title='bbox 2234 1749 2487 1803; x_wconf 88' lang='lat' dir='ltr'><strong>recedens</strong></span> <span class='ocrx_word' id='word_1_631' title='bbox 2510 1749 2578 1803; x_wconf 85' lang='lat' dir='ltr'><strong>ab</strong></span> <span class='ocrx_word' id='word_1_632' title='bbox 2608 1751 2699 1805; x_wconf 91' lang='lat' dir='ltr'><strong>illo</strong></span> <span class='ocrx_word' id='word_1_633' title='bbox 2720 1792 2738 1817; x_wconf 95' lang='lat'><strong>,</strong></span> <span class='ocrx_word' id='word_1_634' title='bbox 2765 1752 2895 1807; x_wconf 83' lang='lat' dir='ltr'><strong>nihil</strong></span> <span class='ocrx_word' id='word_1_635' title='bbox 2925 1763 3007 1807; x_wconf 90' lang='lat' dir='ltr'><strong>est</strong></span> <span class='ocrx_word' id='word_1_636' title='bbox 3034 1754 3212 1818; x_wconf 89' lang='lat' dir='ltr'><strong>homo,</strong></span> <span class='ocrx_word' id='word_1_637' title='bbox 3245 1766 3299 1810; x_wconf 89' lang='lat' dir='ltr'><strong>et</strong></span> <span class='ocrx_word' id='word_1_638' title='bbox 3322 1772 3442 1812; x_wconf 90' lang='lat' dir='ltr'><strong>cum</strong></span> 
     </span>
    </p>
   </div>
   <div class='ocr_carea' id='block_1_79' title="bbox 1869 1839 3446 1915">
    <p class='ocr_par' dir='ltr' id='par_1_79' title="bbox 1869 1839 3446 1915">
     <span class='ocr_line' id='line_1_81' title="bbox 1869 1839 3446 1915; baseline 0.006 -21"><span class='ocrx_word' id='word_1_639' title='bbox 1869 1839 2034 1895; x_wconf 67' lang='lat' dir='ltr'><strong>haeret</strong></span> <span class='ocrx_word' id='word_1_640' title='bbox 2062 1840 2166 1895; x_wconf 91' lang='lat' dir='ltr'><strong>illis</strong></span> <span class='ocrx_word' id='word_1_641' title='bbox 2197 1841 2236 1894; x_wconf 77' lang='lat'><strong>‘.</strong></span> <span class='ocrx_word' id='word_1_642' title='bbox 2269 1841 2348 1895; x_wconf 89' lang='lat' dir='ltr'><strong>Tu</strong></span> <span class='ocrx_word' id='word_1_643' title='bbox 2374 1842 2450 1896; x_wconf 92' lang='lat' dir='ltr'><strong>sie</strong></span> <span class='ocrx_word' id='word_1_644' title='bbox 2473 1842 2653 1913; x_wconf 82' lang='lat' dir='ltr'><strong>accipe</strong></span> <span class='ocrx_word' id='word_1_645' title='bbox 2693 1845 2971 1898; x_wconf 81' lang='lat' dir='ltr'><strong>consilium</strong></span> <span class='ocrx_word' id='word_1_646' title='bbox 3017 1861 3111 1915; x_wconf 90' lang='lat' dir='ltr'><strong>per</strong></span> <span class='ocrx_word' id='word_1_647' title='bbox 3148 1848 3446 1915; x_wconf 87' lang='lat' dir='ltr'><strong>hominem,</strong></span> 
     </span>
    </p>
   </div>
   <div class='ocr_carea' id='block_1_80' title="bbox 1869 1931 3449 2003">
    <p class='ocr_par' dir='ltr' id='par_1_80' title="bbox 1869 1931 3449 2003">
     <span class='ocr_line' id='line_1_82' title="bbox 1869 1931 3449 2003; baseline 0.004 -17"><span class='ocrx_word' id='word_1_648' title='bbox 1869 1941 1928 1986; x_wconf 91' lang='lat' dir='ltr'><strong>ut</strong></span> <span class='ocrx_word' id='word_1_649' title='bbox 1955 1932 2100 1987; x_wconf 89' lang='lat' dir='ltr'><strong>illum</strong></span> <span class='ocrx_word' id='word_1_650' title='bbox 2130 1931 2437 1987; x_wconf 89' lang='lat' dir='ltr'><strong>consideres</strong></span> <span class='ocrx_word' id='word_1_651' title='bbox 2473 1933 2562 2003; x_wconf 90' lang='lat' dir='ltr'><strong>qui</strong></span> <span class='ocrx_word' id='word_1_652' title='bbox 2604 1933 2863 1987; x_wconf 83' lang='lat' dir='ltr'><strong>illuminat</strong></span> <span class='ocrx_word' id='word_1_653' title='bbox 2905 1933 3196 1990; x_wconf 88' lang='lat' dir='ltr'><strong>hominem.</strong></span> <span class='ocrx_word' id='word_1_654' title='bbox 3241 1938 3449 1993; x_wconf 86' lang='lat' dir='ltr'><strong>Etenim</strong></span> 
     </span>
    </p>
   </div>
   <div class='ocr_carea' id='block_1_81' title="bbox 1870 2022 3450 2096">
    <p class='ocr_par' dir='ltr' id='par_1_81' title="bbox 1870 2022 3450 2096">
     <span class='ocr_line' id='line_1_83' title="bbox 1870 2022 3450 2096; baseline 0.004 -19"><span class='ocrx_word' id='word_1_655' title='bbox 1870 2031 1926 2077; x_wconf 89' lang='lat' dir='ltr'><strong>et</strong></span> <span class='ocrx_word' id='word_1_656' title='bbox 1951 2032 2004 2077; x_wconf 91' lang='lat' dir='ltr'><strong>tu</strong></span> <span class='ocrx_word' id='word_1_657' title='bbox 2045 2031 2195 2092; x_wconf 87' lang='lat' dir='ltr'><strong>potes</strong></span> <span class='ocrx_word' id='word_1_658' title='bbox 2230 2022 2486 2078; x_wconf 81' lang='lat' dir='ltr'><strong>accedere</strong></span> <span class='ocrx_word' id='word_1_659' title='bbox 2513 2023 2578 2076; x_wconf 87' lang='lat' dir='ltr'><strong>ad</strong></span> <span class='ocrx_word' id='word_1_660' title='bbox 2607 2023 2754 2079; x_wconf 89' lang='lat' dir='ltr'><strong>illum</strong></span> <span class='ocrx_word' id='word_1_661' title='bbox 2794 2024 2883 2094; x_wconf 88' lang='lat' dir='ltr'><strong>qui</strong></span> <span class='ocrx_word' id='word_1_662' title='bbox 2928 2023 3018 2080; x_wconf 91' lang='lat' dir='ltr'><strong>tibi</strong></span> <span class='ocrx_word' id='word_1_663' title='bbox 3053 2042 3148 2096; x_wconf 89' lang='lat' dir='ltr'><strong>per</strong></span> <span class='ocrx_word' id='word_1_664' title='bbox 3184 2027 3450 2084; x_wconf 88' lang='lat' dir='ltr'><strong>hominem</strong></span> 
     </span>
    </p>
   </div>
   <div class='ocr_carea' id='block_1_82' title="bbox 1873 2111 3452 2184">
    <p class='ocr_par' dir='ltr' id='par_1_82' title="bbox 1873 2111 3452 2184">
     <span class='ocr_line' id='line_1_84' title="bbox 1873 2111 3452 2184; baseline 0.004 -17"><span class='ocrx_word' id='word_1_665' title='bbox 1873 2112 2142 2184; x_wconf 88' lang='lat' dir='ltr'><strong>loquitur;</strong></span> <span class='ocrx_word' id='word_1_666' title='bbox 2175 2128 2280 2166; x_wconf 88' lang='lat' dir='ltr'><strong>non</strong></span> <span class='ocrx_word' id='word_1_667' title='bbox 2309 2113 2449 2167; x_wconf 88' lang='lat' dir='ltr'><strong>enim</strong></span> <span class='ocrx_word' id='word_1_668' title='bbox 2478 2111 2603 2168; x_wconf 88' lang='lat' dir='ltr'><strong>fecit</strong></span> <span class='ocrx_word' id='word_1_669' title='bbox 2641 2114 2787 2168; x_wconf 88' lang='lat' dir='ltr'><strong>illum</strong></span> <span class='ocrx_word' id='word_1_670' title='bbox 2816 2116 3070 2171; x_wconf 88' lang='lat' dir='ltr'><strong>accedere</strong></span> <span class='ocrx_word' id='word_1_671' title='bbox 3097 2117 3162 2172; x_wconf 90' lang='lat' dir='ltr'><strong>ad</strong></span> <span class='ocrx_word' id='word_1_672' title='bbox 3191 2132 3248 2172; x_wconf 91' lang='lat' dir='ltr'><strong>se</strong></span> <span class='ocrx_word' id='word_1_673' title='bbox 3271 2158 3287 2184; x_wconf 95' lang='lat'><strong>,</strong></span> <span class='ocrx_word' id='word_1_674' title='bbox 3318 2127 3370 2173; x_wconf 90' lang='lat' dir='ltr'><strong>et</strong></span> <span class='ocrx_word' id='word_1_675' title='bbox 3400 2129 3452 2174; x_wconf 90' lang='lat' dir='ltr'><strong>te</strong></span> 
     </span>
    </p>
   </div>
   <div class='ocr_carea' id='block_1_83' title="bbox 1875 2201 3454 2276">
    <p class='ocr_par' dir='ltr' id='par_1_83' title="bbox 1875 2201 3454 2276">
     <span class='ocr_line' id='line_1_85' title="bbox 1875 2201 3454 2276; baseline 0.003 -18"><span class='ocrx_word' id='word_1_676' title='bbox 1875 2203 2104 2273; x_wconf 89' lang='lat' dir='ltr'><strong>repellit.</strong></span> <span class='ocrx_word' id='word_1_677' title='bbox 2143 2204 2208 2259; x_wconf 86' lang='lat' dir='ltr'><strong>Et</strong></span> <span class='ocrx_word' id='word_1_678' title='bbox 2227 2204 2317 2276; x_wconf 89' lang='lat' dir='ltr'><strong>qui</strong></span> <span class='ocrx_word' id='word_1_679' title='bbox 2361 2219 2484 2260; x_wconf 72' lang='lat' dir='ltr'><strong>vero</strong></span> <span class='ocrx_word' id='word_1_680' title='bbox 2511 2201 2589 2259; x_wconf 81' lang='lat' dir='ltr'><strong>sic</strong></span> <span class='ocrx_word' id='word_1_681' title='bbox 2615 2206 2840 2260; x_wconf 85' lang='lat' dir='ltr'><strong>accessit</strong></span> <span class='ocrx_word' id='word_1_682' title='bbox 2875 2207 2941 2261; x_wconf 89' lang='lat' dir='ltr'><strong>ad</strong></span> <span class='ocrx_word' id='word_1_683' title='bbox 2974 2208 3137 2263; x_wconf 88' lang='lat' dir='ltr'><strong>Deum</strong></span> <span class='ocrx_word' id='word_1_684' title='bbox 3158 2250 3174 2273; x_wconf 94' lang='lat'><strong>,</strong></span> <span class='ocrx_word' id='word_1_685' title='bbox 3199 2219 3257 2263; x_wconf 91' lang='lat' dir='ltr'><strong>ut</strong></span> <span class='ocrx_word' id='word_1_686' title='bbox 3284 2212 3335 2265; x_wconf 92' lang='lat' dir='ltr'><strong>in</strong></span> <span class='ocrx_word' id='word_1_687' title='bbox 3365 2211 3454 2265; x_wconf 90' lang='lat' dir='ltr'><strong>illo</strong></span> 
     </span>
    </p>
   </div>
   <div class='ocr_carea' id='block_1_84' title="bbox 1878 2293 3456 2370">
    <p class='ocr_par' dir='ltr' id='par_1_84' title="bbox 1878 2293 3456 2370">
     <span class='ocr_line' id='line_1_86' title="bbox 1878 2293 3456 2370; baseline 0.004 -22"><span class='ocrx_word' id='word_1_688' title='bbox 1878 2293 2080 2349; x_wconf 89' lang='lat' dir='ltr'><strong>habitet</strong></span> <span class='ocrx_word' id='word_1_689' title='bbox 2101 2294 2262 2361; x_wconf 86' lang='lat' dir='ltr'><strong>Deus,</strong></span> <span class='ocrx_word' id='word_1_690' title='bbox 2292 2293 2572 2364; x_wconf 87' lang='lat' dir='ltr'><strong>displicent</strong></span> <span class='ocrx_word' id='word_1_691' title='bbox 2596 2296 2674 2350; x_wconf 91' lang='lat' dir='ltr'><strong>illi</strong></span> <span class='ocrx_word' id='word_1_692' title='bbox 2703 2311 2890 2353; x_wconf 90' lang='lat' dir='ltr'><strong>omnes</strong></span> <span class='ocrx_word' id='word_1_693' title='bbox 2914 2301 3001 2368; x_wconf 85' lang='lat' dir='ltr'><strong>qui</strong></span> <span class='ocrx_word' id='word_1_694' title='bbox 3031 2313 3134 2353; x_wconf 92' lang='lat' dir='ltr'><strong>non</strong></span> <span class='ocrx_word' id='word_1_695' title='bbox 3164 2301 3214 2354; x_wconf 88' lang='lat' dir='ltr'><strong>in</strong></span> <span class='ocrx_word' id='word_1_696' title='bbox 3242 2300 3334 2357; x_wconf 91' lang='lat' dir='ltr'><strong>illo</strong></span> <span class='ocrx_word' id='word_1_697' title='bbox 3363 2319 3456 2370; x_wconf 79' lang='lat' dir='ltr'><strong>po-</strong></span> 
     </span>
    </p>
   </div>
   <div class='ocr_carea' id='block_1_85' title="bbox 1879 2386 3454 2461">
    <p class='ocr_par' dir='ltr' id='par_1_85' title="bbox 1879 2386 3454 2461">
     <span class='ocr_line' id='line_1_87' title="bbox 1879 2386 3454 2461; baseline 0.004 -23"><span class='ocrx_word' id='word_1_698' title='bbox 1879 2395 2012 2439; x_wconf 91' lang='lat' dir='ltr'><strong>nunt</strong></span> <span class='ocrx_word' id='word_1_699' title='bbox 2056 2399 2204 2454; x_wconf 87' lang='lat' dir='ltr'><strong>spem</strong></span> <span class='ocrx_word' id='word_1_700' title='bbox 2257 2400 2428 2440; x_wconf 88' lang='lat' dir='ltr'><strong>suam.</strong></span> <span class='ocrx_word' id='word_1_701' title='bbox 2492 2386 2772 2456; x_wconf 82' lang='lat' dir='ltr'><strong>Propterea</strong></span> <span class='ocrx_word' id='word_1_702' title='bbox 2823 2387 3003 2442; x_wconf 87' lang='lat' dir='ltr'><strong>datum</strong></span> <span class='ocrx_word' id='word_1_703' title='bbox 3057 2399 3138 2445; x_wconf 89' lang='lat' dir='ltr'><strong>est</strong></span> <span class='ocrx_word' id='word_1_704' title='bbox 3190 2391 3454 2461; x_wconf 85' lang='lat' dir='ltr'><strong>quoddam</strong></span> 
     </span>
    </p>
   </div>
   <div class='ocr_carea' id='block_1_86' title="bbox 1879 2477 3456 2549">
    <p class='ocr_par' dir='ltr' id='par_1_86' title="bbox 1879 2477 3456 2549">
     <span class='ocr_line' id='line_1_88' title="bbox 1879 2477 3456 2549; baseline 0.005 -19"><span class='ocrx_word' id='word_1_705' title='bbox 1879 2477 2182 2544; x_wconf 72' lang='lat' dir='ltr'><strong>exemplum</strong></span> <span class='ocrx_word' id='word_1_706' title='bbox 2199 2517 2214 2541; x_wconf 90' lang='lat'><strong>,</strong></span> <span class='ocrx_word' id='word_1_707' title='bbox 2237 2490 2358 2529; x_wconf 90' lang='lat' dir='ltr'><strong>cum</strong></span> <span class='ocrx_word' id='word_1_708' title='bbox 2380 2477 2522 2546; x_wconf 86' lang='lat' dir='ltr'><strong>ipsos</strong></span> <span class='ocrx_word' id='word_1_709' title='bbox 2551 2477 2835 2547; x_wconf 79' lang='lat' dir='ltr'><strong>Apostolos</strong></span> <span class='ocrx_word' id='word_1_710' title='bbox 2859 2479 2956 2532; x_wconf 88' lang='lat' dir='ltr'><strong>sibi</strong></span> <span class='ocrx_word' id='word_1_711' title='bbox 2979 2479 3304 2549; x_wconf 84' lang='lat' dir='ltr'><strong>diviserunt,</strong></span> <span class='ocrx_word' id='word_1_712' title='bbox 3330 2494 3383 2536; x_wconf 87' lang='lat' dir='ltr'><strong>et</strong></span> <span class='ocrx_word' id='word_1_713' title='bbox 3405 2483 3456 2538; x_wconf 91' lang='lat' dir='ltr'><strong>in</strong></span> 
     </span>
    </p>
   </div>
   <div class='ocr_carea' id='block_1_87' title="bbox 1881 2566 3458 2644">
    <p class='ocr_par' dir='ltr' id='par_1_87' title="bbox 1881 2566 3458 2644">
     <span class='ocr_line' id='line_1_89' title="bbox 1881 2566 3458 2644; baseline 0.004 -24"><span class='ocrx_word' id='word_1_714' title='bbox 1881 2566 2164 2620; x_wconf 86' lang='lat' dir='ltr'><strong>schismata</strong></span> <span class='ocrx_word' id='word_1_715' title='bbox 2203 2566 2376 2620; x_wconf 88' lang='lat' dir='ltr'><strong>ierunt</strong></span> <span class='ocrx_word' id='word_1_716' title='bbox 2413 2566 2502 2637; x_wconf 85' lang='lat' dir='ltr'><strong>qui</strong></span> <span class='ocrx_word' id='word_1_717' title='bbox 2541 2566 2823 2623; x_wconf 87' lang='lat' dir='ltr'><strong>dicebant:</strong></span> <span class='ocrx_word' id='word_1_718' title='bbox 2867 2566 2979 2640; x_wconf 84' lang='lat' dir='ltr'><strong>Ego</strong></span> <span class='ocrx_word' id='word_1_719' title='bbox 3014 2587 3125 2624; x_wconf 83' lang='lat' dir='ltr'><strong>sum</strong></span> <span class='ocrx_word' id='word_1_720' title='bbox 3158 2572 3340 2636; x_wconf 79' lang='lat' dir='ltr'><strong>Pauli,</strong></span> <span class='ocrx_word' id='word_1_721' title='bbox 3366 2589 3458 2644; x_wconf 82' lang='lat' dir='ltr'><strong>ego</strong></span> 
     </span>
    </p>
   </div>
   <div class='ocr_carea' id='block_1_88' title="bbox 1882 2655 3452 2731">
    <p class='ocr_par' dir='ltr' id='par_1_88' title="bbox 1882 2655 3452 2731">
     <span class='ocr_line' id='line_1_90' title="bbox 1882 2655 3452 2731; baseline 0.005 -21"><span class='ocrx_word' id='word_1_722' title='bbox 1882 2656 2065 2727; x_wconf 80' lang='lat' dir='ltr'><strong>Apollo</strong></span> <span class='ocrx_word' id='word_1_723' title='bbox 2083 2699 2096 2719; x_wconf 90' lang='lat'><strong>,</strong></span> <span class='ocrx_word' id='word_1_724' title='bbox 2125 2672 2216 2727; x_wconf 77' lang='lat' dir='ltr'><strong>ego</strong></span> <span class='ocrx_word' id='word_1_725' title='bbox 2244 2655 2428 2727; x_wconf 67' lang='lat' dir='ltr'><strong>Cephei</strong></span> <span class='ocrx_word' id='word_1_726' title='bbox 2449 2699 2462 2720; x_wconf 82' lang='lat'><strong>,</strong></span> <span class='ocrx_word' id='word_1_727' title='bbox 2492 2656 2547 2712; x_wconf 88' lang='lat' dir='ltr'><strong>id</strong></span> <span class='ocrx_word' id='word_1_728' title='bbox 2567 2667 2651 2713; x_wconf 89' lang='lat' dir='ltr'><strong>est</strong></span> <span class='ocrx_word' id='word_1_729' title='bbox 2674 2658 2843 2713; x_wconf 86' lang='lat' dir='ltr'><strong>Petri.</strong></span> <span class='ocrx_word' id='word_1_730' title='bbox 2871 2658 2978 2713; x_wconf 86' lang='lat' dir='ltr'><strong>Hos</strong></span> <span class='ocrx_word' id='word_1_731' title='bbox 3004 2660 3200 2731; x_wconf 79' lang='lat' dir='ltr'><strong>plangit</strong></span> <span class='ocrx_word' id='word_1_732' title='bbox 3228 2664 3452 2731; x_wconf 84' lang='lat' dir='ltr'><strong>Aposto-</strong></span> 
     </span>
    </p>
   </div>
   <div class='ocr_carea' id='block_1_89' title="bbox 1884 2748 3460 2824">
    <p class='ocr_par' dir='ltr' id='par_1_89' title="bbox 1884 2748 3460 2824">
     <span class='ocr_line' id='line_1_91' title="bbox 1884 2748 3460 2824; baseline 0.002 -20"><span class='ocrx_word' id='word_1_733' title='bbox 1884 2749 1986 2813; x_wconf 88' lang='lat' dir='ltr'><strong>lus,</strong></span> <span class='ocrx_word' id='word_1_734' title='bbox 2016 2759 2065 2803; x_wconf 94' lang='lat' dir='ltr'><strong>et</strong></span> <span class='ocrx_word' id='word_1_735' title='bbox 2088 2748 2214 2803; x_wconf 91' lang='lat' dir='ltr'><strong>dicit</strong></span> <span class='ocrx_word' id='word_1_736' title='bbox 2237 2751 2347 2805; x_wconf 87' lang='lat' dir='ltr'><strong>eis:</strong></span> <span class='ocrx_word' id='word_1_737' title='bbox 2377 2748 2580 2803; x_wconf 85' lang='lat' dir='ltr'><strong>Diuisus</strong></span> <span class='ocrx_word' id='word_1_738' title='bbox 2601 2758 2673 2804; x_wconf 86' lang='lat' dir='ltr'><strong>est</strong></span> <span class='ocrx_word' id='word_1_739' title='bbox 2691 2748 2918 2805; x_wconf 78' lang='lat' dir='ltr'><strong>Christus</strong></span> <span class='ocrx_word' id='word_1_740' title='bbox 2937 2752 2963 2805; x_wconf 84' lang='lat'><strong>.’</strong></span> <span class='ocrx_word' id='word_1_741' title='bbox 2980 2761 3032 2806; x_wconf 89' lang='lat' dir='ltr'><strong>et</strong></span> <span class='ocrx_word' id='word_1_742' title='bbox 3050 2766 3109 2807; x_wconf 87' lang='lat' dir='ltr'><strong>se</strong></span> <span class='ocrx_word' id='word_1_743' title='bbox 3132 2753 3288 2824; x_wconf 81' lang='lat' dir='ltr'><strong>elegit</strong></span> <span class='ocrx_word' id='word_1_744' title='bbox 3305 2769 3460 2823; x_wconf 88' lang='lat' dir='ltr'><strong>quem</strong></span> 
     </span>
    </p>
   </div>
   <div class='ocr_carea' id='block_1_90' title="bbox 1886 2842 3462 2915">
    <p class='ocr_par' dir='ltr' id='par_1_90' title="bbox 1886 2842 3462 2915">
     <span class='ocr_line' id='line_1_92' title="bbox 1886 2842 3462 2915; baseline 0.003 -17"><span class='ocrx_word' id='word_1_745' title='bbox 1886 2844 2023 2915; x_wconf 89' lang='lat' dir='ltr'><strong>apud</strong></span> <span class='ocrx_word' id='word_1_746' title='bbox 2052 2844 2196 2914; x_wconf 87' lang='lat' dir='ltr'><strong>ipsos</strong></span> <span class='ocrx_word' id='word_1_747' title='bbox 2232 2852 2633 2899; x_wconf 87' lang='lat' dir='ltr'><strong>contemneret:</strong></span> <span class='ocrx_word' id='word_1_748' title='bbox 2676 2842 2944 2911; x_wconf 80' lang='lat' dir='ltr'><strong>Numquid</strong></span> <span class='ocrx_word' id='word_1_749' title='bbox 2971 2845 3167 2899; x_wconf 82' lang='lat' dir='ltr'><strong>Paulus</strong></span> <span class='ocrx_word' id='word_1_750' title='bbox 3209 2863 3300 2915; x_wconf 83' lang='lat' dir='ltr'><strong>pro</strong></span> <span class='ocrx_word' id='word_1_751' title='bbox 3330 2846 3462 2902; x_wconf 82' lang='lat' dir='ltr'><strong>vobis</strong></span> 
     </span>
    </p>
   </div>
   <div class='ocr_carea' id='block_1_91' title="bbox 1886 2933 3464 3006">
    <p class='ocr_par' dir='ltr' id='par_1_91' title="bbox 1886 2933 3464 3006">
     <span class='ocr_line' id='line_1_93' title="bbox 1886 2933 3464 3006; baseline -0.001 -15"><span class='ocrx_word' id='word_1_752' title='bbox 1886 2937 2160 3005; x_wconf 68' lang='lat' dir='ltr'><strong>cruciﬁxus</strong></span> <span class='ocrx_word' id='word_1_753' title='bbox 2208 2936 2326 2989; x_wconf 84' lang='lat' dir='ltr'><strong>cst.’</strong></span> <span class='ocrx_word' id='word_1_754' title='bbox 2370 2944 2456 2987; x_wconf 89' lang='lat' dir='ltr'><strong>aut</strong></span> <span class='ocrx_word' id='word_1_755' title='bbox 2500 2936 2551 2988; x_wconf 88' lang='lat' dir='ltr'><strong>in</strong></span> <span class='ocrx_word' id='word_1_756' title='bbox 2605 2936 2805 2990; x_wconf 87' lang='lat' dir='ltr'><strong>nomine</strong></span> <span class='ocrx_word' id='word_1_757' title='bbox 2853 2933 3006 2989; x_wconf 82' lang='lat' dir='ltr'><strong>Pauli</strong></span> <span class='ocrx_word' id='word_1_758' title='bbox 3058 2935 3295 3006; x_wconf 75' lang='lat' dir='ltr'><strong>baptismi</strong></span> <span class='ocrx_word' id='word_1_759' title='bbox 3348 2939 3464 2990; x_wconf 81' lang='lat' dir='ltr'><strong>estis</strong></span> 
     </span>
    </p>
   </div>
   <div class='ocr_carea' id='block_1_92' title="bbox 1889 3025 3462 3096">
    <p class='ocr_par' dir='ltr' id='par_1_92' title="bbox 1889 3025 3462 3096">
     <span class='ocr_line' id='line_1_94' title="bbox 1889 3025 3462 3096; baseline -0.001 -15"><span class='ocrx_word' id='word_1_760' title='bbox 1889 3028 1932 3096; x_wconf 91' lang='grc' dir='ltr'><strong>(Ι</strong></span> <span class='ocrx_word' id='word_1_761' title='bbox 1961 3026 2079 3082; x_wconf 88' lang='lat' dir='ltr'><strong>Cor.</strong></span> <span class='ocrx_word' id='word_1_762' title='bbox 2111 3043 2169 3094; x_wconf 87' lang='grc' dir='ltr'>ι,</span> <span class='ocrx_word' id='word_1_763' title='bbox 2204 3027 2300 3091; x_wconf 77' lang='lat' dir='ltr'><strong>l2,</strong></span> <span class='ocrx_word' id='word_1_764' title='bbox 2332 3025 2459 3094; x_wconf 61' lang='grc' dir='ltr'><strong>ιδῃ</strong></span> <span class='ocrx_word' id='word_1_765' title='bbox 2491 3025 2618 3080; x_wconf 80' lang='lat' dir='ltr'><strong>Vide</strong></span> <span class='ocrx_word' id='word_1_766' title='bbox 2644 3027 2838 3080; x_wconf 89' lang='lat' dir='ltr'><strong>honmu</strong></span> <span class='ocrx_word' id='word_1_767' title='bbox 2865 3035 3097 3080; x_wconf 90' lang='lat' dir='ltr'><strong>montem</strong></span> <span class='ocrx_word' id='word_1_768' title='bbox 3139 3035 3462 3096; x_wconf 62' lang='lat' dir='ltr'><strong>quaerentem</strong></span> 
     </span>
    </p>
   </div>
   <div class='ocr_carea' id='block_1_93' title="bbox 1888 3117 3463 3190">
    <p class='ocr_par' dir='ltr' id='par_1_93' title="bbox 1888 3117 3463 3190">
     <span class='ocr_line' id='line_1_95' title="bbox 1888 3117 3463 3190; baseline 0 -18"><span class='ocrx_word' id='word_1_769' title='bbox 1888 3119 2146 3190; x_wconf 88' lang='lat' dir='ltr'><strong>gloriam,</strong></span> <span class='ocrx_word' id='word_1_770' title='bbox 2189 3132 2293 3171; x_wconf 92' lang='lat' dir='ltr'><strong>non</strong></span> <span class='ocrx_word' id='word_1_771' title='bbox 2323 3117 2461 3179; x_wconf 86' lang='lat' dir='ltr'><strong>sibi,</strong></span> <span class='ocrx_word' id='word_1_772' title='bbox 2493 3117 2585 3170; x_wconf 90' lang='lat' dir='ltr'><strong>sed</strong></span> <span class='ocrx_word' id='word_1_773' title='bbox 2618 3131 2646 3169; x_wconf 89' lang='lat' dir='ltr'><strong>a</strong></span> <span class='ocrx_word' id='word_1_774' title='bbox 2685 3131 2793 3186; x_wconf 88' lang='lat' dir='ltr'><strong>quo</strong></span> <span class='ocrx_word' id='word_1_775' title='bbox 2821 3127 3030 3170; x_wconf 92' lang='lat' dir='ltr'><strong>montes</strong></span> <span class='ocrx_word' id='word_1_776' title='bbox 3069 3117 3463 3172; x_wconf 83' lang='lat' dir='ltr'><strong>illuminantur:</strong></span> 
     </span>
    </p>
   </div>
   <div class='ocr_carea' id='block_1_94' title="bbox 1892 3206 3470 3278">
    <p class='ocr_par' dir='ltr' id='par_1_94' title="bbox 1892 3206 3470 3278">
     <span class='ocr_line' id='line_1_96' title="bbox 1892 3206 3470 3278; baseline 0 -15"><span class='ocrx_word' id='word_1_777' title='bbox 1892 3208 2107 3265; x_wconf 81' lang='lat' dir='ltr'><strong>uolebat</strong></span> <span class='ocrx_word' id='word_1_778' title='bbox 2141 3207 2210 3264; x_wconf 90' lang='lat' dir='ltr'><strong>de</strong></span> <span class='ocrx_word' id='word_1_779' title='bbox 2237 3223 2297 3264; x_wconf 83' lang='lat' dir='ltr'><strong>se</strong></span> <span class='ocrx_word' id='word_1_780' title='bbox 2333 3206 2604 3278; x_wconf 72' lang='lat' dir='ltr'><strong>pnesnmi,</strong></span> <span class='ocrx_word' id='word_1_781' title='bbox 2647 3207 2739 3261; x_wconf 88' lang='lat' dir='ltr'><strong>sed</strong></span> <span class='ocrx_word' id='word_1_782' title='bbox 2767 3207 2835 3262; x_wconf 90' lang='lat' dir='ltr'><strong>de</strong></span> <span class='ocrx_word' id='word_1_783' title='bbox 2877 3207 2966 3261; x_wconf 84' lang='lat' dir='ltr'><strong>illo</strong></span> <span class='ocrx_word' id='word_1_784' title='bbox 3004 3206 3072 3261; x_wconf 90' lang='lat' dir='ltr'><strong>de</strong></span> <span class='ocrx_word' id='word_1_785' title='bbox 3117 3223 3220 3277; x_wconf 85' lang='lat' dir='ltr'><strong>quo</strong></span> <span class='ocrx_word' id='word_1_786' title='bbox 3259 3217 3314 3263; x_wconf 86' lang='lat' dir='ltr'><strong>et</strong></span> <span class='ocrx_word' id='word_1_787' title='bbox 3357 3209 3470 3276; x_wconf 85' lang='lat' dir='ltr'><strong>ipse</strong></span> 
     </span>
    </p>
   </div>
   <div class='ocr_carea' id='block_1_95' title="bbox 1893 3298 3466 3373">
    <p class='ocr_par' dir='ltr' id='par_1_95' title="bbox 1893 3298 3466 3373">
     <span class='ocr_line' id='line_1_97' title="bbox 1893 3298 3466 3373; baseline -0.003 -17"><span class='ocrx_word' id='word_1_788' title='bbox 1893 3309 2322 3373; x_wconf 60' lang='lat' dir='ltr'><strong>praesumpserat.</strong></span> <span class='ocrx_word' id='word_1_789' title='bbox 2351 3298 2601 3367; x_wconf 87' lang='lat' dir='ltr'><strong>Quisquis</strong></span> <span class='ocrx_word' id='word_1_790' title='bbox 2627 3312 2754 3367; x_wconf 84' lang='lat' dir='ltr'><strong>ergo</strong></span> <span class='ocrx_word' id='word_1_791' title='bbox 2782 3298 2850 3351; x_wconf 86' lang='lat' dir='ltr'><strong>ita</strong></span> <span class='ocrx_word' id='word_1_792' title='bbox 2881 3312 2942 3352; x_wconf 88' lang='lat' dir='ltr'><strong>se</strong></span> <span class='ocrx_word' id='word_1_793' title='bbox 2971 3298 3341 3352; x_wconf 85' lang='lat' dir='ltr'><strong>commendare</strong></span> <span class='ocrx_word' id='word_1_794' title='bbox 3369 3312 3466 3351; x_wconf 81' lang='lat' dir='ltr'><strong>vo-</strong></span> 
     </span>
    </p>
   </div>
   <div class='ocr_carea' id='block_1_96' title="bbox 1897 3387 3469 3463">
    <p class='ocr_par' dir='ltr' id='par_1_96' title="bbox 1897 3387 3469 3463">
     <span class='ocr_line' id='line_1_98' title="bbox 1897 3387 3469 3463; baseline -0.005 -13"><span class='ocrx_word' id='word_1_795' title='bbox 1897 3393 2055 3450; x_wconf 85' lang='lat' dir='ltr'><strong>luerit</strong></span> <span class='ocrx_word' id='word_1_796' title='bbox 2075 3393 2303 3463; x_wconf 85' lang='lat' dir='ltr'><strong>populis,</strong></span> <span class='ocrx_word' id='word_1_797' title='bbox 2327 3400 2385 3446; x_wconf 91' lang='lat' dir='ltr'><strong>ut</strong></span> <span class='ocrx_word' id='word_1_798' title='bbox 2405 3391 2447 3444; x_wconf 92' lang='lat' dir='ltr'><strong>si</strong></span> <span class='ocrx_word' id='word_1_799' title='bbox 2471 3391 2606 3444; x_wconf 86' lang='lat' dir='ltr'><strong>forte</strong></span> <span class='ocrx_word' id='word_1_800' title='bbox 2624 3389 2901 3460; x_wconf 84' lang='lat' dir='ltr'><strong>contigerit</strong></span> <span class='ocrx_word' id='word_1_801' title='bbox 2921 3388 2969 3443; x_wconf 92' lang='lat' dir='ltr'><strong>ei</strong></span> <span class='ocrx_word' id='word_1_802' title='bbox 2991 3387 3179 3459; x_wconf 79' lang='lat' dir='ltr'><strong>aliquis</strong></span> <span class='ocrx_word' id='word_1_803' title='bbox 3194 3387 3469 3456; x_wconf 90' lang='lat' dir='ltr'><strong>tumultus,</strong></span> 
     </span>
    </p>
   </div>
   <div class='ocr_carea' id='block_1_97' title="bbox 1897 3477 3470 3554">
    <p class='ocr_par' dir='ltr' id='par_1_97' title="bbox 1897 3477 3470 3554">
     <span class='ocr_line' id='line_1_99' title="bbox 1897 3477 3470 3554; baseline -0.003 -16"><span class='ocrx_word' id='word_1_804' title='bbox 1897 3483 2100 3554; x_wconf 85' lang='lat' dir='ltr'><strong>frangat</strong></span> <span class='ocrx_word' id='word_1_805' title='bbox 2125 3491 2244 3553; x_wconf 90' lang='lat' dir='ltr'><strong>post</strong></span> <span class='ocrx_word' id='word_1_806' title='bbox 2266 3496 2326 3536; x_wconf 90' lang='lat' dir='ltr'><strong>se</strong></span> <span class='ocrx_word' id='word_1_807' title='bbox 2353 3479 2594 3552; x_wconf 89' lang='lat' dir='ltr'><strong>populos,</strong></span> <span class='ocrx_word' id='word_1_808' title='bbox 2627 3487 2681 3534; x_wconf 89' lang='lat' dir='ltr'><strong>et</strong></span> <span class='ocrx_word' id='word_1_809' title='bbox 2705 3477 2902 3533; x_wconf 86' lang='lat' dir='ltr'><strong>dividat</strong></span> <span class='ocrx_word' id='word_1_810' title='bbox 2931 3478 3216 3533; x_wconf 77' lang='lat' dir='ltr'><strong>Ecclesium</strong></span> <span class='ocrx_word' id='word_1_811' title='bbox 3246 3478 3470 3533; x_wconf 69' lang='lat' dir='ltr'><strong>catholi-</strong></span> 
     </span>
    </p>
   </div>
   <div class='ocr_carea' id='block_1_98' title="bbox 1895 3569 3476 3647">
    <p class='ocr_par' dir='ltr' id='par_1_98' title="bbox 1895 3569 3476 3647">
     <span class='ocr_line' id='line_1_100' title="bbox 1895 3569 3476 3647; baseline -0.006 -15"><span class='ocrx_word' id='word_1_812' title='bbox 1895 3592 2012 3632; x_wconf 87' lang='lat' dir='ltr'><strong>cam</strong></span> <span class='ocrx_word' id='word_1_813' title='bbox 2043 3585 2260 3647; x_wconf 88' lang='lat' dir='ltr'><strong>propter</strong></span> <span class='ocrx_word' id='word_1_814' title='bbox 2273 3588 2349 3636; x_wconf 89' lang='lat' dir='ltr'><strong>se,</strong></span> <span class='ocrx_word' id='word_1_815' title='bbox 2370 3587 2475 3627; x_wconf 90' lang='lat' dir='ltr'><strong>non</strong></span> <span class='ocrx_word' id='word_1_816' title='bbox 2504 3570 2670 3626; x_wconf 89' lang='lat' dir='ltr'><strong>estde</strong></span> <span class='ocrx_word' id='word_1_817' title='bbox 2699 3569 2803 3625; x_wconf 90' lang='lat' dir='ltr'><strong>illis</strong></span> <span class='ocrx_word' id='word_1_818' title='bbox 2832 3570 3098 3624; x_wconf 88' lang='lat' dir='ltr'><strong>montibus</strong></span> <span class='ocrx_word' id='word_1_819' title='bbox 3118 3585 3248 3640; x_wconf 89' lang='lat' dir='ltr'><strong>quos</strong></span> <span class='ocrx_word' id='word_1_820' title='bbox 3276 3570 3476 3626; x_wconf 83' lang='lat' dir='ltr'><strong>iilumi-</strong></span> 
     </span>
    </p>
   </div>
   <div class='ocr_carea' id='block_1_99' title="bbox 1899 3660 3474 3734">
    <p class='ocr_par' dir='ltr' id='par_1_99' title="bbox 1899 3660 3474 3734">
     <span class='ocr_line' id='line_1_101' title="bbox 1899 3660 3474 3734; baseline -0.003 -11"><span class='ocrx_word' id='word_1_821' title='bbox 1899 3677 1992 3723; x_wconf 85' lang='lat' dir='ltr'><strong>nat</strong></span> <span class='ocrx_word' id='word_1_822' title='bbox 2015 3663 2457 3722; x_wconf 80' lang='lat' dir='ltr'><strong>Altissimus.Sed</strong></span> <span class='ocrx_word' id='word_1_823' title='bbox 2484 3663 2602 3734; x_wconf 83' lang='lat' dir='ltr'><strong>quis</strong></span> <span class='ocrx_word' id='word_1_824' title='bbox 2618 3673 2700 3717; x_wconf 88' lang='lat' dir='ltr'><strong>est</strong></span> <span class='ocrx_word' id='word_1_825' title='bbox 2729 3662 2866 3716; x_wconf 86' lang='lat' dir='ltr'><strong>iste?</strong></span> <span class='ocrx_word' id='word_1_826' title='bbox 2889 3660 3308 3716; x_wconf 85' lang='lat' dir='ltr'><strong>Contenebratus</strong></span> <span class='ocrx_word' id='word_1_827' title='bbox 3335 3678 3364 3714; x_wconf 90' lang='lat' dir='ltr'><strong>a</strong></span> <span class='ocrx_word' id='word_1_828' title='bbox 3394 3677 3474 3724; x_wconf 83' lang='lat' dir='ltr'><strong>se.</strong></span> 
     </span>
    </p>
   </div>
   <div class='ocr_carea' id='block_1_100' title="bbox 1899 3751 3477 3822">
    <p class='ocr_par' dir='ltr' id='par_1_100' title="bbox 1899 3751 3477 3822">
     <span class='ocr_line' id='line_1_102' title="bbox 1899 3751 3477 3822; baseline -0.003 -9"><span class='ocrx_word' id='word_1_829' title='bbox 1899 3773 2006 3814; x_wconf 88' lang='lat' dir='ltr'><strong>non</strong></span> <span class='ocrx_word' id='word_1_830' title='bbox 2030 3756 2351 3811; x_wconf 89' lang='lat' dir='ltr'><strong>illuminatus</strong></span> <span class='ocrx_word' id='word_1_831' title='bbox 2375 3770 2406 3808; x_wconf 90' lang='lat' dir='ltr'><strong>a</strong></span> <span class='ocrx_word' id='word_1_832' title='bbox 2432 3753 2676 3808; x_wconf 88' lang='lat' dir='ltr'><strong>Domino.</strong></span> <span class='ocrx_word' id='word_1_833' title='bbox 2702 3751 2855 3808; x_wconf 85' lang='lat' dir='ltr'><strong>Unde</strong></span> <span class='ocrx_word' id='word_1_834' title='bbox 2879 3761 3054 3807; x_wconf 89' lang='lat' dir='ltr'><strong>autem</strong></span> <span class='ocrx_word' id='word_1_835' title='bbox 3082 3753 3371 3822; x_wconf 87' lang='lat' dir='ltr'><strong>probantur</strong></span> <span class='ocrx_word' id='word_1_836' title='bbox 3391 3753 3477 3809; x_wconf 90' lang='lat' dir='ltr'><strong>isti</strong></span> 
     </span>
    </p>
   </div>
   <div class='ocr_carea' id='block_1_101' title="bbox 1901 3842 3480 3914">
    <p class='ocr_par' dir='ltr' id='par_1_101' title="bbox 1901 3842 3480 3914">
     <span class='ocr_line' id='line_1_103' title="bbox 1901 3842 3480 3914; baseline -0.003 -11"><span class='ocrx_word' id='word_1_837' title='bbox 1901 3846 2147 3904; x_wconf 82' lang='lat' dir='ltr'><strong>montes?</strong></span> <span class='ocrx_word' id='word_1_838' title='bbox 2172 3846 2226 3901; x_wconf 89' lang='lat' dir='ltr'><strong>Si</strong></span> <span class='ocrx_word' id='word_1_839' title='bbox 2256 3846 2391 3899; x_wconf 90' lang='lat' dir='ltr'><strong>forte</strong></span> <span class='ocrx_word' id='word_1_840' title='bbox 2418 3842 2698 3914; x_wconf 86' lang='lat' dir='ltr'><strong>contigerit</strong></span> <span class='ocrx_word' id='word_1_841' title='bbox 2725 3843 2914 3912; x_wconf 86' lang='lat' dir='ltr'><strong>aliquis</strong></span> <span class='ocrx_word' id='word_1_842' title='bbox 2942 3844 3194 3896; x_wconf 87' lang='lat' dir='ltr'><strong>tuumltus</strong></span> <span class='ocrx_word' id='word_1_843' title='bbox 3223 3843 3480 3898; x_wconf 84' lang='lat' dir='ltr'><strong>adversus</strong></span> 
     </span>
    </p>
   </div>
   <div class='ocr_carea' id='block_1_102' title="bbox 1903 3934 3483 4003">
    <p class='ocr_par' dir='ltr' id='par_1_102' title="bbox 1903 3934 3483 4003">
     <span class='ocr_line' id='line_1_104' title="bbox 1903 3934 3483 4003; baseline -0.004 -10"><span class='ocrx_word' id='word_1_844' title='bbox 1903 3947 2109 3993; x_wconf 86' lang='lat' dir='ltr'><strong>montes</strong></span> <span class='ocrx_word' id='word_1_845' title='bbox 2164 3937 2218 3990; x_wconf 90' lang='lat' dir='ltr'><strong>in</strong></span> <span class='ocrx_word' id='word_1_846' title='bbox 2265 3935 2542 4000; x_wconf 86' lang='lat' dir='ltr'><strong>Ecclesia;</strong></span> <span class='ocrx_word' id='word_1_847' title='bbox 2599 3943 2690 3988; x_wconf 89' lang='lat' dir='ltr'><strong>aut</strong></span> <span class='ocrx_word' id='word_1_848' title='bbox 2730 3949 2825 4003; x_wconf 87' lang='lat' dir='ltr'><strong>per</strong></span> <span class='ocrx_word' id='word_1_849' title='bbox 2871 3936 3150 4003; x_wconf 85' lang='lat' dir='ltr'><strong>populares</strong></span> <span class='ocrx_word' id='word_1_850' title='bbox 3196 3934 3483 3989; x_wconf 85' lang='lat' dir='ltr'><strong>seditiones</strong></span> 
     </span>
    </p>
   </div>
   <div class='ocr_carea' id='block_1_103' title="bbox 1901 4025 3488 4096">
    <p class='ocr_par' dir='ltr' id='par_1_103' title="bbox 1901 4025 3488 4096">
     <span class='ocr_line' id='line_1_105' title="bbox 1901 4025 3488 4096; baseline -0.004 -11"><span class='ocrx_word' id='word_1_851' title='bbox 1901 4030 2214 4095; x_wconf 86' lang='lat' dir='ltr'><strong>carnalium,</strong></span> <span class='ocrx_word' id='word_1_852' title='bbox 2250 4037 2341 4082; x_wconf 90' lang='lat' dir='ltr'><strong>aut</strong></span> <span class='ocrx_word' id='word_1_853' title='bbox 2381 4042 2476 4096; x_wconf 89' lang='lat' dir='ltr'><strong>per</strong></span> <span class='ocrx_word' id='word_1_854' title='bbox 2515 4025 2718 4096; x_wconf 84' lang='lat' dir='ltr'><strong>aliquas</strong></span> <span class='ocrx_word' id='word_1_855' title='bbox 2757 4025 2918 4079; x_wconf 86' lang='lat' dir='ltr'><strong>falsas</strong></span> <span class='ocrx_word' id='word_1_856' title='bbox 2954 4025 3280 4096; x_wconf 75' lang='lat' dir='ltr'><strong>suspiciones</strong></span> <span class='ocrx_word' id='word_1_857' title='bbox 3312 4025 3488 4080; x_wconf 70' lang='lat' dir='ltr'><strong>homi-</strong></span> 
     </span>
    </p>
   </div>
   <div class='ocr_carea' id='block_1_104' title="bbox 1904 4115 3486 4186">
    <p class='ocr_par' dir='ltr' id='par_1_104' title="bbox 1904 4115 3486 4186">
     <span class='ocr_line' id='line_1_106' title="bbox 1904 4115 3486 4186; baseline -0.004 -11"><span class='ocrx_word' id='word_1_858' title='bbox 1904 4136 2074 4185; x_wconf 91' lang='lat' dir='ltr'><strong>num;</strong></span> <span class='ocrx_word' id='word_1_859' title='bbox 2127 4118 2296 4172; x_wconf 90' lang='lat' dir='ltr'><strong>bonus</strong></span> <span class='ocrx_word' id='word_1_860' title='bbox 2339 4130 2492 4172; x_wconf 88' lang='lat' dir='ltr'><strong>mons</strong></span> <span class='ocrx_word' id='word_1_861' title='bbox 2538 4115 2749 4185; x_wconf 89' lang='lat' dir='ltr'><strong>repellit</strong></span> <span class='ocrx_word' id='word_1_862' title='bbox 2797 4131 2828 4170; x_wconf 88' lang='lat' dir='ltr'><strong>a</strong></span> <span class='ocrx_word' id='word_1_863' title='bbox 2883 4130 2942 4169; x_wconf 91' lang='lat' dir='ltr'><strong>se</strong></span> <span class='ocrx_word' id='word_1_864' title='bbox 2989 4130 3175 4170; x_wconf 88' lang='lat' dir='ltr'><strong>omnes</strong></span> <span class='ocrx_word' id='word_1_865' title='bbox 3219 4117 3305 4186; x_wconf 91' lang='lat' dir='ltr'><strong>qui</strong></span> <span class='ocrx_word' id='word_1_866' title='bbox 3363 4131 3486 4184; x_wconf 83' lang='lat' dir='ltr'><strong>pro-</strong></span> 
     </span>
    </p>
   </div>
   <div class='ocr_carea' id='block_1_105' title="bbox 1907 4205 3488 4282">
    <p class='ocr_par' dir='ltr' id='par_1_105' title="bbox 1907 4205 3488 4282">
     <span class='ocr_line' id='line_1_107' title="bbox 1907 4205 3488 4282; baseline -0.003 -16"><span class='ocrx_word' id='word_1_867' title='bbox 1907 4221 2024 4282; x_wconf 91' lang='lat' dir='ltr'><strong>pter</strong></span> <span class='ocrx_word' id='word_1_868' title='bbox 2053 4211 2222 4280; x_wconf 89' lang='lat' dir='ltr'><strong>ipsum</strong></span> <span class='ocrx_word' id='word_1_869' title='bbox 2249 4208 2434 4263; x_wconf 76' lang='lat' dir='ltr'><strong>volunt</strong></span> <span class='ocrx_word' id='word_1_870' title='bbox 2459 4207 2527 4262; x_wconf 88' lang='lat' dir='ltr'><strong>ab</strong></span> <span class='ocrx_word' id='word_1_871' title='bbox 2553 4207 2756 4261; x_wconf 84' lang='lat' dir='ltr'><strong>unitate</strong></span> <span class='ocrx_word' id='word_1_872' title='bbox 2779 4205 3050 4261; x_wconf 88' lang='lat' dir='ltr'><strong>recedere.</strong></span> <span class='ocrx_word' id='word_1_873' title='bbox 3088 4206 3174 4260; x_wconf 90' lang='lat' dir='ltr'><strong>Sic</strong></span> <span class='ocrx_word' id='word_1_874' title='bbox 3202 4207 3342 4261; x_wconf 88' lang='lat' dir='ltr'><strong>enim</strong></span> <span class='ocrx_word' id='word_1_875' title='bbox 3374 4208 3488 4271; x_wconf 77' lang='lat' dir='ltr'><strong>ipse</strong></span> 
     </span>
    </p>
   </div>
   <div class='ocr_carea' id='block_1_106' title="bbox 1908 4295 3492 4367">
    <p class='ocr_par' dir='ltr' id='par_1_106' title="bbox 1908 4295 3492 4367">
     <span class='ocr_line' id='line_1_108' title="bbox 1908 4295 3492 4367; baseline -0.003 -10"><span class='ocrx_word' id='word_1_876' title='bbox 1908 4301 2145 4357; x_wconf 91' lang='lat' dir='ltr'><strong>manebit</strong></span> <span class='ocrx_word' id='word_1_877' title='bbox 2170 4299 2220 4353; x_wconf 93' lang='lat' dir='ltr'><strong>in</strong></span> <span class='ocrx_word' id='word_1_878' title='bbox 2251 4299 2470 4364; x_wconf 86' lang='lat' dir='ltr'><strong>unitate,</strong></span> <span class='ocrx_word' id='word_1_879' title='bbox 2497 4297 2542 4352; x_wconf 89' lang='lat' dir='ltr'><strong>si</strong></span> <span class='ocrx_word' id='word_1_880' title='bbox 2571 4305 2785 4367; x_wconf 89' lang='lat' dir='ltr'><strong>propter</strong></span> <span class='ocrx_word' id='word_1_881' title='bbox 2810 4297 2978 4364; x_wconf 90' lang='lat' dir='ltr'><strong>ipsum</strong></span> <span class='ocrx_word' id='word_1_882' title='bbox 3011 4311 3114 4349; x_wconf 91' lang='lat' dir='ltr'><strong>non</strong></span> <span class='ocrx_word' id='word_1_883' title='bbox 3143 4297 3308 4351; x_wconf 85' lang='lat' dir='ltr'><strong>divisa</strong></span> <span class='ocrx_word' id='word_1_884' title='bbox 3332 4295 3492 4352; x_wconf 88' lang='lat' dir='ltr'><strong>fuerit</strong></span> 
     </span>
    </p>
   </div>
   <div class='ocr_carea' id='block_1_107' title="bbox 1911 4387 3492 4463">
    <p class='ocr_par' dir='ltr' id='par_1_107' title="bbox 1911 4387 3492 4463">
     <span class='ocr_line' id='line_1_109' title="bbox 1911 4387 3492 4463; baseline -0.002 -15"><span class='ocrx_word' id='word_1_885' title='bbox 1911 4393 2024 4463; x_wconf 88' lang='lat' dir='ltr'><strong>ipsa</strong></span> <span class='ocrx_word' id='word_1_886' title='bbox 2051 4393 2240 4447; x_wconf 85' lang='lat' dir='ltr'><strong>unitas.</strong></span> <span class='ocrx_word' id='word_1_887' title='bbox 2283 4389 2364 4445; x_wconf 91' lang='lat' dir='ltr'><strong>llli</strong></span> <span class='ocrx_word' id='word_1_888' title='bbox 2389 4401 2563 4444; x_wconf 89' lang='lat' dir='ltr'><strong>autem</strong></span> <span class='ocrx_word' id='word_1_889' title='bbox 2595 4387 2750 4443; x_wconf 87' lang='lat' dir='ltr'><strong>divisi</strong></span> <span class='ocrx_word' id='word_1_890' title='bbox 2778 4398 2900 4443; x_wconf 88' lang='lat' dir='ltr'><strong>sunt</strong></span> <span class='ocrx_word' id='word_1_891' title='bbox 2924 4391 2984 4442; x_wconf 75' lang='grc' dir='ltr'>ἐ</span> <span class='ocrx_word' id='word_1_892' title='bbox 3027 4389 3236 4460; x_wconf 84' lang='lat' dir='ltr'><strong>quando</strong></span> <span class='ocrx_word' id='word_1_893' title='bbox 3272 4394 3492 4446; x_wconf 83' lang='lat' dir='ltr'><strong>recessit</strong></span> 
     </span>
    </p>
   </div>
   <div class='ocr_carea' id='block_1_108' title="bbox 1910 4475 3492 4556">
    <p class='ocr_par' dir='ltr' id='par_1_108' title="bbox 1910 4475 3492 4556">
     <span class='ocr_line' id='line_1_110' title="bbox 1910 4475 3492 4556; baseline -0.001 -20"><span class='ocrx_word' id='word_1_894' title='bbox 1910 4485 2134 4556; x_wconf 87' lang='lat' dir='ltr'><strong>populus</strong></span> <span class='ocrx_word' id='word_1_895' title='bbox 2157 4485 2226 4540; x_wconf 87' lang='lat' dir='ltr'><strong>ab</strong></span> <span class='ocrx_word' id='word_1_896' title='bbox 2253 4483 2382 4538; x_wconf 91' lang='lat' dir='ltr'><strong>orbe</strong></span> <span class='ocrx_word' id='word_1_897' title='bbox 2407 4493 2686 4543; x_wconf 85' lang='lat' dir='ltr'><strong>terrarum,</strong></span> <span class='ocrx_word' id='word_1_898' title='bbox 2719 4490 2773 4535; x_wconf 89' lang='lat' dir='ltr'><strong>et</strong></span> <span class='ocrx_word' id='word_1_899' title='bbox 2795 4492 3006 4535; x_wconf 84' lang='lat' dir='ltr'><strong>secutus</strong></span> <span class='ocrx_word' id='word_1_900' title='bbox 3031 4475 3327 4537; x_wconf 82' lang='lat' dir='ltr'><strong>estnomen</strong></span> <span class='ocrx_word' id='word_1_901' title='bbox 3348 4484 3492 4554; x_wconf 88' lang='lat' dir='ltr'><strong>ipso-</strong></span> 
     </span>
    </p>
   </div>
   <div class='ocr_carea' id='block_1_109' title="bbox 1911 4570 3489 4646">
    <p class='ocr_par' dir='ltr' id='par_1_109' title="bbox 1911 4570 3489 4646">
     <span class='ocr_line' id='line_1_111' title="bbox 1911 4570 3489 4646; baseline -0.003 -15"><span class='ocrx_word' id='word_1_902' title='bbox 1911 4592 2028 4632; x_wconf 91' lang='lat' dir='ltr'><strong>rum</strong></span> <span class='ocrx_word' id='word_1_903' title='bbox 2050 4617 2064 4641; x_wconf 89' lang='lat'><strong>,</strong></span> <span class='ocrx_word' id='word_1_904' title='bbox 2092 4575 2260 4646; x_wconf 85' lang='lat' dir='ltr'><strong>gavisi</strong></span> <span class='ocrx_word' id='word_1_905' title='bbox 2300 4583 2449 4638; x_wconf 91' lang='lat' dir='ltr'><strong>sunt;</strong></span> <span class='ocrx_word' id='word_1_906' title='bbox 2479 4572 2602 4627; x_wconf 88' lang='lat' dir='ltr'><strong>elati</strong></span> <span class='ocrx_word' id='word_1_907' title='bbox 2630 4579 2772 4636; x_wconf 88' lang='lat' dir='ltr'><strong>sunt,</strong></span> <span class='ocrx_word' id='word_1_908' title='bbox 2807 4581 2860 4626; x_wconf 87' lang='lat' dir='ltr'><strong>et</strong></span> <span class='ocrx_word' id='word_1_909' title='bbox 2902 4570 3090 4640; x_wconf 73' lang='lat' dir='ltr'><strong>dejet&#39;li</strong></span> <span class='ocrx_word' id='word_1_910' title='bbox 3122 4584 3260 4626; x_wconf 88' lang='lat' dir='ltr'><strong>sunt.</strong></span> <span class='ocrx_word' id='word_1_911' title='bbox 3304 4571 3489 4627; x_wconf 85' lang='lat' dir='ltr'><strong>ﬂumi—</strong></span> 
     </span>
    </p>
   </div>
   <div class='ocr_carea' id='block_1_110' title="bbox 1914 4661 3499 4732">
    <p class='ocr_par' dir='ltr' id='par_1_110' title="bbox 1914 4661 3499 4732">
     <span class='ocr_line' id='line_1_112' title="bbox 1914 4661 3499 4732; baseline -0.007 -10"><span class='ocrx_word' id='word_1_912' title='bbox 1914 4670 2196 4731; x_wconf 87' lang='lat' dir='ltr'><strong>liarentur,</strong></span> <span class='ocrx_word' id='word_1_913' title='bbox 2228 4674 2282 4721; x_wconf 89' lang='lat' dir='ltr'><strong>et</strong></span> <span class='ocrx_word' id='word_1_914' title='bbox 2318 4664 2713 4727; x_wconf 80' lang='lat' dir='ltr'><strong>exaltarentur,</strong></span> <span class='ocrx_word' id='word_1_915' title='bbox 2758 4662 3027 4732; x_wconf 87' lang='lat' dir='ltr'><strong>quomodo</strong></span> <span class='ocrx_word' id='word_1_916' title='bbox 3070 4661 3371 4716; x_wconf 88' lang='lat' dir='ltr'><strong>humiliatus</strong></span> <span class='ocrx_word' id='word_1_917' title='bbox 3415 4673 3499 4715; x_wconf 70' lang='lat' dir='ltr'><strong>est</strong></span> 
     </span>
    </p>
   </div>
   <div class='ocr_carea' id='block_1_111' title="bbox 1915 4752 3500 4830">
    <p class='ocr_par' dir='ltr' id='par_1_111' title="bbox 1915 4752 3500 4830">
     <span class='ocr_line' id='line_1_113' title="bbox 1915 4752 3500 4830; baseline -0.004 -16"><span class='ocrx_word' id='word_1_918' title='bbox 1915 4760 2237 4830; x_wconf 84' lang='lat' dir='ltr'><strong>Apostolus,</strong></span> <span class='ocrx_word' id='word_1_919' title='bbox 2265 4757 2484 4812; x_wconf 88' lang='lat' dir='ltr'><strong>dicens:</strong></span> <span class='ocrx_word' id='word_1_920' title='bbox 2526 4753 2792 4822; x_wconf 85' lang='lat' dir='ltr'><strong>Numquid</strong></span> <span class='ocrx_word' id='word_1_921' title='bbox 2820 4752 3015 4809; x_wconf 85' lang='lat' dir='ltr'><strong>Paulus</strong></span> <span class='ocrx_word' id='word_1_922' title='bbox 3055 4771 3145 4824; x_wconf 85' lang='lat' dir='ltr'><strong>pro</strong></span> <span class='ocrx_word' id='word_1_923' title='bbox 3169 4756 3304 4809; x_wconf 71' lang='lat' dir='ltr'><strong>vobis</strong></span> <span class='ocrx_word' id='word_1_924' title='bbox 3331 4757 3500 4810; x_wconf 85' lang='lat' dir='ltr'><strong>cruci-</strong></span> 
     </span>
    </p>
   </div>
   <div class='ocr_carea' id='block_1_112' title="bbox 1916 4845 3503 4923">
    <p class='ocr_par' dir='ltr' id='par_1_112' title="bbox 1916 4845 3503 4923">
     <span class='ocr_line' id='line_1_114' title="bbox 1916 4845 3503 4923; baseline -0.004 -18"><span class='ocrx_word' id='word_1_925' title='bbox 1916 4855 2052 4923; x_wconf 71' lang='lat' dir='ltr'><strong>ﬁxus</strong></span> <span class='ocrx_word' id='word_1_926' title='bbox 2085 4852 2192 4905; x_wconf 79' lang='lat' dir='ltr'><strong>est?</strong></span> <span class='ocrx_word' id='word_1_927' title='bbox 2233 4858 2286 4904; x_wconf 88' lang='lat' dir='ltr'><strong>et</strong></span> <span class='ocrx_word' id='word_1_928' title='bbox 2323 4849 2428 4902; x_wconf 89' lang='lat' dir='ltr'><strong>alio</strong></span> <span class='ocrx_word' id='word_1_929' title='bbox 2457 4848 2608 4902; x_wconf 91' lang='lat' dir='ltr'><strong>loco:</strong></span> <span class='ocrx_word' id='word_1_930' title='bbox 2658 4845 2768 4916; x_wconf 84' lang='lat' dir='ltr'><strong>Ego</strong></span> <span class='ocrx_word' id='word_1_931' title='bbox 2797 4846 3041 4915; x_wconf 79' lang='lat' dir='ltr'><strong>plantaci,</strong></span> <span class='ocrx_word' id='word_1_932' title='bbox 3071 4847 3254 4918; x_wconf 74' lang='lat' dir='ltr'><strong>Apollo</strong></span> <span class='ocrx_word' id='word_1_933' title='bbox 3280 4848 3458 4919; x_wconf 77' lang='lat' dir='ltr'><strong>rigavit</strong></span> <span class='ocrx_word' id='word_1_934' title='bbox 3483 4863 3503 4913; x_wconf 84' lang='lat'><strong>;</strong></span> 
     </span>
    </p>
   </div>
   <div class='ocr_carea' id='block_1_113' title="bbox 1917 4935 3502 5009">
    <p class='ocr_par' dir='ltr' id='par_1_113' title="bbox 1917 4935 3502 5009">
     <span class='ocr_line' id='line_1_115' title="bbox 1917 4935 3502 5009; baseline -0.003 -12"><span class='ocrx_word' id='word_1_935' title='bbox 1917 4943 2008 4998; x_wconf 84' lang='lat' dir='ltr'><strong>sed</strong></span> <span class='ocrx_word' id='word_1_936' title='bbox 2051 4941 2186 4995; x_wconf 88' lang='lat' dir='ltr'><strong>Deus</strong></span> <span class='ocrx_word' id='word_1_937' title='bbox 2229 4941 2582 4994; x_wconf 75' lang='lat' dir='ltr'><strong>incrmentum</strong></span> <span class='ocrx_word' id='word_1_938' title='bbox 2628 4935 2784 4991; x_wconf 83' lang='lat' dir='ltr'><strong>dedit.</strong></span> <span class='ocrx_word' id='word_1_939' title='bbox 2838 4936 2978 5008; x_wconf 84' lang='lat' dir='ltr'><strong>Ergo</strong></span> <span class='ocrx_word' id='word_1_940' title='bbox 3020 4954 3178 5008; x_wconf 79' lang='lat' dir='ltr'><strong>neque</strong></span> <span class='ocrx_word' id='word_1_941' title='bbox 3216 4939 3303 5009; x_wconf 76' lang='lat' dir='ltr'><strong>qui</strong></span> <span class='ocrx_word' id='word_1_942' title='bbox 3350 4939 3502 5009; x_wconf 77' lang='lat' dir='ltr'><strong>plan-</strong></span> 
     </span>
    </p>
   </div>
   <div class='ocr_carea' id='block_1_114' title="bbox 1920 5029 3506 5101">
    <p class='ocr_par' dir='ltr' id='par_1_114' title="bbox 1920 5029 3506 5101">
     <span class='ocr_line' id='line_1_116' title="bbox 1920 5029 3506 5101; baseline -0.004 -13"><span class='ocrx_word' id='word_1_943' title='bbox 1920 5044 1991 5088; x_wconf 88' lang='lat' dir='ltr'><strong>tat</strong></span> <span class='ocrx_word' id='word_1_944' title='bbox 2028 5042 2100 5088; x_wconf 85' lang='lat' dir='ltr'><strong>cst</strong></span> <span class='ocrx_word' id='word_1_945' title='bbox 2147 5030 2336 5100; x_wconf 83' lang='lat' dir='ltr'><strong>aliquid</strong></span> <span class='ocrx_word' id='word_1_946' title='bbox 2358 5073 2374 5097; x_wconf 94' lang='lat'><strong>,</strong></span> <span class='ocrx_word' id='word_1_947' title='bbox 2411 5045 2567 5100; x_wconf 84' lang='lat' dir='ltr'><strong>neque</strong></span> <span class='ocrx_word' id='word_1_948' title='bbox 2607 5030 2693 5101; x_wconf 85' lang='lat' dir='ltr'><strong>qui</strong></span> <span class='ocrx_word' id='word_1_949' title='bbox 2739 5030 2909 5099; x_wconf 76' lang='lat' dir='ltr'><strong>rigat,-</strong></span> <span class='ocrx_word' id='word_1_950' title='bbox 2956 5029 3046 5083; x_wconf 86' lang='lat' dir='ltr'><strong>sed</strong></span> <span class='ocrx_word' id='word_1_951' title='bbox 3091 5030 3180 5100; x_wconf 87' lang='lat' dir='ltr'><strong>qui</strong></span> <span class='ocrx_word' id='word_1_952' title='bbox 3224 5031 3506 5085; x_wconf 66' lang='lat' dir='ltr'><strong>intremen-</strong></span> 
     </span>
    </p>
   </div>
   <div class='ocr_carea' id='block_1_115' title="bbox 1921 5118 3508 5192">
    <p class='ocr_par' dir='ltr' id='par_1_115' title="bbox 1921 5118 3508 5192">
     <span class='ocr_line' id='line_1_117' title="bbox 1921 5118 3508 5192; baseline -0.001 -14"><span class='ocrx_word' id='word_1_953' title='bbox 1921 5134 2024 5179; x_wconf 88' lang='lat' dir='ltr'><strong>tum</strong></span> <span class='ocrx_word' id='word_1_954' title='bbox 2069 5124 2156 5176; x_wconf 86' lang='lat' dir='ltr'><strong>dat</strong></span> <span class='ocrx_word' id='word_1_955' title='bbox 2188 5122 2327 5176; x_wconf 86' lang='lat' dir='ltr'><strong>Deus</strong></span> <span class='ocrx_word' id='word_1_956' title='bbox 2354 5119 2536 5192; x_wconf 66' lang='lat' dir='ltr'><strong>(Ibid,</strong></span> <span class='ocrx_word' id='word_1_957' title='bbox 2568 5136 2622 5175; x_wconf 91' lang='lat' dir='ltr'><strong>m</strong></span> <span class='ocrx_word' id='word_1_958' title='bbox 2642 5161 2657 5183; x_wconf 90' lang='lat'><strong>,</strong></span> <span class='ocrx_word' id='word_1_959' title='bbox 2688 5120 2723 5173; x_wconf 84' lang='lat'><strong>6</strong></span> <span class='ocrx_word' id='word_1_960' title='bbox 2751 5131 2795 5172; x_wconf 76' lang='lat' dir='ltr'><strong>el</strong></span> <span class='ocrx_word' id='word_1_961' title='bbox 2826 5120 2902 5190; x_wconf 79' lang='lat'><strong>7).</strong></span> <span class='ocrx_word' id='word_1_962' title='bbox 2935 5118 3093 5175; x_wconf 82' lang='lat' dir='ltr'><strong>Tales</strong></span> <span class='ocrx_word' id='word_1_963' title='bbox 3120 5132 3327 5176; x_wconf 86' lang='lat' dir='ltr'><strong>montes</strong></span> <span class='ocrx_word' id='word_1_964' title='bbox 3367 5121 3417 5175; x_wconf 88' lang='lat' dir='ltr'><strong>in</strong></span> <span class='ocrx_word' id='word_1_965' title='bbox 3448 5138 3508 5177; x_wconf 87' lang='lat' dir='ltr'><strong>se</strong></span> 
     </span>
    </p>
   </div>
   <div class='ocr_carea' id='block_1_116' title="bbox 1923 5211 3506 5283">
    <p class='ocr_par' dir='ltr' id='par_1_116' title="bbox 1923 5211 3506 5283">
     <span class='ocr_line' id='line_1_118' title="bbox 1923 5211 3506 5283; baseline -0.001 -13"><span class='ocrx_word' id='word_1_966' title='bbox 1923 5216 2151 5271; x_wconf 89' lang='lat' dir='ltr'><strong>humiles</strong></span> <span class='ocrx_word' id='word_1_967' title='bbox 2193 5221 2336 5277; x_wconf 82' lang='lat' dir='ltr'><strong>sunt,</strong></span> <span class='ocrx_word' id='word_1_968' title='bbox 2389 5213 2440 5266; x_wconf 90' lang='lat' dir='ltr'><strong>in</strong></span> <span class='ocrx_word' id='word_1_969' title='bbox 2491 5212 2597 5265; x_wconf 89' lang='lat' dir='ltr'><strong>Deo</strong></span> <span class='ocrx_word' id='word_1_970' title='bbox 2640 5211 2834 5266; x_wconf 81' lang='lat' dir='ltr'><strong>excelsi</strong></span> <span class='ocrx_word' id='word_1_971' title='bbox 2879 5221 3040 5275; x_wconf 89' lang='lat' dir='ltr'><strong>sunt;</strong></span> <span class='ocrx_word' id='word_1_972' title='bbox 3095 5213 3184 5283; x_wconf 89' lang='lat' dir='ltr'><strong>qui</strong></span> <span class='ocrx_word' id='word_1_973' title='bbox 3224 5221 3404 5268; x_wconf 83' lang='lat' dir='ltr'><strong>autem</strong></span> <span class='ocrx_word' id='word_1_974' title='bbox 3454 5217 3506 5268; x_wconf 91' lang='lat' dir='ltr'><strong>in</strong></span> 
     </span>
    </p>
   </div>
   <div class='ocr_carea' id='block_1_117' title="bbox 1924 5301 3510 5377">
    <p class='ocr_par' dir='ltr' id='par_1_117' title="bbox 1924 5301 3510 5377">
     <span class='ocr_line' id='line_1_119' title="bbox 1924 5301 3510 5377; baseline -0.003 -15"><span class='ocrx_word' id='word_1_975' title='bbox 1924 5307 2114 5377; x_wconf 86' lang='lat' dir='ltr'><strong>seipsis</strong></span> <span class='ocrx_word' id='word_1_976' title='bbox 2142 5303 2338 5360; x_wconf 78' lang='lat' dir='ltr'><strong>excelsi</strong></span> <span class='ocrx_word' id='word_1_977' title='bbox 2366 5312 2509 5366; x_wconf 90' lang='lat' dir='ltr'><strong>sunt,</strong></span> <span class='ocrx_word' id='word_1_978' title='bbox 2537 5316 2566 5355; x_wconf 91' lang='lat' dir='ltr'><strong>a</strong></span> <span class='ocrx_word' id='word_1_979' title='bbox 2597 5301 2703 5355; x_wconf 88' lang='lat' dir='ltr'><strong>Deo</strong></span> <span class='ocrx_word' id='word_1_980' title='bbox 2730 5301 3113 5356; x_wconf 88' lang='lat' dir='ltr'><strong>humiliantur:</strong></span> <span class='ocrx_word' id='word_1_981' title='bbox 3143 5302 3396 5370; x_wconf 83' lang='lat' dir='ltr'><strong>Quoniam</strong></span> <span class='ocrx_word' id='word_1_982' title='bbox 3423 5305 3510 5371; x_wconf 82' lang='lat' dir='ltr'><strong>qui</strong></span> 
     </span>
    </p>
   </div>
   <div class='ocr_carea' id='block_1_118' title="bbox 1925 5393 3512 5464">
    <p class='ocr_par' dir='ltr' id='par_1_118' title="bbox 1925 5393 3512 5464">
     <span class='ocr_line' id='line_1_120' title="bbox 1925 5393 3512 5464; baseline -0.003 -10"><span class='ocrx_word' id='word_1_983' title='bbox 1925 5417 1978 5454; x_wconf 89' lang='lat' dir='ltr'><strong>se</strong></span> <span class='ocrx_word' id='word_1_984' title='bbox 2005 5399 2211 5461; x_wconf 68' lang='lat' dir='ltr'><strong>exultat,</strong></span> <span class='ocrx_word' id='word_1_985' title='bbox 2246 5395 2627 5458; x_wconf 73' lang='lat' dir='ltr'><strong>humiliabitur,‘</strong></span> <span class='ocrx_word' id='word_1_986' title='bbox 2656 5404 2702 5446; x_wconf 92' lang='lat' dir='ltr'><strong>et</strong></span> <span class='ocrx_word' id='word_1_987' title='bbox 2729 5395 2813 5464; x_wconf 87' lang='lat' dir='ltr'><strong>qui</strong></span> <span class='ocrx_word' id='word_1_988' title='bbox 2838 5410 2891 5447; x_wconf 90' lang='lat' dir='ltr'><strong>se</strong></span> <span class='ocrx_word' id='word_1_989' title='bbox 2919 5393 3179 5461; x_wconf 74' lang='lat' dir='ltr'><strong>huntiliat,</strong></span> <span class='ocrx_word' id='word_1_990' title='bbox 3207 5397 3512 5451; x_wconf 66' lang='lat' dir='ltr'><strong>exaltabitur</strong></span> 
     </span>
    </p>
   </div>
   <div class='ocr_carea' id='block_1_119' title="bbox 1933 5483 3522 5560">
    <p class='ocr_par' dir='ltr' id='par_1_119' title="bbox 1933 5483 3522 5560">
     <span class='ocr_line' id='line_1_121' title="bbox 1933 5483 3522 5560; baseline -0.002 -16"><span class='ocrx_word' id='word_1_991' title='bbox 1933 5490 2082 5560; x_wconf 88' lang='lat' dir='ltr'><strong>(Luc.</strong></span> <span class='ocrx_word' id='word_1_992' title='bbox 2109 5504 2230 5553; x_wconf 77' lang='lat' dir='ltr'><strong>xw,</strong></span> <span class='ocrx_word' id='word_1_993' title='bbox 2265 5487 2376 5557; x_wconf 80' lang='lat' dir='ltr'><strong>ll).</strong></span> <span class='ocrx_word' id='word_1_994' title='bbox 2409 5485 2532 5541; x_wconf 86' lang='lat' dir='ltr'><strong>Ideo</strong></span> <span class='ocrx_word' id='word_1_995' title='bbox 2577 5485 2711 5538; x_wconf 82' lang='lat' dir='ltr'><strong>tales</strong></span> <span class='ocrx_word' id='word_1_996' title='bbox 2738 5483 2827 5553; x_wconf 89' lang='lat' dir='ltr'><strong>qui</strong></span> <span class='ocrx_word' id='word_1_997' title='bbox 2868 5484 3143 5554; x_wconf 84' lang='lat' dir='ltr'><strong>superhias</strong></span> <span class='ocrx_word' id='word_1_998' title='bbox 3186 5501 3311 5542; x_wconf 77' lang='lat' dir='ltr'><strong>suas</strong></span> <span class='ocrx_word' id='word_1_999' title='bbox 3337 5496 3522 5542; x_wconf 83' lang='lat' dir='ltr'><strong>atten-</strong></span> 
     </span>
    </p>
   </div>
   <div class='ocr_carea' id='block_1_120' title="bbox 1997 5658 3526 5726">
    <p class='ocr_par' dir='ltr' id='par_1_120' title="bbox 1997 5658 3526 5726">
     <span class='ocr_line' id='line_1_122' title="bbox 1997 5658 3526 5726; baseline -0.001 -14"><span class='ocrx_word' id='word_1_1000' title='bbox 1997 5668 2013 5699; x_wconf 82' lang='grc' dir='ltr'><strong>ι</strong></span> <span class='ocrx_word' id='word_1_1001' title='bbox 2043 5665 2176 5723; x_wconf 70' lang='grc' dir='ltr'><strong>ωδ..</strong></span> <span class='ocrx_word' id='word_1_1002' title='bbox 2199 5669 2248 5715; x_wconf 85' lang='lat' dir='ltr'><strong>et</strong></span> <span class='ocrx_word' id='word_1_1003' title='bbox 2269 5675 2380 5714; x_wconf 74' lang='lat' dir='ltr'><strong>cum</strong></span> <span class='ocrx_word' id='word_1_1004' title='bbox 2403 5661 2554 5713; x_wconf 80' lang='lat' dir='ltr'><strong>lueret</strong></span> <span class='ocrx_word' id='word_1_1005' title='bbox 2584 5658 2675 5710; x_wconf 80' lang='lat' dir='ltr'><strong>illi.</strong></span> <span class='ocrx_word' id='word_1_1006' title='bbox 2714 5667 2772 5710; x_wconf 80' lang='grc' dir='ltr'>Αι</span> <span class='ocrx_word' id='word_1_1007' title='bbox 2792 5665 2925 5719; x_wconf 67' lang='lat' dir='ltr'><strong>uss,</strong></span> <span class='ocrx_word' id='word_1_1008' title='bbox 2945 5658 3044 5712; x_wconf 80' lang='lat' dir='ltr'><strong>illis</strong></span> <span class='ocrx_word' id='word_1_1009' title='bbox 3064 5672 3085 5713; x_wconf 89' lang='lat'><strong>:</strong></span> <span class='ocrx_word' id='word_1_1010' title='bbox 3104 5661 3332 5726; x_wconf 78' lang='lat' dir='ltr'><strong>subsud.,</strong></span> <span class='ocrx_word' id='word_1_1011' title='bbox 3353 5665 3526 5716; x_wconf 78' lang='lat' dir='ltr'><strong>monti.</strong></span> 
     </span>
    </p>
   </div>
   <div class='ocr_carea' id='block_1_121' title="bbox 1932 5731 2984 5848">
    <p class='ocr_par' dir='ltr' id='par_1_121' title="bbox 1932 5731 2984 5848">
     <span class='ocr_line' id='line_1_123' title="bbox 1932 5731 2984 5848; baseline -0.007 -9"><span class='ocrx_word' id='word_1_1012' title='bbox 1932 5731 2252 5848; x_wconf 50' lang='lat' dir='ltr'><strong>“inustum</strong></span> <span class='ocrx_word' id='word_1_1013' title='bbox 2273 5791 2400 5848; x_wconf 71' lang='lat' dir='ltr'><strong>llas,</strong></span> <span class='ocrx_word' id='word_1_1014' title='bbox 2422 5781 2668 5835; x_wconf 79' lang='lat' dir='ltr'><strong>illiautem</strong></span> <span class='ocrx_word' id='word_1_1015' title='bbox 2687 5780 2840 5848; x_wconf 59' lang='lat' dir='ltr'><strong>gavisi</strong></span> <span class='ocrx_word' id='word_1_1016' title='bbox 2856 5788 2984 5834; x_wconf 70' lang='lat' dir='ltr'><strong>utut.</strong></span> 
     </span>
    </p>
   </div>
  </div>
