3990 6350
477 320 583 377 963

474 439 627 503 dunt,
671 434 1016 492 inamaricant
1058 431 1357 490 hominibus
1408 430 1642 502 paciﬁcis
1690 431 1743 485 in
1793 429 2051 486 Ecclesia.

476 528 555 583 illi
583 528 765 582 volunt
786 525 1066 595 coagulare
1096 538 1319 594 pacem;
1347 523 1433 578 isti
1461 524 1598 577 inter
1616 536 1675 577 se
1700 522 1924 577 miscent
1948 520 2057 575 dis-

472 622 798 679 sensionem.
846 619 911 675 Et
937 617 1061 689 quid
1089 616 1156 672 de
1200 614 1302 671 illis
1328 614 1456 670 dicit
1488 614 1624 669 alius
1651 613 1924 682 psalmus?
1955 612 2057 676 Qui

472 712 771 777 amaricant,
798 726 898 764 non
926 708 1207 763 excitentur
1239 706 1292 759 in
1319 703 1595 775 semetipsis
1624 703 1790 773 (Psal.
1822 718 1946 766 va,
1975 703 2052 774 7).

473 803 780 859 Illuminans
811 810 886 869 tu,
915 797 1130 854 attende
1155 797 1260 864 hic,
1292 805 1346 849 tu
1370 795 1733 848 admirabiliter
1755 812 1787 847 a
1807 794 2055 848 utentibus

471 894 687 949 aeternis.

541 984 593 1040 9.
636 981 799 1055 Iners.
826 978 915 1054 6.]
937 978 1226 1035 Conturbati
1248 987 1363 1032 sunt
1383 993 1553 1031 omnes
1572 975 1859 1045 insipientes
1883 974 2052 1030 corde.

458 1074 762 1129 .Prtedicata
785 1081 868 1125 est
895 1071 1109 1136 veritas,
1136 1068 1270 1124 dieta
1298 1078 1379 1122 est
1407 1076 1601 1121 aeterna
1629 1066 1733 1141 vita
1758 1083 1773 1131 ;
1802 1066 1940 1120 dicta
1969 1073 2055 1122 est

468 1178 591 1218 esse
613 1164 711 1219 alia
745 1150 851 1217 vita
876 1176 995 1232 qua:
1034 1175 1137 1214 non
1166 1158 1333 1213 estde
1364 1158 1460 1212 ista
1493 1170 1631 1212 terra
1658 1174 1670 1209 :
1717 1169 2054 1226 contempse-

473 1264 598 1310 runt
627 1254 866 1308 homines
893 1252 1050 1306 vitam
1094 1261 1404 1321 pra-sentem
1427 1291 1441 1315 ,
1472 1259 1525 1303 et
1553 1256 1861 1302 amaverunt
1889 1246 2051 1301 vitam

470 1348 720 1411 futuram,
755 1343 1025 1398 illuminati
1058 1359 1151 1412 per
1177 1353 1382 1395 montes
1415 1341 1757 1393 illuminatos.
1790 1338 2049 1410 [nsipien-

469 1447 541 1490 tes
566 1446 743 1490 autem
782 1433 929 1488 corde
955 1433 1238 1486 conturbati
1272 1443 1408 1484 sunt.
1451 1430 1728 1496 Quomodo
1770 1430 2052 1482 conturbati

464 1530 621 1584 sunt?
645 1530 777 1582 Cum
813 1526 1153 1597 Evangelium
1198 1525 1533 1595 pnedicatur.
1564 1523 1631 1577 Et
1672 1521 1797 1591 quid
1825 1533 1901 1575 est
1945 1522 2049 1576 vita

466 1618 701 1674 acterna?
729 1628 783 1673 et
807 1618 926 1688 quis
954 1626 1036 1671 eSt
1062 1615 1149 1684 qui
1185 1613 1475 1668 resurrexit
1509 1627 1537 1665 a
1576 1610 1835 1665 mortuis?
1863 1611 2047 1665 Admi-

465 1714 564 1767 rati
615 1720 739 1767 sunt
780 1709 1153 1773 Athenienses,
1195 1706 1442 1774 loquente
1488 1703 1654 1759 Paulo
1702 1703 1942 1773 apostolo
1981 1701 2049 1757 de

466 1805 853 1861 resurrectione
878 1812 1206 1857 mortuorum
1232 1840 1247 1865 ,
1279 1808 1331 1853 et
1376 1807 1690 1869 putaverunt
1716 1812 1837 1850 cum
1867 1796 2049 1851 nescio

462 1915 598 1969 quas
624 1897 826 1952 fabulas
854 1894 1031 1950 dicere
1060 1893 1199 1962 (Act.
1230 1907 1336 1946 xvu
1358 1932 1373 1956 ,
1406 1891 1506 1953 l8,
1538 1888 1651 1959 3'2).
1681 1888 1787 1944 Sed
1814 1888 1935 1957 quia
1962 1887 2047 1941 di-

463 1993 619 2048 cebat
652 2006 772 2046 esse
809 1988 962 2043 aliam
1003 1987 1200 2049 vitam,
1230 2000 1387 2055 quam
1419 1998 1517 2039 nec
1542 1984 1725 2038 oculus
1755 1981 1917 2044 vidit,
1949 1997 2048 2037 nec

462 2084 609 2138 auris
649 2081 867 2148 audivit,
914 2094 1013 2135 nec
1057 2079 1110 2132 in
1157 2093 1250 2132 cor
1295 2076 1522 2129 hominis
1570 2073 1807 2128 ascendit
1860 2073 1899 2143 (1
1921 2071 2042 2130 Cor.

462 2192 497 2231 ιι
520 2218 533 2239 ,
566 2174 644 2246 9),
673 2188 800 2243 ergo
822 2171 1113 2241 insipientes
1132 2169 1281 2223 corde
1310 2166 1495 2221 turbati
1514 2175 1648 2220 sunt.
1678 2164 1785 2219 Sed
1816 2162 1941 2233 quid
1967 2164 2047 2218 eis

397 2280 400 2284 λ
459 2266 716 2337 contigit?
742 2265 1065 2318 Dormierunt
1086 2276 1316 2314 somnum
1336 2275 1502 2323 suum,
1530 2267 1577 2312 et
1602 2256 1727 2311 nihil
1754 2259 2048 2310 invenerunt

458 2376 634 2414 onmes
677 2357 772 2411 viri
825 2355 1111 2409 divitiarum
1157 2354 1210 2406 in
1258 2350 1485 2404 manibus
1534 2348 1661 2404 suis.
1719 2349 2047 2403 Antavet‘uut

460 2449 740 2520 przescntia
760 2490 775 2512 ,
803 2457 856 2501 et
880 2446 1211 2500 dormierunt
1237 2443 1286 2496 in
1316 2441 1445 2512 ipsis
1474 2426 1821 2510 prmscntibus
1845 2453 1859 2504 ;
1888 2444 1944 2493 et
1968 2437 2046 2493 sic

457 2540 564 2595 illis
595 2540 727 2593 facta
751 2544 873 2592 sunt
901 2535 1012 2604 ipsa
1043 2533 1318 2604 praesentia
1347 2529 1595 2585 deliciosa
1619 2545 1633 2581 :
1657 2525 1924 2599 quomodo
1953 2527 2044 2596 qui

460 2630 604 2685 videt
644 2643 737 2698 per
776 2624 1041 2682 somnium
1087 2622 1352 2677 invenisse
1393 2633 1453 2675 se
1494 2620 1791 2681 thesauros,
1841 2614 2043 2671 tamdiu

458 2726 608 2782 dives
633 2732 734 2787 est,
761 2719 1011 2792 quamdiu
1039 2734 1145 2772 non
1175 2715 1405 2788 evigilet.
1428 2712 1702 2771 Somnium
1731 2710 1877 2767 illum
1903 2709 2043 2767 divi-

453 2826 567 2874 tem
613 2816 772 2880 fecit;
827 2811 1092 2883 evigilatio
1135 2822 1424 2881 pauperem
1469 2803 1610 2860 facit.
1659 2802 1851 2859 Tenuit
1891 2800 2039 2858 illum

452 2922 678 2963 somnus
706 2904 930 2959 fortasse
967 2901 1019 2957 in
1051 2910 1189 2956 terra
1216 2894 1603 2961 dormientem,
1631 2902 1687 2950 et
1714 2894 1766 2949 in
1796 2891 1934 2949 duro
1951 2893 2040 2963 ja-

454 3008 690 3064 sentem,
734 3008 1018 3065 pauperem
1072 3001 1127 3047 et
1168 2989 1305 3047 forte
1352 2986 1687 3050 mendicum;
1731 2984 1782 3039 iu
1837 2984 2041 3039 somnis

458 3091 589 3147 vidit
612 3104 676 3145 se
700 3089 878 3156 jacere
904 3086 957 3140 in
982 3084 1121 3140 lecto
1160 3082 1397 3137 eburneo
1423 3079 1503 3136 vel
1533 3092 1696 3133 aureo
1715 3120 1729 3141 ,
1761 3077 1890 3132 etin
1925 3076 2042 3147 plu-

460 3184 561 3237 mis
583 3182 599 3213 ¹
622 3180 778 3235 altius
798 3175 1117 3234 exstructis:
1140 3169 1395 3244 quamdiu
1415 3169 1632 3234 dormit,
1650 3168 1788 3223 bene
1810 3165 2032 3239 dormit;

456 3270 716 3342 evigilans
744 3267 943 3324 invenit
966 3280 1026 3321 se
1054 3264 1108 3319 in
1136 3262 1292 3330 duro,
1322 3260 1375 3316 in
1400 3274 1505 3334 quo
1536 3258 1682 3314 illum
1711 3271 1931 3312 somnus
1960 3263 2041 3310 te-

458 3374 664 3421 nuerat.
694 3362 852 3418 Tales
877 3366 1003 3416 sunt
1025 3366 1079 3413 et
1102 3357 1225 3415 isti:
1253 3362 1515 3411 venerunt
1540 3352 1590 3407 in
1620 3350 1757 3405 hanc
1781 3349 1965 3414 vitam,
1987 3358 2041 3404 et

457 3471 551 3527 per
574 3452 883 3524 cupiditates
904 3447 1221 3519 temporales
1245 3444 1392 3515 quasi
1419 3441 1814 3498 obdormierunt
1842 3440 1961 3506 hic;
1988 3450 2042 3494 et

456 3552 783 3616 exceperunt
822 3542 938 3597 illos
964 3540 1161 3596 divitia:
1188 3547 1242 3593 et
1268 3551 1418 3592 vanis
1449 3548 1656 3606 pompae
1684 3533 1923 3587 volaticae
1944 3574 1956 3593 .
1987 3541 2041 3585 et

458 3639 822 3694 transierunt:
871 3649 976 3689 non
1021 3630 1403 3686 intellexerunt
1448 3636 1702 3697 quantum
1747 3624 1869 3679 inde
1917 3625 2040 3679 boui

455 3736 639 3801 posset
680 3726 809 3781 ﬁeri.
837 3722 972 3778 Nam
1017 3721 1062 3777 si
1101 3727 1323 3779 nossent
1361 3717 1516 3773 aliam
1554 3716 1739 3785 vitam,
1785 3716 1895 3770 illic
1939 3715 2039 3772 sibi

458 3816 876 3873 thesaurizarent
910 3808 1052 3882 quod
1090 3808 1176 3865 hic
1208 3818 1323 3864 crat
1364 3810 1692 3878 periturum:
1733 3806 1870 3861 sicut
1903 3803 2039 3859 Zac-

458 3913 640 3965 chazus
691 3906 820 3963 vidit
866 3903 996 3960 illud
1046 3903 1245 3957 bonum
1301 3899 1472 3967 major
1518 3899 1541 3931 ³
1598 3897 2036 3967 publicanorum,

454 4000 670 4072 quando
713 3997 943 4065 suscepit
982 3992 1265 4049 Dominum
1308 3989 1491 4045 Jesum
1544 3986 1795 4058 hospitio,
1835 3996 1891 4045 et
1941 3988 2036 4053 ait,

454 4091 737 4147 Dimidium
765 4102 934 4142 rerum
967 4097 1193 4137 mearum
1228 4080 1293 4137 do
1322 4078 1625 4151 pauperibus
1644 4120 1659 4147 ,
1681 4087 1728 4131 et
1756 4077 1799 4133 si
1827 4078 1909 4132 cui
1940 4078 2037 4132 ali-

454 4183 578 4255 quid
606 4179 857 4254 fraudari,
890 4173 1230 4246 quadruplum
1258 4168 1436 4225 reddo.
1464 4167 1579 4224 Non
1607 4177 1721 4222 erat
1745 4165 1842 4222 iste
1874 4167 1924 4221 in
1947 4182 2038 4220 va-

454 4275 620 4330 nitate
650 4267 1046 4330 somnlantium,
1093 4262 1187 4319 sed
1232 4262 1284 4317 in
1332 4260 1435 4316 ﬁde
1482 4259 1807 4329 vigilantium
1835 4258 1878 4315 ³.
1915 4258 2039 4314 ideo

458 4365 714 4422 Dominus
734 4404 752 4431 ,
781 4359 901 4431 quia
927 4357 1169 4415 medicus
1198 4355 1485 4410 intraverat
1512 4352 1578 4406 ad
1604 4361 1881 4423 aegrotum,
1911 4365 2038 4422 pro.

458 4460 720 4514 nunnavit
756 4452 922 4522 ipsius
963 4450 1208 4514 salutem,
1242 4455 1296 4500 ct
1341 4445 1435 4509 ait,
1485 4441 1655 4499 Hodie
1694 4443 1832 4497 salus
1866 4443 2041 4498 domui

455 4553 573 4606 huic
601 4549 738 4619 facta
767 4555 837 4599 est
860 4586 875 4609 ,
901 4542 1144 4615 quoniam
1172 4549 1223 4593 et
1251 4539 1333 4593 hic
1364 4548 1437 4593 est
1463 4537 1604 4605 ﬁlius
1644 4534 1860 4592 Abrahtt
1884 4534 2035 4606 (Luc.

451 4660 548 4699 nx
576 4684 593 4709 ,
625 4641 679 4702 8.
709 4638 805 4709 9):
855 4645 914 4690 ut
954 4632 1206 4688 noveritis
1249 4630 1371 4700 quia
1422 4644 1519 4684 nos
1564 4627 1818 4682 imitando
1857 4626 2034 4689 ﬁdem.

455 4733 547 4788 ﬁlii
600 4730 829 4785 Abrahae
881 4740 1107 4788 sumus;
1152 4721 1321 4778 Jud:ei
1374 4731 1550 4774 autem
1603 4718 1692 4789 qui
1749 4718 1817 4773 de
1875 4732 2038 4773 carne

451 4823 786 4895 superbiunt,
815 4833 847 4875 a‘
891 4817 995 4872 ﬁde
1037 4816 1508 4884 degeneraverunt.
1543 4810 1684 4879 Ergo
1725 4809 2037 4866 dormierunt

451 4930 684 4971 somnum
740 4912 890 4966 suum
940 4908 1034 4963 viri
1085 4905 1413 4969 divitiarum,
1469 4912 1515 4955 et
1565 4901 1693 4958 nihil
1743 4900 2039 4957 invenerunt

450 5011 503 5061 in
544 5005 774 5064 manibus
810 5002 933 5058 suis.
978 4999 1315 5057 Dormierunt
1370 4997 1423 5051 in
1468 4993 1841 5065 cupiditatibus
1885 4991 2032 5058 suis;

447 5100 679 5155 delectat
729 5094 887 5161 illos,
955 5089 1144 5148 transit
1197 5102 1415 5143 somnus
1482 5085 1620 5150 iste,
1676 5084 1867 5139 transit
1928 5081 2035 5138 vita

447 5193 555 5251 ista
582 5232 596 5256 ,
636 5199 691 5246 et
729 5185 860 5243 nihil
898 5185 1173 5243 inveniunt
1210 5180 1264 5234 in
1299 5177 1544 5235 manibus
1570 5175 1680 5229 suis
1704 5216 1719 5241 ,
1750 5174 1871 5246 quia
1903 5171 2034 5229 nihil

455 5289 750 5357 posuerunt
789 5280 840 5335 in
880 5290 1042 5333 manu
1082 5271 1299 5329 Christi.
1346 5270 1434 5325 Vis
1470 5268 1671 5338 aliquid
1708 5266 1946 5357 invenire
1981 5268 2033 5318 in

453 5355 701 5434 manibus
729 5370 834 5441 tuis
860 5362 1083 5439 postea?
1116 5360 1235 5417 Noli
1264 5368 1605 5415 contemnere
1634 5355 1795 5413 modo
1822 5370 2035 5411 manum

454 5460 705 5537 pauperis
729 5476 743 5527 ;
772 5467 825 5513 et
856 5454 1058 5527 respice
1084 5465 1271 5509 manus
1298 5450 1501 5515 inanes,
1532 5447 1577 5501 si
1604 5447 1682 5501 vis
1705 5445 1905 5501 habere
1924 5460 2040 5500 ma-

514 5576 535 5610 ι
562 5570 694 5629 ιω..
720 5573 766 5620 et
788 5567 837 5620 in
860 5564 1032 5631 plumis
1048 5559 1225 5631 aureis.
1242 5567 1351 5609 Mss.
1370 5572 1466 5609 non
1486 5556 1688 5631 adluat,

515 5637 537 5668 ⁸
564 5617 737 5683 illiciti
748 5617 1128 5683 omtttuut.
1154 5624 1326 5675 bonum
1356 5632 1373 5670 :
1409 5630 1461 5671 et
1486 5621 1612 5677 loco,
1636 5617 1811 5683 mqjor,
1836 5617 2038 5679 habent,

455 5707 693 5818 "iurgii:
716 5748 1056 5817 uigilandum.
1074 5746 1276 5807 Attilae,
1310 5742 1605 5811 tigiltuttltmt

1712 314 1770 369 S.
1816 309 2178 371 AUGUSTINI
2218 312 2518 373 EPlSCOPl

3644 331 3748 389 θα

2164 443 2265 482 nus
2296 430 2499 499 plenas.
2532 432 2673 489 Dixit
2699 435 2842 491 enim
2874 436 3129 497 Dominus
3157 457 3170 495 :
3196 439 3436 511 Earini,
3466 454 3515 500 et
3540 444 3747 503 dedistis

2160 522 2284 614 mihi
2309 526 2646 591 manducare;
2674 528 2806 582 εὶϋυὶ
2824 570 2841 596 ,
2872 538 2920 584 et
2943 531 3151 588 dedistis
3179 535 3304 589 mihi
3331 547 3547 608 potum;
3570 540 3747 614 hospes

2161 613 2258 679 fui,
2287 624 2333 666 et
2359 614 2647 671 adduxistis
2671 635 2770 685 me,
2796 629 2852 675 et
2878 631 3093 678 caetera.
3122 623 3189 679 Et
3218 627 3290 680 illi
3320 644 3333 682 :
3361 627 3577 696 Quando
3602 613 3745 687 tetri:

2160 704 2325 758 dimus
2350 708 2665 775 esurientem,
2697 711 2964 781 sitientem,
2994 726 3081 769 aut
3107 718 3391 788 hospitem?
3410 721 3477 775 Et
3501 724 3590 778 ille
3616 724 3743 778 dicit

2160 792 2267 847 illis
2292 812 2305 848 :
2333 795 2546 861 Quando
2577 801 2667 853 uni
2694 818 2756 855 ea:
2783 804 3006 859 minimis
3028 808 3151 860 meis
3174 809 3383 877 fecistis,
3411 813 3537 866 mihi
3559 815 3745 882 fecistis

2161 882 2372 976 (Matth.
2396 903 2521 952 xxv,
2551 890 2760 962 55-40).
2785 891 3006 951 Esurire
3028 896 3079 950 in
3103 901 3421 969 pauperibus
3444 904 3630 970 voluit,
3653 906 3744 976 qui

2159 972 2309 1030 dives
2340 977 2390 1030 in
2420 979 2557 1034 etnlo
2585 991 2706 1046 est;
2738 992 2793 1037 et
2833 993 2887 1039 tu
2927 984 3137 1044 dubitas
3165 988 3325 1045 homo
3348 992 3477 1049 dare
3503 972 3699 1050 homini
3722 1037 3740 1063 ,

2157 1082 2277 1123 cum
2322 1070 2458 1126 scias
2501 1083 2551 1127 te
2593 1074 2806 1130 Christo
2835 1077 2961 1132 dare
2991 1081 3130 1149 quod
3159 1082 3275 1143 das.
3308 1098 3339 1138 a
3363 1101 3467 1154 quo
3490 1088 3740 1158 accepisti

2155 1162 2411 1231 quidquid
2458 1165 2592 1220 das!
2632 1165 2736 1222 Sed
2778 1168 2851 1222 illi
2892 1171 3199 1226 dormierunt
3233 1190 3465 1229 somnum
3497 1194 3666 1245 suum,
3695 1187 3743 1233 et

2156 1251 2283 1303 nihil
2312 1253 2601 1310 invenerunt
2643 1273 2813 1313 omnes
2845 1261 2938 1314 uiri
2965 1262 3255 1317 divitiarum
3280 1265 3330 1319 in
3358 1267 3587 1321 manibus
3613 1270 3739 1324 suis.

2230 1340 2314 1395 10.
2345 1340 2578 1416 [vers.7.]
2598 1346 2670 1399 Ab
2696 1350 3035 1418 increpatione
3058 1361 3164 1418 tua,
3192 1351 3329 1407 Deus
3350 1352 3533 1421 Iacob,
3551 1356 3740 1411 dormi-

2155 1438 2382 1485 taverunt
2423 1448 2595 1490 omnes
2633 1437 2720 1505 qui
2759 1440 3089 1495 ascenderunt
3132 1459 3301 1511 equos.
3345 1446 3443 1511 Qui
3483 1456 3624 1507 sunt.
3653 1450 3739 1516 qui

2153 1524 2485 1580 ascenderunt
2528 1543 2680 1596 equos
2699 1530 2725 1584 .7
2760 1529 2859 1598 Qui
2889 1531 3118 1587 humiles
3142 1548 3262 1588 esse
3291 1536 3594 1589 noluerunt.
3623 1536 3737 1592 Non

2154 1615 2208 1668 in
2236 1617 2389 1684 equis
2415 1618 2608 1674 sedere
2639 1629 2913 1688 peccatum
2942 1634 3059 1688 est;
3091 1626 3186 1679 sed
3212 1628 3469 1681 cervicem
3503 1638 3737 1696 potestea

2154 1706 2221 1761 tis
2244 1717 2429 1763 contra
2458 1710 2621 1767 Deum
2651 1713 2878 1783 erigere,
2906 1724 2961 1769 et
2988 1725 3174 1784 putare
3198 1734 3262 1771 se
3288 1718 3338 1772 in
3366 1720 3541 1789 aliquo
3566 1719 3736 1775 hono-

2153 1811 2213 1850 re
2241 1812 2381 1853 esse.
2408 1799 2542 1867 Quia
2569 1801 2720 1859 dives
2743 1819 2803 1859 es
2825 1846 2840 1869 ,
2868 1807 3187 1873 ascendisti;
3217 1809 3455 1879 increpat
3480 1811 3617 1866 Deus
3638 1854 3652 1878 ,
3680 1824 3736 1868 et

2151 1888 2373 1945 domuis.
2416 1892 2602 1963 Magna
2634 1895 2710 1949 ira
2742 1896 3064 1966 increpantis
3088 1939 3104 1964 ,
3135 1915 3323 1971 magna
3355 1902 3429 1956 ira
3456 1903 3471 1958 l
3499 1903 3745 1960 attendat'

2150 1979 2396 2036 Charitas
2421 1980 2607 2039 Vestra
2631 1999 2743 2040 rem
2769 1988 3117 2043 tremendam.
3142 1989 3436 2062 increpatio
3454 1995 3745 2063 strepitum

2150 2070 2345 2139 habet;
2372 2077 2626 2145 strepitus
2645 2081 2937 2150 expergisci
2958 2083 3094 2136 solet
3114 2081 3289 2138 facere
3309 2084 3571 2139 homines.
3594 2085 3736 2140 Tan—

2152 2172 2263 2220 tum
2297 2166 2501 2234 pondus
2529 2178 2612 2223 est
2640 2170 2962 2241 increpantis
2989 2174 3102 2239 Dei,
3130 2184 3187 2229 ut
3211 2176 3412 2231 diceret
3434 2193 3453 2235 :
3474 2178 3549 2232 Ab
3574 2180 3735 2233 incre-

2151 2258 2354 2326 patione
2378 2271 2463 2313 tua
2485 2260 2624 2316 Deus
2642 2260 2823 2331 Iacob,
2851 2264 3244 2321 dormitaverunt
3266 2285 3436 2324 omnes
3455 2272 3541 2340 qui
3559 2287 3736 2325 ascen-

2149 2348 2327 2404 derunt
2352 2367 2526 2419 equos.
2556 2352 2696 2409 Ecce
2731 2370 2838 2426 quo
2866 2370 3055 2412 somno
3081 2358 3383 2415 dormitavit
3412 2360 3498 2415 ille
3527 2361 3735 2417 Pharao

2147 2441 2236 2508 qui
2263 2440 2585 2497 ascendebat
2613 2459 2779 2514 equos
2803 2444 2999 2516 (Exod.
3032 2463 3143 2513 xw,
3173 2448 3229 2520 8)
3259 2466 3273 2501 :
3301 2465 3404 2503 non
3428 2451 3569 2505 enim
3597 2452 3731 2522 vigi-

2148 2527 2278 2583 lavit
2298 2530 2350 2584 in
2375 2531 2558 2598 corde,
2583 2534 2803 2604 quia‘de
2834 2537 3192 2606 increpatione
3222 2538 3415 2594 durum
3441 2556 3533 2595 cor
3564 2541 3739 2596 habe;

2148 2617 2261 2675 bat.
2291 2620 2493 2678 Duritia
2520 2624 2663 2679 enim
2695 2625 2872 2681 cordis
2898 2668 2912 2693 ,
2944 2627 3265 2685 obdormitio
3288 2640 3388 2684 esu
3419 2630 3568 2701 Rogo
3593 2647 3688 2685 vos
3710 2672 3727 2695 ,

2146 2707 2344 2767 fratres
2385 2712 2531 2779 mei,
2562 2713 2738 2771 videte
2770 2718 3040 2785 quomodo
3064 2718 3333 2774 dormiunt
3352 2762 3367 2784 ,
3394 2722 3481 2791 qui
3508 2733 3731 2777 sonante

2146 2798 2454 2874 Evangelia,
2478 2813 2535 2859 et
2556 2806 2753 2875 Amen,
2779 2816 2834 2863 et
2853 2808 3081 2865 Alleluia
3106 2826 3200 2880 per
3223 2820 3387 2867 totum
3408 2813 3590 2869 orbem
3620 2824 3729 2870 ter-

2145 2905 2324 2948 rarum
2348 2934 2364 2959 ,
2394 2894 2570 2952 adhuc
2594 2896 2755 2952 vitam
2786 2909 3019 2954 veterem
3048 2902 3237 2955 noluut
3263 2902 3519 2959 damnare
3542 2946 3560 2971 ,
3591 2914 3644 2959 et
3672 2906 3727 2961 in

2146 2996 2340 3038 novam
2366 2984 2638 3056 evigilare.
2672 2987 2799 3042 Erat
2824 2987 3094 3059 Scriptura
3126 2990 3217 3047 Dei
3244 2990 3297 3046 in
3322 2991 3501 3048 Juda‘a
3526 3011 3540 3058 ;
3570 2996 3729 3050 modo

2147 3087 2243 3143 per
2269 3081 2435 3128 totum
2464 3074 2650 3131 orbem
2680 3084 2926 3133 cantatur
2954 3096 2969 3133 :
3002 3080 3054 3134 in
3086 3080 3173 3134 illa
3205 3096 3307 3137 una
3334 3092 3492 3152 gente
3515 3084 3729 3140 diceba-

2147 3170 2233 3217 tur
2258 3163 2396 3219 Deus
2424 3180 2560 3221 unus
2587 3168 2676 3237 qui
2698 3167 2823 3224 fecit
2847 3171 3023 3226 omnia
3046 3211 3062 3236 ,
3092 3186 3211 3227 esse
3239 3172 3539 3229 adorandus
3562 3183 3615 3229 et
3637 3190 3729 3229 co-

2145 3253 2373 3321 lendus;
2420 3256 2581 3312 modo
2622 3259 2709 3316 ubi
2756 3268 2958 3316 tacetur
2997 3280 3011 3316 :
3052 3262 3299 3319 Christus
3342 3267 3675 3322 resurrexit‘
3702 3269 3729 3318 1

2145 3344 2334 3401 irrisus
2372 3348 2427 3403 in
2463 3363 2624 3403 cruce
2648 3390 2663 3414 ,
2702 3350 2871 3422 ipsam
2900 3366 3115 3407 crucem
3143 3369 3292 3409 suam
3326 3356 3379 3412 in
3408 3372 3510 3427 qua
3541 3358 3726 3412 irrisus

2144 3446 2227 3491 est
2252 3436 2363 3508 jam
2392 3438 2503 3494 ﬁxit
2530 3441 2581 3495 in
2609 3440 2867 3498 frontibus
2890 3460 3072 3515 regum
3098 3462 3113 3511 ;
3144 3457 3197 3501 et
3223 3447 3395 3504 adhuc
3416 3449 3679 3505 dormitur
3709 3454 3721 3505 !

2144 3528 2329 3600 Magna
2368 3531 2445 3586 ira
2484 3531 2603 3597 Dei,
2646 3532 2874 3591 fratres!
2916 3536 3100 3593 Melius
3138 3554 3235 3595 nos
3270 3541 3567 3597 audivimus
3602 3560 3723 3599 eum

2144 3622 2236 3689 qui
2262 3621 2391 3678 dicit
2421 3640 2436 3678 :
2464 3624 2630 3696 Surge
2653 3628 2741 3697 qui
2767 3627 2957 3683 dormis
2976 3671 2992 3698 ,
3022 3638 3071 3683 et
3105 3618 3319 3703 exsurge
3345 3649 3377 3687 a
3401 3636 3612 3689 mortuis
3635 3653 3654 3700 ;
3678 3648 3723 3689 ct

2146 3712 2451 3769 illuminabit
2478 3725 2525 3770 te
2573 3715 2803 3773 Christus
2840 3719 2861 3791 (
2885 3718 3075 3790 Ephes.
3098 3738 3149 3788 ν,
3176 3720 3305 3797 14
3331 3723 3435 3781 Sed
3462 3726 3548 3796 qui
3577 3727 3722 3781 illum

2145 3803 2409 3860 audiunt?
2436 3804 2537 3874 Qui
2567 3823 2672 3863 non
2702 3812 2995 3867 ascendunt
3018 3819 3207 3883 equos.
3235 3814 3335 3882 Qui
3358 3824 3483 3871 sunt
3505 3817 3594 3888 qui
3618 3834 3720 3873 non

2145 3895 2441 3951 ascendunt
2479 3900 2687 3969 equos?
2725 3900 2824 3967 Qui
2861 3918 2965 3956 non
3004 3919 3063 3959 se
3096 3904 3299 3975 iactant
3332 3916 3389 3963 et
3420 3908 3719 3976 extollunt,

2144 3987 2293 4056 quasi
2340 3988 2395 4044 in
2442 3989 2730 4047 honoribus
2753 4002 2806 4049 ct
2833 3996 3181 4063 potestatilms
3216 3997 3346 4052 suis.
3392 3998 3723 4071 Abim‘repa-

2146 4079 2280 4133 tione
2317 4089 2424 4145 tua,
2455 4080 2593 4136 Deus
2616 4084 2795 4151 Iacob,
2833 4086 3223 4151 damnaverunt
3266 4089 3354 4160 qui
3397 4092 3722 4145 ascatderuut

2142 4186 2316 4244 equos.

2218 4266 2305 4318 ll.
2347 4262 2496 4335 [vers.
2537 4263 2615 4340 8.]
2657 4265 2733 4321 Tu
2778 4267 3011 4323 terribilis
3050 4284 3144 4334 es;
3181 4278 3230 4323 et
3255 4269 3369 4341 quis
3405 4269 3596 4325 resistet
3636 4272 3722 4326 tibi

2145 4362 2263 4411 tunc
2300 4354 2362 4409 ab
2400 4357 2478 4411 ira
2506 4360 2638 4413 tua?
2674 4359 2828 4415 Modo
2850 4359 3135 4424 dormiunt,
3168 4368 3221 4416 et
3246 4361 3436 4416 iratum
3463 4376 3567 4416 non
3596 4378 3721 4417 scn—

2144 4446 2316 4511 tinnt;
2355 4448 2450 4502 sed
2488 4458 2545 4503 ut
2572 4446 2866 4508 dormirent
2898 4450 3063 4507 iratus
3089 4459 3193 4505 est.
3234 4449 3388 4505 Modo
3414 4452 3555 4520 quod
3594 4451 3721 4507 dor-

2144 4535 2370 4594 mientes
2394 4551 2502 4594 non
2522 4539 2777 4608 sentiunt,
2802 4540 2853 4595 in
2878 4538 2982 4596 ﬁne
3000 4540 3231 4597 sentient
3252 4558 3265 4592 :
3288 4540 3561 4611 apparebit
3581 4542 3722 4597 enim

2138 4624 2303 4695 inde:
2332 4628 2570 4686 vivorum
2596 4638 2653 4685 et
2674 4639 3005 4689 mortuorum
3030 4646 3044 4695 ;
3070 4641 3116 4686 et
3141 4631 3253 4701 quis
3278 4632 3471 4688 resistet
3494 4632 3583 4685 tibi
3606 4641 3726 4699 tunc

2144 4720 2207 4775 ab
2232 4718 2620 4776 iratuaﬂlodo
2647 4722 2790 4777 enim
2819 4721 3103 4792 loquuntur
3130 4720 3270 4793 quod
3296 4722 3501 4788 volunt,
3529 4732 3584 4776 et
3607 4722 3721 4777 dis-

2146 4822 2332 4887 putant
2382 4822 2565 4870 contra
2594 4814 2779 4879 Deum,
2806 4822 2865 4870 et
2884 4814 3068 4871 dicunt
3090 4831 3105 4869 :
3127 4814 3226 4883 Qui
3253 4821 3373 4869 sunt
3394 4812 3721 4869 Christiani!

2143 4913 2236 4959 ant
2275 4903 2395 4974 quis
2436 4913 2519 4958 est
2553 4901 2836 4960 Christus?
2860 4913 2951 4959 aut
2977 4904 3162 4975 quales
3191 4903 3351 4976 inepti
3382 4904 3469 4974 qui
3494 4902 3721 4958 credunt

2136 4996 2284 5069 quod
2315 5011 2421 5051 non
2452 4996 2631 5051 vident
2655 5038 2669 5058 .
2711 5006 2764 5051 ct
2793 4996 3065 5053 dimittunt
3092 4994 3310 5052 delicias
3337 5012 3469 5067 quas
3496 4995 3679 5052 vident
3700 5036 3718 5062 ,

2140 5097 2197 5143 et
2233 5097 2527 5157 sequuntur
2566 5086 2726 5144 ﬁdem
2769 5100 2945 5143 rerum
2984 5102 3102 5156 (inte
3138 5087 3305 5143 oculis
3344 5087 3577 5157 ipsorum
3617 5100 3721 5141 non

2143 5177 2506 5234 exhibentur?
2535 5178 2805 5243 Dormitis.
2834 5186 2890 5235 et
2914 5177 3134 5240 balatis;
3165 5178 3439 5248 loquimini
3468 5177 3727 5235 adversus

2144 5270 2309 5325 Deum
2334 5279 2589 5339 quantum
2620 5269 2859 5339 potestis.
2889 5266 3173 5338 Usquean
3199 5278 3522 5338 peccatores,
3548 5269 3725 5323 Domi-

2145 5375 2213 5415 ne
2234 5400 2249 5422 ,
2285 5374 2557 5432 usqueqno
2594 5369 2899 5429 peccatores
2934 5357 3339 5427 gloriabuntur?
3362 5359 3686 5428 respondent
3708 5402 3726 5425 ,

2142 5460 2202 5507 et
2225 5450 2508 5520 loquentur
2532 5449 2855 5519 iniquitatem
2883 5445 3056 5518 (Psal.
3090 5461 3237 5510 xcnt.
3261 5450 3317 5519 5)
3337 5449 3362 5503 ‘.’
3386 5448 3611 5515 Quando
3636 5465 3727 5504 an-

2151 5552 2257 5597 tem
2284 5554 2445 5597 nemo
2472 5538 2758 5608 respondet
2780 5580 2794 5606 ,
2824 5549 2879 5595 et
2905 5553 3063 5595 nemo
3088 5538 3319 5609 loquitur
3346 5581 3360 5602 .
3390 5540 3490 5594 nisi
3517 5540 3734 5610 quando

2152 5677 2232 5789 at
2252 5673 2508 5787 1"probi
2531 5678 2638 5723 uss.
2663 5679 2716 5722 At
2740 5670 2854 5722 [ιω.
2870 5706 2887 5733 ,
2909 5667 2976 5723 ibi
2995 5675 3179 5722 tacetur
3201 5670 3431 5723 Christus.
3459 5674 3735 5739 accurre.“

2206 5749 2248 5785 tr
3002 5778 3006 5782 Α

2206 5749 2385 5785 ιτιδιιυ.
3002 5778 3006 5782 Α
