3990 6362
315 350 419 405 965

314 477 376 518 se
400 465 450 514 in
470 477 528 516 se
549 461 860 516 convertat?
881 461 1094 530 quando
1117 461 1168 514 iu
1189 477 1245 513 se
1259 468 1569 514 converteut
1585 458 1772 512 dentes
1787 457 1903 526 qui-

318 555 416 612 bus
446 553 605 606 modo
637 568 733 606 nos
765 552 978 616 rodunt,
1008 553 1199 621 quibus
1230 567 1325 603 nos
1347 551 1654 619 discerpunt
1674 548 1905 603 irrident-

313 646 384 699 do
412 637 745 699 Christianos
772 685 786 709 ,
818 657 870 697 et
896 643 1338 714 reprehendendo
1364 643 1524 695 vitam
1554 649 1855 694 sanctorum
1876 639 1902 692 ἲ

311 733 463 790 Tunc
483 736 608 789 sein
631 749 688 788 se
708 744 1040 795 eoiwertent,
1063 749 1182 786 cum
1204 734 1306 788 illis
1319 733 1526 787 eveniet
1544 731 1686 802 quod
1707 731 1902 787 dicitur

312 825 364 879 iu
390 825 522 879 libro
544 825 846 894 Sapientia»,
870 824 1050 878 Dicent
1071 827 1200 878 inter
1218 841 1290 888 se,
1317 824 1653 893 panitentiam
1672 835 1894 893 agentes,

311 926 357 969 ct
399 933 489 984 per
516 917 800 985 angustiam
835 916 1038 984 spiritus
1066 923 1312 984 gementes
1337 929 1358 969 :
1381 929 1500 968 cum
1533 913 1756 967 viderint
1780 913 1898 982 glo-

312 1013 445 1064 riam
472 1021 776 1081 sanctorum
797 1052 810 1073 ,
847 1020 969 1062 tunc
993 1009 1208 1073 dicent,
1241 1006 1309 1060 Ili
1336 1015 1450 1060 sunt
1475 1021 1599 1075 quos
1622 1005 1897 1076 aliquando

311 1101 577 1153 habuimus
599 1101 648 1152 in
673 1101 850 1152 risum.
873 1099 916 1153 Ο
936 1098 1027 1169 qui
1048 1099 1269 1152 multum
1293 1096 1599 1152 dormistis!
1621 1104 1766 1150 certe
1783 1094 1894 1166 jam

311 1176 592 1261 evigilatis',
621 1203 672 1244 et
696 1190 746 1244 in
771 1191 960 1244 vestris
980 1190 1222 1243 manibus
1249 1189 1376 1242 nihil
1404 1189 1668 1242 invenitis.
1695 1189 1896 1243 Videtis

309 1280 580 1348 quomodo
613 1279 793 1349 plenas
819 1279 1048 1334 habeant
1074 1294 1260 1333 manus
1284 1278 1449 1348 gloria
1477 1278 1592 1340 Dei,
1623 1293 1754 1347 quos
1782 1288 1896 1331 tan-

311 1387 469 1438 quam
494 1385 754 1440 pauperes
777 1370 1035 1424 irrisisus.
1063 1371 1228 1424 Dicite
1249 1384 1378 1438 ergo
1398 1380 1521 1423 tunc
1543 1370 1710 1432 vobis,
1730 1385 1897 1438 quau-

310 1461 381 1516 do
407 1478 512 1517 non
542 1461 786 1518 resistitis
813 1462 906 1516 ira:
931 1461 1059 1528 Dei;
1074 1477 1178 1515 non
1209 1475 1390 1526 manu,
1419 1475 1518 1514 nec
1547 1459 1723 1530 lingua
1748 1501 1763 1524 ,
1799 1475 1896 1514 nec

315 1551 512 1618 verbo,
545 1567 642 1606 nec
669 1552 990 1620 cogitatione
1017 1567 1031 1602 :
1060 1551 1335 1620 apparebit
1371 1551 1512 1605 enim
1544 1551 1692 1605 vobis
1722 1551 1895 1604 mani-

311 1646 498 1708 festus,
531 1660 686 1715 quem
714 1644 1035 1699 irridendum
1059 1643 1304 1713 putastis,
1326 1657 1445 1697 cum
1469 1643 1619 1696 vobis
1640 1652 1897 1697 venturus

311 1734 661 1788 nuntiaretur.
690 1734 756 1789 Et
781 1734 906 1804 quid
935 1731 1157 1788 dicent?
1185 1732 1324 1804 Ergo
1353 1733 1630 1787 erravimus
1658 1749 1690 1785 a
1711 1734 1791 1786 cia
1815 1749 1897 1786 ve-

311 1825 494 1886 ritatis,
520 1833 568 1878 et
585 1824 799 1894 justitite
820 1825 988 1878 lumen
1013 1839 1113 1877 non
1137 1823 1265 1901 luxit
1287 1823 1447 1887 nobis,
1471 1832 1516 1876 et
1538 1824 1616 1878 sol
1635 1839 1734 1877 non
1755 1833 1896 1878 ortus

310 1926 384 1971 est
407 1915 565 1968 nobis.
590 1914 868 1982 Quomodo
883 1914 1202 1984 justitizesol
1224 1915 1454 1969 oriretur
1472 1913 1895 1970 dormientibus?

309 2005 415 2063 Sed
461 2007 529 2061 ab
567 2008 644 2060 ira
683 2014 738 2060 et
768 2006 1125 2074 increpatione
1159 2004 1274 2074 ejus
1300 2004 1588 2059 dormiunt.
1620 2004 1731 2060 Hoc
1760 2004 1896 2061 forte

309 2101 549 2158 dicturus
570 2111 671 2165 est,
707 2101 771 2154 Et
795 2116 899 2154 non
927 2099 1272 2154 ascenderem
1300 2108 1492 2168 equum
1522 2116 1536 2152 :
1561 2107 1617 2152 et
1642 2108 1766 2153 tunc
1793 2099 1894 2168 ipsi

310 2210 477 2262 equos
517 2207 643 2248 suos
679 2193 1022 2248 accusabunt.
1061 2190 1194 2245 Audi
1231 2190 1353 2246 illos
1384 2200 1694 2246 accusantes
1729 2207 1896 2262 equos

311 2300 440 2340 suos
477 2285 532 2340 in
570 2283 761 2353 quibus
800 2281 1131 2337 dormierunt
1162 2301 1175 2336 :
1207 2281 1345 2354 Ergo
1384 2285 1689 2347 erravimus,
1729 2283 1898 2353 inquit

310 2374 605 2445 Scriptura,
628 2391 659 2427 a
695 2375 774 2428 uia
795 2374 1037 2438 veritatis,
1059 2383 1106 2426 et
1118 2373 1334 2440 iustitia:
1352 2373 1520 2426 lumen
1540 2390 1639 2427 non
1662 2373 1791 2427 luxit
1813 2391 1897 2428 no-

315 2468 409 2532 bis,
427 2477 476 2520 et
492 2466 567 2519 sol
582 2484 681 2519 non
699 2475 838 2519 ortus
853 2475 925 2518 est
941 2465 1103 2518 nobis.
1121 2463 1258 2531 Quid
1272 2463 1412 2517 nobis
1425 2465 1611 2534 profuit
1627 2465 1859 2532 superbia
1872 2463 1899 2518 .’

313 2567 362 2610 et
391 2557 675 2610 divitiarum
696 2555 951 2626 jactantia
974 2554 1098 2625 quid
1119 2551 1330 2608 contulit
1361 2552 1500 2608 nobis
1517 2553 1543 2606 Γ
1565 2550 1899 2609 Transierunt

314 2647 484 2702 omnia
501 2655 739 2715 tanquam
754 2645 928 2699 umbra
946 2643 1100 2716 (Sap.
1124 2660 1178 2711 v,
1196 2643 1250 2707 5,
1269 2642 1324 2708 6,
1343 2643 1397 2709 8,
1415 2642 1492 2716 9).
1515 2643 1655 2713 Ergo
1669 2643 1897 2714 vigilain

314 2736 624 2807 aliquando.
652 2735 756 2790 Sed
784 2735 972 2790 melius
995 2750 1188 2805 equum
1211 2750 1313 2789 non
1335 2733 1670 2800 ascenderes,
1697 2748 1752 2789 ut
1775 2747 1900 2790 tunc

317 2842 426 2882 non
452 2826 765 2881 dormitares
784 2867 800 2893 ,
830 2824 1039 2896 quando
1065 2825 1280 2896 vigilare
1304 2823 1535 2879 debuisti
1559 2841 1573 2888 ;
1606 2833 1663 2880 et
1685 2826 1899 2882 audires

321 2931 506 2971 vocem
532 2916 750 2980 Christi,
779 2923 836 2970 et
858 2914 1178 2969 illuminaret
1205 2921 1255 2969 te
1276 2913 1537 2969 Christus.
1564 2913 1645 2968 Tu
1668 2916 1902 2971 terribilis

316 3019 407 3067 es;
437 3005 618 3074 etquis
642 3005 832 3058 resistet
872 3001 941 3057 ibi
970 3012 1088 3056 tunc
1114 3001 1176 3055 ab
1205 3003 1280 3056 ira
1310 3013 1397 3057 tua
1414 3004 1440 3058 7
1467 3002 1603 3070 Quid
1628 3003 1768 3059 enim
1797 3006 1901 3060 erit

318 3107 443 3152 tunc
463 3096 488 3150 ?
1459 3140 1461 3142 -

395 3186 478 3242 i2.
521 3186 663 3260 [vera
705 3185 784 3257 9.]
827 3185 902 3239 De
925 3186 1045 3239 cwlo
1072 3185 1333 3256 jaculatus
1359 3201 1411 3239 es
1424 3184 1677 3253 judicium
1712 3202 1732 3240 :
1766 3196 1901 3243 terra

318 3280 539 3339 tremuit,
582 3287 628 3332 et
665 3279 864 3346 quierit.
906 3277 1034 3344 Quae
1075 3275 1233 3330 modo
1272 3293 1330 3330 se
1371 3277 1563 3343 turbat,
1596 3293 1714 3348 quae
1740 3283 1901 3338 modo

318 3369 569 3438 loquitur,
603 3370 787 3421 timere
812 3368 964 3421 habet
990 3369 1041 3420 in
1067 3369 1168 3420 line
1189 3379 1240 3420 et
1260 3369 1555 3438 quiescere.
1577 3370 1762 3427 Melius
1783 3389 1900 3429 mo-

317 3460 390 3515 do
417 3463 737 3529 quiesceret,
770 3472 822 3512 ut
849 3464 898 3512 in
931 3461 1034 3516 line
1061 3461 1335 3530 gauderet.

396 3553 479 3606 15.
523 3550 669 3624 [νει-ο.
709 3550 819 3623 10]
856 3549 1015 3604 Terra
1052 3554 1271 3618 tremuit,
1313 3562 1360 3606 et
1396 3554 1598 3622 quievit.
1637 3557 1898 3624 Quando?

315 3643 444 3697 Cum
465 3651 748 3710 emrgeret
775 3642 826 3694 in
840 3642 1094 3709 judicium
1121 3641 1280 3708 Deus,
1312 3653 1366 3696 ut
1387 3646 1550 3700 salvos
1579 3650 1761 3718 faceret
1783 3668 1895 3705 ont-

316 3752 406 3789 nes
444 3735 586 3788 mites
623 3735 792 3789 corde.
819 3733 917 3800 Qui
943 3746 1066 3789 sunt
1091 3737 1233 3789 mites
1257 3733 1408 3790 corde
1427 3739 1454 3792 ?
1477 3739 1576 3805 Qui
1609 3740 1897 3800 frementes

315 3840 486 3896 equos
512 3839 615 3877 nou
643 3825 1015 3890 ascenderunt,
1043 3825 1136 3880 sed
1164 3827 1215 3879 in
1242 3825 1538 3882 humilitate
1561 3845 1654 3884 sua
1680 3843 1892 3902 peccata

315 3918 542 3971 confessi
569 3925 710 3970 sunt.
743 3915 810 3971 Ut
830 3917 993 3970 salvos
1018 3921 1201 3985 faceret
1225 3934 1396 3973 omnes
1415 3921 1557 3974 mites
1581 3924 1749 3976 corde.

391 4007 477 4062 H.
519 4004 668 4080 [uers.
702 4005 813 4079 1L]
855 4007 1103 4073 Quoniam
1127 4009 1364 4079 cOgitatio
1393 4011 1608 4067 hominis
1636 4015 1896 4078 conﬁtebi-

314 4108 400 4150 tur
421 4097 528 4163 tibi,
548 4108 596 4150 et
615 4099 839 4166 reliquie:
855 4099 1170 4168 cogitationis
1189 4099 1430 4153 solemnia
1451 4102 1765 4158 celebrabant
1783 4106 1891 4161 tibi.

315 4179 489 4233 Prima
516 4222 531 4245 ,
571 4182 846 4251 cogitatio;
889 4182 1246 4251 posteriores,
1289 4183 1516 4254 reliquite
1555 4188 1890 4259 cogitationis.

312 4267 446 4333 Quae
470 4278 553 4323 est
597 4271 834 4339 cogitatio
883 4272 1094 4340 prima?
1121 4269 1275 4328 Unde
1301 4273 1580 4345 incipimus
1603 4295 1618 4331 :
1643 4279 1779 4333 bona
1806 4281 1891 4335 illa

312 4358 550 4430 cogitatio
574 4400 588 4423 ,
622 4360 761 4414 unde
798 4361 1016 4431 incipies
1054 4363 1312 4418 conﬁteri.
1355 4365 1628 4423 Confessio
1655 4369 1896 4440 adjungit

315 4462 416 4501 nos
456 4447 689 4526 Christo.
721 4450 836 4505 lam
879 4467 1007 4507 vero
1030 4452 1298 4509 confessio
1337 4455 1480 4524 ipsa,
1523 4457 1575 4513 id
1613 4468 1695 4514 est
1721 4461 1893 4530 prima

310 4542 567 4612 cogitatio,
599 4541 727 4598 facit
751 4543 802 4597 in
832 4543 982 4600 nobis
1008 4546 1256 4615 reliquias
1281 4548 1651 4616 cogitationis;
1681 4562 1736 4605 et
1764 4553 1893 4622 ipsa:

314 4631 542 4700 reliquie
572 4633 886 4703 cogitationis
910 4635 1152 4688 solemnia
1177 4636 1495 4691 celebrabant
1518 4640 1620 4692 tibi.
1645 4639 1893 4712 Cogitatio

311 4722 531 4777 hominis
551 4725 869 4792 conﬁtebitur
889 4724 996 4789 tibi,
1016 4737 1061 4778 et
1080 4727 1304 4793 reliquite
1321 4730 1634 4799 cogitationis
1649 4734 1892 4787 solemnia

310 4812 628 4867 celebrabant
662 4814 770 4867 tibi.
830 4814 957 4881 Qua:
993 4829 1075 4870 est
1111 4815 1346 4887 cogitatio
1374 4835 1493 4886 quae
1529 4822 1845 4889 conﬁtebitur
1867 4825 1895 4880 ?

308 4904 442 4967 Qua:
465 4903 681 4958 damnat
706 4905 863 4958 vitam
893 4905 1127 4974 priorem
1149 4947 1162 4970 ,
1191 4906 1276 4962 cui
1305 4906 1550 4978 displicet
1572 4911 1713 4980 quod
1743 4921 1887 4982 erat,

308 5003 368 5048 ιιι
394 4991 463 5048 sit
487 4994 629 5063 quod
656 5010 761 5048 non
790 5004 923 5058 erat,
942 4995 1051 5063 ipsa
1072 5005 1154 5050 est
1176 4997 1342 5065 prima
1365 4999 1617 5071 cogitatio.
1640 5000 1746 5056 Sed
1766 5004 1891 5071 quia

307 5084 388 5139 sic
415 5083 580 5139 debes
607 5085 853 5140 recedere
882 5101 910 5137 a
945 5087 1192 5154 peccatis,
1225 5089 1390 5157 prima
1419 5092 1738 5160 cogitatione
1762 5108 1893 5148 eon-

308 5172 482 5229 fesstts
514 5174 642 5234 Deo.
670 5185 735 5228 ut
755 5192 860 5231 non
890 5175 978 5230 tibi
1011 5177 1223 5231 recedat
1245 5177 1314 5233 de
1339 5181 1594 5235 memoria
1621 5183 1742 5253 quia
1768 5199 1891 5254 pec-

308 5274 464 5320 cator
501 5263 645 5318 fuisti
667 5307 682 5332 ,
715 5281 810 5334 per
839 5268 939 5322 hoc
964 5267 1103 5337 quod
1135 5278 1382 5338 peccator
1410 5269 1550 5326 fuisti
1576 5311 1590 5338 ,
1629 5273 1890 5330 solemnia

305 5353 551 5411 celebras
581 5356 709 5412 Deo.
740 5357 929 5414 Adhuc
950 5357 1348 5431 intelligendum
1370 5369 1471 5418 est.
1501 5361 1674 5420 Prima
1699 5365 1890 5437 cogita-

305 5445 376 5501 tio
402 5445 795 5505 confessionem
819 5447 998 5520 habet,
1026 5458 1080 5505 et
1107 5443 1460 5511 recessionem
1487 5469 1514 5509 a
1539 5464 1721 5513 vetere
1741 5457 1844 5512 vita
1869 5473 1886 5514 :

301 5537 470 5612 sedsi
509 5537 707 5596 oblitus
738 5539 899 5596 fueris
927 5555 958 5596 a
998 5540 1188 5613 quibus
1225 5544 1456 5614 peccatis
1494 5543 1750 5604 libentes
1778 5547 1885 5616 sis,

301 5643 410 5683 non
440 5627 553 5700 agis
580 5642 780 5700 gratias
805 5629 1118 5700 liberatori,
1149 5641 1202 5689 et
1230 5649 1333 5688 non
1359 5633 1600 5692 celebras
1628 5636 1888 5696 solemnia

303 5718 416 5778 Deo
443 5729 555 5776 tuo.
582 5719 720 5778 Ecce
745 5719 915 5792 prima
934 5721 1171 5796 cogitatio
1190 5722 1450 5782 conﬁtens
1469 5723 1616 5783 Sauli
1633 5729 1883 5801 apostoli,

1416 341 1807 397 ENARRATIO
1846 338 1910 393 ΙΝ
1951 341 2278 396 PSALMUM
2321 343 2530 399 LXXV.

3493 359 3597 416 966

2007 455 2112 522 jam
2143 455 2312 522 Pauli,
2343 459 2430 526 qui
2465 461 2633 527 primo
2660 461 2852 518 Saulus
2878 464 3012 519 fuit:
3042 469 3253 536 quando
3277 474 3478 527 audivit
3507 494 3593 529 vo-

2006 558 2124 597 cem
2148 544 2216 598 de
2242 545 2400 610 caelo,
2428 563 2548 602 cum
2575 566 2986 622 persequeretur
3005 557 3295 625 Christutu,
3321 576 3374 618 ct
3396 566 3595 622 fureret

2006 633 2059 688 in
2089 634 2441 701 Christianos,
2471 649 2527 692 et
2555 641 2714 696 vellet
2744 653 2798 696 ut
2827 646 3141 717 ubicumque
3163 652 3403 708 iuventus
3427 657 3594 711 addu-

2004 733 2152 778 ceret
2179 727 2468 790 necandos,
2496 729 2695 783 audivit
2719 748 2900 787 vocem
2928 737 2995 792 de
3020 740 3179 806 cmlo,
3206 742 3380 805 Saule.
3410 747 3587 813 Sanle,

2003 815 2125 883 quid
2151 833 2227 869 me
2247 822 2555 888 persequeris
2573 820 2599 873 .’
2621 831 2675 876 et
2697 824 3063 882 circumiulsus
3085 831 3303 898 lumine,
3331 836 3462 888 facta
3487 838 3588 892 sibi

2003 907 2244 960 caecitate
2275 908 2326 962 in
2355 910 2526 964 oculis
2550 950 2566 975 ,
2609 920 2667 965 ιη
2705 913 2846 966 intus
2883 915 3125 980 videret,
3156 923 3333 975 emisit
3365 927 3585 992 primam

2002 997 2375 1065 cogitationem
2402 999 2749 1066 obedientize;
2779 1017 2897 1057 eum
2925 1006 3150 1072 audiret,
3180 1010 3286 1078 Ego
3306 1031 3414 1066 sum
3439 1012 3590 1069 .lcsus

2004 1084 2334 1156 Nasarenus,
2366 1107 2510 1158 quem
2536 1101 2587 1144 tu
2615 1096 2944 1163 persequeris,
2983 1096 3215 1164 Domine,
3245 1104 3337 1166 ait,
3366 1108 3484 1173 quid
3512 1124 3586 1158 me

1990 1177 2140 1246 jubes
2169 1181 2336 1249 facere
2361 1179 2498 1248 (Act.
2523 1198 2572 1234 ιχ
2597 1223 2610 1244 ,
2642 1184 2676 1236 4
2695 1224 2708 1244 ,
2741 1185 2836 1252 5)?
2864 1185 2989 1240 Πικο
3015 1201 3095 1240 est
3121 1191 3354 1259 cogitatio
3379 1195 3394 1224 ‘
3421 1196 3590 1248 conli-

2002 1275 2156 1332 tens;
2194 1268 2304 1335 jam
2351 1269 2627 1324 Dominum
2673 1275 2903 1341 appellat
2946 1291 3103 1345 quem
3150 1285 3586 1351 persequebatur.

2000 1358 2276 1423 Quomodo
2314 1359 2539 1430 reliquia:
2564 1365 2876 1433 cogitationis
2901 1371 3145 1424 solemnia
3170 1373 3502 1441 celebrabant,
3535 1379 3586 1432 in

2000 1450 2165 1505 Paulo
2193 1452 2435 1518 audistis,
2464 1470 2583 1507 cum
2613 1457 2726 1524 ipse
2753 1459 3036 1526 Apostolus
3064 1461 3327 1530 legeretur
3354 1485 3368 1520 :
3393 1467 3588 1522 Memor

1999 1551 2106 1594 esto
2143 1542 2394 1597 Christum
2431 1545 2605 1600 Jesiui:
2648 1551 2974 1604 rosuri-exisse
3000 1569 3031 1604 α
3060 1554 3266 1609 mortuis
3296 1574 3356 1610 ea:
3395 1561 3584 1614 semine

2000 1631 2166 1685 David
2189 1675 2201 1698 ,
2231 1637 2506 1689 secundum
2536 1637 2866 1708 Evangelium
2907 1659 3070 1696 meum
3103 1646 3120 1714 (
3144 1645 3183 1699 ll
3213 1646 3346 1700 Tim.
3375 1665 3410 1702 ll
3436 1692 3450 1715 ,
3483 1651 3580 1718 8).

1999 1723 2134 1788 Quid
2177 1733 2261 1780 est
2301 1743 2490 1780 memor
2528 1741 2630 1782 esto
2651 1731 2676 1783 ?
2704 1731 2815 1785 Non
2842 1732 3086 1789 deleatur
3110 1737 3177 1790 de
3204 1741 3459 1802 memoria
3491 1752 3582 1796 tua

1998 1815 2233 1884 cogitatio
2257 1832 2359 1886 qua
2389 1819 2561 1886 primo
2588 1810 2862 1875 confessus
2889 1837 2948 1877 es
2973 1841 2986 1888 ;
3015 1825 3120 1878 sint
3147 1827 3373 1897 reliquae
3395 1831 3586 1901 cogita.

1955 1937 1960 1942 ι
2001 1907 2150 1962 tionis
2199 1909 2250 1963 in
2300 1913 2578 1965 memoria.
2632 1914 2699 1967 Et
2739 1914 2862 1970 vide
2903 1917 3348 1986 quemadmodum
3395 1926 3586 1991 repetit

1999 2001 2142 2069 quod
2179 2001 2277 2056 sibi
2327 2004 2581 2059 donatum
2623 2017 2723 2072 est,
2766 2009 2901 2062 idem
2944 2010 3140 2066 Paulus
3177 2015 3446 2082 apostolus
3478 2017 3586 2071 alio

2000 2090 2119 2144 loco
2148 2110 2162 2147 :
2194 2092 2293 2158 Qui
2315 2094 2457 2165 prius
2489 2097 2693 2166 inquit,
2723 2098 2801 2166 fui
2825 2098 3165 2169 blasphemus,
3193 2116 3240 2156 et
3266 2117 3578 2173 persecutor,

2000 2191 2046 2234 et
2071 2184 2347 2252 injuriosus
2376 2186 2435 2259 (Ι
2465 2186 2595 2241 Tim.
2625 2204 2677 2256 t,
2711 2191 2828 2262 15).
2861 2191 2961 2259 Qui
2990 2193 3148 2261 dicit,
3183 2194 3337 2250 Prius
3364 2198 3440 2266 fui
3470 2201 3583 2253 bla-

1998 2273 2271 2344 sphemus,
2317 2279 2570 2349 numquid
2610 2282 2784 2336 adhuc
2826 2283 3167 2354 blasphemus
3191 2289 3316 2341 est?
3357 2289 3427 2344 Ut
3465 2308 3572 2346 non

1999 2375 2143 2418 esset
2181 2365 2520 2436 blasphemus
2541 2410 2559 2437 ,
2602 2371 2693 2427 fuit
2737 2373 2902 2442 prima
2932 2376 3166 2446 cogitatio
3194 2383 3495 2449 confitens;
3527 2395 3584 2439 ut

1999 2463 2177 2507 autem
2213 2469 2652 2514 commemoraret
2681 2461 2804 2529 quid
2832 2461 2906 2517 illi
2936 2462 3186 2522 donatum
3215 2478 3298 2524 est
3316 2510 3331 2534 ,
3359 2471 3583 2541 reliquias

2000 2544 2314 2613 cogitationis
2353 2559 2506 2602 erant
2523 2591 2538 2616 ,
2571 2566 2664 2620 per
2692 2551 2834 2619 ipsas
2859 2552 3109 2625 reliquias
3132 2558 3466 2625 cogitationis
3489 2576 3582 2616 so-

2002 2632 2195 2688 lemnia
2223 2637 2544 2692 celebrabat.

2075 2725 2160 2780 15.
2206 2726 2435 2795 Etenim,
2470 2730 2658 2786 fratres
2688 2734 2820 2798 mei,
2853 2750 2977 2792 ecce
3006 2738 3275 2795 innovavit
3303 2757 3398 2797 nos
3424 2743 3584 2802 Chri-

2004 2825 2152 2880 stus;
2183 2818 2401 2874 donavit
2430 2825 2604 2876 omnia
2638 2838 2847 2894 peccata
2873 2869 2890 2892 ,
2921 2838 2976 2883 et
3002 2833 3244 2886 conversi
3274 2849 3456 2890 sumus
3490 2856 3504 2891 :
3535 2839 3582 2894 si

2003 2907 2378 2974 obliviscamur
2404 2914 2528 2980 quid
2561 2917 2713 2969 nobis
2737 2916 2987 2973 donatum
3019 2930 3122 2988 est,
3153 2932 3204 2975 et
3230 2940 3259 2976 a
3287 2941 3391 2993 quo
3415 2927 3584 2981 dona-

2004 3005 2116 3050 tum
2157 2997 2642 3056 est.obliviseimur
2674 3021 2862 3058 munus
2889 3006 3217 3076 Salvatoris;
3249 3027 3368 3067 cum
3398 3028 3578 3072 autem

2004 3100 2107 3142 ιιοη
2146 3089 2508 3146 obliviscimur
2549 3110 2742 3150 munus
2781 3096 3090 3166 Salvatoris,
3134 3116 3308 3158 nonne
3344 3107 3582 3176 quotidie

2003 3177 2157 3232 nobis
2186 3179 2424 3236 Christus
2452 3183 2794 3241 immolatur?
2826 3189 2888 3242 Et
2911 3190 3076 3244 semel
3110 3193 3131 3223 ²
3161 3193 3315 3247 nobis
3337 3194 3581 3254 Christus

2004 3258 2306 3327 immolatus
2335 3284 2416 3328 est
2439 3316 2453 3338 ,
2483 3292 2600 3328 cum
2629 3277 2951 3335 credidimus
2975 3297 2990 3347 ;
3024 3291 3151 3336 tunc
3176 3283 3274 3338 fuit
3296 3289 3532 3357 cogitatio
3561 3309 3580 3347 ;

2002 3361 2163 3416 modo
2200 3373 2375 3418 autem
2404 3366 2628 3436 reliquit:
2651 3368 2965 3437 cogitationis
2994 3382 3149 3439 sunt,
3181 3389 3300 3428 cum
3331 3378 3580 3434 memini-
3616 3391 3621 3396 '

2002 3468 2119 3507 mus
2145 3454 2261 3523 quis
2289 3454 2354 3509 ad
2385 3471 2482 3510 nos
2506 3457 2732 3524 venerit,
2760 3469 2813 3513 et
2840 3461 2965 3530 quid
2994 3463 3146 3517 nobis
3174 3463 3482 3530 donaverit;
3511 3485 3581 3528 ex

2001 3540 2130 3610 ipsis
2170 3543 2407 3613 reliquiis
2445 3545 2779 3615 cogitationis
2804 3590 2819 3614 ,
2858 3548 2908 3604 id
2939 3560 3021 3604 est
3047 3567 3111 3607 ex
3144 3553 3254 3623 ipsa
3281 3559 3534 3612 memoria
3559 3601 3576 3626 ,

1999 3633 2235 3703 quotidie
2267 3635 2421 3689 nobis
2447 3637 2523 3690 sic
2547 3638 2852 3694 immolatur
2872 3680 2887 3705 ,
2926 3643 3074 3711 quasi
3103 3645 3339 3712 quotidie
3366 3664 3464 3704 uos
3492 3651 3578 3705 iit-

1999 3736 2162 3780 novet
2201 3727 2290 3795 qui
2327 3727 2494 3796 prima
2521 3730 2686 3799 gratia
2715 3745 2808 3785 sua
2838 3747 2938 3788 nos
2969 3735 3260 3793 innovavit.
3290 3738 3405 3794 iam
3434 3743 3575 3799 enim

1999 3816 2268 3871 innovavit
2308 3832 2403 3872 nos
2441 3818 2699 3875 Dominus
2735 3819 2788 3875 in
2827 3821 3126 3893 Baptismo,
3159 3836 3212 3881 et
3242 3827 3363 3884 facti
3392 3847 3578 3887 sumus

1999 3910 2120 3962 novi
2147 3908 2426 3976 homines;
2459 3911 2511 3964 in
2540 3926 2635 3980 spe
2660 3912 2872 3981 quidem
2900 3916 3212 3985 gaudentes,
3243 3920 3376 3975 utin
3406 3924 3577 3978 tribu-

1997 3998 2194 4053 latione
2234 4000 2399 4054 simus
2441 4001 2701 4069 patientes
2738 4001 2915 4070 (Rom.
2947 4021 3044 4070 xu,
3076 4007 3210 4075 12):
3255 4018 3427 4065 tamen
3469 4029 3575 4069 non

1996 4088 2153 4144 debet
2182 4089 2249 4143 de
2274 4092 2529 4145 memoria
2557 4103 2732 4146 nostra
2760 4095 3013 4150 recedere
3042 4099 3165 4164 quid
3191 4099 3342 4154 nobis
3369 4105 3578 4170 praesti-

2000 4188 2109 4232 tum
2150 4181 2236 4234 sit.
2281 4181 2345 4235 Et
2373 4180 2418 4234 si
2458 4182 2617 4236 modo
2657 4198 2760 4237 non
2797 4193 2877 4239 est
2908 4187 3143 4257 cogitatio
3174 4199 3259 4243 tua
3289 4205 3408 4259 quze
3436 4193 3532 4248 fuit
3560 4212 3575 4248 ε

1999 4271 2215 4341 (etenim
2235 4273 2398 4340 prima
2418 4274 2654 4344 cogitatio
2680 4275 2776 4329 fuit
2802 4277 3055 4333 recedere
3080 4294 3108 4332 a
3135 4291 3387 4349 peccato;
3417 4286 3577 4339 modo

1995 4371 2170 4415 autem
2189 4376 2295 4416 non
2321 4363 2546 4430 recedis,
2577 4365 2672 4420 sed
2703 4374 2828 4420 tunc
2852 4368 3139 4441 recessisti)
3172 4389 3186 4425 :
3217 4371 3324 4427 sint
3349 4374 3577 4443 reliquiis

1997 4452 2330 4523 cogitationis,
2355 4468 2422 4507 ne
2444 4454 2659 4509 excidat
2679 4470 2708 4510 a
2731 4459 2986 4513 memoria
3007 4461 3098 4530 qui
3119 4464 3344 4518 sanavit.
3374 4465 3577 4525 Vulnus

1997 4552 2051 4598 te
2091 4545 2338 4602 habuisse
2374 4547 2416 4600 si
2447 4548 2641 4603 oblitus
2679 4548 2878 4616 fueris,
2909 4567 3016 4608 non
3050 4554 3141 4608 tibi
3171 4567 3331 4610 erunt
3353 4560 3579 4626 reliquid!

1995 4635 2330 4704 cogitationis.
2359 4634 2493 4702 Quid
2520 4639 2660 4693 enim
2682 4641 2878 4708 putatis
2902 4642 3101 4698 dixisse
3131 4645 3326 4700 David?
3353 4648 3492 4704 Ecce
3510 4667 3578 4706 ex

1994 4725 2231 4778 omnium
2284 4739 2510 4795 persona
2560 4727 2816 4798 loquitur.
2867 4731 3111 4787 Peccavit
3156 4735 3318 4790 David
3363 4749 3578 4798 sanctus

1994 4818 2260 4887 graviter;
2313 4819 2506 4874 missus
2549 4829 2631 4875 est
2672 4822 2737 4877 ad
2772 4823 2921 4878 illum
2959 4825 3163 4882 Nathan
3193 4831 3450 4900 propheta
3477 4877 3492 4896 ,
3522 4836 3590 4892 et

1994 4910 2253 4986 corripuit
2285 4911 2430 4964 illum
2463 4929 2477 4964 :
2507 4922 2560 4967 et
2599 4913 2876 4969 confessus
2913 4926 3032 4978 est,
3073 4927 3129 4972 et
3165 4921 3319 4986 dixit,
3365 4922 3578 4979 Peccavi

1994 4983 2064 5066 (ἸΙ
2093 4995 2218 5067 Reg.
2243 5015 2337 5064 xu,
2366 5000 2478 5069 13).
2511 5000 2635 5056 [hac
2662 5002 2752 5056 iuit
2779 5005 2948 5072 prima
2971 5006 3206 5076 cogitatio
3231 4983 3534 5066 confitentis
3559 5032 3574 5065 :

1993 5085 2240 5157 Cogitatio
2277 5089 2494 5144 hominis
2532 5092 2850 5158 conﬁtebitur
2883 5094 2989 5150 tibi.
3017 5094 3146 5161 Quae
3174 5108 3326 5152 erant
3348 5101 3578 5176 reliquie:

1991 5180 2306 5250 cogitationis
2326 5181 2352 5234 ?
2387 5181 2607 5249 Quando
2635 5183 2709 5236 ait
2733 5200 2746 5235 :
2773 5183 2839 5237 Et
2868 5195 3123 5252 peccatum
3151 5204 3318 5244 meum
3354 5187 3470 5246 ante
3498 5210 3577 5248 me

1991 5280 2064 5324 est
2086 5289 2279 5341 semper
2304 5272 2473 5344 (Psal.
2503 5290 2554 5341 ι,
2581 5275 2659 5345 5).
2689 5275 2817 5340 Quae
2839 5274 2940 5330 fuit
2957 5291 3086 5346 ergo
3105 5279 3272 5348 prima
3293 5283 3533 5353 cogitatio
3550 5286 3577 5339 .’

1994 5361 2060 5418 Ut
2088 5362 2363 5420 recederet
2391 5378 2418 5416 a
2448 5374 2686 5436 peccato.
2718 5364 2785 5421 Et
2813 5367 2855 5420 si
2881 5367 2990 5436 jam
3020 5370 3240 5426 recessit
3266 5384 3296 5424 a
3329 5382 3571 5444 peccato,

1989 5452 2256 5525 quomodo
2293 5464 2566 5524 peccatum
2597 5457 2735 5512 illius
2761 5466 2886 5514 ante
2911 5458 3057 5515 illum
3082 5467 3168 5516 est
3192 5476 3440 5536 semper,
3473 5467 3569 5522 nisi

1987 5545 2113 5616 quia
2142 5544 2376 5615 cogitatio
2403 5545 2492 5603 illa
2522 5547 2751 5612 transiit.
2779 5546 2873 5605 sed
2899 5547 3123 5618 reliquiis
3145 5550 3463 5623 cogitationis
3488 5571 3566 5608 so-

2058 5674 2082 5749 :
2101 5672 2376 5749 ξίςριὶφιοῑ
2522 5678 2734 5749 Λιβιᾁά
2759 5684 2815 5728 Et
2839 5677 2948 5749 lucc
2960 5679 3180 5745 cogitatio
3198 5683 3476 5749 conﬁtentis.

2060 5737 2083 5771 ³
2105 5735 2352 5800 suam
2372 5737 2523 5790 trabis.
2548 5741 2712 5802 Abest,
2736 5750 2845 5802 pro,
2865 5751 2894 5790 a
2918 5735 3022 5792 Issi
