3990 6332
359 385 468 446 96¹1

365 496 558 556 lcmnia
585 491 897 550 celebrant?
922 483 1317 542 Meminerimus
1345 493 1494 550 ergo,
1522 478 1711 532 fratres
1737 473 1938 528 charis-

366 589 520 652 simi,
550 599 800 655 rogamus
827 594 924 635 vos
952 598 966 634 :
991 575 1231 647 quisquis
1257 573 1508 626 liberatus
1531 577 1616 622 est
1637 583 1664 619 a
1690 573 1908 636 peccato
1925 603 1941 627 ,

367 676 673 734 meminerit
699 672 823 743 quid
855 672 984 733 iuit;
1015 670 1120 722 sint
1146 667 1197 720 in
1235 665 1325 718 illo
1356 660 1580 732 reliquid:
1606 657 1941 729 cogitationis.

366 769 520 824 Tune
542 769 684 822 enim
727 774 903 834 portat
928 761 1088 816 alium
1119 755 1416 813 sanandum
1441 795 1457 820 ,
1488 751 1535 808 si
1563 767 1622 806 se
1646 749 1948 804 meminerit

368 875 490 916 esse
514 869 776 914 sanatum.
807 856 947 924 Ergo
967 849 1328 920 unusquisque
1348 845 1659 901 recordetur
1679 842 1806 914 quid
1830 841 1945 907 fuit,

373 961 430 1008 et
456 959 632 1005 utrum
661 949 768 1018 jam
800 961 906 1001 non
932 945 1031 1008 sit;
1059 953 1113 998 et
1139 952 1262 995 tunc
1286 939 1560 993 subveniet
1585 936 1633 990 ei
1663 935 1750 1005 qui
1777 934 1951 988 adlmc

369 1052 454 1096 est
479 1040 619 1110 quod
647 1039 735 1092 ille
755 1037 864 1108 jam
894 1050 1000 1089 non
1023 1043 1123 1088 est.
1150 1032 1206 1087 Si
1231 1039 1406 1084 autem
1431 1029 1596 1099 jactat
1625 1042 1683 1082 se
1707 1026 1857 1097 quasi
1884 1024 1951 1078 de

378 1131 582 1185 meritis
608 1128 738 1194 suis,
765 1136 821 1181 et
844 1125 1053 1196 repellit
1079 1133 1324 1192 tanquam
1352 1119 1595 1186 indignos
1622 1125 1948 1184 peccatores,

374 1231 431 1276 et
457 1221 575 1274 sine
616 1217 976 1273 misericordia
1005 1215 1190 1277 sarvit;
1231 1227 1426 1282 equum
1469 1208 1747 1275 ascendit,
1779 1207 1954 1262 videat

375 1331 447 1372 ne
463 1316 693 1371 dormiat
713 1332 728 1369 :
751 1314 1140 1368 dormitaverunt
1161 1311 1301 1365 enim
1325 1310 1413 1383 qui
1432 1309 1760 1362 ascenderunt
1780 1319 1950 1373 equos.

375 1405 492 1460 Jam
525 1417 648 1459 ttmc
677 1405 875 1459 dimisit
903 1418 1095 1473 equum
1120 1419 1136 1468 ;
1169 1401 1465 1455 butniliavit
1490 1415 1549 1454 se
1579 1416 1594 1452 :
1628 1414 1733 1451 non
1763 1397 1952 1451 iterum

377 1496 630 1552 ascendat
668 1511 860 1566 equum
885 1537 901 1560 ,
935 1495 985 1548 id
1015 1503 1097 1548 est
1119 1535 1134 1559 ,
1165 1509 1269 1548 non
1297 1508 1357 1548 se
1382 1506 1567 1546 rursus
1591 1491 1759 1559 erigat
1788 1489 1839 1542 in
1868 1504 1958 1541 su-

377 1589 633 1658 perbiam.
661 1586 814 1643 Unde
843 1586 916 1641 illi
947 1585 1049 1640 hoc
1076 1586 1173 1640 ﬁt?
1200 1585 1256 1642 Si
1279 1584 1503 1654 reliquit:
1528 1581 1846 1654 cogitationis
1868 1593 1955 1632 so—

379 1680 573 1735 lemnia
599 1679 869 1734 celebrent
899 1679 1027 1732 Deo.

453 1768 541 1824 16.
571 1768 724 1842 [rei-3.
748 1767 860 1838 12.]
896 1766 1096 1832 Vovete,
1115 1776 1158 1821 et
1182 1765 1375 1820 reddite
1396 1763 1619 1820 Domino
1640 1761 1748 1817 Deo
1765 1771 1958 1817 nostro.

383 1859 621 1931 Qttisqpe
655 1859 798 1930 quod
829 1869 1008 1930 potest
1031 1867 1240 1921 voveat,
1280 1868 1335 1912 et
1364 1856 1570 1912 reddat.
1601 1855 1678 1910 Ne
1697 1853 1956 1919 voveatis,

379 1960 440 2006 et
469 1967 577 2006 non
617 1949 882 2014 reddatis;
929 1949 1021 2004 sed
1043 1950 1266 2020 quisque
1294 1947 1434 2018 quiod
1465 1959 1638 2018 potest
1660 1957 1880 2010 voveat,
1907 1956 1965 2000 et-

381 2039 592 2096 reddat.
620 2038 736 2095 Non
757 2039 875 2095 silis
901 2040 1032 2110 pigri
1058 2039 1122 2094 ad
1155 2039 1448 2093 vovendum
1471 2056 1486 2102 ;
1527 2055 1632 2093 non
1661 2039 1803 2094 enim
1827 2037 1961 2091 viri-

382 2133 487 2189 bus
513 2132 706 2188 vestris
731 2131 1040 2201 implebitis.
1082 2130 1349 2186 DelicieIis
1371 2172 1387 2196 ,
1420 2132 1464 2185 si
1495 2130 1564 2186 de
1591 2130 1741 2184 vobis
1759 2145 1964 2200 pracsu-

385 2225 568 2289 mitis;
615 2223 661 2278 si
702 2233 880 2277 autem
904 2221 974 2279 de
1016 2221 1108 2276 illo
1143 2223 1228 2278 cui
1257 2220 1480 2288 vovetis,
1521 2231 1750 2287 vovete,
1787 2220 1961 2276 securi

387 2313 642 2370 reddetis.
677 2311 874 2378 l’ooete,
893 2323 940 2366 et
960 2311 1154 2365 reddite
1171 2310 1392 2367 Domino
1410 2310 1520 2366 Deo
1545 2321 1738 2366 nostra.
1761 2309 1960 2367 Omnes

384 2405 742 2461 communiter
771 2403 896 2474 quid
919 2403 1178 2458 debenms
1201 2404 1429 2458 vovere?
1455 2401 1686 2459 Credere
1708 2404 1760 2458 in
1791 2404 1961 2470 illum,

389 2511 610 2568 sperare
627 2495 698 2551 ab
723 2495 814 2548 illo
834 2496 993 2548 vitam
1017 2506 1291 2561 arteruam,
1313 2495 1449 2550 bene
1467 2495 1647 2549 vivere
1674 2493 1964 2548 secundum

387 2603 730 2646 communem
759 2587 996 2642 modum.
1051 2587 1145 2641 Est
1170 2587 1312 2642 enim
1351 2584 1566 2656 quidam
1596 2585 1785 2640 modus
1814 2599 1967 2640 eom-

392 2680 570 2737 nmnis
595 2678 862 2734 omnibus.
893 2679 1113 2733 Furtum
1133 2695 1238 2732 non
1267 2677 1463 2744 facere,
1481 2692 1588 2732 non
1614 2677 1967 2732 castimoniali

391 2772 715 2844 pra'eipitnr,
743 2780 798 2826 et
821 2780 998 2841 nuptae
1023 2786 1128 2824 non
1155 2770 1458 2841 prmcipitur
1484 2789 1499 2823 :
1526 2769 1843 2826 adulterium
1861 2783 1968 2825 non

395 2867 594 2930 tacere,
623 2866 870 2919 uiittiibus
895 2863 1199 2934 prmcipitur
1231 2880 1246 2918 :
1271 2877 1375 2918 non
1399 2877 1580 2918 amare
1602 2862 1967 2925 vinolentiam,

393 2970 498 3026 quia
530 2954 881 3023 ingurgitatur
901 2953 1109 3020 anima,
1137 2961 1189 3007 et
1215 2951 1511 3021 corrumpit
1535 2951 1590 3006 in
1625 2965 1686 3006 se
1716 2951 1971 3019 templum

397 3045 526 3107 Dei,
571 3043 816 3098 omnibus
842 3042 1121 3111 :rqualiter
1153 3041 1458 3112 prrecipitur
1489 3059 1504 3095 :
1538 3056 1645 3095 non
1672 3041 1968 3111 superbire,

392 3133 644 3189 onmibus
681 3131 960 3201 :rqualiter
1004 3129 1351 3201 prmcipitur:
1384 3145 1489 3185 non
1528 3129 1798 3186 hominem
1825 3131 1970 3186 occi-

394 3224 546 3288 dere,
578 3239 681 3279 non
720 3221 898 3278 odisse
928 3222 1141 3276 fratrem
1161 3263 1178 3286 ,
1219 3237 1324 3276 non
1360 3219 1614 3277 adversus
1637 3219 1866 3292 aliquem
1894 3229 1974 3276 te-

396 3331 526 3370 nere
573 3315 859 3386 perniciem
883 3355 900 3379 ,
945 3313 1195 3369 omnibus
1231 3324 1286 3368 in
1323 3328 1607 3370 commune
1647 3313 1973 3385 praecipitur.

400 3405 510 3459 lloc
536 3413 702 3458 totum
741 3417 931 3458 omnes
954 3417 1150 3458 vovere
1175 3401 1452 3458 debemus.
1497 3402 1637 3458 Sunt
1662 3403 1824 3458 etiam
1849 3412 1973 3458 vota

399 3494 609 3564 propria
632 3493 962 3563 singulorum
992 3509 1008 3544 :
1037 3491 1175 3546 alius
1199 3502 1354 3546 vovet
1390 3492 1501 3547 Deo
1523 3492 1819 3548 castitatem
1841 3507 1976 3548 cono

397 3583 630 3654 iugalem
649 3623 666 3646 ,
688 3592 746 3637 ut
775 3594 968 3652 praeter
993 3598 1218 3637 uxorem
1245 3596 1395 3636 suam
1423 3597 1528 3638 non
1551 3583 1756 3637 noverit
1777 3583 1974 3651 aliam;

398 3673 478 3728 sic
521 3681 578 3728 et
623 3671 854 3736 femina,
898 3683 959 3727 ut
1001 3683 1195 3742 praeter
1235 3673 1404 3727 virum
1453 3689 1606 3728 suum
1636 3689 1741 3728 non
1769 3675 1978 3729 noverit

398 3763 582 3818 alium.
604 3762 704 3816 Alii
731 3763 890 3818 etiam
912 3773 1139 3828 vovent,
1164 3764 1263 3818 etsi
1285 3763 1490 3832 experti
1518 3763 1623 3818 tale
1646 3764 1974 3836 conjugium,

398 3854 536 3908 ultra
565 3851 691 3907 nihil
718 3852 826 3906 tale
855 3851 962 3921 pati
984 3894 1001 3917 ,
1044 3851 1173 3906 nihil
1199 3852 1304 3907 tale
1330 3853 1714 3922 concupiscere
1737 3866 1826 3907 aut
1851 3869 1977 3910 sus-

403 3945 575 3998 tinere
603 3960 617 3997 :
644 3950 710 3997 'et
739 3942 837 4013 ipsi
883 3953 1142 3998 voverunt
1167 3943 1365 4013 aliquid
1387 3945 1558 4013 majus
1577 3959 1734 4013 quam
1753 3945 1846 3998 illi.
1873 3945 1977 3999 Alii

400 4033 752 4102 virginitatem
785 4033 951 4103 ipsam
979 4033 1048 4087 ab
1072 4034 1289 4088 ineunte
1307 4043 1470 4089 :etate
1507 4043 1726 4100 vovent,
1759 4046 1818 4089 ut
1845 4035 1974 4091 nihil

400 4123 513 4176 tale
537 4122 618 4176 vel
636 4123 983 4192 experiantur
1005 4163 1022 4188 ,
1069 4123 1225 4192 quale
1249 4123 1324 4178 illi
1353 4126 1556 4193 experti
1608 4126 1935 4194 reliquerunt
1959 4143 1974 4182 :

399 4221 456 4269 et
483 4214 570 4268 isti
592 4223 848 4268 voverunt
880 4213 1188 4285 plurimum.
1232 4214 1334 4268 Alii
1365 4223 1560 4270 vovent
1587 4215 1804 4271 domum
1826 4233 1977 4272 suam

398 4317 524 4358 esse
589 4302 906 4372 hospitalem
971 4303 1222 4358 onmibus
1271 4306 1468 4359 sanctis
1518 4306 1975 4364 advenientibus:

404 4409 652 4465 itaagnum
681 4403 860 4449 votum
877 4404 1093 4450 vovatt.
1123 4395 1273 4450 Alius
1297 4405 1452 4449 vovet
1472 4397 1773 4468 relinquere
1800 4399 1978 4453 omnia

399 4499 494 4539 sua
515 4483 878 4540 distribuenda
905 4482 1246 4555 pauperibus,
1267 4493 1324 4539 et
1347 4485 1424 4540 ire
1451 4486 1503 4541 in
1528 4501 1865 4544 communem
1895 4487 1979 4542 vi-

401 4583 529 4640 tam,
553 4575 604 4629 in
628 4575 937 4629 societatem
957 4583 1261 4635 satictorum
1293 4593 1307 4631 :
1330 4591 1577 4646 maguum
1594 4589 1774 4632 votum
1799 4591 1976 4636 vovet.

411 4664 593 4720 Vooete
610 4707 627 4732 ,
653 4676 703 4719 et
728 4667 922 4721 reddite
948 4665 1170 4721 Domino
1199 4666 1312 4722 Deo
1340 4680 1531 4724 nostra.
1579 4670 1815 4742 Quisque
1838 4675 1978 4743 quod

399 4769 596 4809 vovere
623 4754 853 4809 voluerit
888 4765 1082 4810 voveat
1109 4773 1123 4810 :
1153 4756 1281 4811 illud
1313 4758 1587 4821 attendat,
1633 4763 1856 4831 utquod
1889 4778 1981 4814 vo-

399 4843 537 4898 verit
573 4842 784 4900 reddat.
810 4843 1190 4917 Unusquisque
1221 4846 1332 4902 Deo
1351 4848 1496 4918 quod
1521 4859 1701 4914 vovet,
1735 4852 1779 4906 si
1812 4854 1984 4922 respi-

397 4930 472 4988 cit
513 4942 807 4988 retrorsum
828 4975 845 5000 ,
877 4935 1074 4990 malum
1101 4944 1208 4990 est.
1255 4936 1446 4994 Nescio
1462 4954 1581 5008 qum
1599 4941 1980 4998 castimonialis

399 5023 605 5078 nubere
633 5024 795 5079 voluit
820 5042 835 5079 :
865 5025 995 5096 quid
1026 5027 1236 5082 voluit?
1269 5028 1421 5096 Quod
1446 5040 1501 5085 et
1527 5032 1679 5103 virgo
1703 5034 1977 5105 qumlibet.

402 5114 542 5182 Quid
568 5115 774 5171 voluit?
816 5116 968 5184 Quod
997 5127 1054 5173 et
1076 5128 1248 5175 mater
1273 5120 1458 5190 ipsius.
1489 5122 1702 5193 Aliquid
1729 5125 1856 5181 mali
1887 5142 1981 5184 v0-

401 5206 533 5260 lm’t?
563 5206 683 5262 Mali
715 5208 892 5277 plane.
939 5208 1157 5276 Quare?
1199 5210 1330 5278 Quia
1372 5211 1481 5281 jam
1509 5226 1726 5270 voverat
1754 5217 1980 5273 Domino

401 5295 512 5350 Deo
533 5313 654 5353 suo.
704 5297 843 5366 Quid
869 5300 1012 5353 enim
1040 5299 1176 5353 dixit
1199 5300 1269 5355 de
1294 5301 1488 5357 talibus
1529 5308 1802 5373 apostolus
1846 5309 1981 5362 Pau-

399 5387 528 5445 luS?
556 5389 686 5442 Cum
704 5389 850 5444 dicat
868 5388 1056 5444 viduas
1079 5389 1504 5448 adolescentulos
1525 5396 1727 5452 nubere
1744 5399 1789 5453 si
1818 5400 1981 5455 velint

398 5475 442 5546 (1
474 5475 605 5530 Tim.
633 5492 702 5544 v,
737 5478 824 5549 η)
846 5520 862 5546 ,
900 5479 994 5532 sed
1016 5488 1195 5534 tamen
1225 5481 1300 5535 ait
1326 5483 1555 5553 quodam
1581 5485 1700 5541 loco
1732 5504 1746 5541 :
1776 5487 1980 5545 Beatior

399 5575 568 5620 autern
594 5567 718 5630 erit,
753 5567 802 5620 si
834 5567 909 5621 sic
949 5570 1280 5637 permanserit
1306 5575 1578 5628 modum
1612 5594 1776 5631 meum
1808 5581 1980 5635 comi-

400 5654 527 5709 tium
556 5655 599 5725 (Ι
629 5656 746 5710 Cor.
771 5673 844 5712 vn
867 5699 884 5724 ,
910 5659 1027 5728 40).
1054 5659 1297 5718 Ostendit
1329 5663 1650 5732 beatiorem.
1681 5670 1725 5723 si
1749 5670 1828 5724 sic
1854 5687 1974 5741 per-

399 5748 692 5816 manserit;
751 5765 857 5806 non
901 5761 1078 5809 tamen
1102 5752 1455 5814 damnandam
1480 5800 1492 5826 ,
1525 5761 1569 5815 si
1600 5762 1799 5821 nubere
1819 5764 1971 5822 volu-

1599 359 1662 420 8.
1702 356 2069 418 AUGUSHNI
2109 357 2409 417 EPlSCOl‘l

3535 289 3673 362 θὶιῖ

2054 473 2176 526 crit.
2205 473 2338 540 Quid
2380 485 2557 529 autem
2584 478 2660 531 ait
2682 476 2748 532 de
2770 479 3084 548 quihusdam
3116 498 3234 552 qua:
3271 497 3549 552 voverunt,
3577 502 3632 542 et

2056 579 2160 616 nou
2200 563 2582 620 reddiderunt?
2644 567 2930 634 Habentes,
2979 571 3188 640 inquit,
3233 573 3631 644 damnationem,

2055 653 2174 720 quia
2198 655 2411 723 primum
2434 657 2584 726 ﬁdem
2606 659 2802 711 irritam
2823 663 3045 730 fecerunt
3068 661 3110 732 (Ι
3133 662 3264 716 Tim.
3285 679 3338 729 v,
3370 665 3478 735 12).
3494 665 3630 733 Quid

2058 753 2160 810 est,
2190 747 2405 815 primum
2431 747 2582 817 ﬁdem
2604 751 2799 803 irritam
2821 751 3084 820 fecerunt?
3128 753 3423 813 \‘ovcrunt.
3444 767 3498 810 et
3529 773 3633 810 non

2058 836 2420 892 reddiderunt.
2467 837 2638 894 Nemo
2662 856 2789 911 ergo
2817 844 3021 910 positus
3045 844 3096 897 in
3127 848 3448 900 monasterio
3472 847 3635 901 frater

2058 927 2200 983 dicat
2232 948 2247 985 :
2277 930 2486 985 Recedo
2520 931 2590 987 de
2619 934 2943 987 monasterio
2965 974 2981 996 ,
3026 951 3197 1005 neque
3239 938 3380 991 enim
3420 938 3518 992 soli
3545 939 3638 1006 qui

2059 1031 2183 1073 sunt
2208 1020 2259 1073 in
2288 1023 2614 1076 monasterio
2639 1025 2943 1092 perventuri
2973 1035 3096 1078 sum
3122 1025 3188 1080 ad
3224 1042 3442 1095 regnum
3471 1029 3636 1086 C(Blu-

2061 1127 2200 1175 rum,
2231 1120 2284 1165 et
2312 1111 2384 1164 illi
2412 1113 2500 1182 qui
2533 1112 2602 1166 ibi
2639 1129 2742 1167 non
2771 1123 2894 1168 sunt
2915 1115 2979 1169 ad
3015 1116 3176 1169 Deum
3209 1133 3315 1171 nun
3349 1119 3636 1186 pertinent.

2061 1200 2439 1271 Respondetur
2465 1203 2515 1257 ei
2545 1220 2559 1257 :
2591 1203 2696 1258 Sed
2725 1204 2795 1257 illi
2837 1219 2941 1259 non
2982 1216 3280 1272 voverunt;
3312 1210 3384 1262 tu
3422 1211 3638 1274 vovisti,

2061 1301 2118 1347 tu
2153 1302 2301 1349 retro
2341 1293 2642 1363 respexisti.
2689 1295 2762 1349 De
2783 1295 2868 1350 die
2895 1295 3080 1365 judicii
3108 1312 3228 1352 cum
3260 1299 3514 1356 Dominus
3538 1305 3640 1356 mi-

2064 1393 2284 1439 naretur
2304 1428 2318 1449 ,
2350 1385 2474 1454 quid
2504 1386 2613 1440 ait?
2658 1385 2960 1442 Mementote
2983 1390 3157 1444 uxoris
3189 1390 3286 1444 Lot
3320 1392 3469 1463 (an.
3506 1411 3636 1459 xvtt,

2063 1474 2179 1548 32).
2209 1477 2466 1531 Omnibus
2491 1477 2641 1533 dixit.
2673 1478 2809 1546 Quid
2836 1483 2976 1535 enim
2999 1480 3125 1535 fecit
3153 1499 3286 1537 uxor
3310 1483 3408 1538 Lot
3430 1485 3454 1538 ?
3479 1485 3642 1542 Libe-

2064 1577 2175 1622 rata
2206 1580 2290 1623 est
2315 1584 2343 1621 a
2371 1567 2619 1624 Sodomis
2645 1612 2661 1636 ,
2712 1581 2766 1626 et
2797 1571 2848 1625 in
2879 1573 2964 1626 via
3007 1573 3175 1642 posita
3217 1585 3507 1631 retrorsum
3552 1594 3644 1632 re-

2065 1659 2278 1728 spexit:
2309 1659 2397 1712 ubi
2427 1661 2691 1729 respexit,
2718 1661 2787 1716 ibi
2819 1663 3098 1716 remansit.
3149 1662 3309 1719 Facta
3345 1674 3430 1720 est
3464 1678 3644 1724 autem

2065 1760 2237 1806 statua
2270 1751 2395 1806 salis
2419 1751 2572 1820 (Gen.
2605 1769 2696 1807 xtx
2723 1794 2738 1817 ,
2767 1752 2859 1825 9.6)
2883 1796 2899 1818 ,
2939 1763 2996 1808 ut
3023 1756 3161 1809 illius
3190 1758 3644 1828 contemplatione

2064 1841 2382 1897 condiantur
2405 1843 2675 1908 homines;
2705 1859 2798 1899 cor
2828 1845 3078 1913 habeant,
3105 1862 3208 1902 non
3230 1849 3334 1903 sint
3361 1849 3508 1917 fatui,
3539 1868 3645 1906 non

2068 1940 2215 1987 retro
2245 1933 2567 2002 respiciant,
2614 1949 2682 1988 ne
2725 1935 2921 1990 malum
2946 1938 3249 2007 exemplum
3277 1937 3466 1994 dantes
3487 1982 3502 2004 ,
3544 1941 3650 2012 ipsi

2067 2032 2414 2086 remaneant,
2444 2033 2498 2077 et
2535 2023 2668 2077 alios
2702 2025 2972 2079 condiant.
3002 2025 3132 2080 Nam
3157 2039 3212 2082 et
3237 2029 3396 2084 modo
3422 2030 3651 2086 dicimus

2069 2112 2193 2166 illud
2223 2113 2538 2182 quibusdam
2571 2113 2822 2170 fratribus
2853 2118 3048 2171 nostris
3067 2159 3082 2180 ,
3113 2135 3250 2188 quos
3284 2119 3422 2176 forte
3446 2123 3650 2179 videri-

2071 2217 2193 2258 mus
2225 2202 2371 2258 velut
2401 2203 2654 2258 inllrmari
2702 2205 2754 2259 in
2802 2207 3074 2276 proposito
3118 2208 3260 2264 bono
3292 2229 3308 2266 :
3340 2211 3404 2266 Et
3429 2214 3547 2268 talis
3569 2215 3653 2268 vis

2069 2310 2226 2360 esse,
2268 2296 2444 2366 qualis
2466 2297 2596 2352 ille?
2637 2299 2929 2366 Objicimus
2964 2301 3068 2355 illis
3105 2303 3360 2373 quosdam
3396 2305 3484 2376 qui
3507 2315 3653 2361 retro

2071 2395 2446 2456 respexerunt.
2473 2386 2550 2441 llli
2577 2387 2704 2442 fatui
2736 2400 2862 2445 sunt
2890 2391 2940 2445 in
2971 2406 3061 2454 se,
3093 2393 3185 2446 sed
3211 2393 3348 2449 alios
3374 2397 3650 2459 condiunt,

2071 2475 2286 2545 quando
2328 2490 2850 2547 commemorantur,
2895 2490 2952 2535 ut
2998 2481 3205 2536 illorum
3254 2485 3555 2555 exemplum
3582 2487 3654 2540 ti-

2073 2579 2282 2627 mentes
2309 2571 2396 2626 isti
2429 2581 2575 2626 retro
2613 2589 2718 2627 non
2759 2575 3064 2644 reSpieiant.
3120 2573 3334 2642 Vovete,
3374 2588 3421 2631 et
3463 2579 3656 2634 reddite

2075 2661 2297 2716 Domino
2325 2659 2436 2717 Deo
2457 2674 2647 2728 nostro,
2677 2666 2798 2735 quia
2827 2666 2911 2720 illa
2944 2684 3080 2722 uxor
3108 2667 3207 2722 [λιι
3233 2668 3297 2724 ad
3325 2686 3511 2726 omnes
3535 2687 3657 2742 per-

2073 2757 2228 2810 tinet.
2278 2755 2520 2811 Maritata
2567 2760 2760 2814 mulier
2787 2761 2958 2815 voluit
2987 2762 3160 2818 facere
3189 2764 3546 2833 adulterium;
3585 2766 3656 2822 de

2074 2846 2192 2901 loco
2228 2862 2328 2903 suo
2350 2862 2459 2917 quo
2483 2859 2801 2918 pervenerat
2844 2861 2988 2908 retro
3026 2855 3281 2924 respexit.
3327 2854 3496 2912 Vidua
3535 2874 3656 2928 qum

2070 2937 2180 3007 jam
2208 2939 2284 2994 sic
2313 2953 2632 3009 permanere
2657 2953 2871 2996 voverat
2900 2984 2916 3010 ,
2958 2944 3126 2998 voluit
3156 2945 3390 3012 nubere,
3431 2946 3535 3003 hoc
3561 2965 3656 3001 νυ-

2075 3029 2178 3085 luit
2221 3031 2360 3100 quod
2391 3031 2540 3087 licuit
2563 3033 2612 3088 ei
2657 3050 2778 3104 qua:
2816 3037 3036 3104 nupsit;
3084 3037 3177 3092 sed
3214 3039 3288 3092 illi
3337 3056 3442 3094 non
3483 3041 3655 3103 licuit.

2076 3121 2198 3191 quia
2223 3119 2292 3176 de
2334 3121 2452 3176 loco
2477 3137 2575 3176 suo
2622 3133 2767 3179 retro
2799 3127 3057 3196 respexit.
3114 3127 3274 3199 Virgo
3298 3141 3384 3185 est
3409 3133 3661 3186 castimo-

2077 3211 2258 3279 nialis,
2276 3213 2385 3282 jam
2412 3212 2586 3268 dicata
2613 3213 2757 3280 Deo;
2796 3214 3028 3272 habebat
3051 3229 3104 3274 et
3124 3229 3315 3274 caetera
3338 3261 3355 3283 ,
3383 3238 3503 3292 qua:
3529 3239 3660 3278 vere

2077 3312 2274 3359 ornant
2300 3303 2470 3373 ipsam
2499 3304 2858 3375 virginitatem
2880 3350 2896 3374 ,
2929 3319 2983 3363 et
3011 3310 3127 3364 sine
3161 3311 3352 3380 quibus
3384 3313 3469 3368 illa
3500 3315 3661 3386 virgi-

2079 3393 2218 3448 nitas
2243 3394 2414 3464 turpis
2443 3404 2545 3452 est.
2588 3395 2724 3461 Quid
2752 3398 2794 3452 si
2826 3398 2968 3454 enim
2991 3400 3060 3454 sit
3085 3416 3312 3471 corpore
3340 3403 3580 3472 integra,
3603 3415 3660 3460 et

2080 3491 2262 3538 mente
2281 3485 2576 3556 corrupta?
2618 3486 2755 3554 Quid
2781 3496 2864 3543 est
2891 3489 3031 3559 quod
3064 3489 3207 3545 divi?
3249 3492 3382 3560 Quid
3409 3495 3452 3548 si
3483 3495 3660 3549 nullus

2083 3573 2317 3642 tetigerit
2336 3588 2551 3644 corpus,
2597 3575 2690 3631 sed
2721 3577 2765 3630 si
2799 3577 2935 3632 forte
2962 3579 3174 3634 ebriosa
3201 3581 3290 3648 sit,
3316 3585 3543 3652 superba
3568 3587 3657 3648 sit,

2083 3661 2313 3734 litigiosa
2339 3665 2446 3727 sit,
2487 3666 2726 3736 linguosa
2753 3669 2855 3722 sit?
2896 3669 3019 3725 [late
3047 3672 3224 3726 omnia
3254 3671 3470 3728 damnat
3499 3675 3656 3732 Deus.

2084 3753 2142 3807 Si
2169 3763 2452 3825 antequam
2495 3757 2729 3812 vovisset
2772 3760 3076 3829 nupsisset,
3125 3777 3229 3816 nou
3269 3761 3654 3820 damnaretur:

2082 3845 2241 3915 elegit
2265 3846 2461 3915 aliquid
2503 3847 2730 3914 melius,
2765 3850 3038 3920 superavit
3063 3850 3202 3920 quod
3229 3852 3275 3907 ei
3311 3852 3540 3920 licebat;
3570 3869 3662 3909 su-

2085 3937 2280 4005 perbit,
2317 3948 2374 3992 et.
2401 3937 2583 3992 illicita
2613 3948 2757 3994 tanta
2784 3942 3093 3996 committit.
3118 3941 3227 3996 Hoc
3254 3943 3376 3997 dico
3405 3961 3420 3999 :
3450 3943 3663 4000 Nubere

2086 4026 2211 4082 licet
2234 4036 2515 4098 antequam
2547 4038 2770 4095 voveat;
2803 4031 3080 4100 superbire
3117 4048 3391 4102 nunquam
3426 4034 3570 4090 lieet.
3616 4035 3663 4090 O

2091 4127 2144 4171 tu
2171 4116 2324 4189 virgo
2345 4119 2458 4183 Dei,
2489 4120 2692 4174 nubere
2722 4121 2958 4182 noluisti,
2988 4125 3128 4193 quod
3161 4124 3319 4188 licet;
3351 4126 3562 4182 extollis
3587 4137 3660 4192 te,

2083 4211 2227 4281 quod
2259 4228 2363 4267 non
2394 4212 2538 4268 licet.
2574 4213 2761 4268 Melior
2783 4215 2929 4285 virgo
2958 4216 3203 4282 humilis,
3235 4235 3392 4289 quam
3417 4221 3660 4274 tnaritata

2085 4303 2332 4369 humilis;
2382 4304 2478 4359 sed
2519 4305 2707 4359 melior
2747 4308 2987 4370 maritam
3033 4309 3272 4372 humilis,
3314 4326 3472 4380 quam
3513 4312 3664 4379 virgo

2085 4396 2340 4465 superba.
2383 4395 2515 4463 Qua:
2558 4405 2737 4451 autent
2769 4398 3006 4467 respexit
3030 4399 3094 4452 ad
3131 4400 3373 4469 nuptias,
3405 4417 3508 4456 non
3538 4405 3661 4471 quia
3721 4412 3724 4414 ‘

2084 4485 2252 4540 voluit
2274 4485 2475 4541 nubere
2498 4485 2809 4554 damnatur;
2834 4488 2928 4544 sed
2954 4489 3076 4558 quia
3104 4491 3211 4558 jam
3234 4503 3592 4548 antecesserat
3619 4495 3662 4559 ⁸,

2083 4585 2141 4632 et
2166 4576 2226 4632 lit
2248 4593 2383 4632 uxor
2403 4577 2504 4632 Lot
2527 4578 2864 4648 respiciendo
2888 4589 3202 4635 retrorsum.
3253 4581 3368 4636 Non
3393 4583 3509 4638 sitis
3529 4585 3664 4654 pigri

2085 4668 2177 4738 qui
2204 4669 2428 4738 potestis
2451 4709 2466 4732 ,
2499 4669 2693 4740 quibus
2720 4671 2922 4740 aspirat
2953 4671 3091 4726 Deus
3110 4673 3510 4743 apprehendere
3537 4691 3665 4746 gra-

2084 4759 2185 4813 dus
2214 4759 2498 4827 meliores,
2546 4760 2669 4831 quia
2701 4776 2808 4816 non
2837 4761 2936 4815 ista
2963 4761 3082 4816 ideo
3124 4763 3390 4833 loquimur
3413 4806 3430 4828 ,
3471 4775 3529 4819 ut
3557 4783 3666 4821 non

2083 4849 2360 4914 voveatis,
2406 4849 2502 4905 sed
2543 4861 2602 4906 ut
2638 4852 2876 4906 voveatis
2900 4894 2914 4917 ,
2958 4860 3014 4906 et
3057 4853 3339 4909 reddaus:
3382 4855 3594 4921 Vooete,
3618 4868 3669 4911 et

2082 4939 2278 4994 reddite
2301 4938 2524 4995 Domino
2545 4941 2655 4995 Deo
2681 4953 2872 4997 nostro.
2899 4941 3016 4998 Jam
3041 4945 3163 5014 quia
3187 4945 3285 4999 ista
3303 4947 3670 5016 tractavimus,

2086 5028 2225 5085 forte
2251 5031 2469 5086 volebas
2493 5047 2692 5087 vovere
2712 5073 2727 5098 ,
2771 5043 2828 5087 et
2864 5033 3024 5088 modo
3052 5050 3158 5089 non
3190 5035 3270 5090 vis
3293 5052 3509 5092 vovere.
3560 5039 3668 5095 Sed

2084 5119 2211 5190 quid
2239 5121 2335 5175 tibi
2354 5122 2549 5177 dixerit
2572 5123 2816 5178 Psalmus
2839 5164 2856 5189 ,
2882 5124 3124 5180 attende.
3163 5126 3280 5181 Non
3309 5128 3460 5192 dixit,
3492 5128 3676 5185 Nolite

2087 5223 2317 5277 vovere;
2354 5210 2470 5277 sed,
2508 5210 2704 5279 Vovete,
2733 5224 2780 5268 et
2807 5214 3018 5270 reddite.
3049 5216 3182 5282 Quia
3209 5218 3426 5287 audisti,
3451 5221 3663 5284 reddite,

2085 5313 2193 5354 non
2230 5301 2309 5356 vis
2351 5302 2592 5357 vovere?
2634 5303 2776 5374 Ergo
2815 5319 3011 5360 vovere
3037 5307 3286 5374 volebas,
3329 5320 3519 5366 etnon
3543 5315 3668 5366 red-

2085 5391 2252 5448 dere?
2298 5393 2412 5449 lmo
2446 5404 2732 5466 utrumque
2770 5398 2873 5453 fac.
2931 5397 3103 5455 Unum
3137 5401 3209 5456 sit
3234 5417 3301 5458 ex
3338 5405 3670 5475 professione

2087 5493 2206 5550 tua;
2258 5485 2402 5540 aliud
2444 5501 2508 5542 ex
2537 5487 2802 5557 adjutorio
2828 5489 2924 5546 Dei
2962 5491 3288 5560 perﬁcietur.
3327 5496 3523 5567 Aspice
3542 5513 3666 5553 eum

2084 5576 2174 5646 qui
2206 5584 2258 5630 te
2285 5575 2430 5632 ducit
2455 5619 2470 5643 ,
2513 5588 2569 5633 et
2597 5595 2703 5633 non
2733 5580 2989 5649 respicies
3014 5592 3193 5651 retro,
3221 5585 3362 5641 unde
3387 5597 3438 5641 te
3462 5587 3666 5643 educit.

2084 5665 2184 5735 Qui
2213 5675 2264 5721 te
2297 5665 2444 5722 ducit
2469 5709 2482 5730 ,
2511 5678 2636 5726 ante
2663 5678 2715 5724 te
2748 5669 3012 5737 ambulat;
3063 5673 3204 5731 unde
3244 5684 3296 5732 te
3319 5675 3524 5745 educit,
3544 5689 3667 5752 post

2154 5780 2171 5811 ί
2195 5781 2268 5830 sic
2289 5785 2394 5830 uss.
2415 5787 2472 5832 At
2501 5780 2638 5845 add,
2657 5787 2769 5833 aue
2791 5790 3074 5835 recesserat.
