3990 6330
92 406 201 464 969

91 534 146 579 te
176 531 283 579 est.
337 522 468 577 Ama
511 520 791 575 ducentem
813 561 829 585 ,
877 529 929 575 et
957 536 1061 573 non
1092 529 1145 575 te
1174 522 1390 576 damnat
1420 530 1565 576 retro
1593 536 1677 574 re-

91 615 429 685 spicientem.
470 611 671 677 Vovete,
712 622 760 664 et
784 612 979 665 reddite
1001 609 1217 665 Domino
1243 610 1349 665 Deo
1377 620 1570 664 nostro.

162 706 252 760 17.
284 704 470 759 Omnes
487 704 647 774 quiin
668 703 881 756 circuitu
907 703 1017 771 ejus
1037 712 1186 766 sunt,
1209 700 1420 769 olfereut
1445 719 1674 756 munera.

88 789 189 856 Qui
216 806 343 851 sunt
373 796 425 849 in
448 796 671 851 circuitu
696 794 852 859 ejus?
882 793 980 850 Ubi
1008 795 1149 879 enim
1168 805 1249 848 est
1269 796 1386 857 iste,
1415 796 1677 861 utdieat',

90 887 281 943 Omnes
297 890 387 960 qui
406 889 460 941 in
481 889 693 942 circuitu
714 887 825 956 ejus
846 897 959 941 sunt
980 888 1005 940 Ρ
1033 888 1087 941 Si
1113 887 1278 941 Deum
1304 888 1511 942 Patrem
1540 890 1677 959 cogi-

89 993 201 1047 tes,
242 983 333 1039 ubi
360 999 465 1038 nou
491 992 574 1038 est
602 983 695 1055 qui
735 983 932 1052 ubique
963 999 1196 1051 praisens
1226 984 1351 1038 est?
1400 985 1453 1038 Si
1486 984 1675 1037 Filium

86 1074 294 1144 cogites
338 1074 634 1130 secundum
681 1073 905 1128 formam
952 1073 1282 1140 divinitatis,
1334 1082 1388 1129 et
1414 1076 1526 1143 ipse
1551 1089 1671 1127 cum

88 1168 248 1225 Patre
276 1169 471 1240 ubique
500 1178 619 1233 est;
648 1168 768 1239 quia
797 1168 911 1237 ipse
936 1176 1018 1222 est
1038 1168 1310 1238 Sapientia
1344 1168 1457 1234 Dei,
1481 1166 1548 1221 de
1569 1182 1670 1236 qua

88 1257 289 1316 dictum
313 1271 391 1315 est
424 1279 438 1314 :
472 1261 683 1332 Attingit
701 1270 868 1313 autem
896 1260 1076 1329 ubique
1102 1269 1306 1329 propter
1337 1276 1484 1312 suam
1523 1275 1672 1311 uiuit-

86 1354 268 1406 ditium
307 1352 463 1422 (Sep.
489 1368 580 1416 vn,
608 1350 728 1421 24).
776 1350 834 1406 Si
862 1359 1038 1405 autem
1072 1351 1262 1406 Filium
1285 1351 1362 1406 sic
1386 1352 1671 1419 intelligas,

85 1444 378 1498 secundum
407 1443 547 1514 quod
573 1445 863 1513 assumpsit
890 1458 1107 1498 carnem
1134 1484 1150 1509 ,
1178 1453 1227 1496 et
1255 1444 1399 1497 visus
1424 1452 1507 1496 est
1536 1444 1673 1496 inter

86 1536 355 1602 homines,
377 1543 431 1589 et
449 1534 737 1589 crucifixus
752 1542 855 1597 est,
878 1544 931 1587 et
951 1533 1265 1596 resurrexit,
1289 1532 1534 1587 novimus
1551 1532 1672 1601 quia

84 1627 329 1683 ascendit
353 1626 405 1681 in
432 1627 648 1682 caelum.
680 1625 779 1694 Qui
803 1634 928 1679 sunt
955 1626 1006 1680 in
1035 1627 1255 1679 circuitu
1282 1624 1439 1695 ejus?
1463 1625 1670 1694 Angeli.

85 1720 227 1789 Ergo
255 1734 354 1774 nos
380 1734 486 1773 non
531 1717 806 1772 oderimus
834 1731 1051 1771 munera
1076 1757 1093 1784 ,
1140 1717 1262 1787 quia
1309 1716 1493 1770 Omnes
1512 1718 1596 1787 qui
1622 1718 1672 1770 in

83 1809 299 1863 circuitu
333 1811 445 1879 ejus
481 1818 637 1873 sunt,
668 1808 821 1871 dixit,
844 1806 1055 1874 offerent
1079 1824 1310 1862 munera.
1352 1805 1407 1862 Si
1434 1808 1673 1877 sepultus

86 1900 346 1954 Dominus
370 1908 555 1953 noster
578 1899 666 1954 hic
691 1909 834 1953 esset
861 1899 912 1952 in
943 1909 1081 1953 terra
1099 1939 1114 1962 ,
1155 1908 1209 1952 et
1248 1899 1450 1967 jaceret
1478 1914 1673 1967 corpus

84 1991 275 2062 ipsius,
297 1989 568 2061 quomodo
597 1988 820 2058 alicujus
850 1989 1097 2060 martyris
1125 1988 1206 2041 vel
1236 1989 1480 2057 apostoli,
1511 2000 1674 2042 atten-

81 2082 336 2137 deremus
363 2097 458 2136 eos
482 2080 572 2151 qui
599 2080 650 2133 in
678 2081 901 2134 circuitu
933 2079 1049 2148 ejus
1078 2090 1280 2143 essent,
1308 2094 1667 2149 quzecnmque

84 2175 165 2229 vel
206 2184 397 2245 gentes
443 2183 625 2228 essent
670 2172 810 2227 circa
860 2173 1032 2242 ipsum
1062 2173 1235 2226 locum
1266 2172 1536 2242 undique,
1587 2173 1667 2226 vel

81 2264 464 2320 convenientes
494 2263 561 2317 ad
602 2262 744 2316 illam
790 2263 1117 2330 sepulturam
1164 2276 1286 2315 cum
1317 2264 1666 2317 muneribus:

83 2370 226 2410 nunc
270 2364 450 2409 autem
500 2352 781 2415 ascendit;
836 2367 1046 2406 sursum
1097 2362 1200 2407 est.
1259 2351 1394 2419 Quid
1433 2361 1515 2405 est
1544 2351 1664 2416 hoc,

85 2446 273 2501 Omnes
299 2446 383 2513 qui
409 2445 462 2497 in
492 2443 704 2497 circuitu
725 2443 835 2513 ejus
863 2452 997 2505 sunt,
1032 2441 1246 2507 offerent
1273 2442 1525 2496 munera?
1558 2443 1669 2497 lloc

83 2540 294 2594 interim
324 2537 464 2607 quod
496 2536 633 2590 Deus
658 2535 911 2590 admonet
931 2536 1105 2589 dicam
1128 2535 1300 2599 vobis,
1331 2533 1459 2604 quid
1486 2549 1552 2588 ex
1585 2534 1668 2588 bis

82 2632 260 2686 verbis
308 2630 437 2683 mihi
482 2631 595 2698 ipse
642 2628 907 2697 inspirare
957 2627 1204 2697 dignatus
1234 2627 1348 2681 sit:
1390 2620 1666 2682 simelius

82 2724 283 2794 aliquid
309 2732 493 2792 postea
523 2723 690 2776 visum
721 2722 879 2775 ftterit
901 2763 916 2786 ,
950 2731 1003 2775 et
1039 2720 1138 2773 hoc
1168 2731 1401 2775 vestrum
1430 2726 1513 2776 est
1542 2720 1667 2789 quia

80 2815 384 2871 communis
425 2822 507 2869 est
554 2813 804 2868 omnibus
850 2814 1067 2867 veritas.
1121 2812 1235 2866 Non
1272 2820 1354 2866 est
1393 2826 1493 2867 nec
1523 2826 1664 2873 mea,

84 2922 184 2961 nec
204 2912 332 2969 tua;
377 2920 480 2958 non
508 2913 591 2959 est
621 2904 779 2968 illius,
810 2912 902 2957 aut
931 2903 1073 2956 illius
1105 2921 1118 2955 :
1149 2903 1396 2956 erunibus
1425 2918 1666 2957 commu-

80 2999 161 3053 nis
192 3007 294 3053 est.
322 2998 387 3051 Et
412 2996 638 3050 fortasse
670 2994 789 3049 ideo
806 2995 979 3049 media
1004 3003 1104 3055 est,
1138 3002 1190 3047 ut
1223 2995 1271 3046 in
1299 2993 1519 3047 circuitu
1550 2992 1665 3061 ejus

78 3092 183 3146 sint
225 3102 416 3143 omnes
453 3088 542 3158 qui
593 3086 820 3154 diligunt
862 3087 1162 3140 veritatem.
1208 3084 1471 3154 Quidquid
1518 3083 1661 3138 enim

76 3179 329 3234 omnibus
357 3192 639 3232 commune
667 3184 768 3236 est,
802 3176 852 3229 in
879 3175 1055 3231 medio
1081 3184 1180 3228 est.
1212 3175 1388 3241 Quare
1409 3176 1459 3228 in
1485 3174 1666 3232 medio

76 3271 309 3325 dicitur?
335 3269 403 3325 Ut
431 3276 635 3322 tantum
666 3269 826 3321 distet
854 3267 920 3321 ab
944 3266 1210 3332 omnibus,
1234 3277 1287 3320 et
1318 3276 1522 3321 tantum
1549 3283 1665 3339 pro-

76 3364 301 3433 pinquet
326 3361 593 3415 omnibus.
620 3359 773 3425 Quod
802 3374 906 3413 non
936 3368 1019 3413 est
1053 3359 1102 3411 iu
1133 3358 1337 3423 medio,
1370 3360 1522 3429 quasi
1552 3361 1664 3430 pri-

75 3464 257 3507 vatum
289 3452 364 3506 lit.
416 3450 567 3519 Quod
601 3450 867 3518 publicum
900 3459 983 3504 est
1004 3491 1017 3515 ,
1050 3449 1100 3502 in
1131 3446 1308 3503 medio
1334 3451 1572 3519 ponitur,
1606 3458 1661 3503 ut

74 3560 266 3599 omnes
295 3544 383 3612 qui
414 3543 664 3605 veniunt,
715 3541 1039 3610 percipiant,
1072 3540 1456 3595 illuminentur.
1492 3541 1664 3597 Nemo

74 3640 218 3691 dicat
245 3680 258 3701 ,
305 3635 480 3690 Meum
512 3644 631 3697 est;
686 3649 750 3687 ne
781 3634 831 3686 in
860 3642 1007 3702 parte
1032 3648 1123 3686 sua
1156 3634 1283 3687 velit
1316 3632 1492 3688 facere
1518 3634 1661 3703 quod

76 3731 123 3782 in
153 3728 335 3783 medio
373 3737 455 3781 est
494 3725 761 3780 omnibus.
805 3724 941 3790 Quid
970 3734 1054 3778 est
1079 3740 1207 3794 ergo
1226 3765 1241 3791 ,
1288 3724 1472 3778 Omnes
1499 3726 1584 3794 qui
1609 3725 1662 3778 iu

71 3820 285 3873 circuitu
312 3819 421 3888 ejus
440 3828 573 3877 sunt.
601 3814 813 3882 o/Ierent
852 3816 1100 3869 munera!
1127 3815 1325 3869 Omnes
1348 3818 1434 3885 qui
1465 3816 1660 3869 intelli-

72 3923 202 3983 gunt
228 3925 565 3966 communem
587 3924 708 3963 esse
728 3908 976 3961 omnibus
999 3909 1293 3969 veritatem,
1317 3918 1370 3962 et
1392 3925 1494 3961 non
1516 3908 1659 3962 illam

74 4004 277 4057 faciunt
299 4000 452 4072 quasi
479 3990 629 4056 suam
660 3998 1015 4065 superbiendo
1041 3998 1107 4051 de
1150 3999 1236 4052 illa
1256 4041 1269 4059 ,
1305 4000 1402 4066 ipsi
1434 3999 1663 4053 offerent

74 4111 334 4159 munera;
375 4094 499 4163 quia
531 4092 883 4146 humilitatem
915 4090 1113 4144 habent
1139 4109 1152 4144 :
1181 4091 1270 4160 qui
1302 4101 1476 4145 autem
1505 4092 1659 4161 quasi

71 4201 227 4241 Suum
272 4183 471 4239 faciunt
498 4181 641 4253 quod
665 4181 914 4237 omnibus
942 4195 1230 4236 commune
1253 4192 1363 4247 est,
1410 4191 1658 4251 tanquam

74 4280 123 4331 in
153 4275 336 4331 medio
363 4275 617 4343 positum,
640 4272 706 4327 ad
735 4280 937 4341 partem
965 4270 1224 4325 seducere
1254 4282 1532 4333 conantur,
1553 4290 1657 4326 non

71 4369 303 4423 offerent
343 4365 394 4419 hi
434 4379 692 4430 munera;
736 4363 857 4432 quia
892 4362 1078 4415 Omnes
1104 4363 1189 4431 qui
1230 4364 1280 4415 in
1310 4364 1520 4416 circuitu
1552 4370 1661 4433 ejus

70 4469 210 4525 sunt,
242 4456 454 4524 offerent
485 4471 692 4508 munera
719 4454 949 4507 terribili.
972 4452 1275 4507 Oil'ereutur
1303 4469 1522 4507 munera
1558 4464 1661 4507 ter-

71 4552 213 4607 ribili
251 4568 264 4604 :
298 4552 524 4603 timeant
547 4562 677 4617 ergo
706 4560 893 4600 omnes
917 4546 1005 4614 qui
1042 4545 1092 4598 in
1118 4545 1341 4599 circuitu
1369 4544 1486 4613 ejus
1512 4554 1658 4599 sunt.

72 4644 199 4698 ideo
228 4642 370 4696 enim
401 4638 682 4702 timebunt,
714 4644 770 4691 et
796 4652 916 4691 cum
949 4644 1179 4689 tremore
1200 4635 1510 4700 laudabunt,
1537 4636 1659 4705 quia

72 4736 195 4787 ideo
224 4733 279 4786 in
297 4727 804 4797 circuituejussunt,
832 4734 888 4779 ut
906 4740 1095 4779 omnes
1119 4733 1473 4792 assequantur
1501 4740 1646 4789 eum,

70 4836 123 4880 et
172 4824 384 4897 publice
412 4820 661 4875 omnibus
690 4819 962 4884 conﬂuat,
1015 4827 1071 4871 et
1115 4816 1323 4885 publice
1354 4815 1615 4870 illuminet
1643 4834 1657 4870 :

70 4917 174 4972 hoc
206 4923 308 4975 est,
338 4911 775 4969 contremiscere.
800 4910 878 4964 Tu
904 4924 1024 4963 cum
1050 4908 1239 4962 feceris
1260 4906 1353 4963 tibi
1373 4923 1495 4961 eum
1509 4908 1661 4978 quasi

71 5004 351 5078 preprium
372 5046 386 5069 ,
431 5011 487 5057 et
510 5002 618 5073 jam
649 5016 752 5055 non
778 5014 1116 5054 communem
1140 5042 1155 5063 ,
1192 4998 1471 5053 extolleris
1491 4999 1544 5053 in
1570 5013 1659 5052 su-

68 5098 347 5169 perbiant;
393 5109 513 5148 cum
558 5094 812 5161 scriptum
859 5091 969 5143 sit:
1010 5089 1205 5143 Servite
1246 5086 1467 5142 Domino
1511 5089 1564 5141 in
1599 5086 1662 5141 ti-

70 5204 213 5243 more
237 5229 251 5250 ,
285 5196 331 5239 et
359 5185 605 5239 exsultate
629 5184 672 5236 ei
700 5198 814 5235 cum
841 5191 1052 5234 tremore
1079 5176 1253 5248 (Psal.
1285 5194 1352 5245 ll,
1378 5180 1486 5248 11).
1522 5179 1662 5249 Ergo

66 5280 301 5335 offerent
330 5290 549 5329 munera
571 5274 660 5343 qui
692 5274 745 5327 in
774 5273 995 5327 circuitu
1026 5270 1144 5337 ejus
1182 5279 1306 5322 sunt
1339 5287 1351 5321 :
1388 5269 1486 5338 ipsi
1516 5271 1657 5323 enim

68 5369 306 5424 humiles
335 5375 461 5420 sunt
483 5405 499 5429 ,
553 5365 642 5434 qui
672 5376 1012 5417 communem
1044 5368 1241 5412 norunt
1269 5373 1388 5412 esse
1414 5359 1661 5413 omnibus

68 5459 375 5514 veritatem.
1505 5448 1507 5450 ’

144 5550 231 5605 18.
263 5547 415 5620 [vers.
441 5543 552 5617 13.]
583 5544 676 5598 Cui
704 5543 925 5597 offerent
963 5541 1216 5595 munera?
1250 5539 1500 5605 Terribili,
1543 5552 1589 5595 et
1617 5559 1660 5595 et

70 5641 157 5709 qui
200 5642 366 5710 aufert
409 5637 642 5702 spiritum
669 5636 689 5666 ³
721 5634 1025 5703 principum.
1073 5630 1302 5699 Spiritus
1330 5632 1471 5685 enim
1521 5632 1659 5700 prin-

135 5755 153 5785 ⁸
180 5750 316 5809 de.,
336 5755 387 5799 ut
411 5747 575 5797 ducat.
601 5743 767 5794 Melius
788 5749 918 5809 ωδε.)
943 5747 993 5790 ut
1017 5739 1164 5809 (licet.

134 5816 157 5848 s
179 5801 372 5875 Αιλράοι
405 5816 514 5860 uss.
556 5808 647 5856 hoc
678 5814 863 5858 tantum
894 5804 1015 5863 loco,
1055 5801 1251 5870 spiritus
1294 5813 1311 5850 :
1346 5810 1399 5851 ct
1433 5803 1502 5852 sic
1535 5804 1660 5866 apud

72 5884 206 5929 ωυί.

359 5950 631 6009 Ρηιωι..
674 5933 956 5999 XXXVI.

1150 405 1544 463 ΕΝΑΒΠΛΤΙΟ
1584 406 1647 461 lN
1676 405 1999 471 PSALMUM
2040 408 2273 465 LXXVI.

3273 430 3382 489 970

1796 522 1998 614 eipnm,
2030 525 2243 593 superbi
2270 535 2393 581 sunt
2417 529 2652 599 spiritus.
2702 532 2781 590 Illi
2807 551 2934 608 ergo
2965 554 3070 594 non
3104 553 3232 598 sunt
3254 548 3375 614 spi-

1793 614 1928 667 ritus
1953 613 2106 683 ejus;
2138 618 2259 685 quia
2283 628 2335 673 et
2361 619 2405 673 si
2432 621 2635 691 aliquid
2665 640 2956 697 noverunt,
2990 645 3148 687 suum
3178 613 3364 691 volunt

1787 721 1928 771 esse,
1974 724 2078 763 non
2105 710 2376 779 publicum
2406 730 2421 767 :
2452 713 2546 769 sed
2571 715 2658 770 ille
2685 718 2772 787 qui
2796 724 3135 779 commendat
3164 740 3224 782 se
3247 738 3364 782 tan-

1788 814 1945 869 quam
1970 803 2229 871 aequalem
2271 805 2518 860 omnibus
2538 846 2554 871 ,
2596 808 2685 878 qui
2729 824 2789 864 se
2818 811 2870 865 in
2901 816 3075 869 medio
3101 817 3277 889 ponit,
3310 834 3367 873 ut

1786 903 1972 945 omnes
1998 892 2212 961 capiant
2248 904 2503 963 quantum
2536 907 2790 965 possunt,
2816 902 3071 971 quidquid
3106 922 3363 974 possunt;

1787 994 1893 1034 non
1918 979 1985 1035 de
2013 981 2325 1051 cujusquam
2373 984 2606 1042 hominis
2630 1029 2647 1055 ,
2696 988 2790 1043 sed
2815 990 2883 1045 de
2909 991 3005 1047 Dei
3029 1035 3045 1058 ,
3073 1006 3126 1049 et
3155 998 3275 1052 ideo
3298 1002 3367 1056 de

1784 1083 1899 1133 suo,
1931 1071 2054 1140 quia
2085 1072 2183 1142 ipsi
2210 1073 2331 1129 facti
2356 1086 2480 1130 sunt
2508 1077 2645 1146 ejus.
2694 1078 2838 1149 Ergo
2868 1081 2942 1136 illi
2970 1098 3160 1140 omnes
3183 1087 3365 1142 humi-

1784 1160 1862 1215 les
1905 1162 2012 1216 sint
2062 1180 2280 1221 necesse
2329 1175 2458 1221 est:
2503 1169 2850 1237 perdiderunt
2893 1174 3137 1241 spiritum
3187 1192 3366 1241 suum,

1782 1264 1836 1306 et
1865 1256 2118 1324 Spiritum
2150 1258 2243 1311 Dei
2276 1259 2493 1314 habent.
2526 1262 2567 1314 Α
2609 1276 2716 1330 quo
2741 1263 3087 1331 perdiderunt
3117 1268 3363 1338 spiritum

1781 1346 1976 1399 suum?
1997 1347 2078 1400 Ah
2109 1348 2198 1401 illo
2224 1350 2311 1417 qui
2334 1350 2499 1419 aufert
2525 1352 2755 1420 spiritum
2784 1356 3102 1427 principum;
3128 1363 3371 1429 quandov

1780 1435 1993 1503 quidem
2024 1436 2218 1491 dicitur
2246 1439 2292 1492 ci
2333 1440 2385 1494 in
2416 1440 2518 1495 alio
2554 1443 2670 1496 loco
2703 1461 2717 1498 :
2762 1445 2974 1516 Auferes
3011 1451 3245 1518 spiritum
3277 1471 3367 1508 co-

1780 1541 1893 1578 rum
1916 1570 1932 1592 ,
1962 1539 2007 1581 et
2036 1529 2287 1597 deﬁcient,
2336 1534 2480 1611 etin
2518 1535 2770 1605 pulverem
2812 1554 2956 1592 suum
2998 1553 3362 1599 convertentur.

1780 1614 1990 1671 Emittes
2017 1619 2268 1689 Spiritum
2298 1632 2435 1675 tuum
2456 1665 2470 1689 ,
2501 1636 2545 1677 et
2571 1626 2873 1681 creabuntur
2891 1669 2905 1691 ,
2933 1640 2977 1683 et
3004 1632 3261 1689 iunouabis
3282 1638 3366 1707 fu-

1777 1707 1902 1760 cicm
1926 1718 2071 1761 terra:
2097 1710 2270 1778 (Psal.
2302 1728 2414 1778 cut,
2446 1713 2537 1779 29,
2569 1715 2683 1784 30).
2732 1715 2924 1772 Nescio
2950 1722 3070 1789 quis
3100 1722 3364 1781 intellexit

1778 1797 1973 1865 aliquid
2001 1815 2015 1864 ;
2064 1816 2217 1855 suum
2248 1804 2360 1857 vult
2389 1819 2513 1859 esse
2535 1844 2550 1870 ,
2598 1805 2771 1859 adlmc
2810 1808 3053 1876 spiritum
3085 1827 3236 1866 suum
3272 1815 3367 1868 ha~

1779 1889 1867 1943 bet
1892 1908 1905 1943 :
1936 1891 2130 1945 bonum
2157 1902 2240 1946 est
2269 1895 2341 1948 illi
2373 1903 2429 1948 ut
2461 1896 2647 1964 perdat
2675 1898 2922 1965 Spiritum
2949 1914 3104 1954 suum
3133 1947 3147 1969 ,
3178 1916 3231 1959 et
3260 1907 3362 1959 ha-

1778 1979 1898 2033 beat
1939 1981 2193 2050 Spiritum
2229 1986 2318 2039 Dei
2353 2004 2366 2039 :
2399 1986 2574 2040 adhuc
2622 1988 2761 2040 inter
2793 1990 3058 2061 principes
3085 1998 3321 2065 superbit
3348 2017 3362 2066 ;

1776 2070 1971 2125 bonum
2003 2082 2083 2126 est
2110 2084 2165 2126 ut
2192 2074 2451 2130 redeatad
2472 2078 2741 2147 pulverem
2774 2093 2949 2145 suum,
2976 2090 3029 2136 et
3053 2084 3213 2151 dicat,
3246 2088 3363 2142 Me-

1776 2174 1972 2253 mento,
2021 2163 2277 2233 Domine,
2320 2169 2439 2234 quia
2477 2169 2641 2238 pulris
2681 2187 2853 2224 sumus
2884 2172 3055 2241 (Psal.
3087 2192 3156 2231 cu
3181 2220 3195 2243 ,
3248 2182 3356 2253 16).

1774 2252 1829 2309 Si
1866 2256 2006 2309 enim
2036 2265 2086 2309 te
2111 2256 2387 2312 confessus
2414 2259 2578 2314 fueris
2600 2262 2869 2331 pulverem
2892 2308 2906 2331 ,
2941 2266 3119 2323 Deus'
3150 2271 3217 2325 de
3245 2252 3363 2341 pul-

1775 2360 1902 2399 vere
1932 2345 2051 2400 facit
2069 2346 2363 2403 hominem.
2404 2350 2602 2406 Omnes
2632 2355 2720 2422 qui
2749 2357 2799 2409 in
2825 2360 3047 2414 circuitu
3074 2361 3191 2431 ejus
3212 2376 3358 2432 sunt,

1772 2434 2003 2489 offerunt
2046 2453 2264 2493 munera
2301 2458 2314 2492 :
2347 2456 2534 2496 omnes
2574 2442 2802 2501 humiles
2838 2451 3160 2507 confitentur
3187 2457 3271 2519 ei,
3304 2468 3360 2513 et

1772 2526 1996 2581 adorant
2022 2543 2164 2581 eum.
2216 2529 2447 2584 Terribili
2474 2533 2702 2590 offerunt
2727 2555 2968 2596 munera.
3014 2544 3166 2601 Unde
3203 2550 3359 2604 terri-

1774 2617 1902 2711 bili?
1950 2617 2212 2675 Exsultnte
2235 2638 2348 2675 cum
2391 2633 2605 2680 tremore
2632 2627 2803 2698 (Psal.
2855 2648 2912 2698 tt,
2948 2635 3036 2706 ll)
3062 2677 3077 2701 ,
3110 2648 3158 2691 et
3189 2640 3237 2693 ei
3272 2659 3358 2711 qui

1771 2710 1935 2778 aufert
1987 2710 2218 2777 spiritum
2269 2714 2555 2784 principum
2586 2718 2679 2771 :id
2728 2730 2846 2790 est,
2900 2724 3035 2779 tollit
3076 2710 3354 2787 audaciam

1771 2798 2148 2867 superborum.
2210 2801 2439 2857 Terribili
2479 2808 2622 2875 apud
2665 2826 2805 2880 reges
2853 2822 3016 2869 terra.
3070 2817 3358 2878 Terribiles

1770 2900 1895 2945 sunt
1937 2910 2089 2963 reges
2130 2904 2326 2962 terrae;
2380 2898 2473 2953 sed
2505 2900 2593 2955 ille
2624 2917 2784 2971 super
2817 2921 3005 2963 omnes
3028 2950 3044 2974 ,
3073 2913 3160 2979 qui
3192 2924 3357 2970 terret

1770 2996 1925 3051 reges
1947 2992 2121 3041 terrze.
2140 2986 2265 3039 Esto
2288 3004 2377 3041 rex
2403 2998 2578 3056 terrm,
2603 3003 2655 3046 et
2673 2994 2777 3047 erit
2805 2997 2894 3051 tibi
2922 3003 3176 3056 terribilis
3192 3005 3354 3062 Deus.

1768 3071 2047 3141 Quomodo
2072 3115 2086 3141 ,
2116 3077 2319 3146 inquies
2344 3117 2361 3143 ,
2398 3096 2491 3133 ero
2515 3096 2608 3135 rex
2641 3087 2837 3141 teme?
2884 3088 3031 3159 Rege
3057 3101 3272 3159 terram,
3306 3110 3360 3151 et

1769 3164 1875 3217 eris
1903 3181 1995 3217 rex
2037 3176 2212 3218 terrai.
2266 3167 2380 3221 Noli
2405 3185 2533 3240 ergo
2563 3172 2815 3229 aviditate
2836 3176 3133 3249 imperandi
3157 3199 3357 3252 ponere

1771 3256 1863 3309 tibi
1888 3266 2011 3310 ante
2039 3259 2223 3312 oculos
2264 3261 2562 3328 provincias
2588 3264 2875 3323 latissimas
2897 3312 2913 3337 ,
2940 3287 3043 3341 qua
3078 3283 3163 3329 tua
3194 3293 3357 3347 regna

1767 3346 2073 3412 diffundas;
2117 3358 2313 3403 terram
2343 3367 2503 3420 quam
2534 3363 2716 3421 portas
2752 3373 2896 3427 rege.
2952 3361 3089 3417 Audi
3125 3346 3354 3435 Aposto-

1769 3435 1874 3489 lum
1899 3447 2169 3507 regentem
2203 3448 2398 3494 terram
2434 3459 2447 3495 :
2480 3441 2603 3497 Non
2630 3446 2705 3499 sic
2724 3449 2949 3517 pugillor
2969 3492 2984 3514 ,
3011 3457 3169 3521 quas?
3187 3476 3353 3513 aerem

1768 3526 2063 3591 verberans;
2104 3530 2194 3582 sed
2226 3532 2418 3601 castigo
2456 3550 2639 3602 corpus
2668 3553 2867 3605 meum,
2906 3552 2953 3595 et
2989 3544 3041 3596 in
3067 3548 3352 3603 servitutem

1766 3617 1940 3710 redigo
1961 3660 1974 3682 ,
2014 3636 2075 3671 ne
2098 3622 2227 3689 forte
2255 3622 2369 3673 aliis
2412 3625 2726 3710 prtetlicans,
2768 3629 2877 3698 ipse
2912 3636 3151 3703 reprobus
3173 3640 3359 3710 rﬂiciur

1768 3707 1812 3776 (Ι
1833 3706 1951 3762 Cor.
1976 3724 2050 3771 ix,
2082 3710 2182 3773 ‘36,
2214 3710 2330 3779 9.7).
2380 3714 2518 3783 Ergo
2538 3756 2553 3779 ,
2594 3706 2784 3773 fratres
2810 3723 2947 3785 mei,
2975 3736 3149 3780 estote
3177 3706 3227 3782 iii
3255 3732 3358 3784 cir-

1766 3800 1907 3853 cuitu
1934 3800 2070 3866 ejus,
2096 3811 2151 3853 ut
2174 3816 2265 3869 per
2286 3818 2676 3875 quemcumque
2700 3810 2851 3864 vobis
2880 3813 3074 3868 veritas
3094 3822 3355 3885 senuerit,

1768 3906 1872 3945 non
1916 3892 2059 3945 illam
2088 3893 2359 3961 imputetis
2391 3895 2463 3949 illi
2495 3913 2590 3965 per
2616 3914 2774 3966 quem
2801 3915 2992 3967 sonat;
3028 3906 3121 3961 sed
3150 3908 3217 3963 de
3248 3927 3358 3964 me-

1766 3984 1855 4037 dio
1895 3984 1965 4037 sit
1997 3985 2256 4067 omnibus
2281 4027 2297 4051 ,
2344 3987 2465 4055 quia
2491 3988 2769 4057 aequaliter
2792 3991 2943 4046 adest
2970 3997 3237 4051 onmibus.
3290 4000 3355 4054 Et

1766 4083 1937 4129 estote
1968 4073 2217 4139 humiles,
2246 4090 2313 4129 ne
2343 4076 2493 4131 vobis
2519 4086 2573 4133 et
2600 4094 2695 4134 vos
2720 4080 2817 4150 ipsi
2845 4086 3135 4153 usurpetis,
3166 4089 3207 4141 si
3227 4092 3351 4158 quid

1766 4164 1903 4220 forte
1930 4166 2053 4220 b0ni
2082 4167 2221 4220 illius
2252 4167 2624 4223 intellexeritis
2657 4188 2668 4222 :
2702 4173 2823 4241 quia
2852 4184 2906 4227 et
2943 4191 3041 4229 nos
3067 4180 3206 4246 quod
3245 4196 3354 4236 mc—

1768 4257 1869 4309 lius
1901 4256 2320 4311 intellexerimus
2344 4300 2359 4321 ,
2387 4270 2762 4327 vestrum-est,
2794 4270 2850 4316 et
2871 4264 3013 4333 quod
3042 4282 3136 4321 vos
3164 4271 3355 4323 melius

1768 4346 2164 4413 intellexeritis,
2198 4358 2441 4402 nostrum
2471 4358 2572 4415 est,
2605 4360 2662 4405 ut
2693 4351 2744 4405 in
2771 4353 2997 4409 circuitu
3024 4356 3141 4425 ejus
3164 4360 3351 4427 simus,

1766 4450 1820 4493 et
1860 4438 2086 4493 humiles
2128 4440 2317 4494 simus.
2370 4441 2544 4511 Atque
2571 4442 2642 4496 ita
2672 4444 2958 4513 perdentes
2982 4448 3231 4517 spiritum
3257 4467 3350 4503 no-

1767 4539 1957 4595 strum,
1982 4528 2270 4583 oﬂ'ercmus
2291 4546 2509 4585 munera
2541 4533 2768 4587 terribili
2794 4550 2955 4606 super
2985 4552 3175 4593 omnes
3199 4556 3357 4610 reges

1767 4628 1925 4673 terra:
1950 4659 1965 4684 ,
2002 4619 2053 4674 id
2094 4629 2177 4675 est
2220 4637 2382 4689 super
2422 4637 2611 4677 omnes
2651 4634 2900 4694 regentes
2925 4641 3144 4682 carnem
3174 4644 3352 4693 suam,

1766 4711 1858 4765 sed
1885 4710 2153 4781 subjectos
2182 4711 2420 4767 Creatori
2451 4728 2571 4767 suo.

2171 4918 2253 4980 IN
2295 4918 2675 4981 PSALMUM
2715 4919 2981 4981 LXXVI

2342 5036 2764 5096 ENARRATIO.

2295 5167 2465 5208 812810
2490 5169 2559 5207 ΔΙ)
2588 5169 2789 5207 ιιιεηιι
2798 5191 2813 5206 .

1838 5268 1891 5321 1.
1923 5265 2075 5337 lucra.
2105 5262 2182 5337 1.]
2224 5264 2417 5317 Psalmi
2474 5262 2631 5333 hujus
2672 5264 2833 5317 limen
2876 5264 2944 5317 ita
2992 5266 3340 5326 inscribitur:

1764 5360 1833 5414 1n
1859 5361 2012 5429 ﬁnem
2032 5401 2045 5423 ,
2084 5375 2175 5427 pro
2202 5355 2445 5420 Iditlmn,
2476 5356 2712 5411 Psalmus
2748 5359 2844 5428 ipsi
2874 5361 3065 5429 Asaplt.
3101 5360 3165 5414 lu
3195 5364 3345 5431 finem

1765 5454 1890 5525 quid
1915 5455 2002 5515 sit,
2028 5453 2226 5506 nostis:
2259 5450 2406 5503 Finis
2432 5451 2564 5503 enim
2586 5449 2734 5521 Legis
2761 5450 2991 5505 Christus
3013 5454 3081 5505 at!
3090 5454 3351 5525 justitiam

1767 5546 1903 5599 omni
1924 5545 2141 5597 credenti
2168 5542 2342 5614 (Rom.
2368 5559 2420 5603 x,
2440 5540 2521 5612 4).
2550 5542 2757 5595 ldithun
2779 5541 3154 5611 interpretatur
3178 5546 3351 5602 Trau—

1768 5636 1950 5691 siliens
1977 5649 2102 5697 eos;
2135 5633 2311 5703 Asaph
2349 5633 2728 5703 interpretatur
2758 5634 3128 5705 Congrcgatio.
3157 5638 3349 5709 Loqui-

1764 5730 1853 5777 tur
1877 5727 1961 5781 hic
1984 5741 2113 5795 ergo
2141 5725 2479 5794 congregatio
2508 5725 2844 5789 transiliens,
2875 5736 2934 5778 ut
2971 5729 3246 5795 perveniat
3280 5732 3350 5786 ad

1827 5870 1846 5893 ι
1879 5858 2008 5909 Tres
2028 5866 2149 5919 Mss,
2184 5866 2306 5907 Deus
2328 5864 2372 5908 te
2405 5857 2465 5907 de
2491 5856 2700 5920 pulrere,
2730 5865 2827 5909 etc.

2555 5944 2628 6021 (1
2632 5944 3032 6020 'reute-une.)
