3990 6306
619 389 725 446 975

619 502 915 558 delectatus
943 507 1052 562 est,
1089 507 1139 550 ct
1168 495 1472 550 consolatus
1515 492 1568 547 iu
1599 490 1826 562 quadam
1855 488 2064 543 tristitia
2088 527 2102 548 .
2154 496 2214 541 et

620 589 1017 665 quodammodo
1045 589 1217 643 salute
1245 586 1527 656 desperata
1571 593 1840 638 recreatus
1873 599 1885 634 :
1919 582 2214 651 pr:edicau-
2253 652 2264 657 ‘

620 686 719 740 dus
746 693 828 739 est
859 683 1017 738 Deus.
1047 678 1285 750 Denique
1313 718 1328 741 ,
1355 675 1497 746 quod
1521 675 1825 731 consolatus
1848 683 1929 726 est
1957 671 2058 726 iste
2081 712 2097 737 ,
2122 686 2211 724 se-

621 782 775 829 cutus
829 771 943 836 ait,
976 769 1197 826 Garrivi.
1243 767 1300 823 In
1333 767 1445 836 ipsa
1474 764 1840 820 consolatione
1883 777 2089 817 meumr
2129 759 2212 815 fa-

620 873 740 918 ctus
764 861 880 927 Dei,
903 861 1200 918 delectatus
1228 857 1439 928 garrivi.
1470 855 1606 925 Quid
1637 864 1740 917 est,
1773 853 1961 926 garrivi
1981 853 2007 907 2
2034 852 2212 907 Lzeta-

623 966 712 1009 tus
739 969 858 1009 sum
881 994 897 1018 ,
947 951 1206 1007 essultavi
1237 947 1519 1020 loquendo.
1571 946 1781 1002 Garruli
1825 944 1966 1000 enim
1995 943 2213 1015 proprie

625 1046 876 1099 dicuntur
899 1085 915 1109 ,
943 1041 1031 1112 qui
1060 1056 1090 1096 ιι
1119 1041 1278 1110 vulgo
1305 1037 1514 1094 verbosi
1540 1037 1894 1108 appellantur,
1924 1035 2213 1092 accedente

625 1135 804 1190 laetitia
836 1150 934 1189 nec
978 1134 1216 1188 valentes
1245 1147 1343 1187 nec
1381 1130 1622 1186 volentes
1665 1141 1863 1186 tacere.
1908 1129 2104 1186 Factus
2130 1137 2212 1185 est

622 1224 723 1279 iste
748 1224 886 1280 talis.
922 1224 985 1278 Et
1012 1238 1192 1277 rursus
1220 1221 1345 1292 quid
1365 1221 1478 1276 ait?
1501 1219 1569 1276 Et
1593 1221 1777 1292 defecit
1815 1219 2024 1296 spiritu;
2046 1236 2208 1275 meus.

693 1315 747 1370 7.
796 1311 815 1386 [
843 1329 971 1368 vers.
998 1310 1092 1385 5.]
1121 1311 1304 1366 deio
1325 1309 1673 1366 contabnerat
1691 1351 1706 1374 ,
1738 1309 2020 1365 recolendo
2043 1309 2210 1364 Deum

623 1405 913 1460 delectatus
963 1402 1135 1457 fuerat
1159 1443 1175 1468 ,
1201 1415 1388 1457 rursus
1430 1400 1714 1468 garrieudo
1742 1398 2012 1454 defecerat
2037 1416 2053 1464 ;
2083 1397 2211 1467 quid

620 1494 905 1564 sequitur?
948 1493 1362 1563 Anticipavertmt
1406 1491 1604 1564 uigilias
1646 1507 1817 1545 omnes
1853 1489 2046 1544 inimici
2090 1489 2208 1545 mei.

622 1584 988 1655 Vigilaveruut
1013 1598 1177 1654 super
1217 1597 1302 1637 me
1331 1596 1522 1637 omnes
1563 1581 1763 1636 inimici
1794 1579 1900 1639 mei
1934 1597 1951 1636 :
1980 1581 2098 1649 plus
2126 1593 2213 1635 me

618 1677 972 1747 vigilaveram
996 1692 1012 1740 ;
1037 1673 1301 1744 vigilando
1324 1681 1829 1744 prteoccupaverunt
1849 1687 1954 1727 me.
1977 1671 2076 1728 Ubi
2104 1687 2210 1727 non

618 1767 944 1837 muscipulas
976 1765 1219 1836 ponunt?
1265 1764 1452 1819 Nonne
1483 1763 1688 1835 vigilias
1733 1777 1922 1818 omnes
1949 1762 2209 1832 anticipa-

621 1867 817 1913 verunt
842 1859 859 1890 ⁸
889 1856 1085 1912 inimici
1114 1854 1254 1910 mei?
1275 1855 1374 1922 Qui
1405 1864 1530 1909 sunt
1557 1853 1699 1908 enim
1729 1852 1815 1908 isti
1841 1852 2042 1930 inimici
2065 1894 2081 1916 ,
2110 1852 2210 1907 nisi

623 1950 699 2006 illi
727 1949 796 2005 de
819 1950 1012 2019 quibus
1036 1946 1168 2002 dicit
1196 1945 1484 2017 Apostolus
1513 1963 1526 1998 :
1558 1943 1681 1998 Non
1708 1952 1779 1999 est
1802 1944 1936 1997 vobis
1963 1944 2209 1997 collucta-

621 2041 691 2095 tio
714 2039 955 2094 adsersus
974 2053 1174 2093 carnem
1201 2046 1250 2091 et
1267 2036 1605 2106 sanguinem;
1633 2035 1721 2089 sed
1756 2035 1998 2088 adversus
2021 2033 2212 2100 princi-

621 2140 768 2201 patus
786 2172 802 2196 ,
830 2138 880 2184 et
911 2136 1177 2199 potestates
1196 2169 1212 2193 ,
1239 2136 1289 2181 et
1326 2136 1544 2180 rectores
1573 2125 1749 2178 mundi
1775 2125 2090 2178 tenebrarum
2117 2123 2212 2176 Ita-

621 2239 752 2287 rum,
783 2222 1022 2276 adversus
1049 2218 1340 2290 spiritantia
1356 2218 1589 2288 nequitia:
1610 2220 1663 2271 in
1689 2216 1970 2271 coelestibus
1992 2215 2208 2289 (Ep/tes.

620 2312 884 2382 νι,12³)ἳ
928 2312 1072 2378 Ergo
1119 2311 1376 2366 adversus
1419 2309 1690 2364 diabolum
1735 2316 1790 2362 et
1834 2308 2051 2378 angelos
2094 2304 2212 2377 ejus

621 2404 926 2460 inimicitias
949 2415 1282 2458 exercemus.
1308 2400 1564 2456 [tectores
1581 2413 1676 2454 eos
1699 2396 1883 2452 mundi
1903 2396 2059 2461 dixit,
2085 2396 2208 2466 quia

619 2497 721 2568 ipsi
754 2505 942 2566 regunt
963 2493 1254 2548 dilectores
1282 2490 1464 2545 mundi
1494 2507 1510 2545 :
1537 2504 1645 2544 non
1671 2488 1812 2544 enim
1832 2495 2028 2558 regunt
2051 2503 2210 2545 mun-

617 2587 744 2640 dum
771 2627 789 2651 ,
819 2583 968 2654 quasi
999 2591 1236 2638 rectores
1254 2581 1362 2636 sint
1388 2580 1512 2637 caeli
1533 2588 1587 2635 et
1616 2589 1806 2645 terrm;
1831 2577 1927 2634 sed
1953 2576 2207 2633 mundum

619 2683 924 2746 peccatores
954 2672 1104 2728 dicit.
1129 2670 1198 2726 Et
1220 2672 1439 2725 mundus
1467 2687 1581 2726 eum
1609 2686 1711 2724 non
1739 2668 1974 2739 cognovit
2002 2671 2021 2737 (
2044 2666 2206 2723 Joan.

617 2784 666 2830 ι.
701 2765 856 2837 10):
901 2765 1059 2819 talem
1110 2761 1365 2817 mundum
1414 2761 1488 2816 illi
1535 2767 1763 2831 regunt,
1822 2758 1913 2830 qui
1964 2773 2071 2814 non
2112 2772 2208 2813 co-

615 2852 1182 2926 guoscit'Chrislnm.
1213 2850 1410 2907 Contra
1460 2851 1558 2906 hos
1600 2848 1860 2905 habemus
1906 2847 2208 2903 inimicitias

618 2956 920 3017 perpetuas.
951 2942 1190 3010 Denique
1233 2941 1494 3011 quaslibet
1541 2939 1740 2994 habeas
1767 2936 2070 2993 inimicitias
2112 2935 2209 2991 ad-

616 3051 806 3093 versus
833 3033 1126 3098 hominem,
1150 3032 1353 3104 cogitas
1371 3029 1556 3094 linire;
1585 3028 1699 3084 sive
1727 3027 1870 3084 illius
1885 3027 2205 3083 satisfactio-

615 3145 716 3196 ne,
743 3128 787 3182 si
814 3127 927 3196 ipse
953 3135 1006 3181 te
1035 3123 1204 3189 laesit;
1236 3122 1350 3178 sive
1376 3132 1485 3186 tua,
1515 3121 1562 3176 si
1585 3128 1639 3174 tu
1665 3118 1880 3186 laesisti;
1911 3119 2024 3174 sive
2041 3118 2206 3174 alter-

614 3220 785 3275 utrius
808 3260 824 3283 ,
874 3217 918 3272 si
957 3231 1054 3271 vos
1092 3215 1317 3274 invicem
1363 3211 1607 3275 laesistis;
1651 3209 1864 3265 laboras
1900 3209 2208 3265 satisfacere

610 3320 667 3365 et
719 3307 1048 3366 concordare
1073 3323 1090 3362 :
1118 3320 1240 3360 cum
1284 3303 1497 3358 diabolo
1543 3309 1720 3356 autem
1768 3311 1822 3356 et
1858 3300 2061 3371 angelis
2088 3299 2206 3368 ejus

615 3403 757 3458 titilla
785 3400 1068 3458 concordia
1097 3407 1196 3454 est.
1233 3396 1336 3466 lpsi
1362 3395 1515 3450 nobis
1535 3392 1771 3448 invident
1797 3407 2018 3463 regnum
2037 3392 2206 3448 coelo—

614 3510 752 3549 rum.
786 3494 1063 3547 Mitescere
1091 3489 1312 3544 omnino
1339 3501 1462 3556 erga
1513 3499 1610 3540 nos
1637 3499 1745 3540 non
1789 3492 2034 3553 possunt,
2077 3482 2201 3552 quia

607 3588 1009 3659 anticipaveruut
1033 3583 1229 3654 vigilias
1252 3596 1424 3635 omnes
1444 3578 1634 3633 inimici
1658 3577 1774 3632 mei.
1806 3576 1930 3632 Plus
1961 3575 2035 3630 illi
2067 3576 2202 3646 vigi-

609 3681 857 3735 laverunt
888 3675 954 3730 ad
977 3671 1373 3743 decipiendum,
1401 3684 1560 3740 quam
1579 3682 1680 3737 ego
1699 3666 1766 3720 ad
1792 3665 2199 3720 custodiendum

607 3786 700 3826 me
731 3787 745 3824 :
778 3769 1190 3838 Anticiparerunt
1231 3764 1429 3832 vigilias
1467 3776 1643 3814 omnes
1688 3759 1881 3812 inimici
1905 3759 2020 3813 mei.
2052 3757 2200 3826 Quo-

612 3860 773 3916 modo
800 3860 943 3916 enim
992 3873 1096 3912 non
1144 3855 1564 3924 anticipaverunt
1605 3849 1838 3920 vigilias,
1865 3851 1955 3916 qui
2002 3849 2200 3918 ubique

611 3949 862 4006 scandala
888 3989 905 4013 ,
962 3949 1158 4016 ubique
1207 3941 1532 4014 museipulas
1585 3939 1918 4011 posuerunt?
1957 3939 2196 3993 Tredimu

610 4044 750 4096 inest
789 4037 935 4095 cordi
964 4055 981 4103 ;
1024 4034 1368 4091 metuendum
1398 4043 1481 4088 est
1521 4047 1589 4087 ne
1625 4031 1909 4086 absorbeat
1938 4030 2148 4086 tristitia
2179 4047 2195 4085 :

610 4133 664 4188 in
686 4129 868 4186 laetitia
899 4127 1242 4185 metuendum
1270 4135 1353 4180 est
1379 4133 1448 4179 ne
1487 4122 1769 4193 garriendo
1792 4122 2004 4177 deflciat
2035 4121 2195 4191 spiri—

608 4235 694 4278 tus
718 4233 838 4278 tuus
872 4239 887 4277 :
925 4219 1339 4290 Anticiparerunt
1383 4215 1583 4287 vigilias
1632 4224 1805 4268 omnes
1852 4213 2046 4266 inimici
2075 4212 2192 4267 mei.

611 4316 847 4386 Denique
870 4315 921 4368 in
951 4315 1062 4382 ipsa
1090 4310 1423 4382 garrulitate,
1451 4308 1579 4362 dum
1603 4306 1838 4377 loqueris
1856 4347 1874 4371 ,
1897 4317 1953 4361 et
1975 4321 2194 4361 securus

608 4406 838 4477 loqueris
865 4445 880 4468 ,
926 4411 1123 4475 qttanta
1174 4400 1485 4470 plerumque
1513 4397 1854 4452 inveniuntur
1877 4411 1997 4467 qua:
2032 4398 2194 4452 velint

605 4508 792 4553 tenere
817 4496 1012 4552 inimici
1031 4504 1094 4553 et
1116 4491 1529 4564 reprehendere,
1557 4489 1698 4546 unde
1719 4490 1880 4546 velint
1896 4490 2057 4545 etiam
2082 4490 2193 4544 cri-

604 4592 792 4646 minari
842 4600 894 4644 et
937 4581 1250 4643 calumniari
1292 4601 1307 4640 :
1337 4582 1450 4639 Hoc
1491 4581 1662 4647 dixit,
1696 4582 1823 4637 illud
1850 4582 2055 4648 sensit,
2089 4581 2192 4638 hoc

602 4683 810 4736 loeutus
839 4680 957 4735 est?
1000 4677 1133 4746 Quid
1185 4675 1343 4732 faciat
1369 4675 1564 4739 homo,
1595 4674 1693 4728 nisi
1723 4672 1861 4744 quod
1907 4674 2190 4744 sequitur?

600 4771 934 4827 Conturbatus
987 4785 1135 4832 sum,
1165 4777 1214 4821 et
1261 4782 1363 4820 non
1402 4781 1514 4819 sum
1561 4764 1776 4818 locutus.
1825 4762 2188 4818 Conturbatus

597 4877 755 4932 ergo,
783 4873 856 4915 ne
901 4859 951 4913 in
982 4857 1096 4926 ejus
1131 4855 1445 4927 garrulitate
1474 4853 1672 4908 inimici
1716 4853 2066 4921 anticipantes
2109 4855 2188 4908 vi-

593 4953 768 5022 gilias.
791 4949 1090 5008 calumnias
1113 4954 1415 5017 qurererent
1443 4954 1498 5000 et
1523 4944 1843 5009 invenirent,
1867 4960 1972 5000 non
1999 4955 2083 5000 est
2106 4945 2186 4999 lo-

591 5054 767 5097 cutus.
792 5041 1068 5109 Nunquam
1089 5049 1264 5094 tamen
1292 5039 1392 5093 iste
1421 5037 1725 5092 transiliens
1745 5046 1982 5091 cessaret
2009 5037 2061 5092 in
2087 5053 2180 5092 se:

591 5149 646 5191 et
672 5137 719 5190 si
747 5135 882 5210 forte
919 5149 950 5188 a
989 5133 1298 5204 garrulitate
1334 5130 1592 5195 cessavit,
1630 5144 1734 5200 qua
1763 5128 2105 5199 subrepserat
2131 5131 2181 5185 ei

591 5227 658 5281 de
685 5225 806 5297 ipse
826 5224 1091 5279 locutione
1117 5223 1327 5290 placere
1353 5219 1692 5284 hominibus;
1718 5234 1826 5274 non
1863 5229 2040 5275 tamen
2085 5220 2182 5276 de.

588 5310 722 5371 stitit
747 5357 762 5377 ,
790 5329 896 5368 non
935 5311 1169 5368 cessavit
1206 5321 1265 5366 ut
1292 5320 1575 5366 conaretur
1602 5321 1656 5366 et
1685 5310 1787 5366 hoc
1816 5310 1989 5381 ipsum
2037 5321 2181 5366 tran-

586 5406 866 5464 scendere.
897 5405 960 5460 Et
990 5403 1117 5474 quid
1145 5402 1320 5457 dicit?

658 5497 711 5553 8.
753 5493 774 5569 [
804 5513 932 5550 vers.
962 5494 1016 5550 6.
1043 5492 1065 5566 ]
1095 5493 1319 5564 Cogitavi
1345 5492 1450 5546 dies
1474 5489 1722 5561 antiquos.
1763 5488 1881 5546 iam
1907 5490 2007 5546 iste
2036 5492 2182 5547 velut

657 5633 675 5664 '
697 5632 775 5680 sic
798 5630 848 5679 in
869 5637 975 5679 Mss.
1010 5637 1063 5679 Αι
1087 5630 1135 5678 in
1157 5628 1293 5687 πω,
1326 5627 1708 5691 anticith
1728 5638 1892 5676 omnes
1924 5638 1943 5676 :
1976 5636 2028 5691 et
2050 5628 2179 5691 apud

582 5700 648 5763 ’.ζ
660 5700 720 5764 ιι.¹
741 5701 836 5762 est,
860 5698 1045 5756 parites,
1069 5703 1261 5754 genere
1279 5697 1333 5740 et
1354 5701 1470 5739 casu
1487 5689 1782 5738 concordans
1795 5701 1926 5748 cum,
1941 5689 2171 5750 eclttltroi,

577 5753 784 5805 inimici.

645 5818 666 5850 ³
683 5816 822 5879 .t-zdd.,
841 5819 1141 5882 cognoscam.
1167 5813 1352 5879 Aliquot
1369 5818 1632 5874 vet-olus,
1656 5810 1908 5877 cognoscit.

1859 376 1916 432 S.
1960 372 2328 431 AUGUSTIM
2369 373 2668 431 EPISCOPI

3807 379 3898 435 976

2322 488 2412 556 qui
2439 487 2778 557 vapulaverat
2809 486 2959 553 foris,
2988 488 3105 543 tulit
3128 501 3190 544 se
3213 487 3376 557 tum,
3403 487 3456 544 in
3479 489 3774 546 secretario
3798 508 3900 546 sua:

2319 578 2515 633 mentis
2542 579 2669 649 agit.
2699 578 2767 633 Et
2804 578 2930 649 quid
2959 578 3034 635 ibi
3081 587 3204 651 agat
3236 579 3380 636 dicat
3425 580 3578 637 nobis
3612 598 3627 634 :
3679 581 3898 652 Cogitavi

2317 669 2424 723 dies
2451 670 2700 738 antiquos.
2731 670 2871 726 Bene
2901 678 2985 727 cst
3026 671 3122 728 illi.
3152 670 3339 728 Videte
3379 688 3498 743 qua:
3521 672 3755 745 cogitat,
3777 689 3900 745 rogo

2319 773 2438 813 vos.
2468 758 2614 814 lntus
2658 770 2738 814 est
2758 801 2772 822 ,
2804 761 2944 830 apud
2975 776 3037 817 se
3075 761 3274 833 cogitat
3299 762 3415 818 dies
3440 764 3710 835 antiquos.
3739 763 3899 820 Nemo

2319 851 2392 907 illi
2413 853 2560 918 dicit,
2585 853 2721 909 Male
2741 854 2957 920 dixiSti;
2985 870 3143 910 nemo
3167 855 3247 912 illi
3271 855 3418 920 dicit,
3443 856 3666 912 Multum
3697 857 3900 913 locutus

2318 957 2409 1007 es;
2437 959 2595 999 nemo
2640 943 2714 998 illi
2745 944 2910 1008 dicit,
2941 945 3198 1001 Perverse
3223 944 3457 1002 sensisti.
3488 945 3563 1002 lta
3591 947 3665 1002 sit
3688 948 3738 1002 ci
3771 946 3902 1002 bene

2316 1047 2522 1104 secum,
2543 1034 2762 1106 adjuvet
2787 1037 2926 1092 Deus
2959 1036 3190 1107 :cogitet
3215 1036 3333 1093 dies
3373 1038 3654 1108 antiquos,
3682 1047 3742 1094 et
3767 1038 3901 1094 dicat

2317 1125 2473 1180 nobis
2502 1126 2556 1181 in
2599 1126 2715 1197 ipso
2741 1126 2994 1182 interiore
3016 1125 3262 1182 cubiculo
3286 1143 3384 1184 suo
3415 1127 3542 1200 quid
3568 1129 3777 1199 egerit,
3800 1145 3901 1199 quo

2317 1217 2656 1287 pervenerit,
2686 1218 2812 1290 quid
2849 1218 3159 1274 transilierit
3180 1259 3197 1285 ,
3226 1219 3317 1275 ubi
3344 1221 3600 1276 manserit
3632 1238 3648 1275 :
3677 1219 3902 1292 Cogitavi

2316 1308 2423 1362 dies
2438 1309 2691 1377 antiquos,
2713 1318 2758 1362 et
2772 1326 3020 1363 annorum
3038 1321 3335 1366 tctemorum
3352 1327 3539 1365 mmor
3555 1312 3648 1383 fui.
3668 1312 3771 1379 Qui
3785 1323 3905 1366 sunt

2322 1399 2652 1456 annimterni
2672 1401 2889 1470 “lngua
2915 1402 3166 1472 cogitatio
3189 1404 3204 1457 ι
3228 1401 3411 1458 Videte
3434 1403 3479 1457 si
3497 1402 3606 1456 vult
3635 1405 3735 1457 ista
3756 1403 3903 1473 cogi-

2319 1489 2488 1556 tatio,
2539 1489 2638 1543 nisi
2689 1506 2937 1560 magnum
2986 1489 3279 1547 silentium.
3313 1491 3393 1547 Ab
3423 1492 3566 1546 omni
3607 1492 3905 1548 forinsecus

2315 1580 2540 1652 strepitu
2562 1621 2575 1645 ,
2605 1580 2674 1636 ab
2700 1580 2846 1636 omni
2884 1595 3066 1638 rerum
3112 1581 3462 1637 humanarum
3508 1583 3739 1637 tumultu
3768 1585 3904 1640 intus

2315 1671 2655 1741 requiescat,
2684 1672 2774 1742 qui
2821 1674 3056 1742 cogitare
3101 1673 3214 1728 vult
3262 1688 3430 1729 annos
3469 1674 3598 1730 istos
3649 1685 3902 1731 :eternos.

2314 1762 2581 1835 Numquid
2619 1765 2744 1820 anni
2789 1765 2842 1820 iu
2871 1765 3065 1836 quibus
3089 1781 3275 1822 sumus
3301 1766 3487 1822 αξιοιδηί
3516 1776 3644 1822 sunt
3669 1809 3685 1832 ,
3722 1777 3818 1822 aut
3855 1770 3903 1823 in

2315 1855 2509 1924 quibus
2539 1854 2754 1912 fuerunt
2794 1857 3026 1927 majores
3068 1858 3272 1926 nostri,
3316 1868 3407 1913 aut
3443 1859 3497 1914 in
3523 1859 3717 1930 quibus
3742 1859 3904 1916 futuri

2315 1956 2439 2002 sunt
2469 1946 2670 2017 posteri
2711 1948 2878 2004 nostri
2906 1949 2932 2003 ἳ
2977 1949 3130 2005 Absit
3177 1959 3236 2004 ut
3275 1952 3462 2006 aeterni
3507 1951 3902 2009 existimentur.

2315 2037 2452 2106 Quid
2478 2038 2622 2094 enim
2648 2039 2719 2094 de
2768 2040 2851 2095 his
2879 2040 3037 2095 annis
3068 2041 3286 2096 manet?
3313 2041 3453 2098 Ecce
3480 2041 3750 2112 loquendo
3773 2044 3901 2099 dici-

2315 2147 2434 2187 mus
2452 2172 2470 2200 ,
2502 2131 2614 2187 Hoc
2647 2147 2818 2196 anno;
2841 2141 2896 2188 et
2916 2132 3042 2205 quid
3069 2143 3316 2191 tenemus
3339 2135 3408 2192 de
3437 2134 3540 2192 hoc
3563 2152 3741 2205 anno,
3767 2155 3900 2210 pm

2316 2231 2398 2278 ter
2422 2239 2586 2279 unum
2630 2223 2772 2280 diem
2817 2226 2873 2280 in
2898 2239 3005 2296 quo
3040 2239 3226 2282 sumus
3246 2226 3272 2279 l
3297 2225 3428 2283 Nam
3457 2227 3763 2298 superiores
3786 2230 3900 2285 dies

2314 2316 2437 2370 anni
2457 2314 2617 2384 hujus
2629 2315 2740 2388 jam
2764 2315 3110 2383 transierunt,
3132 2331 3233 2372 nec
3249 2325 3516 2383 tenentur;
3536 2317 3696 2372 futuri
3717 2330 3897 2374 autem

2315 2404 2551 2460 nondum
2601 2415 2883 2462 venerunt.
2931 2405 2988 2461 in
3024 2420 3133 2463 uno
3157 2406 3245 2464 die
3287 2421 3501 2476 sumus,
3535 2418 3590 2464 et
3628 2408 3858 2464 dicimus
3879 2452 3894 2474 ,

2315 2495 2430 2552 lloc
2472 2510 2617 2551 anno
2644 2513 2661 2552 :
2693 2497 2801 2553 imo
2829 2497 2948 2565 dic,
2978 2496 3148 2554 Ilodie
3169 2539 3186 2564 ,
3231 2497 3276 2553 sl
3312 2497 3511 2569 aliquid
3556 2499 3637 2554 vis
3662 2515 3899 2570 prmseiis

2313 2587 2516 2643 dicere.
2546 2587 2680 2644 Nam
2707 2587 2776 2644 de
2808 2597 2920 2644 toto
2939 2602 3083 2644 anno
3105 2588 3232 2660 quid
3258 2603 3494 2658 prtesens
3522 2599 3672 2645 tenes
3691 2591 3717 2644 ?
3735 2591 3898 2659 Quid-

2315 2678 2441 2750 quid
2467 2679 2538 2735 dc
2577 2679 2667 2735 illo
2706 2680 3035 2751 prasteritum
3065 2689 3174 2743 est.
3199 2679 3308 2750 jam
3359 2695 3466 2735 non
3493 2690 3609 2746 est;
3641 2681 3894 2752 quidquid

2313 2768 2381 2824 de
2406 2769 2500 2825 illo
2526 2767 2764 2826 futurum
2811 2779 2932 2836 est,
2977 2769 3214 2826 nondum
3260 2779 3345 2826 est
3384 2770 3737 2841 :quomodo,
3788 2772 3896 2828 lim:

2313 2862 2501 2918 anno?
2521 2859 2744 2933 Corrige
2767 2862 3091 2919 locutionem
3125 2881 3144 2919 :
3163 2861 3352 2928 Hodie,
3377 2861 3482 2917 die.
3514 2862 3707 2918 Verum
3738 2862 3894 2926 dicis,

2313 2951 2505 3018 Hodie,
2531 2954 2642 3023 jam
2667 2953 2863 3008 dicam.
2884 2952 3092 3010 Rursus
3118 2963 3174 3009 et
3191 2951 3294 3009 boe
3311 2953 3548 3017 attende,
3571 2955 3710 3024 quod
3737 2954 3896 3010 hodie

2314 3045 2460 3101 horte
2485 3043 2758 3100 matutinre
2773 3044 2884 3116 jam
2903 3045 3248 3112 transierunt,
3273 3045 3420 3100 horae
3447 3045 3632 3100 futurre
3655 3046 3893 3100 nondum

2311 3142 2592 3191 venerunt.
2621 3133 2689 3190 Et
2717 3133 2822 3190 hoc
2843 3149 2975 3206 ergo
2996 3134 3244 3206 corrige:
3277 3135 3388 3190 Hae
3411 3136 3538 3191 hora
3562 3177 3582 3202 ,
3605 3135 3709 3190 dic.
3743 3135 3812 3190 Et
3827 3135 3895 3190 de

2312 3226 2411 3283 ista
2459 3226 2590 3283 hora
2636 3224 2763 3297 quid
2812 3224 3008 3282 tenes?
3049 3225 3313 3282 Momenta
3349 3227 3747 3302 ejus‘quzrdazn
3783 3228 3893 3298 jam

2310 3316 2667 3384 transierunt;
2692 3334 2811 3388 qua:
2840 3316 3019 3374 futura
3042 3327 3167 3373 sunt
3204 3317 3439 3374 nondum
3470 3330 3744 3375 venerunt.
3783 3321 3895 3376 lloc

2310 3419 2601 3476 momento,
2632 3409 2738 3465 die.
2766 3409 2886 3477 Quo
2915 3410 3230 3467 momento?
3254 3411 3388 3466 Dum
3411 3410 3642 3484 syllabas
3677 3413 3889 3483 loquor.

2308 3502 2353 3556 si
2378 3501 2512 3556 duas
2537 3501 2770 3573 syllabas
2792 3501 2987 3569 dicam,
3010 3501 3177 3557 altera
3201 3516 3305 3557 non
3326 3512 3501 3572 sonat,
3529 3504 3630 3559 nisi
3655 3518 3779 3560 cum
3805 3507 3888 3559 illa

2309 3593 2580 3648 transierit
2609 3610 2624 3648 :
2655 3593 2765 3662 ipsa
2795 3592 3028 3664 denique
3053 3607 3156 3648 una
3183 3594 3383 3666 syllaba
3411 3635 3427 3660 ,
3450 3595 3495 3650 si
3523 3593 3656 3649 duas
3685 3595 3892 3652 litteras

2309 3685 2522 3752 habeat,
2552 3701 2658 3740 non
2685 3695 2840 3741 sonat
2864 3685 3131 3757 posterior
3160 3686 3335 3742 littera
3367 3685 3469 3742 nisi
3505 3688 3650 3757 prior
3673 3688 3887 3744 abierit.

2306 3777 2442 3846 Quid
2472 3793 2601 3848 ergo
2631 3787 2875 3832 tenemus
2903 3775 2970 3832 de
2990 3776 3075 3832 his
3097 3779 3253 3832 anuis
3278 3779 3292 3831 l
3323 3777 3462 3832 Anni
3491 3778 3576 3833 isti
3601 3778 3890 3834 mutabiles

2305 3878 2432 3924 sunt
2458 3885 2472 3921 :
2505 3870 2631 3923 anni
2661 3869 2848 3924 teterui
2876 3867 3145 3939 cogitandi
3168 3876 3326 3934 sunt,
3353 3869 3477 3924 anni
3497 3868 3586 3940 qui
3609 3878 3774 3932 stant,
3798 3871 3887 3938 qui

2307 3977 2411 4016 non
2459 3960 2794 4016 venientibus
2837 3969 2894 4016 et
2916 3959 3232 4016 abuentibus
3279 3959 3469 4015 diebus
3511 3971 3883 4032 peraguntur;

2302 4053 2427 4107 anni
2479 4052 2548 4108 de
2587 4050 2779 4120 quibus
2821 4050 2930 4106 alio
2973 4051 3093 4106 loco
3130 4049 3402 4118 Scriptura
3449 4049 3578 4105 dicit
3621 4050 3777 4105 Deo:
3812 4052 3886 4104 Tu

2303 4153 2468 4197 autem
2509 4144 2646 4196 idem
2671 4141 2780 4213 ipse
2803 4158 2874 4205 cs,
2908 4149 2956 4196 et
2995 4141 3120 4195 anni
3167 4141 3240 4195 tui
3280 4157 3380 4196 non
3406 4141 3638 4210 deﬁcient
3682 4143 3700 4209 (
3733 4142 3882 4197 Psul.

2300 4249 2350 4288 Cl
2371 4276 2384 4298 ,
2415 4234 2487 4289 98
2511 4232 2553 4305 ).
2597 4233 2705 4287 Hos
2731 4247 2902 4288 annos
2929 4232 3029 4288 iste
3058 4232 3396 4295 transiliens.
3429 4234 3612 4287 nonin
3657 4236 3886 4304 garruli.

2303 4334 2412 4379 tate
2441 4323 2760 4391 forinsecus,
2788 4322 2882 4379 sed
2905 4323 2957 4378 in
2985 4323 3199 4379 silentio
3225 4323 3478 4395 cogitavit
3503 4341 3519 4378 :
3542 4322 3611 4377 Et
3632 4340 3883 4379 annorum

2298 4431 2600 4472 a'ternorum
2625 4433 2818 4472 memor
2840 4416 2937 4488 fui.

2367 4508 2422 4565 9.
2451 4505 2604 4582 [oers.
2630 4505 2710 4580 7.]
2740 4504 2807 4561 Et
2830 4507 3096 4562 meditatus
3123 4523 3236 4561 sum
3264 4516 3409 4561 nocte
3431 4522 3545 4560 cum
3569 4507 3722 4562 corde
3749 4525 3882 4562 meo.

2295 4598 2464 4656 Nemo
2490 4600 2566 4654 illi
2593 4597 2954 4654 calumniosus
2976 4597 3270 4653 tendiculas
3288 4598 3573 4653 verborum
3601 4598 3881 4669 requirit‘,

2296 4690 2349 4744 in
2376 4690 2538 4745 corde
2566 4704 2665 4744 suo
2694 4688 2981 4744 meditatus
3009 4697 3107 4744 est.
3135 4685 3452 4743 Garriebam.
3477 4686 3618 4744 Ecce
3644 4696 3731 4743 cst
3755 4689 3882 4745 illud

2293 4781 2518 4852 garrire.
2563 4780 2798 4835 Observa
2845 4780 3060 4840 iterum,
3111 4793 3177 4835 ne
3218 4778 3430 4834 deﬁciat
3471 4778 3691 4848 spiritus
3735 4789 3880 4833 tuus.

2291 4875 2430 4940 Non,
2460 4875 2666 4943 inquit:
2691 4887 2796 4927 non
2819 4871 2895 4926 sic
2914 4871 3209 4942 garriebam
3231 4869 3379 4942 quasi
3403 4869 3562 4937 foris;
3591 4871 3700 4925 alio
3720 4872 3883 4926 modo

2292 4982 2452 5023 nunc.
2485 4965 2763 5034 Quomodo
2790 4964 2969 5019 nunc?
2998 4962 3320 5028 Curictam,
3350 4973 3397 5018 et
3428 4963 3691 5017 scrutabor
3722 4966 3880 5034 spiri-

2292 5068 2398 5112 tum
2441 5073 2625 5112 meum.
2652 5054 2709 5112 Si
2739 5063 3064 5111 scrutaretur
3090 5055 3189 5110 iste
3215 5064 3407 5109 terram
3431 5093 3451 5121 ,
3479 5063 3535 5110 ut
3559 5069 3724 5109 venas
3761 5056 3879 5109 auri

2289 5149 2578 5214 inveniret,
2622 5161 2782 5203 nemo
2810 5162 2931 5202 eum
2961 5145 3207 5215 desipere
3247 5145 3483 5211 diceret;
3515 5145 3624 5200 imo
3665 5146 3878 5215 sapien-

2289 5251 2396 5296 tem
2439 5239 2590 5294 multi
2627 5239 2905 5303 dicerent,
2932 5236 3023 5309 qui
3051 5237 3207 5292 vellet
3233 5236 3300 5291 ad
3337 5249 3524 5290 aurum
3553 5237 3874 5305 pervenire:

2287 5341 2482 5402 quanta
2517 5329 2680 5384 homo
2709 5328 2869 5384 habet
2897 5329 3072 5393 intus,
3114 5335 3170 5381 et
3207 5343 3309 5380 non
3338 5326 3507 5382 fodit?
3529 5325 3876 5383 Scrutabatur

2232 5463 2238 5470 -
2286 5429 2386 5484 iste
2412 5429 2652 5498 spiritum
2685 5441 2856 5490 suum,
2891 5435 2942 5481 et
2969 5424 3237 5495 eumipsa
3273 5422 3460 5492 spiritu
3488 5436 3588 5476 suo
3615 5422 3874 5492 loqueba-

2284 5530 2392 5585 tur,
2421 5529 2476 5574 et
2505 5520 2555 5573 in
2589 5519 2699 5588 ipsa
2731 5517 3000 5572 locutione
3027 5515 3314 5586 garriebat.
3356 5513 3600 5584 Scipsum
3641 5512 3871 5568 interro.

2283 5612 2459 5682 gabat,
2492 5611 2724 5680 scipsum
2756 5608 3126 5674 examinabat,
3170 5609 3222 5661 in
3251 5622 3309 5663 se
3333 5605 3494 5678 judex
3523 5619 3660 5660 erat.
3695 5607 3757 5660 Et
3788 5623 3869 5659 sc-

2350 5746 2568 5812 tttegius
2602 5750 2702 5812 Its;
2734 5751 2802 5812 Ne
2818 5741 2946 5793 enim
2980 5741 3063 5792 ille
3083 5739 3400 5812 caluumiosas
3439 5740 3587 5803 (forte
3611 5738 3869 5788 cantamin-

2286 5807 2388 5868 sus)
2419 5806 2686 5858 tendiculas
2704 5806 2954 5855 verborum
2980 5806 3262 5868 requireret.
