3990 6306
83 342 191 399 97ῗ

82 458 273 527 quitur
303 476 320 517 :
352 457 633 515 Scrutabar
668 460 903 532 spiritum
946 478 1131 517 meum.
1162 462 1480 521 Timendum
1525 481 1592 523 ne
1622 466 1676 522 in

83 550 209 619 ipso
258 549 449 621 spiritu
490 567 587 606 suo
629 562 905 609 remaneat
935 571 950 608 :
980 554 1200 624 garrivit
1237 556 1381 612 enim
1419 557 1579 623 foris;
1622 567 1681 613 et

79 640 210 709 quia
239 642 667 712 anticipaverunt
691 643 896 715 vigilias
915 660 1106 702 omnes
1131 647 1328 702 inimici
1356 649 1494 719 ejus,
1528 650 1677 705 iuve-

78 735 165 787 uit
190 734 266 791 ibi
292 735 563 791 tristitiam
584 777 600 803 ,
628 745 684 792 et
710 736 907 793 defecit
932 737 1152 808 spiritus
1179 739 1315 810 ejus.
1344 741 1444 807 Qui
1472 740 1678 811 garrie-

80 826 179 882 bat
204 826 338 883 foris
357 869 375 895 ,
402 843 532 886 ecce
552 830 716 901 erepit
739 830 882 887 intus
903 832 1106 902 garrire
1124 846 1356 890 securus
1374 876 1390 901 ,
1418 834 1507 889 ubi
1533 835 1678 890 solus

80 917 137 971 in
181 917 399 975 silentio
434 922 633 992 cogitat
671 936 843 977 annos
882 932 1117 979 mter-nos
1144 940 1160 978 :
1186 921 1254 978 Et
1289 926 1676 995 perscrutabor,

79 1009 282 1081 inquit,
312 1010 547 1082 spiritum
572 1028 758 1067 meum.
781 1012 847 1068 Et
866 1012 952 1069 hic
971 1014 1263 1071 timendum
1296 1031 1366 1072 ne
1400 1016 1453 1071 in
1488 1016 1677 1087 spiritu

75 1114 187 1156 suo
205 1110 501 1168 remaneat,
533 1110 589 1158 et
628 1116 735 1158 non
761 1103 833 1158 sit
860 1104 1182 1161 transiliens.
1207 1102 1326 1162 iam
1356 1113 1535 1161 tamen
1564 1121 1675 1161 me-

76 1190 187 1247 lius
211 1192 325 1264 agit
357 1208 516 1264 quam
561 1192 695 1250 foris
735 1194 947 1265 agebat.
976 1194 1330 1251 Trauscendit
1351 1195 1549 1267 aliquid
1577 1212 1591 1249 :
1620 1205 1678 1251 et

78 1282 212 1339 hinc
237 1283 513 1339 videamus
537 1300 662 1355 quo.
688 1284 806 1341 Non
833 1285 976 1342 enim
1005 1296 1179 1343 cessat
1205 1287 1304 1343 iste
1334 1287 1637 1343 transiliens
1653 1329 1671 1352 ,

75 1372 260 1430 donec
288 1376 467 1430 veniat
491 1375 546 1430 in
574 1376 756 1445 ﬁnem.
786 1376 927 1432 unde
954 1376 1113 1434 habet
1142 1376 1350 1434 titulum
1385 1378 1627 1435 Psahnus
1657 1397 1673 1433 :

76 1464 400 1533 Garn'ebam,
434 1466 626 1538 inquit,
657 1476 705 1523 et
726 1468 989 1522 scrutabor
1016 1467 1249 1538 spiritum
1273 1484 1461 1524 meum.

154 1558 248 1614 i0.
279 1556 430 1631 [θεῖε.
462 1555 547 1631 8.]
576 1558 647 1614 Et
681 1559 808 1629 quid
852 1559 1141 1615 invenisti?
1174 1558 1299 1614 Non
1336 1559 1392 1615 in
1431 1569 1674 1638 auruum

74 1652 292 1723 repellet
309 1651 471 1707 Deus.
493 1651 733 1708 Tadium
756 1653 1035 1709 invenerat
1057 1652 1111 1708 in
1133 1654 1232 1709 hac
1248 1652 1386 1721 vita;
1409 1667 1672 1725 nusquam

75 1742 244 1799 ﬁdam
269 1783 291 1811 ,
331 1757 594 1814 nusquam
631 1758 876 1799 securam
914 1742 1356 1799 consolationem.
1402 1742 1483 1798 Ad
1512 1755 1673 1814 quos.

71 1849 314 1906 cumque
355 1833 602 1890 homines
646 1832 995 1901 intendebat,
1036 1834 1345 1891 scandalum
1382 1833 1440 1890 in
1474 1834 1555 1889 eis
1586 1834 1673 1889 in~

71 1925 351 1992 veniebat,
376 1931 479 1981 aut
495 1923 737 1981 timebat.
760 1925 1031 1997 Nusquam
1057 1938 1450 1998 ergosecurus.
1468 1923 1674 1980 Tacere

71 2017 149 2072 illi
197 2018 401 2073 malum
441 2026 589 2085 erat,
631 2032 702 2075 ne
741 2017 926 2075 sileret
963 2033 997 2074 a
1032 2016 1399 2089 bonis:loqui
1444 2024 1500 2075 et
1539 2016 1674 2074 foris

70 2108 286 2177 garrire
307 2106 591 2164 molestum
612 2116 754 2177 erat,
779 2124 850 2165 ne
876 2107 1228 2183 anticipantes
1252 2109 1462 2181 vigilias
1480 2124 1671 2167 omnes

71 2199 279 2254 inimici
304 2198 458 2270 ejus,
498 2200 795 2256 calumnias
838 2200 1169 2272 inquirerent
1214 2201 1269 2257 in
1311 2200 1489 2256 verbis
1527 2200 1668 2272 ejus.

70 2292 407 2361 Augustales
432 2291 487 2347 in
514 2290 615 2347 bac
641 2292 747 2347 vita
777 2291 1152 2361 vehementer,
1187 2292 1413 2349 multum
1452 2291 1522 2348 de
1558 2292 1671 2349 vita

68 2381 175 2436 alia
210 2382 486 2452 cogitavit,
517 2384 607 2438 ubi
648 2382 751 2438 ista
798 2398 907 2441 non
948 2384 1020 2439 sit
1061 2384 1305 2441 tentatio.
1342 2384 1413 2440 Et
1452 2381 1672 2456 quando

71 2473 199 2529 illuc
228 2474 577 2544 pervenitur?
597 2473 715 2529 Non
744 2475 887 2531 enim
931 2488 1038 2531 non
1072 2482 1318 2543 constat,
1364 2474 1490 2546 quia
1521 2472 1666 2546 quod

70 2564 161 2618 hic
185 2564 441 2636 patimur,
472 2564 547 2619 ira
574 2564 667 2621 Dei
694 2574 797 2620 est.
821 2565 1023 2620 Dicitur
1050 2563 1153 2621 hoc
1182 2563 1237 2620 in
1266 2563 1402 2620 lsaia
1424 2581 1441 2619 :
1464 2561 1589 2620 Non
1612 2563 1669 2621 in

69 2664 321 2709 wternum
344 2654 531 2710 vindex
567 2655 623 2710 in
651 2654 786 2711 vobis
811 2671 899 2710 ero
920 2695 937 2721 ,
983 2672 1142 2727 neque
1167 2671 1259 2727 per
1294 2670 1443 2710 omne
1471 2664 1670 2727 tempus

69 2747 269 2801 irascar
296 2746 453 2802 vobis.
483 2748 549 2802 Et
574 2746 705 2803 dicit
744 2761 909 2817 quare
931 2763 947 2801 :
968 2746 1195 2817 Spiritus
1222 2747 1358 2803 enim
1382 2762 1418 2801 α
1440 2762 1521 2803 me
1548 2762 1670 2819 pro-

70 2837 235 2902 cedet,
287 2847 334 2891 et
379 2854 578 2893 omnem
617 2839 796 2909 ﬂatum
836 2854 930 2910 ego
969 2838 1086 2909 feci.
1138 2836 1363 2910 Propter
1406 2848 1667 2910 peceatum

70 2929 342 2999 paululum
379 2930 501 3002 quid
546 2930 832 2985 rontristavi
878 2947 1014 2998 curn,
1062 2940 1112 2986 et
1158 2931 1386 3001 percussi
1425 2948 1565 2999 eum,
1616 2940 1665 2987 et

69 3022 227 3075 averti
253 3020 436 3092 [aciem
461 3040 625 3078 meum
652 3023 714 3076 ab
740 3024 863 3089 illo;
890 3033 938 3077 et
963 3023 1087 3077 abiit
1112 3022 1292 3091 tristis,
1320 3032 1369 3080 et
1390 3024 1667 3079 ambulavit

68 3112 179 3165 tias
216 3128 359 3167 suas.
384 3113 522 3181 Quid
549 3128 711 3184 ergo,
748 3113 864 3169 haec
889 3115 967 3168 ira
1002 3113 1096 3169 Dei
1133 3128 1354 3186 semper
1377 3113 1519 3171 erit?
1546 3111 1665 3169 Non

72 3202 177 3258 hoc
213 3204 417 3259 invenit
460 3203 563 3271 iste
602 3205 656 3259 in
696 3204 930 3260 silentio.
965 3204 1105 3274 Quid
1144 3204 1289 3262 enim
1331 3204 1503 3261 dicit?
1540 3202 1665 3261 Non

68 3298 122 3350 in
152 3307 398 3352 internum
421 3298 628 3369 repellet
660 3295 831 3364 Deus;
869 3308 916 3353 et
951 3314 1050 3353 non
1091 3308 1312 3370 apponet
1338 3300 1474 3353 ultra
1495 3307 1551 3353 ut
1572 3297 1663 3353 be-

69 3392 337 3459 neplnceat
374 3390 421 3445 ei
457 3390 624 3445 adhuc
646 3405 666 3445 :
687 3390 737 3445 id
782 3399 896 3459 est,
928 3400 985 3446 ut
1021 3390 1364 3460 beneplaceat
1396 3391 1447 3446 ei
1488 3389 1665 3445 adhuc

69 3482 377 3552 repellere,
418 3490 474 3538 et
521 3482 572 3538 in
630 3491 890 3538 aeternum
937 3481 1205 3553 repellere
1248 3495 1357 3537 non
1403 3489 1658 3553 apponet.

70 3574 308 3630 Necesse
333 3582 417 3629 est
446 3583 501 3628 ut
526 3583 739 3629 revocet
763 3572 830 3628 ad
855 3588 915 3629 se
946 3586 1133 3630 servos
1156 3585 1305 3637 suos,
1336 3586 1559 3629 necesse
1579 3581 1663 3629 est

71 3680 128 3721 ut
158 3666 381 3735 recipiat
408 3664 660 3736 fugitivos
688 3665 976 3721 redeuntes
1002 3663 1071 3720 ad
1100 3664 1403 3730 Dominum,
1436 3678 1661 3720 necesse

68 3767 154 3812 est
179 3767 237 3811 ut
261 3756 516 3813 exaudiat
554 3770 741 3812 vocem
774 3755 1201 3827 compeditorum
1230 3772 1245 3809 :
1275 3753 1397 3810 Non
1433 3756 1488 3810 in
1513 3765 1661 3811 teter-

70 3865 193 3902 uum
218 3847 429 3920 repellet
448 3846 622 3913 Deus;
646 3857 694 3902 et
718 3864 817 3902 non
844 3856 1066 3918 apponet
1103 3847 1239 3901 ultra
1266 3854 1318 3898 ut
1344 3846 1661 3917 beneplaceat

69 3941 116 3996 ei
133 3941 325 3995 adhuc.

138 4031 233 4088 11.
253 4029 406 4104 [vers.
442 4028 497 4096 9,
526 4028 641 4104 10.]
660 4031 760 4085 Aut
784 4032 839 4084 in
862 4031 1015 4099 ﬁnem
1038 4028 1433 4084 misericordiam
1455 4028 1472 4060 ⁸
1498 4026 1660 4083 absci-

69 4127 154 4180 det
200 4141 234 4178 a
279 4124 600 4195 generatione
648 4108 700 4177 in
753 4121 1162 4194 generationem?
1208 4129 1297 4174 aut
1347 4119 1661 4175 obliviscetur

68 4217 295 4272 misereri
314 4214 567 4271 Deusﬂn
598 4224 669 4278 te,
697 4231 727 4269 a
753 4224 825 4281 te,
854 4217 905 4269 iu
930 4214 1155 4268 alterum
1181 4212 1326 4267 nulla
1348 4221 1430 4267 est
1452 4212 1659 4266 miseri-

66 4309 250 4365 cordia
267 4348 287 4376 ,
331 4307 433 4365 nisi
462 4321 582 4365 eam
612 4307 705 4363 tibi
734 4307 873 4361 Deus
896 4306 1058 4362 donet
1081 4321 1097 4361 :
1120 4311 1177 4361 et
1217 4304 1332 4374 ipse
1358 4303 1501 4361 Deus
1526 4302 1660 4357 obli-

65 4401 303 4458 viscetur
332 4399 796 4472 misericordiam?
823 4400 987 4454 Rivus
1013 4396 1219 4455 currit:
1244 4396 1362 4452 fons
1394 4397 1510 4467 ipse
1549 4396 1658 4451 sic-

64 4492 319 4550 cabitur?
342 4492 447 4550 Ast
475 4492 792 4549 obliviscetur
822 4489 1047 4547 misereri
1077 4489 1252 4544 Deus?
1278 4498 1365 4542 aut
1392 4487 1657 4542 continebit

64 4584 119 4639 in
146 4584 229 4639 ira
252 4582 603 4641 miserationes
629 4582 789 4645 suas?
819 4580 870 4636 id
900 4589 1006 4647 est,
1042 4578 1123 4635 sic
1156 4578 1436 4642 irascetur,
1462 4586 1523 4632 ut
1546 4592 1654 4632 nou

64 4675 424 4733 misereaer
465 4674 695 4732 Facilius
732 4674 822 4729 ille
856 4673 993 4728 iram
1028 4684 1191 4742 quam
1224 4667 1646 4725 misericordiam

61 4765 381 4824 continebit.
409 4765 525 4822 Hoc
560 4774 615 4820 et
653 4779 748 4836 per
792 4763 980 4820 Isaiam
1013 4761 1257 4817 dixerat:
1284 4759 1407 4815 Non
1428 4760 1483 4814 in
1510 4768 1653 4814 reter-

63 4876 187 4912 num
210 4856 397 4913 vim
415 4857 469 4911 in
493 4856 629 4910 vobis
650 4871 757 4921 ero,
785 4870 944 4925 neque
966 4870 1056 4924 per
1078 4868 1225 4907 omne
1247 4861 1443 4921 tempus
1462 4851 1653 4905 irascar

61 4954 223 5007 vobis.
254 4950 367 5008 Hoc
390 4959 445 5005 et
472 4958 818 5020 posteaquam
842 4946 995 5011 dixit,
1028 4944 1162 5000 Abiit
1182 4944 1360 5010 tristis,
1390 4954 1437 4997 et
1467 4942 1648 4996 ambu—

61 5045 183 5098 iuvit
223 5042 329 5097 eius
371 5057 510 5097 suas.
559 5039 711 5103 Vias,
750 5038 937 5109 inquit,
964 5038 1074 5107 ejus
1098 5037 1221 5101 vidi,
1260 5046 1307 5089 et
1333 5035 1507 5089 sanari
1534 5051 1649 5088 eum

63 5136 220 5206 (lsai.
254 5149 379 5201 Lvu,
412 5133 617 5203 16-18).
644 5132 756 5187 Hoc
780 5133 867 5187 ubi
887 5130 1135 5201 cognovit
1159 5129 1281 5193 iste,
1326 5128 1649 5183 transcendit

59 5238 115 5283 et
144 5243 206 5285 se
250 5226 548 5282 delectatus
574 5226 629 5280 in
658 5225 787 5290 Deo,
817 5231 875 5278 ut
899 5223 985 5277 ubi
1013 5229 1181 5288 esset,
1212 5232 1266 5277 et
1295 5222 1346 5274 in
1372 5221 1495 5289 ejus
1515 5234 1645 5287 ope-

62 5322 209 5375 ribus
253 5318 423 5388 magis
458 5316 719 5386 garriret;
747 5314 865 5370 'uou
898 5314 948 5367 iu
979 5313 1167 5382 spiritu
1208 5326 1330 5377 suo,
1356 5327 1461 5366 non
1504 5311 1555 5365 in
1581 5326 1648 5367 eo

61 5415 200 5481 quod
234 5423 371 5476 crat,
405 5410 499 5465 sed
528 5410 578 5464 in
605 5423 671 5463 eo
695 5425 723 5460 a
749 5424 856 5478 quo
893 5405 1063 5460 factus
1098 5414 1233 5459 erat.
1262 5404 1332 5459 Et
1365 5404 1488 5458 hinc
1519 5418 1648 5473 ergo

62 5502 372 5556 nansilieus
396 5499 740 5556 transcendit.
773 5499 960 5553 Videte
1002 5497 1383 5552 transilientem
1408 5535 1425 5562 ,
1468 5495 1647 5553 videte

124 5686 139 5715 ί
166 5682 301 5739 t-Idd.,
326 5677 711 5731 utiscricorditm
729 5691 867 5729 suam
891 5692 907 5728 :
933 5686 984 5727 et
1007 5678 1057 5727 in
1080 5677 1401 5739 subsequenti
1427 5676 1645 5739 ναξ-δίαι-

65 5750 129 5802 ὶο,
169 5746 216 5794 iu
256 5737 324 5791 ira
357 5757 463 5792 sua.
493 5752 547 5793 At
583 5742 815 5791 [uultures
860 5749 963 5789 Mss.
997 5742 1135 5803 juxta
1174 5737 1281 5788 LXX
1312 5751 1408 5789 non
1443 5737 1642 5799 addunt,

68 5820 213 5863 tamn.
238 5816 347 5865 net,
372 5817 475 5857 Sull-

1153 346 1552 406 ENARRATIO
1588 350 1655 407 IN
1696 350 2018 408 PSALMUH
2059 352 2291 409 LXXVI.

3276 370 3380 430 978

1787 467 1834 523 si
1862 479 2134 524 remaneat
2160 470 2354 524 alicubi
2380 487 2657 544 quousque
2678 474 2950 546 perveniat
2977 479 3045 537 ad
3077 482 3266 542 Deum.

1860 560 1945 614 19..
1976 559 2126 633 [vers.
2159 561 2274 635 il.]
2323 561 2392 616 Et
2436 566 2563 621 dini.
2607 566 2725 621 Jam
2765 569 3002 640 scipsum
3045 576 3374 644 transiliens,

1785 651 1913 721 quid
1939 654 2116 709 dixit?
2144 652 2299 709 Nunc
2316 658 2445 726 εωρι
2460 672 2617 713 :cum
2640 666 2988 721 excessissem
3014 678 3196 724 etme.
3222 670 3376 726 Nune

1784 742 1933 811 coepi.
1995 743 2094 799 Hic
2133 745 2245 816 jam
2295 747 2502 803 nullum
2543 749 2845 819 periculum
2888 764 3020 814 est:
3049 776 3173 814 nam
3219 772 3274 817 et
3317 766 3378 817 in

1784 837 1993 905 meipso
2043 852 2365 905 remanere,
2419 841 2713 911 periculum
2761 844 2879 901 fuit.
2927 845 2995 902 Et
3036 851 3145 906 dixi
3170 868 3191 906 :
3220 851 3376 910 Nunc

1782 927 1945 997 capi;
1981 928 2091 983 Itan:
2130 940 2203 985 est
2240 932 2521 987 immutatio
2564 932 2787 990 dexteras
2827 936 3049 994 Excelsi.
3090 941 3247 999 Modo
3290 962 3378 1001 me

1782 1019 1947 1090 repit
1982 1031 2190 1077 mutare
2223 1022 2510 1090 Excelsus;
2542 1027 2707 1082 modo
2735 1028 2877 1099 coepi
2904 1030 3138 1102 aliquid,
3175 1036 3373 1092 ubi-se-

1781 1124 1946 1165 curus
1973 1112 2097 1178 sim,
2128 1112 2288 1169 modo
2316 1114 2511 1169 intravi
2538 1116 2770 1186 aliquam
2800 1121 2980 1175 aalam
3002 1122 3020 1153 ¹
3039 1122 3371 1193 gaudiorum,

1781 1199 1871 1255 ubi
1900 1203 2077 1258 nullus
2104 1204 2365 1262 titneatun
2385 1205 2669 1274 inimicus,
2701 1212 2865 1267 modo
2895 1214 3033 1284 cepi
3071 1229 3193 1270 esse
3234 1216 3302 1271 in-
3315 1234 3378 1270 ea

1783 1292 2024 1364 regione.
2069 1294 2157 1350 ubi
2197 1311 2305 1350 non
2348 1298 2644 1369 anticipeut
2688 1302 2893 1371 vigilias
2934 1320 3126 1360 omnes
3173 1306 3375 1361 inimici

1778 1386 1884 1441 mei
1909 1403 1923 1440 :
1951 1386 2104 1442 Nunc
2131 1390 2293 1455 arpi;
2323 1389 2432 1444 hac
2463 1401 2538 1445 est
2571 1392 2857 1449 immutatio
2897 1396 3118 1452 dextera:
3141 1396 3372 1454 Est-celsi.

1851 1477 1939 1533 l5.
1985 1476 2137 1550 (vers.
2190 1477 2303 1554 12.]
2353 1480 2552 1536 Memor
2602 1484 2680 1554 [ui
2722 1501 2933 1554 operum
2981 1486 3206 1543 Domini.
3252 1490 3369 1546 Jaut

1779 1565 2143 1623 videtorillum
2189 1570 2408 1640 spatiari
2447 1570 2510 1626 in
2540 1573 2793 1642 operibus
2834 1576 3063 1632 Domini.
3088 1578 3370 1638 Garriebat

1777 1658 1920 1713 enim
1948 1658 2100 1721 foris,
2119 1668 2175 1715 et
2199 1660 2575 1717 constristatus
2602 1664 2734 1719 inde
2751 1665 2950 1721 defecit
2966 1669 3191 1737 spiritus
3215 1670 3367 1741 ejus:

1777 1747 1999 1821 garrivit
2024 1750 2309 1807 intuscum
2338 1754 2501 1809 corde
2541 1770 2640 1809 suo
2659 1796 2676 1820 ,
2718 1765 2771 1811 et
2799 1771 2920 1812 eum
2951 1760 3142 1829 spiritu
3168 1776 3289 1827 suo,
3312 1768 3371 1819 et

1778 1850 2141 1910 perscrutatus
2187 1844 2434 1898 eumdem
2482 1846 2727 1915 Spiritum
2774 1861 2972 1915 suum,
3019 1865 3241 1906 meinor
3272 1851 3372 1909 fuit

1776 1948 2039 1988 annorum
2079 1944 2403 1990 aeternorum
2426 1976 2443 2001 ,
2491 1937 2829 1993 memor-fuit
2858 1939 3241 1996 misericordia:
3267 1941 3372 1999 Do.

1776 2023 1940 2091 mini,
1986 2024 2113 2095 quia
2153 2040 2262 2080 non
2310 2027 2551 2097 repellet
2582 2027 2847 2082 Dominus
2880 2029 2932 2083 in
2976 2038 3271 2097 internum;
3315 2040 3372 2088 et

1775 2116 1951 2186 erepit.
1956 2116 2065 2188 jam
2096 2117 2154 2171 in
2181 2117 2299 2187 ejus
2326 2119 2580 2189 operibus
2607 2134 2830 2175 securus
2857 2120 3113 2192 gaudere,
3143 2135 3369 2181 securus

1775 2211 2067 2267 exsultare.
2108 2211 2403 2267 Audiamus
2422 2209 2535 2282 jam
2562 2218 2724 2284 opera
2768 2214 2905 2283 ipso,
2946 2222 3001 2269 et
3037 2214 3369 2290 exsultemus

1774 2310 1829 2360 et
1855 2317 1955 2357 nos
1978 2301 2111 2358 :sed
2139 2302 2417 2359 affectibus
2440 2304 2600 2358 etiam
2632 2318 2730 2359 nos
2758 2304 3140 2371 transiliamus,
3169 2322 3270 2362 nec
3296 2307 3365 2363 ad

1774 2395 2089 2465 temporalia
2124 2394 2471 2466 gaudeamus.
2508 2395 2779 2451 Habemus
2804 2395 2947 2452 enim
2978 2406 3032 2451 et
3059 2410 3157 2452 nos
3190 2397 3366 2454 cubile

1773 2495 2042 2543 nostrum.
2088 2486 2264 2555 Quare
2306 2502 2411 2541 non
2459 2485 2587 2541 illuc
2628 2485 2927 2541 intramus?
2970 2502 3137 2557 quare
3170 2504 3278 2543 non
3312 2490 3366 2543 in

1762 2580 1986 2636 .silentio
2005 2580 2247 2651 agimus?
2272 2594 2438 2650 quare
2459 2594 2565 2635 non
2585 2578 2830 2650 spiritum
2857 2591 3096 2635 nostrum
3119 2596 3366 2650 persas-tt.

1774 2670 1988 2727 tamur?
2015 2685 2181 2741 quare
2222 2684 2393 2726 annos
2418 2679 2650 2726 mternos
2686 2686 2792 2727 non
2832 2672 3172 2742 cogitamus?
3198 2689 3364 2744 quare

1772 2763 1828 2818 in
1854 2762 2107 2833 Operibus
2132 2761 2226 2816 Dei
2256 2776 2362 2817 non
2389 2761 2671 2816 ltetamur?
2697 2760 2786 2817 Sic
2814 2777 2954 2816 nunc
2981 2763 3281 2830 audiamus,
3310 2772 3363 2819 et

1771 2854 1888 2923 ipso
1905 2854 2114 2909 dicente
2132 2853 2484 2921 delectemur,
2505 2862 2562 2907 ut
2580 2854 2740 2908 etiam
2762 2867 2881 2909 cum
2904 2853 3030 2909 hinc
3049 2855 3359 2922 abierimus,

1769 2943 2028 2999 faciamus
2052 2943 2194 3014 quod
2240 2943 2357 3013 ipso
2393 2942 2647 3013 loquente
2690 2943 3040 3009 faciebamus;
3090 2944 3134 3000 si
3182 2955 3362 3005 tamen

1769 3035 1992 3091 facimus
2020 3046 2253 3106 ereptum
2294 3036 2463 3107 ipsius
2489 3035 2632 3106 quod
2661 3035 2832 3091 dixit:
2858 3034 3009 3091 Nunc
3039 3037 3185 3107 cwpi.
3212 3037 3357 3093 Gau-

1768 3126 1899 3182 dere
1926 3127 1981 3181 in
2010 3126 2262 3197 operibus
2291 3126 2407 3193 Dei,
2451 3134 2539 3180 est
2561 3125 2800 3185 oblivisci
2828 3135 2883 3180 et
2908 3136 2978 3191 te,
3011 3127 3055 3180 si
3085 3136 3240 3197 potes
3269 3128 3361 3184 illo

1767 3218 1887 3273 solo
1907 3218 2184 3274 delectari.
2209 3217 2346 3285 Quid
2366 3218 2509 3273 enim
2533 3218 2721 3273 melius
2747 3216 2878 3273 illo?
2902 3218 3015 3273 Non
3041 3220 3207 3283 vides,
3234 3220 3358 3289 quia

1766 3325 1889 3367 cum
1917 3309 1984 3364 ad
2029 3319 2087 3364 te
2126 3308 2310 3376 redis,
2355 3308 2407 3363 in
2449 3306 2779 3364 deteriorem
2824 3308 3010 3363 redis?
3057 3309 3254 3363 Memor
3281 3310 3359 3375 {ui

1766 3419 1974 3474 operum
2000 3402 2375 3475 Domini:quia
2411 3418 2601 3458 memor
2637 3419 2724 3458 ero
2766 3403 2831 3456 ab
2863 3403 3009 3456 initio
3045 3402 3354 3457 mirabilium

1766 3504 1989 3551 tuorum.

1838 3588 1925 3643 M.
1971 3585 2123 3660 [verm
2163 3585 2277 3659 15.]
2326 3586 2391 3640 Et
2431 3585 2711 3642 nuditabor
2748 3586 2803 3641 in
2849 3588 3077 3642 omnibus
3124 3587 3354 3657 operibus

1766 3680 1903 3745 tuis,
1954 3689 2002 3733 et
2045 3680 2097 3733 in
2141 3677 2489 3746 alfeclionibtts
2531 3678 2633 3732 tuis
2671 3678 2913 3749 garriam.
2962 3677 3097 3732 Ecce
3138 3678 3352 3733 tertium

1764 3769 1988 3839 garrire.
2032 3768 2265 3824 Garrivit
2307 3768 2463 3833 foris,
2502 3769 2718 3838 quando
2763 3766 2994 3832 defecit;
3040 3769 3260 3838 garvivit
3300 3769 3349 3822 in

1763 3860 1953 3930 spiritu
1983 3875 2079 3915 suo
2112 3860 2275 3923 intus,
2305 3859 2519 3929 quando
2549 3859 2807 3929 profecit;
2838 3859 3058 3931 garrivit
3090 3860 3141 3913 in
3172 3859 3347 3929 operi-

1764 3952 1862 4008 bus
1888 3953 2005 4018 Dei,
2036 3952 2249 4022 quando
2280 3952 2519 4022 pervenit
2544 3967 2651 4021 quo
2681 3952 2921 4020 profecit.
2954 3951 3021 4005 Et
3046 3953 3097 4005 in
3125 3952 3349 4019 a/fectio-

1724 4082 1727 4087 -
1765 4044 1915 4098 uibus
1952 4044 2052 4099 tuis
2093 4044 2319 4114 garriam
2352 4058 2371 4097 :
2399 4060 2503 4097 non
2548 4044 2599 4096 in
2640 4042 3010 4098 alTectiunihus
3039 4044 3191 4097 ηις-εδ.
3222 4044 3348 4109 Quis

1766 4134 1895 4188 vivit
1920 4134 2040 4189 sine
2064 4133 2476 4189 aﬂ‘eetiouibus?
2506 4134 2571 4188 Et
2601 4135 2817 4203 putatis,
2866 4133 3080 4197 fratres,
3112 4136 3233 4203 qttia
3259 4136 3348 4202 qui

1765 4225 1934 4280 Deum
1966 4225 2193 4286 timent,
2237 4225 2404 4279 Deum
2441 4225 2661 4288 eolunt,
2710 4225 2875 4279 Deum
2905 4225 3145 4293 diligunt,
3176 4226 3347 4279 nullas

1763 4316 1960 4370 habent
1983 4315 2337 4371 affectiones?
2364 4315 2523 4380 Vere,
2554 4314 2655 4369 hoc
2681 4315 2890 4384 putabis
2908 4356 2923 4377 ,
2954 4325 3009 4370 et
3037 4325 3224 4385 putare
3250 4331 3346 4371 av-

1762 4406 1932 4473 debis,
1961 4406 2107 4476 quod
2126 4406 2436 4462 aﬂ‘ectlones
2462 4408 2653 4461 habeat
2696 4406 2892 4468 tabula,
2937 4406 3222 4472 theatrum,
3249 4424 3343 4462 ve-

1762 4499 1925 4560 natio,
1952 4496 2255 4567 aucupium,
2283 4497 2538 4570 piscatus,
2565 4507 2619 4549 ct
2645 4512 2749 4550 non
2776 4496 3005 4551 habeant
3028 4513 3188 4565 opera
3213 4498 3345 4553 Dei?

1757 4598 1809 4642 et
1852 4602 1956 4643 non
2005 4586 2197 4641 habeat
2238 4586 2511 4641 meditatio
2566 4585 2655 4640 Dei
2706 4586 2985 4640 interiores
3030 4585 3344 4642 allectiones

1758 4678 2014 4745 quasdam
2052 4691 2197 4739 suas.
2242 4691 2361 4731 cum
2410 4676 2688 4744 inspicitur
2725 4675 2990 4741 mundus,
3036 4686 3090 4730 et
3128 4677 3345 4749 ponitur

1757 4776 1880 4820 ante
1910 4766 2096 4821 oculos
2142 4767 2504 4834 spectaculum
2554 4775 2755 4817 uatum
2804 4780 3020 4830 rerum,
3067 4773 3122 4819 et
3163 4765 3216 4819 in
3263 4767 3345 4820 his

1756 4858 2012 4926 qttasrilur
2053 4854 2241 4910 artifex
2264 4895 2281 4921 ,
2325 4866 2380 4909 et
2426 4855 2692 4909 invenitur
2722 4870 2979 4925 nusquam
3016 4855 3307 4926 displicens
3329 4904 3345 4922 .

1755 4958 1807 5003 et
1842 4964 2003 5015 super
2027 4947 2203 5000 omnia
2234 4946 2489 5015 placens?

1828 5041 1915 5094 15.
1954 5039 2104 5111 [vers.
2136 5036 2249 5109 14.]
2296 5036 2467 5099 Deus,
2511 5038 2565 5089 in
2606 5036 2797 5091 Sancto
2839 5038 2919 5089 via
2964 5048 3068 5091 tua.
3131 5037 3343 5108 IIISpieit

1747 5132 1859 5202 jam
1889 5146 2050 5202 opera
2078 5128 2458 5183 misericordia:
2490 5122 2754 5182 Dei'eirca
2799 5143 2917 5195 nos,
2946 5145 3011 5183 ex
3039 5128 3123 5185 his
3145 5131 3341 5199 garrit,

1753 5234 1809 5279 et
1854 5224 1906 5278 in
1944 5223 2027 5277 his
2056 5221 2425 5276 aﬂ'ectiooibns
2464 5221 2715 5274 exsultat.
2766 5220 2945 5274 Primo
2992 5222 3117 5276 inde
3145 5224 3331 5292 «epit,

1754 5315 1821 5370 In
1850 5315 2042 5370 Sancto
2078 5314 2159 5367 via
2184 5322 2291 5365 tua.
2320 5312 2451 5380 Qum
2483 5313 2565 5366 via
2603 5323 2690 5366 tua
2719 5313 2770 5365 in
2804 5311 3040 5367 Sancto?
3066 5311 3179 5384 Ego
3202 5330 3341 5380 sum,

1753 5410 1943 5479 inquit,
1974 5410 2072 5470 vin,
2101 5408 2300 5469 vetitas,
2325 5416 2371 5459 et
2396 5405 2499 5460 vita
2525 5404 2702 5474 (Joan.
2733 5421 2838 5469 xxv,
2871 5405 2948 5475 6).
2974 5404 3166 5483 Redite
3189 5419 3341 5472 ergo,

1757 5501 2023 5564 homines,
2052 5499 2120 5552 ab
2145 5497 2518 5553 adiectionibus
2550 5496 2759 5550 vestris.
2791 5498 2907 5561 Quo
2938 5492 3067 5549 itis?
3091 5509 3200 5565 quo
3218 5509 3343 5547 eur-

1752 5593 1869 5647 ritis
1885 5594 1909 5643 Y
1928 5606 2034 5660 quo
2061 5602 2167 5643 non
2192 5588 2365 5642 solum
2386 5603 2415 5639 a
2438 5588 2567 5652 Deo,
2594 5587 2685 5641 sed
2708 5588 2867 5641 etiam
2893 5602 2923 5639 a
2951 5585 3101 5638 vobis
3126 5583 3341 5655 fugitis?

1754 5681 1964 5745 Redite,
2000 5679 2455 5750 prmvaricatores,
2488 5677 2552 5732 ad
2587 5694 2679 5733 cor
2706 5676 2856 5746 (lsai.
2892 5692 3035 5743 xm,
3084 5677 3164 5744 8),
3192 5690 3340 5731 scru-

1815 5796 1835 5827 ¹
1860 5793 2023 5843 Proba
2046 5799 2173 5842 noue
2188 5796 2326 5852 tua,
2343 5801 2531 5839 aurum.
