3990 6326
120 383 221 443 981

121 499 376 554 omnibus
411 494 659 567 gentibus
685 509 849 547 uocem
875 491 1118 546 dederunt
1159 493 1345 550 nubes;
1375 487 1709 560 praedicando

124 583 423 652 Christum,
447 600 611 639 vocem
632 584 876 652 dederunt
900 581 1071 637 nubes.

168 680 289 735 'W.
331 677 482 752 [rem
522 674 632 748 19.]
663 673 884 729 Etenim
922 673 1120 742 διιςῄιιω
1158 683 1259 726 tua:
1301 671 1713 741 pertransierunt.

126 771 360 826 Easdem
409 783 569 824 voces
610 766 830 822 nubium
875 780 1061 819 rursus
1096 763 1318 832 sagittas
1358 762 1511 815 dixit.
1540 759 1715 815 Verba

123 863 274 918 enim
305 860 763 931 Evangelistarum
804 857 1012 927 sagitta;
1057 853 1296 923 fuerunt.
1331 851 1716 922 Similitudines

123 953 463 1010 enimsunt.
505 948 640 1005 Nam
688 949 905 1019 proprie
930 961 1027 1000 nec
1055 945 1246 1015 sagitta
1276 951 1358 998 est
1387 942 1588 1011 pluvia,
1621 957 1715 996 nec

125 1044 308 1113 pluuia
359 1043 582 1113 sagitta;
611 1049 665 1094 at
715 1054 848 1094 vero
896 1037 1115 1092 verbum
1160 1037 1274 1099 Dei,
1303 1044 1357 1089 et
1384 1038 1576 1105 sagitta
1614 1042 1715 1100 est,

124 1140 260 1207 quia
306 1135 628 1208 percutit,ct
667 1134 865 1204 pluvia,
903 1132 1026 1201 quia
1074 1129 1234 1198 rigat.
1264 1127 1432 1182 Nemo
1456 1140 1583 1197 ergo
1607 1125 1716 1196 jam

129 1229 358 1283 miretur
387 1229 701 1300 abyssorum
748 1221 1236 1285 conturbationem,
1272 1217 1491 1288 quando.
1523 1219 1722 1288 sagitta:

128 1329 232 1373 tua:
275 1320 684 1390 pertranSierunt.
735 1316 868 1382 Quid
909 1320 1012 1381 est,
1062 1304 1501 1384 pertransicrunt?
1523 1307 1638 1363 Non
1667 1308 1731 1362 in.

126 1411 348 1466 auribus
373 1418 770 1471 remanserunt,
804 1406 897 1460 sed
946 1401 1108 1458 corda
1154 1399 1555 1454 transilxerunt.
1611 1396 1723 1452 νοω

129 1503 339 1555 tenimu'
379 1501 518 1553 tuiin
567 1508 698 1552 rota.
728 1496 865 1565 Quid
893 1492 1142 1550 esthoc?
1199 1488 1467 1562 quomodo
1511 1487 1720 1543 intelle-

127 1601 218 1645 ctu
228 1592 269 1645 ri
290 1589 511 1648 sumus?
530 1588 757 1659 Adjuvot
779 1584 1052 1641 Dominus.
1075 1581 1188 1637 Vox
1203 1580 1411 1635 tonitrui
1427 1579 1499 1632 tui
1521 1579 1571 1631 in
1586 1587 1731 1633 rotas
1767 1577 1771 1580 ’

127 1682 457 1738 Solebamus-
495 1681 647 1753 pueri
687 1677 968 1748 suspicari,
1008 1690 1128 1729 eum
1158 1671 1464 1728 audiremus
1492 1671 1721 1724 tonitrua

128 1776 200 1832 de
248 1775 408 1840 cado,
436 1776 587 1842 quasi
617 1771 860 1827 vehicula
891 1768 959 1824 de
985 1765 1196 1822 stabulo
1223 1763 1552 1835 processisse
1580 1778 1594 1815 :
1622 1760 1721 1814 ha-

129 1868 261 1940 bent
289 1868 440 1922 enim
475 1865 708 1920 tonitrua
734 1859 1018 1939 quamdam
1058 1856 1466 1914 concussionem
1493 1853 1722 1909 similem

125 1959 412 2013 vehiculis.
443 1953 710 2027 Numquid
730 1954 796 2008 ad
838 1955 935 2007 ista
985 1950 1208 2021 puerilia
1246 1946 1470 2002 redituri
1515 1960 1721 2012 sumus,

129 2061 194 2106 ut
223 2049 602 2124 intelligamus,
642 2043 756 2100 νοω
778 2043 990 2097 tonitrui
1029 2041 1101 2093 tui
1129 2042 1180 2092 in
1206 2049 1346 2103 rota;
1371 2037 1523 2112 quasi
1548 2036 1725 2107 aliqua

105 2138 375 2202 ‘vchieula
424 2137 618 2193 habent
662 2135 801 2189 Deus
831 2134 885 2188 in
926 2132 1175 2194 nubibus,
1209 2141 1261 2184 et
1291 2129 1544 2182 transitus
1571 2127 1722 2180 vehi-

127 2232 372 2287 culorum
402 2228 552 2287 illum
581 2227 864 2297 strepitum
904 2221 1170 2278 concitet?
1218 2221 1391 2276 Absit.
1436 2219 1549 2274 Hoc
1594 2234 1726 2290 pue-

128 2322 235 2377 rile
258 2330 362 2386 est,
395 2319 608 2386 vanum,
640 2316 996 2388 nugatorium.
1024 2313 1159 2382 Quid
1183 2321 1266 2366 est
1289 2325 1436 2380 ergo,
1467 2308 1577 2364 Vox
1597 2310 1728 2363 toni-

131 2413 245 2466 trui
264 2412 336 2465 tui
365 2412 417 2466 in
445 2410 592 2464 rota?
616 2407 857 2465 Volvitur
882 2420 984 2461 vox
1016 2403 1323 2473 ttta.Neque
1343 2400 1445 2456 hoc
1466 2401 1724 2472 intelligo.

99 2557 103 2561 .
130 2503 273 2569 Quid
298 2500 589 2557 faciemus?
620 2500 1014 2571 Interrogamus
1045 2499 1217 2565 ipsum
1245 2495 1477 2560 ldithun,
1499 2509 1567 2548 ne
1593 2492 1727 2548 forte

132 2598 256 2667 ipse
289 2602 522 2665 exponat
566 2589 706 2662 quod
742 2588 876 2647 dixit
905 2607 919 2644 :
957 2589 1087 2653 Vox,
1120 2587 1310 2656 inquit,
1329 2587 1536 2639 tonitrui
1563 2586 1637 2667 tui
1674 2584 1729 2639 in

133 2663 269 2743 rota.
299 2663 416 2742 Non
453 2685 690 2755 intelligo
723 2681 975 2740 :audlam
1010 2679 1134 2751 quid
1163 2678 1335 2733 dicis:
1368 2663 1729 2747 Apparuerunt

137 2760 345 2854 Mora
371 2789 458 2832 tua
481 2777 591 2831 orbi
610 2765 875 2829 terrarum.
896 2772 990 2827 Dic
1009 2787 1136 2841 ergo
1166 2787 1178 2824 :
1210 2785 1314 2824 non
1339 2769 1726 2824 intellexeram.

136 2872 300 2930 Orbis
328 2882 586 2926 terrarum
630 2879 712 2923 est
739 2876 855 2922 rota
890 2884 904 2920 :
934 2879 1055 2918 nam
1100 2862 1350 2918 circuitus
1397 2857 1539 2915 orbis
1562 2869 1732 2915 terra-

136 2978 304 3033 rum,
341 2961 532 3016 merito
593 2968 647 3014 et
689 2957 837 3014 orbis
882 2954 1110 3019 dicitur;
1161 2952 1304 3013 unde
1343 2951 1521 3007 brevis
1568 2951 1730 3008 etiam

140 3042 352 3117 Patella,
371 3049 676 3109 orbiculus'
707 3045 1025 3120 appellatur.
1052 3043 1164 3097 νοτ
1184 3044 1392 3097 tonitrui
1408 3042 1482 3095 tui
1505 3041 1558 3094 in
1581 3049 1728 3096 rota:

138 3152 491 3215 apparuerunt
515 3141 722 3212 fulgura
766 3149 853 3216 tua
895 3134 1002 3190 orbi
1041 3145 1309 3189 terrarum.
1339 3131 1518 3187 Nubes
1547 3132 1651 3187 illa!
1677 3132 1732 3188 in

115 3233 259 3289 'rota
291 3223 677 3298 circumierunt
707 3227 893 3283 orbem
920 3233 1215 3287 terrarum;
1245 3222 1627 3278 circumierunt
1650 3232 1734 3277 to-

141 3323 326 3380 nando
358 3333 413 3378 et
452 3306 805 3382 coruscando,
838 3318 1090 3380 abyssum
1140 3324 1570 3379 commoverunt,
1598 3330 1736 3384 pra:-

139 3416 315 3487 ceptis
336 3419 648 3474 tenuerunt,
671 3408 940 3463 miraculis
960 3411 1374 3461 coruscavcrunt
1399 3423 1412 3456 :
1444 3404 1495 3457 in
1519 3418 1731 3458 omnem

140 3508 288 3573 enim
338 3513 537 3562 terram
583 3502 712 3556 exiit
755 3514 919 3553 sonus
971 3511 1177 3560 eorum,
1217 3505 1272 3550 et
1318 3494 1369 3548 in
1411 3495 1545 3549 lines
1587 3494 1734 3550 orbis

143 3607 302 3652 terra:
341 3573 505 3650 uerba
548 3606 739 3646 eorum
770 3587 942 3660 (Psal.
972 3602 1124 3652 xvnt,
1153 3582 1234 3654 5).
1265 3583 1523 3638 Commota
1563 3595 1655 3644 est.
1688 3595 1734 3640 et

139 3685 564 3754 contrentcbunda
593 3684 730 3750 facta
758 3691 832 3735 est
871 3690 1002 3732 terra
1031 3693 1052 3731 :
1079 3677 1130 3732 id
1158 3687 1260 3742 est,
1294 3677 1482 3730 omnes
1511 3673 1600 3745 qui
1639 3675 1736 3730 ha-

139 3779 392 3839 bitantia
424 3787 586 3832 terra.
631 3769 1155 3828 Persimilitudinem
1205 3773 1385 3820 autem
1432 3766 1544 3835 ipsa
1590 3774 1733 3819 terra

136 3872 247 3943 est.
269 3862 480 3937 Quare?
504 3866 638 3933 Quia
667 3873 856 3935 gentes
879 3868 1068 3916 omnes
1092 3859 1263 3914 maris
1289 3857 1504 3911 nemine
1531 3842 1759 3911 nuncn-'

143 3973 358 4037 paritur.
391 3960 532 4031 quod
562 3959 676 4030 vita.
713 3957 942 4010 humana
977 3966 1155 4006 amara
1182 3959 1286 4014 est,
1315 3961 1367 4004 et
1399 3950 1647 4018 procellis
1673 3965 1736 4004 ne

142 4051 556 4123 tempeSIatibus
594 4047 824 4102 subdita.
857 4043 974 4098 Jam
1021 4040 1153 4096 illud
1194 4040 1236 4094 si
1281 4039 1546 4104 attendas,
1594 4039 1734 4108 quod

142 4149 393 4214 homines
443 4158 503 4197 se
548 4143 797 4210 tanquam
847 4137 1021 4206 pisces
1066 4132 1342 4195 devorant,
1396 4147 1517 4184 cum
1568 4132 1740 4197 major

145 4241 406 4292 minorem
430 4224 723 4290 absorbet:
750 4239 830 4284 est
859 4241 986 4297 ergo
1016 4224 1117 4279 hoc
1163 4223 1376 4285 mare’;
1408 4222 1532 4276 illuc
1559 4223 1702 4275 Evan
1729 4254 1736 4262 ι

141 4329 346 4402 θοιίειω
376 4327 566 4380 ierunt.
590 4369 592 4372 ,

151 4398 166 4447 'v
216 4407 611 4491 21.[uers.20.]
635 4409 700 4465 In
727 4412 856 4465 mari
885 4415 955 4461 est
975 4408 1054 4459 via
1077 4415 1183 4457 tam.
1207 4398 1526 4459 Iamdudum
1544 4404 1594 4457 in
1611 4403 1742 4457 San-

143 4527 228 4572 cto
247 4487 453 4572 via—tua,
475 4505 634 4562 modo
662 4504 712 4556 in
740 4501 959 4554 moriest
988 4499 1068 4551 uia
1096 4497 1341 4567 tua,quia
1373 4495 1486 4564 ipse
1510 4487 1740 4550 Sanctus

144 4609 200 4662 ln
229 4603 384 4670 mari,
417 4609 471 4655 et
494 4600 684 4654 merito
705 4596 865 4650 etiam
893 4606 1052 4661 super
1073 4603 1241 4658 aquas
1259 4588 1430 4642 maris
1445 4587 1737 4641 ambulavit

145 4677 576 4770 (Μαιήτην,ἓὸ
613 4686 654 4756 ).
675 4686 741 4740 in
763 4700 888 4741 man
915 4692 985 4736 est
1007 4682 1089 4735 aia
1115 4690 1205 4736 tua
1231 4695 1250 4732 :
1272 4678 1325 4733 id
1360 4685 1444 4731 est
1479 4678 1530 4731 in
1558 4677 1742 4733 Genti-

144 4768 249 4843 bus
284 4768 603 4854 praedicatur
638 4777 886 4837 Christus
917 4782 1066 4826 tuus.
1093 4770 1150 4825 ln
1177 4770 1284 4831 alio
1310 4768 1507 4838 quippe
1535 4769 1743 4836 psalmo

144 4868 226 4934 ξω
241 4877 435 4931 dicitur
458 4890 474 4926 :
497 4871 636 4924 Deus
658 4868 955 4921 misereatur
975 4862 1153 4928 nostri,
1177 4870 1221 4914 et
1244 4859 1503 4914 benedicat
1518 4875 1608 4912 nos
1622 4873 1642 4923 ;
1676 4859 1743 4912 il-

143 4968 356 5027 tuminct
379 4964 570 5018 vultum
603 4974 753 5014 suum
776 4970 927 5027 super
947 4963 1133 5029 nos,_ut
1151 4965 1513 5022 cognoscamus
1528 4950 1581 5002 in
1607 4963 1744 5004 terra

145 5066 279 5119 viam
317 5051 476 5111 tuam.
510 5051 612 5108 Ubi
641 5051 690 5104 in
731 5045 902 5101 terra?
925 5043 990 5099 In
1011 5041 1240 5099 omnibus
1264 5040 1490 5112 gentibus
1521 5040 1744 5094 salutare

144 5166 293 5214 tuum
321 5148 489 5227 (Ρωι.
512 5142 727 5210 LXVt'.2,
751 5127 842 5213 ’ὣς
868 5139 970 5192 hoc
989 5145 1092 5201 est,
1109 5134 1177 5188 1n
1199 5134 1329 5187 mari
1359 5141 1429 5185 est
1451 5131 1530 5184 via
1547 5141 1652 5184 tua.
1675 5124 1743 5184 Et

144 5226 337 5307 semitm
358 5257 454 5302 uia:
489 5244 541 5300 iu
562 5238 706 5312 aquis
743 5231 914 5297 multis
938 5247 958 5293 ;
979 5229 1081 5283 hoc.
1110 5235 1211 5289 est,
1233 5226 1283 5279 in
1313 5229 1521 5296 pepulis
1539 5229 1739 5284 multis.

146 5347 216 5399 Et
250 5343 459 5410 uestigia
489 5348 576 5392 tua
615 5349 717 5388 non
762 5316 1348 5402 cognoscettlut’aNCSCio
1376 5317 1510 5391 tinos
1550 5313 1737 5386 tetigit,

117 5491 120 5494 .
141 5447 198 5494 et
213 5437 414 5493 nitrum
433 5433 608 5502 nisiet
632 5429 776 5498 ipsos
791 5422 1024 5479 Iudaeos.
1049 5417 1305 5488 Eccejam
1330 5411 1408 5471 sic
1429 5411 1741 5486 propalata'

144 5545 232 5589 eSt
262 5528 520 5587 Gentibus
547 5515 913 5579 misericordia
940 5513 1157 5582 Christi,
1192 5521 1247 5565 ut
1288 5513 1340 5565 in
1381 5511 1510 5563 mari
1555 5510 1623 5565 sit
1661 5509 1742 5562 via

211 5667 233 5696 ι
255 5670 384 5719 uss,
406 5655 624 5710 orbiculo
643 5653 698 5706 id
719 5644 1055 5719 estorbiculus
1079 5644 1367 5719 apponatur.

214 5726 236 5756 ⁸
253 5704 666 5783 Ξιῖὲἱιὶἶῷρἰςιεεζ
689 5714 1028 5783 Quidam-vero
1060 5723 1072 5756 :
1110 5704 1217 5758 iure
1240 5713 1309 5758 est
1337 5717 1451 5770 ergo
1476 5712 1626 5765 terra,
1649 5704 1740 5754 hoc

150 5798 306 5841 mane.
336 5789 388 5838 st
404 5773 535 5834 Εἰμὶ,
558 5780 655 5839 hoc
675 5773 746 5827 est
767 5785 888 5841 ergo
903 5773 1002 5841 hoc
1016 5784 1167 5820 mare.
1234 5801 1238 5806 μ

127 5859 129 5862 ‘
215 5835 236 5882 ³
258 5835 457 5904 sicitas.
477 5836 590 5892 sed.
614 5849 758 5901 \cro,
783 5835 985 5901 prolata.

1172 374 1572 432 ENARRA'HO
1608 373 1674 429 ΙΝ
1717 371 2038 434 PSALMUM
2075 375 2332 432 LXXVII.

3310 391 3411 448 982

1827 496 1933 552 tua,
1956 498 2004 542 ει
2025 489 2212 547 semita:
2232 501 2329 543 tua:
2358 493 2408 544 in
2422 493 2566 561 aquis
2582 497 2782 558 multis;
2803 507 2852 550 et
2875 499 3080 572 vestigia
3096 512 3188 557 tua
3206 520 3306 562 non
3329 524 3409 562 ro-

1823 593 2141 649 gnoscemur.
2172 580 2342 643 Unde,
2373 595 2400 632 a
2429 589 2619 650 quibus
2648 601 2750 640 non
2779 602 3189 660 cognoscentur,
3221 597 3321 651 nisi
3342 599 3411 654 ab

1824 668 1907 722 his
1932 668 2019 739 qui
2041 670 2215 725 adhuc
2241 672 2418 727 dicunt
2456 692 2469 730 :
2498 674 2738 730 Nondum
2766 683 2906 734 venit
2928 682 3212 740 Christus?
3235 687 3412 755 Quare

1823 759 2004 815 dicunt
2035 777 2049 815 :
2076 759 2318 817 Nondum
2344 765 2486 818 venit
2507 762 2784 820 Christus?
2807 765 2940 834 Quia
2969 773 3205 829 nondum
3243 793 3408 848 agno-

1824 860 1979 906 scunt
2003 866 2164 922 super
2193 867 2347 908 mare
2374 854 2754 911 ambulantem.

1894 942 1984 998 29..
2018 943 2168 1017 [rem
2199 941 2315 1017 21.]
2346 943 2616 1002 Deduxisti
2652 951 2781 1003 sicut
2819 967 2931 1006 oves
2959 954 3147 1023 plebem
3179 969 3339 1020 (limit,
3364 965 3418 1016 in

1827 1048 1980 1091 manu
2024 1032 2194 1104 Moysi
2215 1044 2262 1087 et
2287 1035 2478 1090 Aaron.
2508 1035 2685 1106 Quare
2712 1041 2826 1096 .ltoe
2854 1041 3136 1108 addiderit,
3171 1049 3419 1119 indagare

1825 1121 2148 1191 aliquantum
2171 1124 2390 1182 difficile
2415 1137 2519 1181 est.
2551 1128 2822 1199 Adjuvate
2847 1148 2975 1203 ergo
3003 1150 3101 1189 nos
3129 1137 3423 1195 intentione

1825 1223 2023 1280 vestra,
2049 1215 2171 1284 quia
2200 1225 2322 1278 post
2347 1218 2490 1287 ipsos
2521 1218 2654 1274 duos
2681 1237 2873 1278 versus
2905 1221 3024 1277 linis
3053 1227 3175 1292 erit,
3207 1238 3259 1283 et
3287 1230 3423 1282 Psal-

1825 1305 1920 1368 mi,
1948 1311 2002 1357 et
2027 1309 2324 1368 sermonis;
2357 1322 2424 1362 ne
2468 1306 2603 1364 forte
2631 1325 2750 1364 cum
2781 1308 2978 1383 aliquid
3017 1324 3223 1371 restare
3263 1319 3412 1373 arbi-

1827 1395 2062 1460 tramini,
2091 1395 2282 1450 timore
2311 1398 2508 1452 laboris
2537 1399 2713 1454 minus
2742 1401 2808 1455 ad
2837 1418 3073 1472 praesens
3102 1407 3411 1463 attendatis.

1825 1482 1960 1540 Cum
1987 1476 2231 1554 dixisset,
2258 1485 2327 1542 In
2352 1491 2480 1547 mari
2502 1500 2576 1543 est
2604 1493 2682 1544 via
2729 1501 2835 1558 tua,
2859 1494 3002 1564 quod
3046 1496 3413 1568 intelligimus,

1828 1571 1880 1629 in
1909 1575 2195 1646 gentibus;
2216 1586 2263 1632 et
2283 1580 2474 1633 semita:
2494 1590 2595 1634 tua
2609 1583 2660 1634 in
2681 1584 2825 1650 aquis
2839 1585 3028 1652 multis,
3054 1587 3193 1656 quod
3219 1589 3417 1645 intelli-

1825 1667 2018 1738 gimus,
2040 1670 2091 1723 in
2113 1669 2319 1741 populis
2338 1673 2537 1738 multis,
2567 1675 2844 1742 adjunxit:
2873 1677 2938 1730 Et
2960 1678 3165 1749 vestigia
3192 1690 3279 1734 tua
3319 1697 3420 1736 non

1828 1772 2183 1833 agnoscantur.
2200 1762 2268 1819 Et
2286 1766 2656 1834 quaerebamus
2673 1784 2700 1819 a
2715 1767 2905 1836 quibus
2941 1784 3046 1824 non
3068 1785 3422 1840 agnosceren-

1831 1863 1942 1917 tur;
1966 1861 2020 1907 et
2054 1852 2285 1923 subjecit
2313 1865 2589 1921 continuo,
2626 1856 2896 1913 Deduxiin
2925 1861 3054 1913 sicut
3083 1878 3198 1916 oves
3227 1862 3419 1933 plebem

1831 1954 1987 2010 tuam,
2006 1945 2060 1997 in
2103 1959 2259 1998 manu
2274 1945 2443 2013 Moysi
2470 1957 2516 1999 et
2536 1952 2707 2002 Aaron
2726 1966 2744 2002 :
2760 1950 2810 2004 id
2832 1960 2934 2016 est,
2950 1952 3018 2004 ab
3044 1953 3142 2006 ista
3169 1955 3322 2022 plebe
3337 1963 3422 2009 tua

1830 2050 1948 2105 qua:
1969 2035 2194 2091 deducta
2216 2047 2299 2094 est
2318 2038 2372 2090 in
2413 2049 2571 2092 manu
2595 2038 2759 2109 Moysi
2781 2051 2834 2094 et
2852 2043 3048 2107 Aaron,
3080 2044 3298 2112 vestigia
3335 2054 3423 2098 tua

1835 2139 1941 2178 non
1964 2134 2373 2193 cognoscentur.
2392 2126 2567 2194 Quare
2589 2143 2715 2198 ergo
2739 2129 2966 2198 positum
3003 2141 3105 2196 est,
3122 2133 3220 2185 nisi
3251 2133 3425 2188 incre-

1833 2214 1991 2284 pandi
2013 2224 2066 2269 et
2099 2216 2458 2286 exprobrandi
2483 2233 2663 2282 causa,
2679 2218 2747 2272 In
2773 2221 2901 2274 mari
2926 2231 2999 2274 est
3023 2223 3103 2274 via
3122 2229 3206 2276 tua
3225 2226 3251 2276 ?
3271 2223 3424 2280 Unde

1830 2305 1884 2358 in
1905 2307 2130 2361 moriest
2158 2305 2238 2361 ὕεα
2260 2317 2368 2370 tua,
2392 2309 2492 2363 nisi
2531 2309 2654 2377 quia
2684 2311 2908 2366 exclusa
2944 2317 3029 2368 est
3052 2330 3080 2367 a
3113 2326 3251 2369 terra
3297 2318 3421 2369 tua?

1832 2394 2165 2464 Expulerunt
2191 2396 2482 2464 Christum,
2515 2399 2801 2456 noluerunt
2835 2415 2954 2457 esse
2983 2417 3136 2457 suum
3183 2405 3424 2460 Salvato-
3461 2429 3466 2433 ε

1831 2502 1946 2542 rem
1991 2488 2114 2552 arari
2147 2505 2161 2538 :
2191 2487 2278 2542 ille
2321 2497 2498 2545 autem
2542 2492 2712 2558 coepit
2742 2506 2866 2548 esse
2893 2486 2945 2550 in
2973 2490 3253 2558 Gentibus,
3274 2505 3328 2549 et
3372 2495 3423 2548 in

1834 2579 2080 2635 omnibus
2128 2581 2397 2651 gentibus,
2442 2584 2494 2635 in
2538 2585 2723 2638 multis
2769 2585 2997 2654 pepulis.
3047 2583 3221 2644 Salvae
3267 2587 3419 2642 facta:

1834 2680 1960 2726 sunt
1985 2674 2144 2727 etiam
2175 2663 2414 2743 reliquia:
2443 2674 2621 2743 populi
2654 2676 2814 2730 illius.
2857 2674 3133 2731 Remansit
3173 2675 3297 2733 foris
3339 2680 3426 2733 in-

1834 2772 1982 2832 grata
2015 2763 2321 2824 multitudo,
2354 2775 2407 2820 et
2432 2765 2740 2821 claudicans
2764 2762 2930 2822 Jacob
2956 2766 3178 2824 fernoris
3206 2769 3428 2825 latitudo

1835 2851 1988 2925 (Gen.
2024 2862 2189 2921 rxxn,
2220 2856 2328 2928 51).
2364 2855 2610 2911 Latitudo
2651 2859 2793 2913 enim
2822 2858 3039 2915 feruoris
3078 2859 3424 2930 intelligituri

1836 2945 1891 3000 in
1914 2946 2249 3002 multitudine
2277 2945 2734 3014 uetueris,ett‘aeta
2762 2959 2845 3003 est
2871 2949 2922 3004 in
2951 2949 3139 3018 majori
3178 2960 3326 3019 parte
3355 2949 3430 3006 ls-

1835 3037 2143 3096 raelitarum
2169 3038 2316 3093 turba
2345 3043 2588 3108 quaedam
2615 3053 2748 3093 vana
2775 3047 2830 3094 et
2862 3040 3138 3109 insipiens,
3162 3052 3279 3110 quae.
3319 3054 3427 3096 non

1837 3134 2151 3197 agnosceret
2191 3129 2410 3199 vestigia
2439 3127 2635 3184 Christi
2679 3129 2733 3185 in
2771 3133 2946 3198 aquis.
2996 3130 3267 3185 Deduxisti
3300 3133 3432 3186 sicut
3521 3123 3526 3130 ’

1837 3237 1953 3276 ores
1978 3223 2170 3293 plebem
2217 3232 2375 3285 tuam,
2402 3233 2456 3278 et
2482 3236 2588 3280 non
2617 3231 2670 3277 te
2694 3231 3082 3292 cognoverunt.
3111 3222 3280 3277 Tanta
3303 3239 3427 3278 cum

1837 3312 1942 3367 illis
1967 3315 2102 3368 bona
2134 3314 2334 3369 fecisti!
2369 3329 2517 3369 mare
2541 3313 2790 3377 divisiSti,
2825 3314 2966 3369 inter
2991 3327 3165 3385 aquas
3201 3327 3298 3385 per
3324 3317 3430 3369 ari-

1836 3404 1958 3458 dam
1990 3406 2262 3474 trajecisti,
2296 3416 2678 3474 persequentes
2707 3405 2959 3460 inimicos
2994 3405 3245 3461 ﬂuctibus
3293 3419 3427 3476 ope-

1839 3497 2009 3561 ruisti,
2044 3497 2094 3548 in
2139 3496 2351 3550 deserto
2397 3497 2676 3565 egentibus
2706 3510 2898 3549 manna
2929 3495 3126 3565 pluisti,
3157 3495 3430 3551 deducens

1838 3600 1932 3640 eos
1960 3602 2013 3638 tn
2045 3602 2197 3639 manu
2244 3586 2410 3655 Moysi
2453 3592 2498 3639 et
2539 3588 2752 3649 Aaron;
2777 3590 2832 3639 et
2868 3585 3190 3653 expulerunt
3210 3595 3264 3641 te
3285 3597 3316 3639 a
3345 3600 3428 3652 se,

1839 3685 1897 3729 ut
1937 3677 1987 3729 in
2033 3677 2165 3729 mari
2213 3663 2358 3731 esset
2399 3677 2480 3729 via
2509 3682 2618 3741 tua,
2647 3686 2700 3730 et
2730 3676 2948 3744 vestigia
2976 3685 3064 3729 tua
3092 3693 3196 3730 non
3226 3689 3428 3748 cogno-

1837 3777 2071 3821 sccrent.

2330 3920 2625 3934 *-

2200 4017 2281 4077 IN
2323 4016 2704 4078 PSALMUM
2747 4017 3053 4086 LXXVII

2356 4135 2755 4194 ENARRATIO
2787 4140 2889 4207 (a).

1917 4277 1968 4330 1.
2001 4274 2151 4348 [vers.
2185 4271 2260 4347 1.]
2292 4273 2530 4330 Psalmus
2561 4276 2661 4329 iste
2693 4290 2753 4329 ea
2776 4275 3013 4329 continet
3042 4290 3159 4343 ane
3189 4275 3238 4328 in
3268 4274 3434 4329 veteri

1844 4369 2041 4438 populo
2076 4376 2195 4419 acta
2226 4375 2507 4420 narrantur
2541 4383 2555 4418 :
2587 4366 2853 4420 recentior
2888 4376 3066 4418 autem
3093 4374 3146 4419 ct
3175 4368 3438 4430 posterior

1846 4458 2074 4528 populus
2094 4457 2411 4527 admonetur
2431 4465 2494 4511 ut
2510 4464 2696 4511 caveat
2722 4473 2789 4511 ne
2811 4457 2882 4511 sit
2907 4457 3142 4526 ingratus
3166 4456 3439 4511 beneﬁciis

1852 4551 1981 4616 Dei,
2012 4551 2230 4620 ejusque
2271 4549 2323 4606 in
2370 4561 2431 4603 se
2465 4557 2720 4620 provocet
2765 4549 3088 4603 iracundiam
3129 4549 3281 4616 cujus
3306 4547 3439 4602 obe-

1846 4641 2056 4699 dienter
2080 4650 2134 4695 et
2160 4627 2386 4696 ﬁdeliter
2405 4640 2567 4695 debet
2591 4641 2865 4710 suscipere
2888 4640 3113 4710 gratiam
3140 4658 3153 4693 :
3181 4638 3233 4692 Ν
3238 4656 3262 4691 ε
3287 4639 3438 4706 ﬁant,

1848 4735 2039 4805 inquit,
2067 4734 2198 4788 sicut
2223 4743 2391 4805 patres
2412 4748 2586 4787 eorum
2603 4733 2863 4804 generatio
2879 4748 3034 4803 prava
3059 4741 3105 4786 et
3130 4733 3439 4793 antaricans;

1847 4822 2102 4896 generatio
2140 4840 2253 4893 qua:
2285 4810 2374 4876 cor
2396 4839 2498 4876 non
2520 4822 2701 4876 direxit
2731 4839 2899 4887 suum,
2928 4833 3100 4876 etnon
3124 4833 3195 4875 est
3225 4822 3442 4877 creditus

1848 4931 1962 4970 cum
1992 4914 2100 4969 Deo
2127 4915 2337 4986 spiritus
2365 4917 2494 4984 ejus.
2522 4913 2651 4968 "me
2676 4924 2757 4968 est
2778 4914 2936 4983 igitur
2957 4912 3146 4982 psalmi
3177 4911 3336 4980 hujus
3361 4911 3442 4965 in-

1850 5006 2052 5068 lentio,
2083 5005 2196 5060 huc
2223 5004 2452 5070 utilitas,
2485 5003 2571 5058 hic
2600 5002 2898 5058 uberrimus
2936 5003 3157 5057 fructus.
3190 5002 3294 5057 Sed
3320 5017 3442 5056 cum

1849 5097 2029 5152 omnia
2056 5093 2337 5150 videantur
2371 5097 2648 5165 perspicua
2688 5104 2741 5150 et
2780 5103 2962 5164 aperta
2993 5095 3096 5148 dici
3127 5104 3287 5163 atque
3316 5110 3442 5148 nar—

1851 5188 1980 5252 rari,
2013 5187 2257 5256 primitus
2284 5196 2462 5239 movet
2497 5195 2654 5254 atqne
2686 5185 2917 5238 intentos
2946 5182 3068 5237 facit
3098 5185 3278 5237 titulus
3305 5185 3441 5252 ejus.

1850 5280 2033 5350 Neque
2059 5279 2200 5333 enim
2227 5279 2421 5332 frustra
2452 5276 2778 5341 inscribitur,
2806 5275 3095 5329 Intellectus
3122 5277 3330 5346 Asaph,‘
3362 5277 3442 5335 ni~

1849 5373 1893 5426 si
1922 5373 2040 5440 quia
2076 5371 2300 5425 fortasse
2331 5386 2436 5423 non
2465 5369 2604 5438 quod
2637 5370 2949 5437 superlicies
2975 5361 3148 5430 sonat,
3180 5367 3274 5422 sed
3305 5369 3443 5421 intr:-

1849 5467 1963 5523 rius
2012 5463 2213 5537 aliquid
2270 5462 2651 5532 intelligentem
2701 5470 2948 5532 quaerunt
3010 5460 3109 5514 ista
3165 5461 3440 5514 lectorem.

1852 5559 2055 5616 Deinde
2096 5565 2409 5621 narraturus
2427 5564 2486 5612 et
2525 5563 3042 5609 commemoraturus
3077 5553 3192 5608 haec
3228 5553 3404 5606 omnia
3425 5591 3442 5616 ,

1918 5763 1932 5792 ι
1961 5757 2094 5820 ruit,
2112 5755 2396 5820 intelligitur
2411 5755 2488 5805 ria
2511 5756 2697 5820 in,etr.
2726 5754 2897 5820 Abest,
2915 5751 3006 5820 ria,
3035 5761 3061 5820 εξ
3089 5758 3194 5820 .ttss.

1916 5824 1989 5888 (a)
2006 5812 2181 5869 Dic-tata
2199 5812 2322 5868 anno
2333 5819 2499 5868 Christi
2516 5818 2626 5879 «illi,
2639 5830 2700 5867 ex
2721 5818 2863 5878 epist.
2885 5815 2989 5878 l69,
3001 5815 3058 5864 ad
3073 5815 3316 5872 tirodium,
3328 5826 3373 5861 u.
3402 5812 3444 5861 ί.
