1995 3155
295 171 348 201 935

293 232 354 267 quin
374 227 499 256 videmur
518 223 641 254 auditore
652 228 733 258 quam
745 219 899 267 expositum
915 217 1087 267 potiusindi-

292 264 367 311 gere,
380 273 501 310 Aperiatn
510 290 520 306 .
535 270 632 306 inquit,
645 269 673 297 in
686 266 813 303 parabolis
825 274 855 293 os
871 273 971 298 meum,
985 264 1089 311 eloquar

292 309 476 357 propositiones
488 317 522 346 ob
533 315 616 345 initio.
632 314 698 349 Quis
709 321 763 340 non
777 311 821 339 hic
834 311 868 339 de
880 318 975 357 somno
987 309 1088 337 excite-

293 356 353 394 tur?
364 365 430 398 Quis
440 363 539 391 audeat
548 361 622 390 velut
635 358 790 388 manifestas
803 356 916 393 legendo
929 361 1088 391 percurrere

292 409 434 445 parabolas
445 412 474 436 et
485 405 692 443 propositiones,
707 411 767 439 qua:
781 401 933 430 nominibus
951 400 1007 428 suis
1019 399 1088 427 indi-

290 460 354 483 cant
365 455 444 483 altius
460 461 491 481 se
505 453 669 488 perscrutari
685 454 810 485 oportere
820 448 833 475 ἲ
847 447 975 475 Parabola
988 446 1088 482 quippe

290 500 404 535 alicuius
418 498 458 527 rei
470 495 673 526 similitudinem
688 502 743 530 pne
756 500 787 521 se
797 493 883 528 gerit;
898 491 970 527 quod
981 491 1043 519 licet
1052 490 1088 518 sit

291 543 449 573 vocabulum
462 549 590 579 graecum.
601 540 657 576 jam
672 544 761 568 tamen
776 545 824 573 pro
836 537 919 565 latino
932 541 1085 571 usurpatur.

293 591 328 619 Et
340 594 432 618 notum
446 593 488 617 est
500 587 572 622 quod
588 586 614 614 in
628 584 771 620 parabolis,
785 591 844 619 qua:
857 583 981 610 dicuntur
995 589 1086 611 rerum

290 635 478 664 similitudines
497 633 577 661 rebus
601 631 636 659 de
658 630 754 666 quibus
777 628 863 664 agitur
885 632 1084 663 comparantur.

290 680 490 716 Propositioues
503 682 593 705 autem
611 683 672 712 qua:
685 681 774 711 gratce
795 672 965 709 appellantur
979 676 1085 707 προελή-

287 738 367 761 ραι-α,
383 724 546 761 quaestiones
558 726 632 756 sunt.
644 721 772 749 habentes
785 718 885 755 aliquid
904 717 978 754 quod
993 717 1086 753 dispu-

287 773 388 801 tatione
397 769 554 801 solvendum
562 768 608 798 sit.
621 767 687 803 Quis
699 774 764 802 ergo
773 764 915 801 parabolas
924 768 952 793 et
960 763 1084 800 proposi-

286 820 375 848 tiones
410 815 564 846 transitorie
573 813 662 851 legat!
673 813 735 849 quis
745 820 799 841 non
808 810 851 840 his
861 810 958 839 auditis
969 810 1083 846 vigilan-

287 864 324 892 tia
340 862 440 892 mentis
455 860 586 894 intendat.
595 858 669 888 utsd
679 865 772 887 earum
782 856 896 885 fructum
911 854 1084 891 intelligendo

287 909 424 946 perveniat
432 909 446 937 ἳ

319 956 350 984 2.
374 955 520 988 Amudin.
540 952 642 989 inquit,
661 950 772 987 populus
783 958 865 983 naeus.
886 949 966 986 legem
988 957 1083 977 manu.

286 1002 371 1036 Quem
385 1000 430 1028 hic
440 999 584 1028 credamus
602 996 676 1033 loqui
688 996 740 1024 nisi
754 995 838 1024 Deum
847 995 860 1022 'l
878 994 939 1030 Ipse
953 994 1024 1022 enim
1043 993 1083 1021 le-

285 1056 347 1083 gem
360 1046 435 1076 dedit
454 1045 554 1082 popqu
572 1051 639 1076 suo.
651 1049 733 1079 quettt
750 1041 895 1070 liberatum
915 1048 951 1069 ex
965 1040 1082 1076 Egypto

284 1092 467 1130 congregavit.
476 1099 537 1127 qua
548 1088 720 1126 congregatio
738 1087 847 1124 proprie
858 1087 998 1122 Synagoga
1012 1094 1081 1113 nun-

283 1144 408 1176 cupatur.
420 1137 493 1174 quod
514 1137 705 1172 interpretatur
726 1134 827 1168 Asaplt.
851 1133 945 1161 Utrum
959 1140 1024 1167 ergo
1043 1132 1079 1159 ita

283 1185 383 1213 dictum
396 1188 450 1217 est,
463 1182 611 1210 Intellectus
623 1180 722 1216 Amph.
737 1178 809 1215 quod
823 1178 880 1214 ipse
895 1178 984 1213 Asaph
998 1178 1079 1205 intel-

280 1229 395 1263 lcierit;
409 1236 443 1257 an
454 1229 565 1264 ligurate
577 1224 790 1261 intelligendum.
801 1224 872 1260 quod
886 1224 980 1252 eadem
992 1223 1080 1259 Syna-

282 1283 360 1312 goga.
374 1275 425 1303 hoc
437 1279 480 1303 est
489 1295 497 1307 .
517 1273 588 1302 idem
601 1272 715 1308 populus
727 1270 899 1303 intellexerit.
912 1270 954 1298 ctti
969 1269 1077 1302 dicitur.

281 1321 420 1354 Attendite,
441 1319 552 1356 populus
564 1326 645 1351 utens.
664 1318 744 1353 legent
756 1316 860 1344 nteant?
877 1316 946 1350 Quid
960 1322 1000 1343 est
1013 1323 1079 1351 ergo

279 1369 352 1405 quod
369 1366 492 1395 eumdem
512 1365 639 1402 populum
654 1372 702 1400 per
715 1363 871 1399 prophetam
891 1364 1021 1398 increpat.
1034 1363 1078 1390 di-

279 1423 346 1443 cens
359 1422 368 1442 :
388 1414 472 1442 Israel
487 1418 570 1441 autem
586 1420 628 1440 nte
642 1420 694 1439 non
710 1411 823 1447 agnouit.
842 1415 866 1438 et
878 1411 988 1446 populus
1007 1418 1077 1438 tutis

280 1469 332 1488 non
342 1460 465 1488 intellexit
474 1458 552 1494 (laci.
561 1466 583 1491 t.
597 1458 645 1493 ωε
661 1456 715 1485 Sed
726 1456 847 1492 profecto
860 1460 938 1483 erant
953 1455 1034 1483 etiam
1049 1456 1076 1483 in

279 1507 326 1535 illo
341 1506 440 1542 populo
453 1506 500 1541 qui
508 1504 698 1539 intelligerent,
707 1502 837 1529 habentes
846 1501 924 1529 iidem
932 1508 991 1536 qum
1004 1505 1077 1536 post-

278 1560 311 1580 ea
323 1552 439 1579 revelata
452 1555 495 1579 est
514 1557 567 1578 non
589 1549 623 1577 ad
634 1548 713 1584 Legis
723 1548 849 1578 litteram.
859 1546 907 1574 sed
917 1546 950 1574 ad
963 1546 1076 1581 gratiam

278 1597 396 1634 Spiritus
410 1597 587 1633 pertinentem
596 1595 617 1622 ¹.
631 1594 690 1623 Non
709 1594 781 1622 enim
794 1593 852 1620 sine
865 1593 921 1628 ipsa
943 1592 995 1620 lide
1014 1591 1074 1621 fue-

278 1648 352 1677 runt,
363 1643 409 1679 qui
417 1642 478 1678 ejus
489 1642 517 1671 in
526 1641 635 1670 Christo
645 1640 760 1669 futuram
774 1639 965 1667 revelationem
976 1639 1075 1674 przevi-

277 1691 343 1718 dere
353 1694 382 1718 et
395 1688 574 1725 perenuntiare
585 1690 744 1722 potuerunt;
756 1692 817 1714 cum
830 1689 858 1713 et
870 1685 915 1713 ilia
929 1690 1019 1713 vetera
1031 1691 1077 1712 sa-

277 1740 433 1767 cramenta.
454 1733 631 1769 signiﬁcanda
651 1731 750 1760 fuerint
771 1731 930 1759 futurorum.
957 1731 998 1757 An
1024 1730 1074 1758 soli

278 1781 418 1817 Propheta:
432 1780 567 1808 habebant
577 1778 647 1806 hanc
656 1777 748 1810 lldcm.
761 1784 814 1804 non
829 1781 857 1804 et
870 1775 1005 1811 populus?
1018 1774 1074 1804 lmo

278 1834 344 1855 vero
354 1826 435 1854 etiam
453 1824 499 1861 qui
513 1823 662 1859 Prophetas
681 1822 797 1851 ﬁdeliter
807 1821 952 1849 audiebant
960 1842 967 1852 ,
979 1821 1073 1848 eadem

276 1871 471 1906 adjuvabantur
483 1870 569 1905 gratia
578 1889 588 1902 ,
599 1874 630 1897 ut
642 1868 821 1903 intelligerent
832 1866 902 1903 quod
918 1866 1072 1894 audiebant.

275 1917 328 1944 Sed
343 1916 434 1948 utique
447 1919 644 1943 sacramentum
657 1913 732 1948 regtti
752 1913 882 1941 caelorum
895 1912 1033 1940 velabatur
1045 1912 1073 1940 in

276 1961 367 1990 Veteri
380 1961 563 1991 Testamento.
575 1958 647 1995 quod
659 1958 826 1994 plenitudine
839 1957 966 1992 temporis
975 1958 1074 1985 revela-

276 2011 349 2035 rctur
359 2006 385 2042 ip
396 2006 482 2034 Novo.
497 2014 508 2031 ι
519 2005 666 2033 Noloenitn
678 2011 726 2031 vos
738 2013 748 2030 ι
762 2003 801 2031 ait
808 2003 962 2039 Apostolus,
974 2013 984 2028 ι
998 2003 1073 2039 igno-

276 2059 346 2083 rare.
362 2051 468 2082 fratres.
484 2051 546 2085 quia
562 2054 651 2085 patres
664 2049 748 2076 nostri
759 2055 854 2076 omnes
867 2048 918 2077 sub
932 2048 1003 2076 nube
1015 2048 1073 2077 fue-

276 2103 354 2131 runt.
374 2102 402 2125 et
415 2103 510 2124 untncs
529 2104 579 2131 per
593 2103 667 2123 mare
682 2094 854 2128 transierunt,
869 2100 898 2122 et
911 2101 1006 2121 omnes
1021 2101 1071 2130 per

274 2143 382 2178 Moysen
395 2141 521 2174 baptisati
535 2145 598 2169 sunt
619 2140 645 2167 in
666 2140 737 2168 nube
749 2144 776 2167 et
796 2139 824 2167 in
839 2139 905 2168 mari
916 2159 924 2171 .
937 2143 965 2167 et
976 2146 1071 2167 omnes

274 2188 398 2217 eumdem
408 2188 497 2215 cibum
507 2186 673 2222 spiritualem
684 2184 924 2217 mantlucaverunt.
937 2189 965 2213 et
975 2192 1070 2213 omnes

273 2234 396 2262 eumdem
408 2238 500 2269 potum
513 2232 680 2268 spiritualem
691 2231 816 2260 biberunt
831 2239 839 2259 :
854 2231 983 2260 bibebant
995 2232 1068 2259 enim

272 2280 307 2307 de
318 2279 449 2315 spirituali
463 2283 645 2313 consequente
658 2285 706 2307 eos
719 2281 808 2313 petra;
822 2283 899 2313 petra
910 2282 999 2305 autem
1011 2282 1071 2306 crat

272 2325 405 2353 Christus.
423 2334 433 2352 ι
455 2324 528 2352 idem
551 2323 640 2359 itaque
654 2323 681 2351 in
705 2323 832 2359 mysterio
850 2323 926 2351 cibus
945 2328 973 2351 et
991 2328 1070 2359 putus

273 2371 380 2399 illorum
392 2371 437 2407 qui
451 2375 560 2403 noster;
573 2370 621 2398 sed
633 2369 829 2405 signiﬁcatione
845 2369 928 2403 idem,
943 2378 995 2397 non
1007 2377 1069 2405 spe-

271 2418 332 2449 ιιίος
354 2417 416 2453 quia
430 2416 500 2444 idem
516 2416 574 2452 ipse
586 2415 710 2444 Christus
723 2415 777 2444 illis
788 2416 815 2444 in
829 2420 905 2452 petra
920 2416 1067 2452 ﬁguratus.

275 2463 352 2490 nobis
372 2462 399 2490 in
415 2469 497 2489 carne
514 2461 708 2489 manifestatns.
732 2470 743 2488 ι
763 2461 817 2490 Sed
836 2469 908 2493 non.
932 2471 941 2488 ι
965 2461 1068 2497 inquit,

273 2519 285 2533 ο
296 2508 323 2535 in
335 2507 460 2535 omnibus
469 2507 521 2535 illis
528 2507 723 2541 beneplacitnnt
732 2511 774 2535 est
785 2507 840 2534 Deo
852 2506 874 2542 (l
887 2506 946 2534 Cor.
961 2515 989 2540 x.
1001 2507 1066 2542 1-5).

270 2554 372 2580 Omnes
388 2562 398 2579 ι
409 2552 518 2588 quidem
534 2562 544 2579 ι
556 2552 681 2580 euntdem
695 2552 784 2580 cibum
798 2551 966 2587 spiritualem
986 2560 1065 2580 man-

269 2601 446 2631 tlucaverunt,
457 2603 485 2625 et
491 2597 615 2625 eumdem
624 2602 715 2632 potum
724 2597 890 2632 spiritualem
905 2597 1039 2629 biberunt.
1053 2607 1063 2624 ι

272 2644 297 2670 ul
308 2648 362 2677 est.
376 2643 517 2679 spirituale
533 2642 636 2678 aliquid
652 2642 863 2678 signiﬁcantem;
882 2651 892 2668 α
909 2642 956 2670 sed
970 2651 1023 2670 non
1039 2643 1065 2670 in

268 2689 394 2717 omnibus
418 2689 471 2717 illis
492 2688 692 2725 bcneplacitnm
716 2693 759 2717 est
778 2689 844 2716 Deo.
862 2698 872 2715 I
897 2688 964 2716 Cum
983 2688 1064 2722 dicit,

270 2743 281 2760 ι
295 2734 353 2762 Non
367 2734 394 2762 in
409 2734 552 2767 omnibus.
570 2743 580 2760 ι
595 2739 674 2762 erant
687 2742 753 2770 ergo
767 2734 802 2762 ibi
822 2733 904 2769 aliqui
925 2734 951 2761 in
966 2734 1065 2769 quibus

268 2779 464 2814 beneplaeitum
477 2785 519 2807 est
531 2780 607 2812 Deo;
621 2784 722 2808 etcum
736 2784 828 2807 essent
839 2780 930 2807 omnia
943 2788 1066 2807 commu-

267 2826 311 2852 nis
323 2830 504 2858 sacramenta.
518 2833 573 2852 non
584 2826 736 2853 communis
749 2830 807 2853 erat
822 2824 947 2859 omnibus
957 2826 1041 2860 gratia
1053 2845 1062 2858 .

300 2881 309 2898 ³
323 2884 382 2913 leg.
394 2883 446 2910 its.,
458 2881 611 2912 pertiruntes.

866 176 868 178 τ
917 158 946 187 S.
960 156 1145 188 AUCUS‘I‘INI
1165 157 1318 188 EPISCOPI

1883 165 1934 195 98$

1141 225 1202 254 qua:
1214 223 1441 247 sacramentorqu
1454 218 1538 248 virtus
1548 223 1600 248 cst.
1614 218 1689 249 Sicut
1700 224 1728 249 et
1742 229 1814 251 nunc
1822 222 1879 258 jam
1891 231 1934 251 rs-

1142 265 1229 293 velata
1243 264 1296 293 fido
1308 273 1368 301 qua:
1382 270 1446 294 tunc
1467 266 1604 295 velabatur
1613 287 1623 301 ,
1637 267 1762 296 omnibus
1776 269 1804 297 in
1826 270 1934 298 nomine

1139 307 1227 339 Patris
1236 331 1244 344 .
1258 315 1286 338 et
1302 310 1377 345 Filii,
1391 315 1420 339 et
1437 310 1553 347 Spiritus
1565 313 1651 341 sancti
1670 313 1809 348 haptizatis
1819 314 1830 351 (
1838 314 1933 343 lous.

1138 362 1237 388 xxvttt.
1254 355 1299 392 l9)
1311 377 1319 388 .
1336 364 1480 385 commune
1492 362 1534 386 est
1551 356 1686 386 lavacrum
1702 360 1933 395 regenerationis;

1138 400 1186 428 sed
1198 401 1254 436 ipsa
1267 402 1351 437 gratia
1360 401 1436 437 cujus
1449 402 1504 438 ipsa
1515 407 1579 431 sunt
1586 403 1771 439 Sacramenta,
1782 413 1835 441 qua
1848 413 1933 434 mem-

1138 445 1187 473 bra
1201 447 1322 481 corporis
1336 446 1434 475 Christi
1448 455 1509 475 cum
1518 455 1569 476 suo
1582 448 1669 484 capite
1679 454 1836 484 regenerata
1850 455 1930 484 sunt.

1139 498 1193 519 non
1207 492 1357 520 communis
1369 496 1411 520 est
1424 492 1558 521 omnibus.
1576 492 1643 521 Nam
1658 497 1686 521 et
1699 492 1817 523 haeretici
1834 494 1934 524 habent

1137 538 1261 566 eumdem
1275 539 1438 574 Baptismum
1447 560 1456 573 .
1470 544 1497 567 et
1511 538 1570 567 falsi
1588 539 1685 568 fratres
1702 540 1729 568 in
1741 542 1932 570 communione

1137 583 1261 611 catholici
1275 584 1401 612 nominis.
1417 583 1489 621 Ergo
1501 589 1527 612 et
1539 583 1583 613 hic
1596 589 1669 613 recte
1679 585 1778 614 dicitur
1790 593 1798 613 :
1813 585 1869 615 Sed
1879 595 1930 615 non

1136 629 1164 657 in
1173 629 1288 657 erratibus
1295 629 1347 657 illis
1356 629 1538 666 buteplncitttnt
1549 634 1585 658 est
1599 629 1664 663 Deo.

1171 673 1199 703 3.
1222 674 1314 711 Neque
1332 679 1395 703 tunc
1409 680 1513 709 tamett.
1527 683 1615 711 neque
1624 683 1695 704 nunc
1711 675 1877 705 infructuosa
1889 683 1931 706 est

1135 727 1187 748 vos
1199 720 1314 749 dicentis
1329 729 1337 749 :
1352 721 1492 755 Atlantide.
1505 723 1616 758 populus
1635 730 1722 756 meas,
1737 722 1818 760 legent
1836 731 1930 752 ntust.

1135 765 1200 800 Qua:
1218 766 1319 795 locutio
1341 771 1403 795 uota
1423 771 1466 795 est
1479 766 1507 795 in
1521 767 1646 796 omnibus
1659 767 1773 802 litteris.
1787 768 1861 805 quod
1876 777 1929 798 non

1134 812 1182 845 ait,
1195 812 1325 845 Attende;
1338 811 1399 846 sed.
1410 811 1547 840 Attendite.
1566 812 1607 841 Ex
1620 812 1712 841 multis
1723 813 1795 841 enim
1814 814 1929 850 populus

1133 863 1256 890 constat;
1272 858 1369 893 quibus
1386 858 1478 886 multis
1487 857 1560 894 quod
1577 859 1698 894 sequitur
1708 858 1849 895 pluraliter
1863 859 1929 888 dici-

1134 907 1196 930 tur:
1210 902 1338 930 lnclinote
1360 911 1446 931 aurem
1461 909 1566 931 vestrum
1587 904 1614 931 in
1627 903 1699 932 verba
1713 904 1765 932 oris
1776 905 1835 932 mei.
1852 904 1928 939 Quod

1133 954 1185 982 est.
1204 949 1350 981 Attendite;
1362 949 1414 978 hoc
1425 954 1477 982 est.
1498 948 1624 977 Inclinale
1644 957 1732 977 curent
1757 955 1867 978 uestram
1880 958 1890 979 :
1903 956 1929 979 et

1132 994 1204 1029 quod
1217 994 1270 1022 illic
1279 995 1335 1028 ait,
1344 995 1423 1030 legem
1434 1003 1514 1022 nteant
1525 1004 1534 1027 ;
1544 994 1595 1023 hoc
1608 996 1646 1023 ait
1658 994 1710 1029 hic.
1721 995 1796 1023 υειύα
1804 996 1858 1024 oris
1870 997 1928 1024 mei.

1133 1040 1180 1068 ille
1194 1048 1309 1075 namque
1321 1040 1364 1076 pie
1374 1041 1487 1068 attendit
1497 1042 1581 1076 legem
1595 1041 1640 1068 Dei
1653 1045 1680 1069 et
1694 1041 1774 1070 verba
1788 1042 1846 1070 oris
1858 1043 1926 1078 ejus.

1132 1086 1208 1121 cujus
1221 1094 1314 1115 aurem
1330 1087 1438 1114 inclinat
1452 1087 1601 1119 humilitas;
1618 1095 1671 1115 non
1685 1088 1762 1123 cujus
1772 1088 1852 1125 erigit
1866 1097 1925 1117 cer-

1132 1134 1217 1161 vicem
1231 1132 1365 1168 superbia.
1381 1133 1457 1166 Quod
1477 1134 1547 1160 enim
1568 1133 1726 1166 infunditur,
1740 1141 1859 1162 cont-avo
1879 1134 1928 1162 ltu-

1131 1179 1251 1207 militatis
1264 1179 1405 1214 excipitur.
1420 1179 1564 1206 eminentia
1579 1179 1690 1207 tumoris
1700 1180 1853 1216 expellitur.
1869 1180 1925 1209 Un-

1130 1223 1165 1252 de
1180 1224 1235 1252 alio
1254 1224 1334 1251 loco:
1349 1222 1460 1258 Inclina,
1481 1224 1574 1259 inquit,
1588 1233 1677 1252 amnt
1697 1230 1784 1258 tum,
1801 1230 1826 1253 et
1838 1226 1928 1261 arripe

1130 1273 1205 1300 verba
1218 1270 1360 1299 intellectus
1372 1270 1464 1307 (Pr-oo.
1485 1278 1554 1304 sxtt,
1568 1271 1624 1307 ΓΙ).
1639 1271 1711 1299 Satis
1730 1272 1819 1307 itaque
1832 1272 1928 1300 admo-

1130 1318 1179 1346 niti
1200 1325 1293 1345 sumus
1315 1317 1396 1345 etiam
1419 1317 1498 1344 istum
1514 1316 1646 1351 psalmum
1669 1316 1748 1351 hujus
1769 1317 1925 1345 intellectus

1128 1362 1219 1398 Asaplt
1233 1363 1306 1398 (quia
1317 1362 1433 1398 genitivo
1447 1369 1510 1389 casu
1527 1361 1554 1389 itt
1580 1361 1657 1390 titulo
1673 1362 1788 1398 positum
1803 1367 1855 1396 est,
1872 1363 1925 1390 btt-

1126 1408 1172 1444 jus
1194 1408 1365 1442 intellectus;
1388 1415 1459 1440 nou.
1481 1407 1524 1435 hic
1537 1406 1698 1444 intellectus)
1718 1407 1842 1437 inclinata
1859 1416 1926 1437 aure

1127 1455 1275 1491 suscipere,
1290 1454 1317 1482 id
1329 1459 1371 1482 est
1381 1453 1475 1481 humili
1486 1454 1594 1489 pietate.
1607 1453 1675 1485 Nec.
1688 1455 1770 1490 ipsius
1780 1454 1872 1490 Asopi:
1885 1455 1926 1482 di-

1127 1506 1200 1529 ctum
1211 1505 1270 1534 est;
1292 1500 1351 1533 sed,
1367 1499 1418 1535 ipsi
1435 1498 1526 1535 Asaph
1541 1508 1549 1527 :
1565 1499 1636 1535 quod
1649 1508 1737 1535 επιξοο
1749 1500 1862 1528 articulo
1875 1509 1925 1536 ap-

1127 1551 1215 1584 paret,
1234 1550 1263 1575 et
1283 1547 1311 1575 in
1326 1546 1484 1582 quibusdam
1509 1545 1600 1574 latinis
1619 1546 1755 1574 codicibus
1776 1547 1924 1577 invenitur.

1126 1593 1215 1622 Verba
1226 1593 1306 1629 igitur
1320 1593 1369 1620 ista
1382 1592 1534 1621 intellectus
1546 1598 1619 1626 sunt.
1633 1593 1659 1620 id
1673 1599 1723 1625 est.
1740 1594 1924 1630 intelligentia:

1127 1644 1190 1667 sunt
1200 1646 1261 1674 quae
1272 1638 1335 1666 data
1347 1644 1390 1667 est
1403 1638 1454 1674 ipsi
1472 1638 1580 1674 Amph;
1593 1639 1665 1675 quod
1679 1647 1733 1667 non
1746 1640 1792 1668 uni
1807 1640 1922 1675 homini,

1126 1685 1175 1713 sed
1186 1684 1282 1713 melius
1293 1683 1440 1719 accipimus
1452 1684 1653 1720 congregationi
1671 1686 1761 1721 populi
1777 1686 1835 1719 Dei.
1851 1687 1924 1715 unde

1126 1738 1294 1767 nequaquam
1306 1738 1356 1758 nos
1364 1730 1482 1759 alienare
1492 1731 1631 1759 debemus.
1641 1731 1768 1767 Quamvis
1776 1733 1848 1760 enim
1859 1741 1924 1768 pro-

1126 1776 1184 1812 prie
1205 1776 1321 1809 dicatur.
1344 1775 1483 1813 Synagoga
1509 1776 1681 1809 Judzeorum.
1711 1778 1830 1806 Emissis
1856 1787 1923 1807 vero

1124 1822 1357 1855 Christianorum;
1383 1822 1444 1857 quia
1468 1823 1640 1858 congregatio
1662 1823 1747 1860 magis
1773 1832 1920 1860 pecorum.

1125 1867 1282 1896 convocatio
1292 1875 1356 1896 vero
1366 1868 1451 1903 magis
1460 1867 1598 1895 hominum
1610 1869 1718 1904 intelligi
1728 1869 1798 1898 solet
1809 1879 1817 1897 :
1830 1875 1920 1899 tamen

1124 1917 1152 1940 et
1164 1913 1235 1941 illam
1247 1913 1345 1941 dictam
1356 1912 1506 1941 invenimus
1516 1912 1675 1946 Ecclesiant.
1686 1919 1713 1941 ct
1723 1914 1800 1942 nobis
1808 1915 1923 1944 fortasse

1124 1958 1213 1994 potius
1224 1958 1349 1986 convenit
1359 1957 1459 1990 dicere.
1471 1957 1552 1986 Salvo
1561 1965 1616 1988 nos.
1627 1958 1735 1986 Domine
1744 1958 1813 1986 Deus
1823 1966 1920 1993 noster.

1124 2009 1148 2032 et
1164 2011 1290 2039 congrege
1313 2011 1359 2030 nos
1372 2003 1404 2030 tle
1422 1996 1583 2037 nationibus.
1602 2008 1632 2030 st
1644 2004 1811 2038 conﬁtemur
1825 2006 1922 2033 nomini

1122 2053 1210 2077 sancto
1218 2054 1261 2076 tuo
1272 2047 1358 2084 (Prol.
1369 2056 1412 2081 cv,
1422 2048 1479 2084 Π).
1491 2047 1583 2084 Neque
1593 2048 1731 2084 dedignari
1740 2057 1791 2086 nos
1799 2055 1919 2085 oportet,

1124 2095 1179 2123 imo
1199 2095 1299 2130 gratias
1318 2094 1466 2123 ineli‘abiles
1484 2102 1564 2130 agere
1573 2114 1583 2129 .
1595 2095 1667 2130 quod
1679 2103 1774 2123 sumus
1785 2103 1850 2125 oves
1861 2104 1921 2124 ma-

1123 2149 1205 2170 nuum
1216 2140 1286 2177 ejus.
1298 2148 1366 2177 quas
1379 2140 1542 2177 prmvidebat
1551 2149 1613 2169 cum
1624 2141 1736 2176 diceret.
1749 2142 1842 2171 Habeo
1850 2144 1918 2172 alias

1122 2194 1188 2215 oves
1200 2194 1261 2222 qua:
1273 2193 1327 2214 non
1345 2191 1409 2215 sunt
1422 2186 1457 2215 de
1470 2186 1522 2215 hoc
1534 2187 1614 2220 Ovili;
1630 2193 1736 2223 oportet
1748 2196 1792 2216 me
1804 2194 1833 2216 et
1847 2189 1919 2225 ipsas

1122 2232 1271 2265 adducere.
1286 2236 1315 2260 ut
1334 2232 1370 2260 sit
1384 2239 1455 2260 unus
1471 2239 1537 2267 gres
1550 2236 1578 2259 et
1590 2239 1660 2259 unus
1674 2237 1765 2268 pastor
1778 2232 1869 2269 (Joon.
1891 2242 1918 2266 ι,

1122 2278 1168 2312 ili)
1182 2287 1190 2305 :
1202 2277 1338 2314 iungendo
1351 2278 1453 2305 scilicet
1468 2277 1573 2305 ﬁdelem
1588 2278 1716 2313 populum
1728 2277 1873 2306 Gentilium
1885 2279 1917 2306 li-

1121 2323 1174 2352 deli
1197 2324 1296 2358 p0pulo
1315 2323 1512 2355 lsraelitarutn.
1535 2322 1569 2350 de
1589 2322 1686 2358 quibus
1708 2324 1782 2359 prius
1795 2323 1918 2356 dixerat.

1122 2369 1184 2397 Non
1207 2378 1264 2396 sum
1286 2368 1378 2396 missus
1402 2368 1452 2396 nisi
1463 2368 1499 2395 ad
1520 2375 1578 2395 ores
1600 2376 1659 2404 qua
1678 2369 1806 2404 perierunt
1826 2369 1918 2397 domus

1121 2414 1205 2442 Israel
1218 2414 1227 2449 (
1238 2414 1332 2442 Matth.
1346 2421 1392 2447 sv.
1405 2413 1471 2447 24).
1484 2413 1552 2441 Nam
1566 2417 1594 2440 et
1607 2413 1842 2449 congregabuntur
1854 2420 1918 2443 ante

1120 2469 1182 2489 eum
1205 2469 1302 2489 omnes
1325 2465 1434 2496 gentes.
1451 2465 1479 2488 et
1499 2460 1633 2496 separabit
1656 2467 1703 2488 eos
1729 2461 1800 2488 sicut
1825 2465 1918 2496 pastor

1120 2515 1185 2535 oves
1207 2508 1242 2534 ab
1270 2506 1354 2534 hardis
1374 2506 1443 2543 (Id.
1459 2514 1531 2538 xxv,
1554 2506 1591 2534 32
1604 2507 1625 2542 ).
1647 2505 1692 2534 Sic
1717 2505 1799 2541 igitur
1821 2506 1917 2533 audia-

1120 2560 1182 2581 tutts
1193 2552 1264 2588 quod
1280 2552 1380 2580 dictum
1395 2557 1446 2583 est.
1460 2552 1606 2584 Attendite.
1616 2551 1726 2587 populus
1739 2558 1820 2583 naeus,
1837 2551 1917 2586 legent

1120 2607 1201 2626 meum
1214 2619 1221 2631 .
1247 2598 1367 2626 inclinate
1388 2606 1477 2625 aurern
1496 2603 1606 2625 uestram
1624 2597 1653 2624 in
1676 2596 1751 2624 verba
1771 2597 1823 2623 oris
1847 2597 1916 2628 mei,

1119 2652 1173 2671 non
1197 2648 1323 2679 tanquam
1342 2642 1453 2676 Judreis.
1466 2643 1512 2671 seti
1527 2643 1617 2679 potius
1630 2646 1755 2677 tanquam
1770 2642 1858 2673 nobis.
1872 2642 1916 2669 vel

1119 2696 1192 2718 certe
1206 2696 1259 2718 tant
1274 2689 1355 2717 etiam
1370 2689 1448 2716 nobis
1460 2689 1510 2716 ista
1519 2688 1653 2716 dicantur.
1665 2687 1733 2715 Cum
1747 2687 1818 2715 enim
1833 2687 1917 2715 dixis-

1119 2740 1162 2763 set
1178 2734 1332 2770 Apustolus.
1345 2733 1399 2762 Sed
1411 2742 1462 2761 non
1476 2734 1503 2760 in
1519 2732 1635 2760 omnibus
1659 2732 1711 2760 illis
1731 2731 1917 2767 bent-placitura

1118 2785 1156 2808 est
1169 2781 1234 2812 Deo,
1245 2780 1281 2807 ita
1293 2780 1438 2808 ostendens
1450 2779 1532 2807 fuisse
1545 2778 1581 2806 ibi
1596 2778 1677 2806 etiam
1696 2778 1758 2805 illos
1776 2777 1803 2805 iu
1818 2777 1917 2813 quibus

1120 2827 1314 2862 hencplacitutn
1334 2831 1376 2854 est
1388 2826 1461 2857 Deo;
1476 2825 1604 2852 continuo
1623 2823 1746 2859 subjecit,
1761 2833 1770 2849 I
1785 2823 1916 2851 Prustrati

1119 2875 1190 2902 enim
1211 2880 1272 2901 sunt
1293 2874 1319 2901 in
1339 2873 1447 2901 deserto
1461 2882 1468 2899 :
1487 2881 1498 2899 ι
1513 2870 1610 2900 deinde
1624 2870 1756 2907 adiunxit,
1768 2879 1779 2896 ι
1795 2870 1859 2899 ilice
1868 2878 1915 2898 as-
