3990 6304
304 372 410 430 985

304 497 412 543 teut
443 484 622 556 ﬁgura:
650 487 847 536 nostra:
876 475 1026 530 laeta:
1054 479 1199 536 sunt,
1222 478 1280 524 ut
1305 483 1410 524 non
1441 467 1609 521 simus
1634 461 1884 531 concupi-

303 585 520 634 scentes
547 573 708 639 maia,
730 570 867 626 sicut
893 577 950 622 et
976 565 1050 620 illi
1080 559 1464 634 concupierunt
1490 575 1504 611 :
1532 570 1704 626 neque
1733 552 1887 608 idolis

305 669 624 730 servientes,
652 663 790 719 sicut
817 657 1032 728 quidam
1063 669 1247 711 eorum
1270 666 1287 719 ;
1313 649 1450 706 sicut
1489 649 1744 717 scriptum
1782 653 1884 708 est,

304 760 472 818 Sedit-
499 753 726 830 populus
773 750 1098 806 manducare
1135 754 1190 801 et
1227 743 1431 807 bibere,
1460 749 1518 796 et
1542 742 1890 795 surrexerunt

304 825 517 908 ludere:
532 825 716 918 Neque
740 842 1087 904 l'ornicemur,
1111 839 1252 893 sicut
1274 831 1489 905 quidam
1515 843 1703 886 eorum
1724 825 1890 882 lorui-

301 945 408 999 cati
435 949 580 1008 sunt,
607 947 663 994 et
686 933 994 992 ceciderunt
1023 944 1126 985 una
1151 927 1240 982 die
1265 921 1452 995 viginti
1480 930 1536 977 et
1564 920 1662 976 tria
1699 917 1885 973 millia.

303 1037 488 1107 Neque
511 1040 779 1088 tentemus
797 1027 1095 1089 Christum,
1120 1021 1258 1077 sicut
1275 1016 1487 1090 quidam
1510 1027 1695 1070 eorum
1719 1019 1888 1066 tenta-

302 1136 518 1193 verunt,
549 1135 606 1181 et
632 1137 664 1180 a
690 1118 1028 1192 serpentibus
1057 1113 1350 1187 perierunt.
1371 1108 1557 1179 Neque
1584 1118 1886 1161 murmura-

304 1220 517 1286 veritis,
543 1218 683 1272 sicut
707 1212 919 1285 quidam
946 1222 1132 1264 eorum
1170 1205 1656 1261 murmuraverunt,
1682 1204 1738 1252 et
1764 1210 1888 1264 per-

305 1313 485 1368 ierunt
503 1285 582 1364 ab
606 1305 1045 1364 oxterminatore.
1066 1295 1256 1353 Omnia
1285 1301 1461 1348 autem
1489 1291 1604 1346 inec
1644 1287 1697 1343 in
1725 1285 1889 1356 ﬁgura

303 1399 689 1472 contingebant
715 1397 823 1453 illis
849 1413 864 1450 :
892 1394 1092 1462 scripta
1119 1396 1296 1444 autem
1332 1393 1458 1441 sunt
1490 1381 1558 1437 ad
1591 1378 1888 1449 correptio-

304 1513 430 1554 nem
451 1469 711 1555 nostram,
732 1489 784 1544 in
805 1501 939 1557 quos
961 1485 1080 1540 linis
1100 1482 1416 1537 saeculorum
1436 1474 1650 1531 obvenit
1669 1491 1690 1526 ι
1710 1471 1749 1546 (1
1766 1469 1888 1526 Cor.

301 1602 360 1650 ι.
389 1584 566 1657 5—H).
590 1582 760 1641 Nobis
799 1595 930 1652 ergo
967 1577 1145 1649 potius
1187 1574 1288 1630 ista
1328 1577 1538 1627 cantata
1567 1575 1710 1621 sunt.
1738 1561 1892 1619 Unde

304 1682 359 1738 in
389 1680 492 1736 hoc
521 1677 726 1749 psalmo
763 1675 902 1730 inter
927 1679 1121 1730 eietera
1146 1667 1347 1722 dictum
1371 1669 1494 1719 est:
1524 1658 1596 1716 Ut
1621 1662 1890 1730 cognoscat

302 1772 557 1848 generatio
576 1770 757 1834 altera,
774 1766 868 1831 ﬁlii
887 1763 974 1837 qui
999 1769 1268 1817 nascentur
1289 1767 1336 1813 et
1355 1761 1642 1826 exsurgeret.
1658 1751 1825 1807 Porro
1843 1748 1890 1803 si

302 1837 396 1922 ille
431 1861 676 1918 interitus
704 1875 735 1912 a
761 1854 1118 1928 serpentibus,
1157 1859 1214 1907 et
1248 1849 1318 1903 ab
1352 1843 1763 1902 exterminatore
1802 1837 1890 1894 illa

305 1959 555 2032 perditio,
579 1964 634 2010 et
653 1951 812 2027 gladii
834 1946 1135 2010 trucidatio,
1161 1944 1341 2013 ﬁgurat
1361 1940 1596 2004 luerunt,
1621 1936 1759 1990 sicut
1776 1930 1892 1989 evi-

301 2025 494 2105 denter
513 2045 644 2100 dicit
663 2025 974 2112 Apostolus,
998 2051 1119 2091 cum
1148 2034 1236 2088 ilia
1264 2028 1442 2086 omnia
1467 2025 1755 2096 contigisse
1779 2036 1893 2077 ma-

303 2141 553 2196 nifestum
581 2137 684 2202 sit;
715 2149 821 2188 non
850 2131 993 2186 enim
1022 2128 1115 2191 ait,
1139 2123 1194 2181 In
1227 2118 1760 2193 ﬁgura-dicebantur,
1781 2112 1890 2180 vel,

302 2233 363 2288 In
393 2231 558 2302 ﬁgura
590 2227 788 2298 scripta
816 2227 981 2285 sunt;
1013 2217 1130 2284 sed,
1159 2216 1224 2269 In
1254 2215 1444 2286 ﬁgura,
1473 2209 1664 2278 inquit,
1689 2203 1887 2260 contin-

304 2294 487 2399 ςειηιῖιι
511 2323 614 2377 illis
632 2336 651 2375 :
666 2294 867 2389 quanto
891 2313 1093 2383 majore
1112 2306 1383 2378 diligentia
1407 2301 1616 2373 pietatis
1633 2294 1891 2354 cavenda:

300 2386 429 2472 sunt
454 2429 626 2486 pcenaa
647 2386 873 2481 quarum
901 2404 1080 2475 ﬁgura:
1109 2400 1213 2456 illa:
1238 2395 1489 2453 luerunt!
1518 2387 1706 2448 Procul
1726 2386 1891 2443 dubio

302 2478 522 2578 quippe,
545 2478 681 2557 sicut
709 2500 764 2554 in
795 2498 950 2553 bonis
986 2493 1146 2549 rebus
1181 2487 1352 2545 multo
1378 2483 1604 2553 amplius
1641 2478 1767 2534 boni
1805 2485 1891 2532 est

305 2568 360 2655 in
479 2595 620 2667 quod
649 2608 747 2665 per
771 2591 994 2660 ﬁguram
1032 2580 1381 2655 signiﬁcatur,
1407 2591 1566 2647 quam
1605 2573 1660 2628 in
1689 2572 1800 2641 ipsa
1831 2568 1891 2622 li-

301 2705 474 2764 gura:
508 2689 579 2742 ita
625 2695 677 2741 et
725 2684 776 2737 in
823 2679 982 2736 malis
1022 2677 1178 2746 longe
1211 2672 1392 2742 utique
1420 2667 1600 2738 pejora
1623 2671 1747 2718 sunt
1771 2676 1890 2731 quas

304 2751 677 2853 signiﬁcantur
703 2773 908 2843 ﬁguris,
932 2784 1052 2825 cum
1079 2775 1222 2821 tanta
1251 2761 1384 2818 maia
1411 2761 1520 2814 sint
1543 2757 1702 2812 etiam
1728 2751 1892 2824 signi-

304 2876 528 2928 lieantes
567 2870 772 2938 ﬁgnrze.
799 2863 934 2920 Nam
982 2860 1117 2915 sicut
1164 2866 1306 2912 terra
1352 2847 1740 2923 promissionis,
1782 2857 1890 2914 quo

303 2965 396 3020 ille
413 2961 637 3032 populus
651 2958 965 3020 ducebatur,
980 2953 1033 3007 in
1049 2946 1446 3020 comparatione
1461 2941 1612 3013 regni
1627 2938 1886 2995 caelorum

305 3056 438 3110 nihil
467 3060 572 3116 est,
593 3065 700 3120 quo
726 3046 1046 3102 christianos
1072 3040 1299 3111 populus
1326 3035 1537 3090 ducitur
1562 3049 1576 3085 :
1602 3032 1673 3084 ita
1701 3037 1755 3082 et
1778 3042 1890 3096 pte-

306 3166 390 3203 ua:
416 3147 522 3202 illa:
547 3158 666 3215 quze
697 3142 878 3210 ﬁgura:
906 3136 1140 3198 luerunt,
1169 3147 1290 3187 cum
1320 3141 1423 3183 tam
1451 3128 1559 3180 sint
1583 3135 1812 3188 atroces,
1837 3120 1889 3173 in

303 3237 704 3310 comparatione
734 3245 1010 3304 plenarum
1050 3239 1185 3298 quas
1228 3221 1527 3293 signiﬁcant
1568 3216 1700 3272 nihil
1741 3221 1885 3269 sunt.

303 3306 449 3403 Quas
493 3341 673 3385 autem
723 3325 919 3395 ﬁguras
962 3319 1097 3376 dixit
1137 3312 1443 3385 Apostolus,
1485 3323 1578 3366 eas
1617 3306 1745 3362 dicit
1789 3306 1891 3358 iste

313 3394 568 3495 psalmus,
597 3427 852 3490 quantum
882 3411 1188 3469 existimare
1210 3417 1512 3476 possumus,
1538 3394 1818 3470 parabolas
1837 3404 1891 3450 et

308 3488 700 3588 propositiones
723 3529 737 3563 :
761 3523 866 3561 non
897 3506 950 3559 in
975 3517 1041 3560 eo
1067 3499 1325 3555 habentes
1355 3495 1536 3559 ﬁnem,
1556 3489 1696 3561 quod
1721 3488 1893 3543 conti-

305 3584 499 3682 gerunt
523 3623 539 3673 ;
567 3604 660 3662 sed
694 3603 747 3656 in
777 3601 857 3656 eis
886 3598 1048 3654 rebus
1076 3591 1144 3648 ad
1172 3605 1304 3663 quas
1331 3584 1632 3643 rationabili
1669 3595 1888 3650 compa-

307 3673 515 3756 ratione
545 3695 868 3753 referuntur.
895 3688 1246 3743 Attendamus
1282 3693 1410 3751 ergo
1446 3678 1616 3746 legem
1648 3673 1762 3737 Dei,
1793 3687 1892 3741 po-

309 3796 464 3866 pnius
506 3793 644 3861 ejus,
675 3797 730 3843 et
775 3785 1091 3840 incliucuius
1132 3791 1317 3832 aurem
1363 3780 1597 3827 nostram
1639 3765 1690 3822 in
1729 3764 1890 3820 verba

306 3888 417 3941 oris
441 3885 582 3955 ejus.

382 3979 438 4034 4.
465 3976 618 4050 [ινιτ-ε.
639 3970 723 4046 2.]
749 3969 1005 4041 Aperiunt,
1032 3963 1224 4036 inquit,
1251 3961 1303 4016 in
1327 3956 1579 4030 parabolis
1606 3970 1663 4009 os
1690 3965 1892 4014 meum;

308 4041 517 4140 eloqudr
541 4041 908 4138 propositiones
932 4057 996 4112 ab
1018 4055 1182 4111 initio.
1205 4053 1248 4107 Α
1270 4065 1377 4121 quo
1401 4046 1553 4103 initio
1576 4044 1738 4109 dicat,
1763 4041 1894 4097 satis

308 4135 1129 4233 apparet'iuconseqnentihus.
1153 4144 1271 4201 Non
1296 4142 1439 4199 enim
1467 4154 1534 4194 ex
1562 4153 1669 4208 quo
1697 4135 1890 4190 factum

309 4263 392 4310 est
421 4251 616 4307 eteium
645 4255 700 4302 et
731 4256 894 4309 terra,
921 4241 1006 4295 vel
1036 4254 1101 4294 es
1129 4251 1237 4308 quo
1262 4239 1501 4289 creatum
1527 4236 1612 4284 est
1640 4227 1692 4282 in
1722 4225 1894 4295 primo

317 4343 535 4400 homine
563 4352 732 4411 genus
760 4337 1049 4389 humanum
1073 4345 1089 4394 ;
1119 4326 1213 4383 sed
1240 4340 1303 4382 ex
1334 4336 1439 4393 quo
1464 4317 1645 4392 populi
1671 4329 1895 4385 congre-

310 4436 454 4508 gatio
473 4409 592 4505 qua:
612 4429 839 4484 adducta
859 4434 942 4480 est
961 4437 1026 4494 ex
1049 4420 1282 4490 Egypto
1305 4433 1320 4470 :
1344 4423 1403 4468 ut
1423 4424 1616 4467 sensus
1632 4409 1896 4480 pertineat

311 4496 379 4580 Zu
416 4496 618 4594 Asaph,
658 4515 799 4589 quod
848 4515 1226 4583 interpretatur
1252 4503 1626 4574 Congregatio.
1651 4498 1757 4554 Sed
1793 4496 1895 4550 uti-

315 4629 437 4671 nam
479 4588 569 4684 qui
610 4588 765 4674 dixit,
800 4605 1038 4678 Aperiam
1074 4602 1127 4655 in
1167 4595 1420 4669 parabolis
1447 4610 1503 4649 os
1527 4607 1712 4654 meum,
1734 4588 1894 4645 ctiam

315 4679 643 4764 intellectum
673 4708 916 4757 nostrum
944 4697 997 4750 in
1027 4708 1120 4750 eas
1142 4690 1350 4761 aperire
1373 4683 1651 4757 dignetur!
1672 4681 1730 4736 Si
1752 4679 1895 4736 cium

315 4800 455 4855 sient
481 4810 545 4851 os
569 4808 724 4849 suum
752 4787 961 4860 aperuit
985 4786 1036 4840 in
1065 4780 1352 4853 parabolis,
1377 4777 1446 4832 ita
1475 4775 1709 4846 aperiret
1735 4771 1897 4826 etiam

317 4891 460 4962 ipsas
483 4885 798 4964 parabolas;
825 4890 881 4936 et
921 4879 1058 4934 sicut
1093 4873 1356 4943 eloquitur
1384 4865 1794 4941 propositiones,
1827 4861 1897 4915 ita

316 4959 660 5054 eloqueretur
685 4986 741 5032 et
763 4988 946 5031 earum
975 4967 1371 5040 expositiones;
1400 4978 1507 5017 non
1538 4959 1624 5014 hic
1647 4969 1901 5012 :esmare-

319 5050 441 5131 nms
463 5093 478 5128 :
509 5086 651 5130 nunc
671 5084 802 5126 vero
830 5069 900 5122 ita
930 5065 1139 5121 obtecta
1165 5071 1220 5116 et
1246 5059 1426 5114 clausa
1466 5062 1592 5110 sunt
1615 5050 1816 5112 omnia,
1844 5055 1904 5102 ut

318 5167 530 5225 etiamsi
579 5163 647 5221 ad
697 5159 895 5232 aliquid
938 5158 1058 5230 ipso
1099 5154 1403 5224 adiuvante,
1438 5146 1582 5202 unde
1617 5141 1903 5200 salubriter

320 5273 606 5335 pascamur
625 5253 907 5327 pervenire
927 5248 1212 5320 possimus,
1237 5245 1289 5298 in
1311 5241 1507 5296 sudore
1526 5248 1704 5292 tamen
1727 5235 1904 5288 vultus

322 5326 491 5411 nostri
511 5326 735 5407 edamus
761 5359 950 5416 panem
971 5339 1122 5414 (Gen.
1146 5353 1222 5398 tn.
1255 5336 1374 5404 i9);
1400 5341 1456 5388 et
1483 5345 1690 5402 pinnam
1712 5326 1902 5383 deﬁni-

322 5445 482 5502 tionis
526 5442 779 5511 antiquze,
823 5451 929 5493 non
978 5429 1220 5502 corporis
1265 5436 1496 5491 tantum,
1526 5421 1621 5478 sed
1649 5429 1700 5476 et
1729 5419 1906 5475 cordis

326 5539 504 5596 labore
532 5533 844 5607 pendamus.
871 5529 1021 5584 Dioot
1056 5538 1210 5595 ergo,
1238 5528 1292 5577 et
1319 5517 1597 5573 audiamus
1625 5511 1907 5584 parabolas

322 5640 379 5688 et
406 5625 814 5699 prumsiiiones.

396 5695 450 5775 ὲ.
477 5695 626 5790 iners.
655 5712 736 5785 5.]
764 5711 966 5779 Quanta
1013 5706 1296 5759 audivimus
1319 5743 1333 5765 ,
1365 5709 1410 5752 et
1451 5695 1771 5768 cognovimus
1813 5708 1904 5757 ea,

325 5823 372 5868 et
401 5787 570 5883 patres
614 5805 770 5863 nostri
801 5808 1130 5857 narraturum
1176 5795 1333 5850 nobis.
1380 5790 1632 5846 Dominus
1664 5787 1908 5857 superius

1366 348 1758 409 ENABIlATiO
1794 346 1861 401 iN
1899 343 2218 402 PSALMUM
2257 348 2510 406 Lxxvu.

1995 460 2326 532 loquebatur.
2355 464 2485 519 Nam
2509 463 2658 532 cuius
2698 465 2921 522 alterius
2941 464 3102 521 verba
3127 463 3392 523 credenda
3416 477 3569 533 sunt,

1992 553 2242 608 Attendite
2259 596 2274 618 ,
2298 557 2515 624 populus
2539 573 2675 610 meus
2699 598 2715 626 ,
2743 557 2899 628 legem
2941 574 3102 613 meam
3124 559 3150 612 .7
3175 557 3313 628 Quid
3332 567 3416 614 est
3441 572 3574 630 ergo

1992 646 2135 716 quod
2165 663 2304 702 nunc
2333 657 2553 716 repente
2577 649 2734 703 homo
2757 649 3010 722 loquitur?
3034 650 3150 706 lam
3172 652 3316 706 enim
3341 648 3576 706 hominis

1991 739 2154 794 verba
2196 749 2354 805 sunt,
2401 739 2603 807 Quanta
2629 741 2940 805 audiuimus,
2979 751 3026 796 et
3052 740 3374 814 cognovimus
3407 756 3502 807 ea,
3531 749 3579 796 et

1993 838 2161 899 patres
2179 829 2339 883 nostri
2369 839 2695 884 narraoernnt
2720 831 2878 885 nobis.
2905 831 3160 888 Nimirum
3185 831 3296 904 jam
3317 831 3460 887 Deus
3503 845 3571 885 cx

1995 917 2226 974 hominis
2254 918 2549 974 ministerio
2573 919 2865 982 locuturus,
2892 921 3028 975 sicut
3051 921 3125 977 ait
3148 922 3431 992 Apostolus
3453 960 3468 986 ,
3493 921 3574 974 Αη

1993 1008 2144 1064 uultis
2192 1009 2586 1079 experimentum
2635 1012 2863 1081 accipere
2901 1011 3011 1076 eius
3045 1012 3128 1079 qni
3170 1013 3224 1065 in
3259 1029 3338 1066 me
3356 1012 3590 1081 loquitur

1993 1099 2220 1156 Christus
2236 1100 2303 1170 (ll
2318 1101 2435 1156 Cor.
2457 1117 2569 1168 stu,
2585 1101 2665 1170 3)?
2689 1118 2754 1155 ex
2783 1116 3009 1172 persona
3033 1115 3130 1156 sua
3160 1101 3385 1170 primum
3408 1100 3569 1155 verba

1994 1189 2108 1245 ﬁeri
2128 1189 2294 1246 voluit
2312 1229 2328 1254 ,
2358 1206 2426 1246 ne
2455 1191 2612 1246 verba
2648 1190 2763 1261 eius
2788 1191 3014 1260 loquens
3039 1190 3234 1256 homo,
3262 1198 3576 1246 contemne-

1993 1292 2142 1339 retur
2163 1293 2220 1338 ut
2266 1282 2445 1338 homo.
2491 1283 2564 1338 Ita
2594 1284 2739 1339 enim
2764 1297 2824 1339 se
2867 1283 3068 1340 habent
3105 1283 3402 1339 locutiones
3445 1283 3578 1343 Dei,

1993 1390 2112 1445 quae
2153 1375 2306 1431 nobis
2350 1375 2684 1430 insinuantur
2729 1390 2824 1446 per
2847 1389 3063 1430 sensum
3107 1374 3350 1443 corporis
3388 1372 3578 1429 nostri.

1993 1465 2302 1521 Creaturam
2330 1465 2594 1521 subditam
2620 1480 2783 1536 opere
2811 1465 3058 1521 invisibili
3087 1465 3313 1520 Creator
3355 1472 3575 1528 movet;

1994 1571 2099 1611 non
2127 1556 2245 1624 ejus
2268 1557 2558 1612 substantia
2597 1556 2655 1612 in
2682 1556 2880 1628 aliquid
2905 1557 3184 1628 corporale
3207 1565 3262 1611 et
3285 1555 3580 1626 temporale

1993 1648 2352 1750 convertitur,
2385 1658 2444 1703 ut
2477 1647 2844 1750 corporalibus
2871 1659 2927 1706 et
2964 1651 3345 1722 temporalibus
3372 1651 3578 1723 signis,

1993 1739 2107 1794 sive
2134 1739 2198 1793 ad
2229 1739 2413 1794 oculos
2451 1740 2566 1796 sive
2589 1740 2656 1794 ad
2681 1755 2840 1796 aures
2879 1741 3294 1812 pertinentibus,
3317 1750 3575 1813 quantum

1993 1845 2187 1901 capere
2214 1830 2456 1885 homines
2484 1840 2740 1901 possunt,
2769 1845 2921 1887 suam
2946 1831 3104 1888 faciat
3133 1834 3466 1889 innotescere
3483 1847 3578 1888 vo-

1995 1923 2273 1978 luntatem.
2300 1921 2358 1978 Si
2403 1923 2546 1978 enim
2571 1923 2790 1995 angelus
2826 1924 2903 1980 uti
2951 1933 3122 1994 potest
3157 1922 3390 1989 aethere,
3419 1938 3579 1990 acre,

1994 2015 2136 2071 nube
2157 2056 2174 2083 ,
2203 2015 2344 2085 igne,
2374 2023 2429 2070 et
2453 2014 2558 2070 alia
2599 2014 2836 2086 qualibet
2853 2025 3041 2071 natura
3069 2015 3151 2070 vel
3186 2015 3365 2085 specie
3388 2029 3581 2085 tmpo-

1994 2110 2091 2165 rali
2114 2125 2130 2173 ;
2157 2119 2213 2165 et
2241 2110 2400 2166 homo
2420 2108 2569 2165 vultu
2589 2148 2606 2174 ,
2635 2107 2812 2179 lingua
2835 2150 2851 2172 ,
2883 2123 3066 2175 manu,
3097 2108 3323 2175 calamo,
3354 2107 3576 2175 litteris,

1992 2201 2179 2257 aliisve
2200 2201 2620 2273 signiﬁcantibus
2647 2201 2806 2256 rebus
2825 2197 2892 2254 ad
2920 2214 3033 2256 suta
3073 2200 3267 2253 mentis
3296 2197 3578 2253 indicanda

1992 2305 2238 2360 secreta;
2283 2303 2554 2366 postremo
2576 2308 2698 2348 cum
2747 2292 2909 2347 homo
2933 2292 3040 2356 sit,
3073 2291 3287 2346 nuntios
3329 2289 3578 2346 homines

1993 2386 2191 2452 mittit,
2213 2395 2268 2442 et
2290 2385 2420 2442 dicit
2449 2386 2574 2453 alii,
2605 2383 2782 2448 Vade,
2808 2392 2863 2440 et
2883 2383 3054 2448 vadit;
3085 2392 3138 2438 et
3169 2382 3258 2437 alii
3282 2423 3298 2447 ,
3331 2381 3460 2437 Veni
3479 2423 3497 2446 ,
3521 2389 3578 2437 et

1989 2477 2174 2541 .venit;
2201 2489 2257 2532 et
2299 2492 2458 2533 servo
2484 2491 2616 2543 suo,
2649 2476 2756 2532 Fac
2782 2475 2919 2542 hoc,
2947 2486 3003 2531 et
3029 2474 3153 2531 facit
3179 2473 3329 2546 (Luc.
3357 2489 3450 2539 vn,
3479 2475 3574 2544 8):

1991 2578 2189 2638 quanto
2217 2570 2419 2638 majore
2447 2579 2501 2624 et
2526 2569 2824 2625 efﬁcaciam
2873 2575 3132 2638 potestate
3163 2568 3334 2634 Deus,
3363 2565 3448 2622 cui
3479 2566 3578 2622 Do-

1979 2663 2138 2718 mino
2163 2663 2406 2718 universa
2433 2661 2671 2732 subjecta
2719 2669 2878 2726 sunt,
2902 2669 2957 2716 et
2994 2661 3112 2730 ipso
3158 2659 3347 2729 angelo
3371 2665 3426 2713 et
3470 2656 3574 2712 ho-

1994 2755 2137 2820 mine
2188 2754 2386 2820 utitur,
2415 2762 2474 2809 ut
2494 2752 2638 2824 quod
2669 2753 2716 2809 ei
2764 2752 2941 2823 placet
2982 2750 3293 2806 aununtiet!
3322 2748 3578 2817 Quamvis

1991 2848 2168 2918 itaque
2180 2845 2292 2917 jam
2317 2845 2478 2900 homo
2505 2845 2677 2909 dicat,
2703 2845 2905 2910 Quanta
2942 2843 3254 2908 audivimus,
3275 2852 3323 2898 et
3341 2842 3578 2914 cognoui-

1993 2953 2104 2991 mus
2122 2952 2202 3002 ea,
2229 2944 2278 2989 et
2303 2945 2470 3004 patres
2493 2936 2649 2989 nostri
2678 2942 3010 2988 narraverunt
3045 2933 3223 2997 nobis;
3249 2942 3423 2987 tamen
3455 2938 3573 2988 tan-

1991 3041 2151 3095 quam
2183 3025 2274 3081 Dei
2304 3027 2464 3080 verba
2487 3065 2504 3090 ,
2535 3039 2641 3079 non
2673 3034 2921 3093 tauquam
2966 3021 3226 3077 humanas
3255 3021 3457 3076 fabulas
3481 3035 3577 3076 au-

1991 3117 2219 3172 diamus.
2249 3116 2471 3186 Propter
2500 3115 2601 3169 hoc
2639 3114 2784 3170 enim
2809 3112 3144 3183 praemissum
3179 3119 3262 3168 est
3283 3152 3298 3176 ,
3323 3109 3596 3176 Attendite,

1994 3209 2211 3280 populus
2231 3225 2391 3273 meus,
2414 3208 2572 3277 legem
2599 3221 2763 3259 meam
2778 3245 2795 3270 ,
2824 3201 3064 3259 inclinate
3088 3219 3263 3257 aurem
3284 3212 3498 3256 vestram
3519 3201 3575 3258 in

1991 3300 2138 3356 verba
2157 3301 2259 3354 oris
2287 3299 2402 3352 mei.
2433 3297 2671 3368 Aperiunt
2706 3296 2759 3350 in
2799 3295 3051 3367 parabolis
3074 3309 3131 3348 os
3155 3309 3338 3355 meum,
3366 3291 3575 3364 eloquar

1993 3392 2359 3465 propositiones
2383 3388 2446 3443 ab
2475 3388 2640 3443 initio.
2670 3386 2872 3456 Quanta
2891 3399 3020 3455 ergo
3041 3384 3344 3448 audivimus,
3369 3383 3538 3451 inquit
3555 3421 3572 3444 ,

1993 3495 2038 3538 et
2074 3483 2390 3554 cognovimus
2426 3497 2485 3535 ea
2507 3521 2524 3547 ,
2550 3488 2597 3534 et
2635 3489 2803 3549 patres
2842 3476 3002 3531 nostri
3039 3483 3368 3529 narraueram
3409 3473 3570 3527 nobis.

1993 3575 2080 3630 Sic
2109 3584 2208 3634 est.
2238 3573 2544 3639 audivimus,
2563 3581 2610 3624 et
2635 3568 2955 3642 cognovimus
2974 3564 3295 3637 ;quomodo,
3319 3565 3472 3628 Audi,
3505 3564 3574 3631 [i-

1993 3668 2084 3731 liu,
2112 3676 2157 3720 et
2179 3665 2290 3718 vide
2319 3662 2488 3734 (Psal.
2522 3677 2642 3716 XLIV
2661 3701 2678 3726 ,
2705 3658 2815 3730 ll).
2845 3657 3038 3714 Audita
3074 3655 3218 3712 enim
3249 3657 3443 3710 suntin
3475 3654 3578 3710 Ve-

1995 3759 2095 3813 teri
2118 3757 2460 3811 Testamento
2507 3769 2624 3824 qua:
2652 3761 3046 3822 cognoscuntur
3090 3749 3143 3805 in
3169 3747 3352 3814 Novo;
3396 3748 3574 3803 audita

1993 3866 2112 3905 eum
2144 3849 2620 3918 prophetarentur,
2663 3843 2874 3913 cognita
2912 3857 3032 3896 cum
3080 3840 3446 3911 implerentur.
3476 3839 3575 3895 Ubi

1997 3941 2278 4011 promissio
2329 3936 2588 4001 redditur,
2636 3950 2740 3988 non
2785 3931 3059 3989 lraudatur
3106 3930 3326 3987 auditio.
3374 3927 3442 3984 Et
3483 3947 3578 3997 pu-

1994 4041 2094 4086 tres
2115 4029 2292 4094 nostri,
2330 4027 2539 4098 Moyses
2566 4035 2621 4080 et
2646 4023 2929 4094 Propheta:
2947 4062 2962 4086 ,
2992 4032 3316 4076 narrant-runt
3341 4021 3503 4076 nobis.

2065 4122 2120 4176 6.
2149 4119 2298 4195 (vers.
2330 4118 2410 4190 ι]
2454 4116 2573 4172 Non
2610 4126 2727 4171 sunt
2752 4113 3044 4170 abscondita
3079 4129 3111 4167 ο
3134 4113 3254 4183 ﬁliis
3290 4128 3495 4178 eorum,
3521 4111 3578 4166 its

1993 4213 2313 4287 generatione
2339 4211 2520 4265 altera.
2567 4209 2691 4263 limo
2717 4215 2800 4263 est
2836 4214 3018 4261 nostra
3053 4205 3326 4275 generatio
3345 4244 3363 4272 ,
3394 4203 3448 4259 in
3471 4219 3578 4275 qua

1996 4304 2149 4358 nubis
2185 4302 2376 4357 donata
2401 4308 2486 4355 est
2511 4297 2863 4369 regeneratio.
2895 4295 3259 4350 Annnntiantes
3274 4294 3453 4351 laudes
3476 4293 3580 4349 Do-

1997 4397 2150 4461 mini,
2194 4403 2242 4449 et
2283 4393 2526 4464 potentias
2571 4391 2712 4462 ejus,
2747 4398 2794 4444 et
2835 4388 3086 4442 mirabilia
3131 4387 3240 4459 ejus
3283 4403 3397 4456 qua
3437 4388 3578 4458 fecit.

1996 4486 2139 4544 Ordo
2165 4486 2446 4541 verborum
2468 4492 2584 4549 est,
2620 4481 2688 4535 Et
2733 4490 2899 4550 patres
2928 4480 3088 4534 nostri
3123 4489 3449 4532 narraverunt
3485 4495 3581 4532 no-

1997 4581 2094 4646 bis,
2143 4579 2498 4633 annuntiantes
2529 4575 2705 4630 laudes
2747 4571 2968 4627 Domini.
3000 4571 3267 4628 Laudatur
3324 4571 3581 4628 Dominus

1999 4683 2056 4727 ut
2085 4681 2290 4726 ametur
2317 4687 2333 4725 :
2363 4668 2486 4739 quid
2515 4666 2657 4722 enim
2684 4663 2949 4720 salubrius
2975 4661 3225 4717 amatur?

2071 4766 2122 4820 7.
2152 4763 2304 4836 [ters.
2325 4757 2472 4832 5-8.]
2507 4757 2578 4813 Et
2605 4755 2864 4814 suscitavit
2902 4753 3259 4810 Testimonium
3287 4755 3340 4808 in
3380 4751 3542 4810 Iacob
3557 4792 3583 4822 ,

1999 4867 2048 4912 et
2069 4856 2249 4925 Legem
2280 4853 2444 4923 posuit
2470 4852 2523 4904 in
2551 4848 2730 4903 Israel.
2763 4848 2875 4902 Hoc
2915 4856 2996 4902 est
3025 4846 3229 4901 initium
3255 4846 3322 4901 de
3357 4861 3466 4917 quo
3488 4862 3583 4901 su-

2002 4965 2096 5021 pra
2136 4948 2335 5002 dictum
2363 4955 2444 4999 est
2467 4985 2484 5010 ,
2513 4941 2737 5011 Eloquar
2783 4938 3145 5010 preposition“
3180 4939 3243 4992 ab
3279 4939 3442 4993 initio.
3471 4938 3584 4993 lui-

2005 5045 2135 5097 tium
2154 5048 2239 5096 est
2281 5052 2410 5108 ergo
2440 5035 2602 5090 Vetus
2635 5032 3064 5099 Testamentum,
3096 5029 3215 5086 ﬁnis
3239 5029 3465 5086 Novum.
3493 5030 3586 5086 Ti-

2006 5149 2123 5188 mor
2165 5131 2306 5186 cnim
2357 5127 2610 5199 prievalet
2653 5125 2706 5180 in
2746 5124 2885 5194 Lege
2921 5139 2937 5178 :
2980 5133 3036 5177 et
3079 5120 3278 5175 initium
3322 5121 3586 5190 sapientia:

2005 5227 2155 5280 timor
2187 5218 2391 5277 Domini
2422 5217 2593 5287 (Psal.
2618 5231 2684 5272 cx
2704 5255 2720 5279 ,
2751 5214 2861 5286 ιθ).
2894 5211 3040 5268 Finis
3065 5221 3240 5266 autem
3263 5209 3410 5282 Legis
3438 5209 3588 5266 Cliti-

2006 5330 2112 5372 stus
2140 5325 2220 5370 est
2239 5354 2254 5377 ,
2276 5314 2344 5367 ad
2357 5311 2612 5382 justitiam
2653 5308 2791 5362 omni
2817 5304 3038 5360 credenti
3063 5302 3240 5375 (Rom.
3263 5318 3325 5368 χ,
3354 5302 3409 5371 ι)
3437 5319 3452 5357 :
3476 5317 3587 5372 quo

2008 5410 2240 5462 dooante
2277 5403 2580 5472 diﬁunditur
2622 5398 2843 5452 charitas
2890 5396 2942 5450 in
2977 5394 3210 5449 cordibus
3254 5393 3475 5458 nostris,
3497 5405 3587 5464 per

2011 5499 2260 5571 Spiritum
2284 5503 2510 5550 sanctum
2528 5491 2612 5562 qui
2637 5489 2783 5543 datus
2807 5497 2879 5542 est
2903 5485 3044 5540 nobis
3066 5483 3115 5557 (1
3122 5483 3178 5538 tl.
3200 5497 3257 5549 v,
3279 5483 3357 5553 5);
3388 5492 3442 5538 ct
3465 5499 3588 5536 con-

2011 5599 2262 5646 summata
2279 5586 2498 5641 charitas
2522 5586 2659 5654 foras
2685 5579 2832 5633 mittit
2867 5577 3093 5632 timorem
3118 5574 3164 5647 (Ι
3175 5572 3332 5628 .laan.
3355 5589 3425 5638 tv,
3451 5571 3542 5641 {8)
3563 5613 3583 5640 ,

2013 5686 2262 5754 quoniam
2292 5694 2423 5732 nunc
2441 5677 2549 5731 sine
2571 5675 2701 5744 Lege
2717 5671 2918 5742 jnstitia
2933 5668 3023 5724 Dei
3039 5669 3354 5739 manifestata
3368 5679 3459 5720 est.
3480 5663 3589 5721 Sed

2017 5779 2266 5851 quoniam
2296 5770 2631 5829 testimonium
2659 5769 2802 5820 liabet
2830 5784 2858 5818 a
2885 5764 3015 5832 lege
3047 5775 3091 5815 rt
3128 5762 3392 5830 Prop/retis
3412 5761 3591 5828 (liora.
