3990 6306
413 328 515 393 98’!

415 458 504 517 nt,
546 448 634 518 21)
661 490 674 510 ,
705 445 824 502 ideo
851 439 1107 501 suscitavit
1128 429 1494 501 Testimonium
1533 430 1588 487 in
1613 425 1802 491 .larob.
1829 432 1872 479 et
1902 419 1999 478 Le-

415 559 524 612 gem
555 537 790 611 posuitin
819 535 998 593 Israel.
1024 532 1156 590 Nam
1178 537 1236 589 et
1261 523 1564 599 illud‘quod
1594 534 1703 580 tam
1728 520 1920 612 insigni
1946 525 2001 578 et

417 609 575 697 pleno
623 630 783 686 tantis
834 614 1306 700 signiﬁcationibus
1368 634 1532 703 opere
1600 609 2006 674 tabernaculum

418 725 761 781 constitutum
782 733 897 789 est,
928 721 1326 778 hibernaculum
1361 711 1675 796 Testimonii
1700 707 2004 766 nominatur

419 813 611 887 (Exod.
641 829 709 871 at.
730 855 746 882 ,
776 813 831 885 Ξ)
858 856 874 881 ,
909 813 965 868 in
1000 827 1108 884 quo
1147 819 1265 866 erat
1306 806 1553 866 velamen
1598 810 1782 858 contra
1824 813 2009 854 arcam

415 901 613 977 Logis.
640 907 780 962 sicut
823 906 1063 960 velamen
1097 911 1284 958 contra
1327 898 1515 954 faciem
1563 893 1789 951 ministri
1815 889 2002 963 Legit;

421 997 540 1066 quia
582 997 634 1051 in
681 997 770 1051 illa
799 994 1198 1066 dispensatione
1242 989 1508 1062 parabolze
1533 998 1587 1043 et
1611 983 2007 1057 pr0positiones

421 1099 593 1143 erant.
618 1088 694 1143 Ea
735 1086 931 1157 quippe
955 1103 1072 1156 qua:
1099 1081 1523 1157 praedicabantur
1556 1087 1612 1136 et
1650 1077 1884 1143 ﬁebant,
1911 1090 2005 1130 ve-

425 1179 548 1235 latis
598 1178 1070 1249 signiﬁcationibus
1103 1174 1502 1240 condebantur,
1533 1180 1587 1228 et
1628 1185 1736 1226 non
1759 1166 2008 1224 revelatis

423 1269 938 1340 manilestationibus
963 1266 1341 1324 cernebantur.
1368 1263 1492 1320 Cum
1515 1273 1684 1317 autem
1706 1258 1963 1317 transieris
1987 1257 2006 1292 ί

422 1361 493 1414 ad
520 1361 798 1428 Christum,
825 1362 900 1416 ait
922 1359 1230 1430 Apostolus,
1249 1361 1519 1431 auferetur
1541 1357 1766 1411 uelamen
1794 1352 1857 1427 (ll
1885 1351 2006 1408 Cor.

422 1442 480 1505 nl
504 1493 516 1515 ,
550 1453 617 1506 l5
642 1494 655 1513 ,
687 1452 792 1525 l6).
821 1453 1091 1524 Quotquot
1132 1452 1273 1507 enim
1315 1459 1438 1506 sunt
1466 1449 1848 1520 promissiones
1875 1445 2009 1512 Dei,

422 1541 473 1595 in
506 1543 596 1599 illo
623 1543 824 1609 Etiam,
847 1544 1007 1599 Amen
1029 1535 1080 1577 -δ
1115 1540 1320 1615 (Ibid.t
1344 1580 1359 1606 ,
1394 1540 1510 1614 20).
1559 1538 1810 1610 Quisquis
1851 1537 2011 1609 igitur

413 1649 623 1705 Christo
648 1638 881 1705 actitaret
903 1691 917 1714 .
942 1656 1109 1703 totum
1151 1635 1348 1690 bonum
1384 1633 1526 1705 ίιυοά
1546 1642 1706 1697 ctiam
1732 1638 1784 1694 in
1815 1635 2006 1692 litteris

415 1737 571 1810 Lrgis
599 1754 702 1795 non
731 1737 992 1808 intelligit,
1017 1736 1200 1802 habet;
1228 1731 1474 1805 quisquis
1495 1739 1579 1787 est
1600 1739 1778 1786 autem
1798 1728 2007 1783 alienus

414 1848 444 1885 a
469 1829 704 1896 Clu-isto,
733 1847 830 1888 nec
849 1827 1112 1902 intelligit,
1135 1845 1234 1885 nec
1255 1826 1435 1882 habet.
1471 1824 1890 1893 Suscitaaitergo
1905 1818 2010 1875 Te-

415 1923 706 1978 stimonium
730 1925 785 1979 in
799 1916 982 1987 Iacob,
997 1931 1045 1976 et
1063 1924 1242 1992 Legem
1269 1918 1434 1989 posuit
1454 1917 1506 1970 in
1529 1914 1712 1970 Israel.
1733 1913 1881 1969 More
1907 1925 2007 1967 suo

415 2007 632 2085 tepetii.
671 2014 804 2071 Nam
829 2015 970 2085 quod
995 2021 1105 2080 est,
1134 2011 1411 2068 δασείαιυῆ
1459 2003 1863 2072 Testimonium;
1903 2004 2008 2060 hoc

418 2111 525 2177 est,
547 2103 728 2177 Legem
749 2088 917 2176 posuit
941 2142 955 2157 .
983 2111 1039 2160 et
1075 2098 1218 2172 quod
1246 2109 1358 2164 est,
1391 2099 1444 2153 in
1463 2096 1623 2152 Iacob
1641 2113 1661 2163 ;
1682 2096 1788 2153 hoc
1812 2105 1929 2162 est,
1950 2094 2008 2150 in

417 2194 601 2254 Israel.
621 2194 751 2253 Nam
770 2195 906 2250 sicut
927 2195 1025 2252 ista.
1049 2193 1156 2250 duo
1182 2192 1398 2258 nomina
1426 2198 1549 2245 sunt
1573 2188 1807 2244 hominis
1824 2187 2006 2256 unius,

418 2287 489 2344 ita
509 2287 652 2343 Lex’
689 2297 744 2341 et
778 2286 1165 2342 Testimonium
1189 2283 1296 2340 duo
1332 2291 1458 2338 sunt
1485 2281 1702 2337 nomina
1729 2279 1806 2335 rei
1827 2277 2006 2338 unius.

416 2377 646 2437 Interest
687 2379 882 2450 aliquid
907 2421 922 2438 .
954 2379 1028 2434 ait
1051 2376 1348 2450 quispiam,
1375 2376 1514 2431 inter
1552 2372 1812 2430 suscita-rit
1835 2382 1891 2429 et
1915 2387 2009 2443 po-

418 2473 538 2527 suit.
588 2472 660 2527 ita
716 2486 884 2538 sane;
925 2453 1374 2542 quemadmodum
1419 2471 1642 2524 interest
1681 2467 1842 2523 etiam
1868 2467 2019 2522 inter.

417 2561 600 2628 Iacob,
621 2571 671 2620 et
694 2562 858 2620 Israel
883 2579 904 2617 :
930 2576 1036 2619 non
1064 2562 1188 2634 quia
1209 2568 1366 2618 erant
1385 2559 1490 2616 duo
1519 2558 1784 2624 homines,
1806 2558 1900 2614 seu]
1918 2572 2010 2614 ca-

420 2655 541 2711 dem
590 2656 695 2711 duo
742 2655 958 2733 nomine
1001 2655 1236 2713 diversis
1277 2654 1455 2711 causis
1489 2655 1581 2710 uni
1627 2651 1830 2709 homini
1883 2660 2011 2708 sunt

420 2748 704 2818 imposita;
734 2747 899 2804 Jaeob
941 2755 1162 2817 propter
1200 2745 1681 2818 supplantationem
1706 2785 1722 2813 ,
1754 2743 2007 2816 quoniam

419 2839 691 2895 nascentis
716 2842 889 2894 tenuit
908 2837 1137 2909 plantam
1161 2836 1380 2917 fratris;
1403 2836 1564 2893 lsrael
1590 2844 1768 2892 autem
1791 2843 2010 2907 propter

422 2931 688 2987 visionem
721 2925 813 2987 Dei
839 2925 993 3000 (Gen.
1023 2945 1160 2999 xxv,
1187 2929 1295 2997 9.5,
1325 2937 1559 2997 etxxxu,
1585 2925 1703 3000 εδ).
1748 2927 1837 2984 Sic
1863 2924 2010 2983 aliud

417 3020 504 3077 est
519 3061 537 3090 ,
567 3023 851 3089 suscitauit,
883 3019 1027 3078 aliud
1270 3019 1403 3076 Nam
1426 3062 1444 3087 ,
1469 3020 1732 3076 suscitauit
1753 3017 2010 3074 Testimo-

420 3108 591 3171 nium,
604 3110 858 3174 quantum
884 3105 1155 3172 existimo,
1176 3104 1378 3162 dictum
1391 3113 1496 3173 est,
1525 3102 1668 3175 quod
1690 3102 1782 3161 illo
1807 3102 2011 3176 aliquid

418 3182 734 3265 Suscitntum
763 3210 866 3256 est.
895 3195 1021 3255 Sine
1047 3195 1184 3270 Lege
1208 3197 1361 3265 enim,
1392 3196 1466 3253 ait
1490 3197 1801 3268 Apostolus,
1830 3211 2014 3266 pecea-

422 3302 527 3348 tum
577 3305 828 3351 mortuum
856 3301 952 3348 est;
982 3286 1097 3363 Ego
1131 3300 1301 3345 autem
1332 3291 1552 3346 vivebam
1588 3289 1864 3345 aliosando
1903 3290 2015 3345 sine

422 3379 568 3459 Lege
585 3399 608 3438 :
633 3366 928 3441 adveniente
969 3391 1138 3437 autem
1188 3383 1428 3436 mandata
1451 3421 1468 3446 ,
1510 3389 1767 3452 peccatum
1805 3380 2008 3460 reuixit.

420 3469 567 3532 Ecce
591 3475 734 3547 quod
761 3474 1072 3532 suscitatum
1103 3482 1184 3530 est
1220 3489 1319 3546 per
1344 3472 1732 3539 Testimonium
1761 3470 1904 3543 quod
1929 3478 2015 3527 eat

406 3555 568 3640 Lex,
607 3571 669 3622 ut
713 3577 965 3639 appareat
989 3561 1134 3637 quod
1158 3563 1359 3622 latebat
1379 3608 1395 3634 ,
1421 3565 1564 3622 sicut
1589 3554 1750 3635 paulo
1777 3571 1900 3636 post
1927 3562 2013 3618 di-

391 3694 394 3696 -
424 3659 499 3716 cit
525 3675 542 3712 :
571 3641 676 3715 sed
708 3649 976 3731 pessulum
1009 3667 1068 3713 ut
1109 3668 1354 3730 appareat
1392 3665 1686 3729 peccatum,
1711 3671 1802 3734 per
1829 3655 2016 3722 bonum

425 3753 549 3809 mihi
575 3760 836 3817 operatum
857 3758 930 3806 cst
953 3759 1163 3809 mortem
1189 3749 1208 3820 (
1224 3748 1378 3805 Rom.
1397 3747 1580 3824 vn,_8,
1607 3745 1664 3815 9,
1693 3743 1806 3821 13).
1836 3745 2016 3823 Posuit

426 3851 607 3919 autem
629 3842 853 3914 Legem,
881 3834 1081 3899 dictum
1127 3851 1236 3912 est,
1271 3836 1526 3912 tanquam
1560 3840 1745 3912 iugum
1773 3841 2022 3910 peccato-

426 3937 577 3994 ribus
607 3953 622 3990 :
650 3937 794 3991 unde
846 3919 1062 4001 dicitur,
1094 3933 1230 4006 Quid
1277 3925 1414 4004 justo
1453 3931 1557 3988 non
1597 3942 1673 3988 est
1717 3932 1802 3987 lea:
1852 3932 2020 4003 posita

429 4029 473 4104 (l
493 4017 630 4086 Tim.
658 4043 700 4096 ι,
723 4029 799 4106 9).
818 4023 1208 4084 Testimonium
1238 4036 1322 4082 est
1347 4014 1536 4097 igitur,
1563 4025 1617 4082 in
1645 4033 1900 4097 quantum
1922 4024 2022 4080 ali-

428 4121 555 4194 Quid
585 4123 811 4196 probat;
844 4121 952 4177 Lex
975 4129 1151 4193 autem
1171 4114 1202 4186 ,‘
1220 4121 1274 4176 in
1295 4128 1546 4202 quantum
1578 4119 1769 4190 jubet:
1798 4132 1921 4174 cum
1949 4119 2022 4175 sit

432 4229 538 4271 nna
577 4213 875 4292 eademque
914 4221 1027 4269 res.
1074 4212 1338 4279 Quocirca
1378 4212 1518 4266 sicut
1561 4209 1695 4280 lapis
1734 4209 2017 4277 Christus;

431 4302 530 4370 sed
583 4307 1004 4366 credentibusin
1047 4316 1206 4376 caput
1248 4303 1423 4373 anguli
1471 4302 1642 4376 (Psal.
1685 4319 1822 4359 cxvn
1848 4345 1863 4370 ,
1889 4302 2014 4376 29.),

436 4414 539 4459 non
567 4401 905 4457 credentibus
933 4410 1109 4455 autem
1127 4397 1266 4468 lapis
1282 4390 1590 4453 offensionis
1613 4406 1669 4459 et
1694 4406 1838 4465 petra
1861 4410 2018 4450 scan-

430 4492 578 4561 deli;
609 4493 683 4548 ita
727 4489 1114 4548 Testimonium
1159 4489 1315 4560 chis
1353 4488 1433 4544 eis
1461 4488 1549 4558 qui
1581 4485 1722 4556 Lege
1750 4492 1855 4540 non
1883 4486 2016 4556 legi-

433 4580 562 4641 time
613 4593 855 4638 utuntur.
906 4580 1292 4638 Testimonium
1341 4587 1425 4635 est
1477 4594 1582 4649 quo
1637 4578 2021 4633 convincuntur

433 4674 685 4748 puniendi
717 4675 1056 4744 peccatores;
1085 4671 1167 4726 bis
1193 4681 1324 4726 vero
1369 4670 1458 4740 qui
1507 4684 1566 4724 ea
1597 4667 1830 4738 legitime
1856 4671 2016 4722 u'tun-

437 4780 543 4828 tur.
575 4765 953 4830 Testimonium
983 4770 1069 4820 est
1109 4777 1216 4832 quo
1240 4760 1640 4817 demonstratur
1665 4757 1732 4813 ad
1765 4773 1924 4828 quem
1948 4758 2019 4812 lia

435 4857 655 4914 berandi
700 4856 986 4927 confugere
1029 4851 1224 4910 debent
1267 4861 1597 4924 peccatores.
1644 4849 1701 4903 In
1729 4849 1846 4918 ejus
1875 4849 2018 4932 enim

435 4955 601 5028 gratia
633 4959 717 5006 cst
755 4950 948 5018 iustitia
976 4943 1073 5004 Dei
1094 4990 1111 5014 ,
1156 4946 1492 5004 testimonium
1519 4944 1708 5000 [urbem
1733 4961 1780 5002 ,α
1806 4943 1940 5016 Lege
1973 4953 2038 4998 et.

437 5039 734 5113 Pronactis,
782 5053 888 5111 qua
914 5040 1280 5110 ‘justiiicatur
1310 5042 1516 5108 impius
1556 5057 1570 5092 :
1600 5053 1759 5108 quam
1808 5037 2021 5107 quidam

433 5137 754 5206 ignorantes,
777 5143 823 5188 et
862 5147 1008 5186 suum
1047 5132 1268 5185 uolentes
1312 5128 1650 5196 constituere,
1683 5128 1899 5197 justitiaz
1922 5126 2020 5184 Dei

435 5245 536 5282 non
563 5235 682 5279 sunt
697 5224 908 5296 subjecti
937 5223 1109 5279 (Rom.
1146 5237 1212 5291 ι,
1237 5225 1327 5290 ὅ).

419 5315 422 5318 ⁴
508 5318 560 5374 8.
588 5316 1077 5386 «οιιειηῐερὶηίιυίῑ,
1102 5313 1406 5369 «mandavit
1422 5312 1662 5384 patribus
1674 5313 1872 5369 nostris
1893 5321 2018 5369 nota

437 5407 618 5465 facere
661 5423 722 5463 ea
750 5407 870 5466 ﬁliis
920 5408 1072 5462 suis:
1106 5415 1164 5461 ut
1183 5413 1467 5475 cognoscat
1511 5403 1783 5476 generatio
1811 5405 2017 5471 altera,

453 5542 518 5612 ___1
545 5541 678 5601 ωιτη
715 5539 982 5612 transierit.
1021 5546 1081 5591 At
1114 5538 1341 5604 plerique
1385 5537 1794 5600 Mss.,_transieris
1819 5551 1840 5591 :
1864 5546 1918 5592 et
1950 5542 2021 5591 sic

436 5608 558 5656 alias
572 5608 886 5668 Augustinus.

503 5668 525 5699 ³
543 5665 615 5715 sic
625 5657 733 5728 ti'ss.
752 5672 810 5716 At
829 5661 966 5728 Edd.,
986 5665 1038 5715 in
1063 5662 1146 5717 illo
1164 5670 1320 5716 erant.
1337 5661 1574 5728 Quisquis,
1599 5657 1719 5715 Vide
1734 5673 1896 5728 supra,
1922 5663 2014 5717 col.

437 5728 552 5785 911.
573 5739 623 5777 u.
649 5727 730 5779 18.
772 5787 806 5800 ,τ

506 5793 524 5824 ³
549 5797 676 5856 ttss.,
698 5799 830 5852 quia.

1640 312 1700 371 S.
1740 296 2106 367 AUGUSTINI
2144 296 2449 362 EPISCOPI

3585 311 3689 371 988

2107 413 2200 472 lilii
2230 414 2318 488 qui
2345 423 2630 474 nascentur
2653 427 2707 475 et
2726 429 3031 494 exsul-gent,
3055 429 3110 479 et
3126 434 3344 481 narrent
3365 428 3382 462 ⁸
3407 425 3530 486 tillis
3547 429 3688 498 suis;

2105 521 2166 568 ut
2204 523 2403 584 ponant
2443 515 2495 569 in
2527 514 2637 571 Deo
2671 529 2820 586 spem
2851 532 3002 572 suam
3024 559 3038 584 ,
3066 527 3120 576 et
3169 536 3273 577 non
3317 519 3693 581 obliviscantur

2106 608 2329 676 operum
2383 603 2511 674 Dei,
2544 614 2597 663 et
2629 601 2882 664 mandata
2920 609 3036 679 ejus
3077 613 3378 684 exquirant.
3424 615 3499 674 Ne
3527 617 3652 676 ﬁant
3675 659 3692 688 ,

2109 695 2246 752 sicut
2289 705 2468 768 patres
2517 703 3037 771 eorum,generatio
3078 718 3238 774 prava
3277 697 3694 777 et'antaricons;

2110 787 2385 856 generatio
2407 803 2525 860 qua:
2563 804 2659 845 cor
2685 806 2789 846 non
2819 791 3015 849 direxit
3043 810 3222 863 suum,
3254 798 3308 852 et
3339 812 3443 854 non
3471 802 3694 860 estote-

2113 876 2258 934 ditus
2298 882 2423 955 cum
2468 881 2579 937 Deo
2607 881 2830 952 spiritus
2868 884 3003 956 ejus.
3042 906 3060 939 ι
3102 886 3226 943 limo
3263 889 3425 946 Verba
3467 887 3699 950 indicant

2114 969 2250 1026 duns
2275 970 2668 1040 quodammodo
2709 976 2935 1047 populos
2959 993 2975 1041 ;
2999 978 3223 1034 alterum
3260 981 3328 1035 ad
3363 982 3542 1046 Vetus,
3572 985 3695 1038 aite-

2115 1077 2232 1116 rum
2258 1060 2324 1118 ad
2348 1061 2555 1118 Nomm
2573 1064 2974 1123 Testamentum
2997 1071 3348 1139 pertinentem
3375 1090 3390 1128 :
3418 1088 3542 1129 nam
3561 1075 3701 1146 quod

2116 1152 2220 1212 ait.
2256 1152 2462 1230 Quanta
2486 1156 2746 1212 mandauit
2795 1158 3030 1227 patribus
3069 1163 3255 1218 nostris
3294 1175 3415 1218 nota
3456 1170 3624 1238 facere
3645 1177 3702 1224 ed

2116 1243 2239 1316 ﬁliis
2263 1245 2370 1301 suis
2392 1287 2407 1312 ,
2441 1246 2690 1304 mandata
2719 1262 2815 1304 eos
2830 1241 3102 1328 accepisse
3128 1254 3283 1325 dixit,
3311 1267 3430 1312 nota
3455 1261 3625 1328 facere
3648 1279 3700 1315 ea

2117 1337 2239 1406 [iliis
2262 1340 2390 1405 suis,
2413 1355 2520 1395 non
2549 1349 2726 1398 tamen
2771 1356 2866 1400 eos
2911 1327 3196 1416 agnovisse
3222 1356 3314 1403 aut
3355 1327 3577 1420 fecisse;
3611 1351 3704 1412 sed

2117 1429 2184 1485 ad
2215 1431 2316 1487 huc
2343 1442 2666 1504 acceperunt
2694 1435 2826 1512 Ipsi,
2853 1445 2909 1490 ut
2937 1451 3203 1510 cognoscat
3226 1443 3481 1510 generatio
3509 1448 3665 1500 altera
3687 1487 3704 1514 ,

2118 1522 2260 1592 quod
2288 1522 2374 1578 illa
2402 1540 2508 1579 non
2534 1527 2804 1597 cognovit.
2826 1526 2953 1582 Filii
2972 1531 3058 1600 qui
3076 1543 3345 1587 nascentur
3358 1545 3405 1588 et
3419 1544 3704 1605 ersnrgenr.

2119 1611 2251 1668 Nam
2276 1613 2357 1669 illi
2387 1615 2478 1686 qui
2506 1618 2614 1671 nati
2644 1627 2807 1682 sunt,
2855 1634 2961 1677 non
2988 1634 3425 1692 exsurrexerunt,
3451 1625 3572 1696 quia
3597 1641 3706 1682 non

2118 1719 2329 1760 sursum
2353 1722 2469 1773 cor,
2497 1707 2594 1764 sed
2618 1710 2670 1764 in
2701 1719 2841 1766 terra
2866 1711 3044 1780 potius
3061 1712 3377 1771 habuerunt.
3395 1715 3528 1772 Cum
3555 1714 3708 1775 Chri-

2117 1807 2204 1852 sto
2229 1800 2372 1868 enim
2415 1802 2720 1869 exsurgitur
2751 1820 2768 1857 :
2800 1798 2945 1858 unde
2969 1803 3168 1860 dictum
3199 1815 3302 1872 est,
3334 1807 3398 1864 Si
3419 1814 3708 1865 exsurrexi-

2118 1888 2210 1944 stis
2254 1887 2369 1943 cum
2399 1885 2600 1946 Christo
2624 1932 2640 1960 ,
2669 1909 2783 1962 qua:
2817 1910 3022 1949 sursum
3046 1898 3344 1971 suntsapite
3371 1892 3587 1968 (Coloss.
3615 1915 3670 1955 tn
3688 1942 3704 1964 ,

2120 1982 2198 2055 1).
2237 1983 2304 2042 Et
2328 1995 2569 2052 narrent,
2606 1985 2808 2056 inquit,
2842 1989 2968 2057 ﬁliis
3006 1988 3151 2054 suis,
3190 1998 3248 2066 ut
3289 2002 3486 2061 ponant
3521 1992 3710 2048 in'Deo

2117 2090 2258 2146 spem
2283 2091 2448 2137 suam.
2477 2075 2551 2132 Ita
2585 2077 2730 2132 enim
2763 2093 2868 2134 non
2910 2091 3060 2134 suam
3088 2081 3350 2151 justitiam
3374 2083 3504 2153 justi
3527 2086 3712 2141 volunt

2117 2167 2447 2243 constituere
2469 2207 2486 2240 ,
2514 2167 2608 2223 sed
2656 2171 2896 2225 revelant
2942 2172 3008 2226 ad
3068 2174 3230 2230 Deum
3272 2175 3411 2231 viain
3441 2167 3592 2232 suam
3613 2220 3628 2240 ,
3658 2188 3711 2233 et

2119 2260 2339 2327 sperant
2381 2258 2434 2313 in
2482 2274 2603 2314 eum
2629 2301 2646 2324 ,
2677 2269 2736 2315 ut
2760 2261 2876 2331 ipse
2903 2261 3066 2318 faciat
3091 2262 3263 2338 (Psal.
3295 2275 3462 2321 sunt
3486 2311 3500 2331 ,
3533 2269 3609 2340 5).
3647 2261 3713 2323 Et

2121 2365 2225 2404 non
2269 2350 2628 2408 obliviscantur
2653 2371 2864 2424 operum
2895 2357 2987 2412 Dei
3027 2374 3048 2413 :
3077 2354 3467 2430 magniﬁcanth
3502 2363 3712 2432 scilicet

2119 2451 2175 2498 et
2190 2442 2444 2524 jactando
2472 2459 2637 2523 Opera
2664 2461 2779 2511 sua,
2801 2457 3052 2519 tanquam
3077 2435 3543 2519 ipsilaciant;cum
3565 2453 3715 2518 Deus

2120 2534 2304 2606 sitqui
2330 2546 2584 2606 operatur
2605 2538 2658 2592 in
2680 2537 2760 2594 eis
2779 2539 2869 2610 qui
2893 2539 3033 2595 bona
3064 2553 3376 2610 operantur,
3406 2555 3459 2599 et
3478 2544 3634 2610 velle,
3661 2556 3713 2604 et

2120 2626 2370 2696 operari,
2403 2641 2502 2697 pro
2549 2628 2692 2684 bona
2738 2626 3012 2687 voluntate
3060 2631 3319 2705 (Philipp.
3367 2651 3442 2701 n,
3487 2637 3594 2708 15).
3647 2641 3714 2692 tc’t

2122 2715 2366 2772 mndata
2391 2720 2501 2791 ejus
2527 2723 2814 2792 exquirant.
2847 2722 2985 2780 Cum
3006 2725 3118 2797 jam
3145 2744 3206 2784 ea
3236 2729 3549 2792 didicerint,
3578 2746 3711 2803 qun-

2120 2807 2286 2864 modo
2309 2808 2627 2881 exquirant?
2653 2811 2855 2879 Quanta
2882 2816 3026 2871 enim
3045 2857 3061 2880 ,
3089 2816 3298 2890 inquit,
3325 2816 3585 2876 arandatn't
3612 2837 3713 2892 pa-

2122 2900 2283 2958 tribus
2329 2904 2518 2959 nostris
2568 2915 2689 2960 nota
2724 2906 2892 2976 facere
2921 2911 2983 2963 e'a
3023 2905 3147 2978 ﬁliis
3183 2912 3317 2978 suis,
3363 2923 3423 2968 ut
3445 2926 3712 2984 cognoscat

2121 2994 2380 3065 generatio
2421 2997 2604 3053 altera.
2660 2999 2798 3067 Quid
2849 3002 3180 3073 cognoscat?
3230 3001 3422 3075 Utique
3463 3007 3718 3073 mandata

2121 3100 2244 3159 quas
2270 3087 2563 3144 mandavit.
2611 3089 2891 3158 Quomodo
2917 3108 3047 3167 ergo
3079 3094 3252 3152 adhuc
3271 3098 3577 3169 exquirant,
3608 3102 3710 3160 nisi

2120 3182 2244 3250 quia
2274 3181 2529 3251 ponendo
2556 3182 2610 3237 in
2642 3183 2752 3248 Deo
2775 3201 2926 3257 spem
2949 3202 3106 3242 suam
3128 3229 3143 3254 ,
3169 3198 3294 3246 tunc
3320 3192 3565 3248 mandata
3594 3194 3713 3263 ejus

2122 3273 2443 3344 exquirant,
2478 3284 2537 3328 ut
2561 3275 2631 3331 ab
2652 3277 2733 3332 eis
2759 3278 2853 3332 illo
2877 3276 3163 3348 adiuvante
3190 3263 3603 3353 compleantur?
3629 3278 3716 3345 Ne

2123 3362 2275 3432 ﬁant,
2295 3363 2428 3420 sicut
2454 3374 2625 3437 patres
2647 3383 2822 3438 eorum
2840 3410 2857 3435 ,
2878 3373 3134 3440 generatio
3159 3387 3314 3442 praua
3339 3383 3385 3428 et
3405 3375 3714 3439 amaricans;

2122 3448 2380 3525 genualia
2425 3472 2543 3529 qua
2583 3472 2688 3515 non
2722 3458 2910 3515 direxit
2944 3477 3034 3516 cor
3073 3478 3238 3516 suum.
3277 3459 3340 3518 Et
3367 3463 3494 3518 dicit
3515 3479 3712 3537 quare,

2124 3545 2382 3615 continuo
2407 3547 2818 3622 wbjnngendo,
2851 3546 2922 3605 Et
2966 3568 3070 3608 non
3095 3561 3169 3608 est
3197 3554 3417 3608 creditus
3456 3571 3570 3609 cum
3606 3552 3717 3613 Deo

2125 3640 2337 3716 spiritus
2357 3640 2470 3713 ejus
2503 3655 2526 3697 :
2553 3640 2609 3699 id
2636 3647 2753 3711 est,
2791 3643 2921 3718 quia
2967 3659 3079 3700 non
3121 3645 3359 3712 habebat,
3385 3646 3565 3716 iidem,
3595 3666 3716 3720 quse

2125 3730 2379 3803 impetrat
2399 3732 2543 3805 quod
2554 3732 2667 3789 Lex
2689 3735 2936 3805 imperat.
2963 3735 3187 3805 Quando
3209 3739 3350 3793 enim
3371 3751 3492 3803 cum
3519 3737 3717 3809 Spiritu

2126 3827 2224 3883 Dei
2249 3835 2509 3899 operante
2534 3827 2756 3899 spiritus
2781 3827 3014 3886 hominis
3038 3833 3375 3903 conparatur,
3407 3844 3533 3890 tunc
3572 3836 3715 3907 quod

2129 3919 2272 3977 Deus
2305 3919 2470 4004 jussit
2513 3921 2798 3993 impletur;
2828 3931 2884 3979 et
2910 3923 3014 3980 hoc
3042 3937 3150 3989 non
3198 3924 3257 3980 iit
3275 3966 3292 3992 ,
3321 3926 3421 3982 nisi
3450 3925 3717 3986 credendo

2129 4005 2194 4070 iu
2235 4027 2366 4082 eum
2415 4013 2506 4085 qui
2547 4013 2806 4084 justiticat
2844 4014 3067 4084 impium
3117 4011 3293 4086 (Rom.
3320 4034 3408 4085 tv,
3433 4021 3525 4083 Β).
3548 4019 3716 4088 Quam

2129 4106 2426 4163 lidem'non
2471 4105 2655 4162 habuit
2697 4107 2972 4178 generatio
3015 4119 3177 4178 prava
3209 4119 3261 4163 et
3308 4106 3638 4175 amaricahs;
3665 4123 3720 4170 ct

2131 4199 2253 4256 ideo
2282 4201 2352 4256 de
2396 4201 2484 4256 illa
2513 4201 2716 4262 dictum
2759 4210 2878 4256 est:
2909 4200 3034 4262 Non
3071 4212 3147 4256 est
3185 4205 3404 4262 creditus
3445 4219 3566 4257 cum
3610 4203 3721 4261 Deo

2130 4292 2343 4362 spiritus
2369 4293 2504 4362 ejus.
2542 4289 2711 4348 Multo
2736 4285 2882 4347 enim
2911 4293 3013 4348 hoc
3039 4295 3347 4365 expressius
3371 4295 3572 4351 dictum
3599 4308 3680 4352 est
3699 4337 3716 4365 ,

2130 4383 2196 4439 ad
2240 4372 2643 4456 signiﬁcandam
2670 4377 2894 4455 gratiam
2926 4385 3060 4461 Dei,
3089 4394 3204 4457 qua:
3245 4401 3349 4440 non
3374 4390 3548 4444 solum
3583 4402 3720 4459 cpe.

2130 4486 2281 4533 ratur
2327 4475 2706 4547 remissionem
2743 4471 3117 4545 peccatorum,
3169 4476 3263 4532 sed
3317 4479 3477 4533 etiam
3520 4492 3720 4551 coope-

2131 4576 2341 4622 rantem
2393 4566 2494 4621 sibi
2545 4565 2673 4622 facit
2727 4566 2961 4625 hominis
2999 4567 3242 4640 spiritum
3300 4570 3352 4624 in
3407 4584 3570 4643 opere
3625 4571 3724 4627 bo-

2131 4674 2325 4715 norum
2369 4660 2671 4722 factorum;
2715 4660 2865 4730 quasi
2913 4658 3143 4728 diceret,
3168 4657 3287 4720 Non
3331 4660 3561 4718 credidit
3609 4666 3723 4719 Deo

2132 4752 2377 4830 spiritus
2402 4750 2539 4821 ejus.
2568 4750 2682 4809 Hoc
2720 4760 2803 4807 est
2829 4741 2970 4806 enim
3023 4752 3220 4809 habere
3262 4769 3382 4808 cum
3403 4753 3518 4813 Deo
3547 4755 3746 4814 credi.

2130 4855 2244 4899 tum
2275 4845 2553 4915 spiritum,
2586 4854 2693 4900 non
2727 4844 2949 4900 credere
2987 4845 3229 4914 spiritum
3249 4861 3426 4906 'sutun
3450 4859 3615 4926 posse
3643 4850 3720 4904 ia-

2130 4951 2256 4992 cere
2275 4937 2394 4992 sine
2423 4931 2808 5010 Deojustitiam
2827 4963 2850 4998 -,
2879 4933 2973 4990 sed
2999 4950 3120 4990 cum
3149 4935 3280 4991 Deo.
3311 4933 3424 4993 Hoc
3449 4944 3532 4996 est
3557 4939 3719 4995 etiam

2131 5029 2357 5088 credere
2382 5029 2436 5083 in
2457 5027 2649 5093 Deum;
2679 5027 2819 5097 quod
2849 5028 3033 5098 utique
3051 5033 3172 5096 plus
3195 5035 3281 5082 est
3301 5042 3459 5098 quam
3496 5029 3721 5087 credere

2134 5121 2270 5178 Deo.
2297 5119 2429 5176 Nam
2472 5129 2529 5174 et
2553 5119 2762 5175 homini
2790 5119 3009 5175 cuilibet
3039 5114 3356 5190 plerumque
3393 5121 3718 5180 credendum

2131 5219 2232 5276 est,
2256 5211 2499 5282 quamvis
2522 5209 2578 5265 in
2604 5220 2726 5265 eum
2757 5226 2863 5266 non
2888 5211 2958 5265 sit
2981 5209 3330 5269 credendum.
3347 5211 3458 5270 Hoc
3481 5223 3569 5269 est
3591 5229 3721 5283 ergo

2132 5303 2352 5362 credere
2388 5303 2462 5359 in
2480 5301 2681 5369 Deum,
2724 5299 2993 5360 credendo
3033 5301 3311 5361 adhaerere
3363 5303 3429 5362 ad
3469 5307 3604 5360 bene
3629 5322 3723 5362 cos-

2131 5397 2465 5472 operandum
2491 5395 2633 5451 bona
2656 5390 2902 5466 aperanti
2931 5395 3038 5450 Deo
3059 5414 3074 5452 :
3107 5395 3244 5461 Quia
3267 5396 3376 5452 sine
3402 5412 3499 5463 me,
3528 5399 3718 5468 inquit,

2133 5488 2262 5545 nihil
2286 5492 2492 5559 potestis
2523 5493 2693 5558 [arere
2735 5485 2915 5558 (Joan.
2952 5502 3040 5544 xv.
3072 5488 3143 5560 5).
3195 5488 3329 5556 Quid
3377 5485 3552 5545 autem
3583 5493 3720 5567 plus

2135 5579 2263 5636 hinc
2304 5580 2595 5650 Apostolus
2637 5577 2821 5635 dicere
2867 5579 3077 5647 potuit,
3109 5593 3269 5647 quam
3311 5580 3451 5650 quod
3476 5583 3590 5637 ait:
3621 5581 3723 5648 Qui

2132 5682 2302 5729 unum
2346 5673 2576 5727 adhere!
2597 5670 2845 5736 Domino,
2873 5686 3002 5727 unus
3043 5674 3253 5743 spiritus
3283 5683 3357 5730 cst
3406 5676 3448 5744 (l
3480 5679 3595 5732 Cor.
3628 5693 3679 5733 vt
3703 5719 3717 5747 ,

2200 5788 2225 5833 ,ἰ
2245 5785 2317 5844 sic
2335 5788 2444 5838 ttss.
2471 5791 2527 5837 At
2544 5781 2668 5850 edd.
2683 5784 2779 5835 hoc
2795 5791 2985 5836 tantum
2997 5781 3122 5846 loco,
3141 5785 3417 5838 narrabant.
