3990 6338
350 365 560 433 -989.’

393 488 508 559 l'i).
539 487 786 559 Alioquin
803 485 894 544 lex
921 474 1009 543 illa
1041 485 1399 542 testimonium
1424 497 1516 544 .est
1533 502 1640 557 quo
1665 487 1967 549 damnetur,

393 593 502 634 non
556 596 662 650 quo
687 579 1008 647 absolvatur
1037 593 1178 634 reus.
1229 571 1426 633 Littera
1465 564 1972 650 enim'estminax',

390 677 512 743 quae
542 672 823 729 convincat
848 671 1310 747 praevaricatores;
1330 685 1437 725 non
1457 669 1675 740 Spiritus
1695 669 1982 739 adiuvans,

389 765 482 834 qui
534 763 723 835 liberet
767 770 822 818 et
853 760 1110 831 justiﬁeet
1147 760 1475 830 peccatores.
1515 759 1803 816 Generatio
1845 774 1974 829 ergo

395 858 484 911 illa
504 897 519 921 ,
551 855 703 925 cujus
744 851 1050 928 exemplum
1089 841 1386 908 cavendum
1421 862 1539 921 est,
1583 851 1704 907 ideo
1734 866 1894 923 prava
1918 859 1973 906 et

393 947 690 1004 amaricans
714 945 834 1014 fuit,
861 937 983 1019 quia
1006 945 1106 1000 non
1125 955 1224 1009 '_est-
1237 945 1454 1000 creditus
1481 960 1598 998 cum
1631 941 1739 998 Deo
1761 943 1972 1015 spiritus

387 1041 538 1106 eius:
577 1039 826 1111 quia’etsi
853 1037 1029 1109 aliqua
1067 1029 1296 1092 credidit
1330 1037 1438 1091 Deo
1461 1077 1478 1101 ,
1507 1050 1615 1090 non
1653 1044 1828 1090 tamen
1852 1047 1972 1090 cre-

389 1133 525 1188 didit
551 1133 604 1186 in
635 1114 822 1196 Deumi
849 1127 960 1185 non
983 1127 1174 1184 extide
1197 1127 1428 1184 adbmsit
1452 1127 1592 1193 Deo,
1617 1133 1677 1181 ut
1698 1150 1701 1153 -
1719 1133 1906 1180 sanata
1935 1140 1968 1180 a

387 1225 501 1279 Deo
525 1223 663 1280 bene
690 1229 1069 1292 cooperaretar
1092 1235 1213 1275 cum
1250 1204 1505 1295 (morante
1525 1217 1578 1274 in
1603 1231 1672 1297 se
1692 1215 1820 1273 Deo.
1843 1259 1847 1265 .

389 1312 394 1317 ’
456 1313 509 1370 9.
551 1312 702 1386 [νινε.
733 1311 816 1387 9.]
856 1312 1114 1382 Denique,
1159 1306 1283 1364 Filii
1311 1294 1552 1381 Ephrarm
1579 1294 1894 1363 intendentes
1917 1316 1964 1362 et

385 1405 630 1459 mittentes
654 1420 822 1470 arcus,
850 1403 1079 1457 conversi
1103 1411 1222 1455 sunt
1245 1400 1299 1454 in
1341 1401 1424 1454 die
1465 1397 1609 1453 belli.
1630 1398 1966 1466 Persequen-

383 1506 466 1552 les
494 1496 688 1566 Legem
713 1494 956 1565 iustitiae,
1007 1494 1060 1548 in
1090 1491 1286 1562 Legem
1307 1489 1528 1560 justitite
1572 1499 1962 1560 non'pervene-

379 1583 702 1656 ruul)(Ilom.
738 1599 818 1649 ιι,
850 1583 965 1654 51).
996 1579 1212 1650 Quare?
1237 1581 1367 1649 Quia
1406 1595 1512 1635 non
1541 1595 1606 1634 ex
1634 1577 1758 1634 lide.
1784 1578 1960 1634 Cene-

379 1678 517 1732 ratio
543 1675 685 1753 enim
710 1685 846 1743 erat,
879 1675 1030 1744 cujus
1063 1673 1281 1742 spiritus
1303 1668 1425 1752 cum
1452 1671 1562 1727 Deo
1585 1664 1818 1725 creditus
1852 1685 1958 1725 non

376 1777 486 1842 est,
529 1768 622 1826 sed
638 1749 894 1839 tanquam
923 1781 991 1822 ex
1015 1764 1305 1836 operibus;
1331 1749 1452 1833 quia
1483 1773 1589 1818 non
1626 1758 1764 1818 sicut
1790 1764 1960 1817 teten-

375 1861 453 1915 dit
508 1868 563 1916 et
604 1858 749 1914 misit
789 1873 944 1914 ancus
985 1855 1147 1932 (quod
1181 1853 1310 1910 leris
1341 1861 1582 1924 apparet,
1627 1862 1876 1923 tanquam
1905 1852 1955 1906 in

375 1951 627 2023 operibus
649 1949 862 2021 Legis),
885 1950 956 2004 ita
980 1935 1180 2004 direxit
1205 1954 1262 2002 et
1285 1959 1399 2008 cor.
1431 1943 1516 2000 ubi
1538 1943 1716 2015 justus
1739 1942 1869 1998 vivit
1891 1957 1959 1998 ex

375 2040 482 2098 ﬁde
503 2041 618 2114 (Id.
649 2057 687 2109 ι,
711 2042 826 2110 17),
851 2056 969 2112 qua:
997 2052 1093 2110 per
1108 2037 1442 2092 dilectionem
1470 2045 1720 2106 operatur
1741 2033 1882 2104 (Gul.
1901 2049 1954 2100 ν,

375 2135 455 2206 6),
495 2145 598 2206 qua
628 2132 919 2188 inbueretur
961 2129 1094 2195 Deo,
1125 2128 1216 2200 qui
1255 2136 1507 2197 operatur
1543 2125 1597 2197 in.
1631 2114 1870 2188 homine,
1903 2132 1956 2180 et

373 2225 534 2291 velle,
562 2233 617 2280 et
635 2222 868 2295 operari,
895 2235 992 2291 pro
1015 2220 1154 2275 bona
1180 2217 1450 2274 voluntate
1469 2215 1728 2287 (Philipp.
1753 2232 1814 2282 ιι,
1839 2214 1951 2284 l5).

371 2315 506 2372 Nam
532 2314 658 2387 qttid
701 2322 784 2370 est
827 2311 966 2368 aliud
1012 2311 1229 2366 tendere
1258 2323 1465 2374 arcum,
1513 2319 1571 2362 et
1617 2308 1850 2370 mittere,
1902 2316 1956 2362 et

373 2409 610 2468 converti
639 2410 691 2461 in
717 2409 808 2462 die
835 2404 982 2467 belli,
1011 2401 1113 2458 nisi
1153 2399 1431 2456 attendere
1467 2408 1524 2455 et
1557 2399 1869 2470 promittere
1900 2397 1951 2452 in

373 2499 464 2554 die
497 2497 806 2563 auditionis,
836 2505 889 2549 et
929 2493 1178 2548 deserere
1205 2491 1258 2545 in
1286 2489 1374 2545 die
1418 2489 1760 2554 tentalionis;
1790 2487 1954 2542 armis

371 2589 523 2662 quasi
541 2585 856 2663 proludere,
897 2596 950 2641 et
988 2583 1054 2639 ad
1097 2582 1284 2638 horam
1327 2579 1636 2636 certaminis
1675 2578 1817 2634 nolle
1853 2594 1951 2647 pu-

368 2676 588 2752 gnare?
607 2677 755 2745 Quod
797 2691 927 2732 sane
965 2676 1058 2738 ait,
1089 2673 1344 2728 tendentes
1385 2680 1432 2728 et
1475 2671 1724 2727 mittentes
1765 2685 1954 2736 arcus;

371 2788 494 2829 cum
535 2771 787 2828 debuisse
823 2768 1003 2824 dicere
1043 2763 1308 2829 videatur,
1353 2764 1630 2828 tendentes
1678 2776 1854 2825 arcus,
1899 2769 1956 2816 et

373 2867 646 2921 mittentes
674 2864 924 2934 sagittas;
963 2871 1069 2914 non
1098 2857 1240 2912 enim
1277 2869 1434 2911 arcus
1476 2854 1722 2918 mittitur,
1764 2851 1860 2908 sed
1885 2852 1955 2908 ab

369 2973 498 3014 arcu
521 2954 722 3027 aliquid
768 2953 998 3008 mittitur
1024 2968 1036 3004 :
1065 2957 1159 3004 aut
1187 2948 1276 3004 illa
1306 2947 1504 3003 locutio
1529 2955 1612 3004 est
1637 2945 1708 3001 tle
1736 2959 1838 3016 qua
1862 2960 1954 3000 su-

371 3049 553 3120 perius
571 3045 940 3111 disseruimus,
962 3043 1052 3098 ubi
1072 3043 1268 3097 dictum
1290 3051 1395 3108 est,
1417 3039 1690 3095 Suscitavit
1711 3038 1956 3097 Testimo-

369 3139 533 3206 nium,
563 3138 686 3209 quia
727 3135 1004 3192 suscitavit
1037 3131 1235 3203 aliquid
1265 3131 1629 3196 Testltnonio;
1658 3131 1729 3186 ita
1759 3141 1813 3186 et
1841 3129 1952 3198 hic,

372 3234 621 3287 mittentes
655 3245 828 3295 arcus,
874 3219 1010 3298 quia
1041 3225 1302 3280 miserunt
1332 3209 1532 3294 aliquid
1569 3221 1836 3281 arcubus:
1864 3229 1954 3277 aut

370 3325 630 3379 obscurus
669 3319 805 3377 ordo
845 3318 1131 3375 verborum
1176 3324 1280 3382 est,
1329 3330 1450 3370 cum
1499 3307 1954 3386 praetermissione

370 3413 539 3477 verbi,
567 3409 708 3482 quod
739 3409 902 3465 etiam
924 3408 1141 3464 tacitum
1178 3405 1602 3462 subaudmndum
1629 3412 1733 3471 est,
1764 3414 1823 3459 ut
1852 3405 1952 3465 istc

369 3503 504 3559 ordo
532 3503 623 3568 sit,
657 3501 780 3557 Filii
803 3499 1050 3572 Ephrtent
1072 3497 1386 3564 inundantes
1417 3513 1584 3560 arcus,
1611 3506 1662 3550 et
1681 3496 1948 3563 mittentes,

369 3605 426 3652 et
463 3578 827 3659 subaudiat'ur,
859 3576 1126 3662 Sagittas;
1169 3589 1484 3660 pleniusque
1523 3587 1612 3653 sit,
1647 3586 1951 3643 Tendentes

369 3702 548 3751 arcus,
586 3694 641 3741 et
680 3685 957 3754 mittentes
981 3682 1214 3756 sagittas
1243 3697 1260 3736 :
1286 3680 1407 3752 quia
1448 3678 1607 3734 etiam
1646 3678 1692 3734 si
1726 3677 1946 3739 diceret.

370 3777 703 3842 Tendentes,
750 3783 816 3845 et
829 3765 1106 3852 mittentes
1138 3771 1382 3842 sagittas,
1428 3785 1534 3826 non
1574 3769 1776 3839 utique,
1811 3767 1952 3824 Ten—

367 3871 555 3926 dentes
584 3869 827 3940 sagittas,
857 3865 1154 3936 intelligere
1175 3863 1524 3929 deberemus;
1553 3861 1645 3917 sed
1674 3861 1858 3918 audito
1884 3876 1952 3918 eo

367 3946 510 4033 quod
559 3960 716 4023 dixit.
769 3956 1095 4020 Tcndentes,
1145 3954 1439 4012 subaudire
1481 3955 1682 4024 potius,
1730 3955 1946 4021 Arcum,

367 4053 610 4124 quamvis
649 4052 850 4106 dictum
895 4063 1005 4104 non.
1055 4040 1235 4111 fuerit.
1271 4045 1520 4101 Nonnulli
1575 4060 1704 4100 sane
1738 4044 1951 4100 codices

365 4145 524 4219 ει·τοί
554 4143 750 4198 habere
777 4141 1046 4205 dicuntur,
1076 4137 1332 4210 tendentes
1351 4146 1399 4191 et
1426 4137 1678 4190 mittentes
1708 4135 1946 4202 arcubus,

369 4249 426 4291 ut
452 4237 569 4292 sine
594 4234 926 4290 dubitatione
953 4226 1336 4295 subaudiamus
1362 4227 1611 4300 Sagittas.
1639 4228 1790 4297 Quod
1820 4243 1950 4286 vero

361 4308 462 4410 per
514 4324 650 4381 ﬁlios
695 4325 944 4396 Ephrem
1006 4321 1309 4379 universam
1357 4319 1498 4374 illam
1551 4319 1948 4392 generationem

368 4419 751 4475 amaricantem
783 4413 1005 4483 intelligi
1049 4410 1237 4478 voluit,
1267 4410 1466 4489 locutio
1495 4419 1581 4466 est
1619 4425 1650 4466 a
1675 4422 1829 4480 parte
1865 4421 1948 4466 to-

368 4521 481 4565 tum
528 4505 854 4578 signiﬁcans.
882 4507 950 4560 Et
974 4503 1093 4560 ideo
1127 4501 1354 4557 fortasse
1375 4502 1545 4556 electa
1571 4511 1656 4557 est
1679 4500 1778 4555 ista
1802 4516 1946 4572 pars,

368 4619 434 4658 ex
463 4616 566 4672 qua
587 4601 678 4656 ille
717 4598 945 4669 populus
980 4605 1122 4651 totus
1158 4593 1572 4665 signiﬁcaretur,
1597 4593 1723 4663 quia
1755 4591 1824 4650 de
1864 4592 1949 4647 his

369 4691 706 4763 potissimum
731 4688 857 4745 boni
891 4674 1090 4759 aliquid
1133 4683 1544 4760 exspectandum
1573 4685 1702 4751 fuit;
1732 4685 1853 4755 quia
1882 4701 1951 4740 ex

368 4780 460 4837 illo
490 4781 600 4839 nati
620 4787 775 4845 sunt,
800 4793 958 4848 quem
981 4783 1228 4848 nepotem
1255 4788 1410 4854 suum
1439 4772 1622 4838 Jacob,
1655 4773 1897 4843 quamvis
1917 4789 1950 4829 a

367 4883 530 4946 patre
550 4873 668 4942 ejus
705 4880 957 4942 tanquam
999 4869 1265 4925 minorem
1305 4866 1372 4922 ad
1402 4865 1948 4943 sinislram'constitu-

368 4945 500 5030 tum,
527 4978 687 5018 manu
718 4971 896 5017 tamen
937 4961 1156 5016 dextera
1182 4945 1471 5023 benedixit,
1507 4971 1736 5027 eumque
1760 4958 1950 5028 majori

351 5052 519 5127 (fratri
542 5067 740 5109 arcana
756 5048 1124 5108 benedictione
1146 5048 1432 5120 praeposuit
1451 5048 1600 5120 (Gen.
1624 5045 1946 5122 mnu”);
2025 5107 2037 5125 Α,

2053 5128 2341 5194 cationem,
2370 5142 2494 5181 cum
2519 5141 2584 5183 ea
2611 5143 2731 5198 qua:
2758 5127 3158 5198 prmcipiuntur,
3185 5129 3478 5188 torinsecus
3505 5131 3637 5187 ltunt

370 5153 428 5202 ut
451 5143 602 5216 quod
620 5145 694 5200 ita
728 5147 834 5201 hoc
859 5143 978 5198 loco
1027 5142 1196 5198 tribus
1224 5142 1312 5196 illa
1345 5141 1606 5210 culpatur,
1648 5155 1746 5195 ncc
1788 5156 1951 5211 appa-

371 5236 546 5293 ruisse
570 5235 627 5292 in
663 5250 729 5291 ea
757 5234 900 5306 quod
928 5232 1022 5289 ilia
1046 5232 1347 5288 benedictio
1385 5231 1725 5300 promittebat
1763 5241 1949 5287 osten-

370 5329 531 5394 ditur,
574 5327 709 5384 satis
737 5327 1099 5396 intelligamus
1137 5325 1278 5394 quod
1324 5327 1482 5399 etiam
1512 5335 1637 5379 tunc
1677 5341 1741 5378 ex
1773 5323 1949 5382 verbis

369 5418 688 5492 patriarchas
708 5416 875 5474 Jacob
912 5418 1066 5486 longe
1091 5415 1234 5474 aliud
1263 5399 1612 5484 ﬁgurabatur,
1641 5430 1796 5483 quam
1829 5431 1950 5483 pru-

367 5507 545 5568 dentia
564 5509 742 5565 carnis
763 5515 1056 5578 exspectat.
1082 5505 1432 5576 Figurabatur
1453 5506 1593 5562 enim
1621 5499 1760 5575 quod
1791 5505 1948 5560 futuri

360 5598 556 5668 essent
581 5601 855 5659 novissimi
882 5603 972 5671 qui
998 5610 1150 5656 erant
1183 5599 1358 5668 primi,
1397 5607 1451 5652 ct
1481 5598 1634 5666 primi
1673 5597 1833 5652 futuri
1859 5613 1947 5652 es-

369 5701 495 5748 sent
520 5694 613 5765 qui
639 5703 795 5750 erant
826 5689 1098 5748 novissimi
1132 5688 1340 5760 (Matth.
1375 5704 1462 5749 sx.
1494 5689 1607 5755 l6),
1637 5703 1733 5756 per
1760 5689 1947 5742 Salva-

353 5769 917 5853 -torls\ad'rentum,'de
937 5797 1042 5854 quo
1062 5780 1262 5842 dictum
1283 5788 1366 5835 est
1391 5797 1406 5838 :
1435 5775 1535 5844 Qui
1561 5790 1669 5854 post
1695 5797 1770 5832 me
1787 5779 1935 5844 venit,

1458 335 1851 435 maritimo
1872 367 1942 423 IN
1979 367 2301 430 PSALMUM
2338 371 2625 431 Lxxvn-

3557 383 3660 445 990

2064 486 2496 584 {memoratus
2528 454 2802 554 esttJoan.
2831 513 2871 563 ι,
2899 496 3015 572 27).
3062 498 3154 557 Sic
3185 499 3316 560 Abel
3336 500 3510 574 justus
3536 520 3659 584 rna-

2072 577 2178 650 lori
2209 581 2458 650 prmlatus
2507 594 2590 666 est
2627 585 2776 643 lratri
2821 588 2973 659 (Cen.
3002 609 3075 660 tv,
3102 593 3156 657 4,
3200 595 3281 666 5),
3326 597 3406 652 sic
3449 581 3653 655 lsmaeli

2077 668 2226 726 Isaac
2249 673 2270 744 ί
2275 667 2358 727 Id.
2385 688 2496 740 ιιι,
2524 678 2634 750 12),
2660 682 2738 736 sic
2777 681 2915 755 Esau
2933 686 3260 756 congemino
3293 702 3408 753 sun,
3437 687 3530 745 sed
3573 697 3654 744 ta-

2048 761 2201 816 ~men
2227 763 2375 832 prius
2397 765 2541 830 nato,
2575 766 2688 838 ipse
2709 769 2872 826 Jacob
2895 771 3009 842 (Id.
3041 791 3165 841 xxv,
3193 776 3287 847 25)
3307 794 3322 843 ;
3345 778 3423 831 sic
3450 769 3652 835 Phares

2073 861 2130 908 et
2154 853 2268 923 ipse
2289 858 2660 926 congcminum
2686 874 2862 921 suum.
2888 865 2978 930 Qui
3001 867 3146 934 prius
3168 883 3379 922 manum
3407 884 3472 924 ex
3499 867 3650 926 utero

2072 945 2311 1034 miserat.
2349 957 2405 1002 et
2429 946 2669 1030 coeperat
2699 953 2864 1016 nasci,
2889 958 3052 1034 etiam
3089 959 3354 1015 nascendo
3383 961 3652 1031 prteccssit

2073 1033 2187 1103 (Id.
2223 1051 2409 1103 xxvm,
2431 1038 2660 1112 27-29);
2686 1041 2764 1113 sic
2791 1033 3271 1116 Davidgmajoribus
3303 1049 3547 1118 pnrlatus
3567 1061 3649 1105 est

2069 1123 2324 1182 fratribus
2341 1127 2384 1200 (Ι
2409 1130 2540 1200 Reg.
2565 1131 2796 1212 3",:12)
2825 1144 2912 1201 εει
2931 1124 3147 1204 propter
3163 1132 3304 1205 quod
3325 1137 3437 1192 ista:
3463 1156 3649 1196 omnes

2067 1223 2229 1288 atque
2259 1219 2380 1274 alia:
2416 1221 2639 1289 similes,
2667 1237 2772 1279 nan
2811 1220 2984 1280 solum
3023 1225 3330 1292 dictorum,
3362 1225 3456 1281 sed
3481 1228 3670 1296 etiam

2067 1307 2325 1363 factorum
2354 1312 2616 1379 parabole:
2641 1323 3045 1382 pmcesserunt,
3091 1314 3170 1370 sic
3200 1309 3403 1386 populo
3421 1298 3663 1378 Jndteoi‘

2065 1413 2184 1453 rum
2211 1401 2460 1469 praelatus
2487 1412 2569 1459 est
2603 1403 2827 1473 populus
2868 1404 3213 1472 christianos,
3247 1393 3346 1477 pro
3368 1421 3475 1477 quo
3525 1405 3650 1463 red—

2065 1488 2302 1556 imendo,
2331 1492 2776 1562 quemadmodum
2807 1493 2998 1552 Abel'a
3024 1495 3152 1552 Cain
3183 1489 3434 1567 (θώων,
3457 1495 3539 1566 8),
3569 1496 3673 1554 sic'
3717 1508 3719 1510 '
3778 1514 3782 1520 ’

2062 1593 2095 1633 a
2119 1579 2320 1637 Judaeis
2341 1582 2549 1638 occisus
2577 1594 2657 1641 est
2684 1583 2946 1642 Christus.
2985 1586 3098 1644 Hoc
3126 1586 3518 1660 prteﬁguratum
3562 1596 3647 1644 est

2061 1673 2204 1730 enim
2233 1675 2392 1732 etiam
2417 1692 2540 1732 eum
2559 1677 2722 1734 Jacob
2743 1667 3061 1735 decussaiim
3089 1681 3346 1750 porrectis
3373 1679 3640 1746 manibus,

2061 1763 2281 1822 dextera
2332 1767 2505 1837 tetigit
2549 1769 2800 1840 Ephrem
2845 1770 2912 1826 ad
2955 1771 3222 1827 sinistram
3261 1772 3642 1836 constitutum;

2061 1873 2290 1929 eumque
2317 1861 2608 1930 praeposuit
2643 1861 2885 1917 Manasse
2925 1861 2992 1916 ad
3021 1862 3308 1917 dexteram.
3331 1862 3639 1926 constituto,

2059 1962 2224 2017 quem
2249 1949 2464 2006 sinistra
2496 1951 2612 2022 ipse
2636 1951 2903 2022 tangebat.
2931 1951 3064 2006 Nam
3091 1951 3382 2008 secundum
3421 1966 3639 2006 carnem

2060 2038 2159 2108 filii
2193 2038 2439 2109 Epitth
2472 2042 2784 2097 intendent“
2826 2051 2876 2097 et
2908 2043 3158 2096 mittentes
3199 2057 3366 2107 arcus,
3416 2041 3641 2096 conversi

2059 2128 2248 2184 suntin
2265 2131 2355 2185 die
2374 2129 2515 2186 belli.

2131 2219 2220 2276 10.
2260 2219 2412 2295 [sers.
2443 2221 2556 2296 l0.]
2592 2222 2728 2290 Quid
2765 2223 2835 2279 sit
2877 2233 3055 2305 autem
3098 2221 3239 2294 quod
3268 2221 3363 2290 ait,
3403 2220 3642 2278 Conversi

2057 2319 2176 2366 sunt
2200 2312 2253 2367 in
2277 2313 2361 2368 die
2384 2313 2521 2382 belli,
2545 2316 2926 2386 consequentia
2951 2316 3166 2382 docent,
3197 2315 3388 2386 quibus
3413 2314 3465 2372 id
3493 2329 3642 2385 aper-

2059 2401 2265 2458 tissime
2287 2404 2579 2475 exposuit:
2603 2403 2727 2460 Non
2759 2405 3120 2472 custodierunt,
3149 2406 3337 2477 inquit,
3377 2415 3641 2462 testam-

2058 2500 2166 2546 tum
2193 2491 2311 2560 Dei,
2339 2505 2387 2548 et
2406 2495 2458 2549 in
2481 2494 2591 2567 lege
2625 2496 2735 2568 rjus
2759 2496 3022 2552 noluerunt
3044 2494 3320 2551 mbula“.
3351 2495 3491 2554 Ecce
3513 2497 3638 2570 quid

2057 2591 2160 2649 est,
2183 2582 2422 2640 Conversi
2455 2595 2573 2640 sunt
2609 2584 2664 2640 in
2692 2585 2775 2640 die
2800 2584 2919 2640 belli
2937 2601 2960 2643 :
2988 2600 3094 2642 non
3121 2584 3539 2642 observaverunt
3561 2595 3640 2641 te-
3737 2602 3741 2604 ν

2056 2679 2379 2729 stamentum
2429 2675 2548 2731 Dei.
2595 2673 2698 2732 Ubi
2739 2688 2896 2732 arcus
2937 2674 3220 2732 tendentes
3254 2684 3311 2733 et
3347 2675 3637 2744 mittentes,

2057 2763 2216 2817 etiam
2259 2762 2632 2835 promissionis
2659 2765 3067 2836 promptissima:
3103 2766 3261 2822 verba
3286 2764 3639 2836 protulerunt,

2055 2852 2295 2909 dicentes
2324 2873 2339 2909 :
2369 2855 2711 2926 Quacumque
2745 2855 2942 2936 locutus
2983 2866 3058 2913 est
3097 2855 3348 2912 Dominus
3375 2856 3516 2914 Deus
3541 2874 3640 2913 uo-

2057 2955 2177 3013 ster,
2213 2946 2459 3013 facimus
2495 2957 2543 3002 et
2579 2939 2844 3004 audiemus
2868 2949 2888 2982 ⁸
2920 2947 3113 3022 (Exod.
3139 2964 3253 3018 xu,
3278 2950 3361 3023 8).
3405 2949 3640 3008 Conversi

2055 3046 2175 3092 sunt
2198 3037 2251 3091 in
2277 3037 2361 3092 die
2383 3037 2543 3093 belli:
2568 3039 2689 3110 quia
2731 3041 3133 3110 promissionem
3159 3041 3502 3110 obedientiaa,
3531 3059 3638 3102 non

2057 3127 2281 3194 auditio,
2303 3129 2399 3184 sed
2420 3129 2639 3186 tentatio
2663 3130 2874 3201 probat.
2895 3130 3058 3203 Cujus
3074 3139 3158 3188 est
3182 3142 3358 3188 autem
3378 3147 3500 3190 cum
3527 3133 3639 3191 Deo

2055 3218 2276 3288 spiritus
2299 3218 2557 3286 creditus,
2588 3219 2800 3276 ﬁdelem
2845 3223 2990 3277 tenet
3017 3221 3206 3289 Deum,
3232 3221 3321 3293 qui
3364 3238 3472 3279 non
3512 3238 3636 3280 eum

2057 3305 2328 3379 permittet
2356 3309 2548 3366 tentari
2590 3323 2752 3380 super
2785 3310 2927 3386 quod
2950 3321 3162 3382 potest;
3199 3312 3298 3368 sed
3331 3313 3490 3370 faciet
3513 3328 3636 3370 cum

2029 3398 2351 3456 'tentatione
2373 3399 2533 3456 ctiam
2561 3400 2786 3468 exitum,
2816 3409 2875 3456 ut
2899 3402 3066 3472 possit
3089 3401 3356 3460 sustinere
3378 3403 3422 3475 (l
3437 3402 3559 3460 Cor.
3575 3419 3634 3474 Χ,

2059 3487 2168 3562 l3),
2192 3504 2261 3546 ne
2285 3499 2626 3546 convertatur
2649 3491 2702 3546 in
2728 3491 2816 3549 die
2841 3491 2988 3548 belli.
3015 3492 3116 3562 Qui
3145 3502 3327 3552 autem
3342 3494 3399 3550 in
3423 3509 3504 3562 se,
3525 3510 3636 3552 non

2057 3583 2109 3636 in
2141 3581 2251 3638 Deo
2276 3583 2536 3654 gloriatur
2559 3577 2721 3656 (Ibid.
2750 3601 2790 3653 ι,
2819 3585 2934 3656 51),
2960 3587 3304 3657 quantumvis
3322 3585 3488 3658 iactet
3516 3587 3634 3660 pol-

2056 3673 2400 3730 licitationem
2425 3673 2634 3730 virtutis
2654 3689 2786 3742 sum,
2809 3675 2953 3732 velut
2983 3677 3207 3732 tendens
3225 3684 3280 3734 et
3307 3677 3524 3736 mittens
3548 3693 3637 3735 sr-

2053 3779 2172 3832 cus,
2199 3765 2526 3822 convertitur
2550 3766 2601 3820 in
2629 3765 2716 3822 die
2755 3766 2901 3822 belli.
2927 3767 3062 3835 Quis
3101 3767 3246 3824 enim
3271 3783 3379 3826 non
3409 3776 3493 3826 est
3515 3784 3638 3829 ere-

2053 3857 2197 3913 ditus
2221 3867 2344 3914 eum
2373 3860 2480 3915 Deo
2520 3858 2740 3929 spiritus
2766 3860 2904 3928 ejus,
2941 3876 3048 3915 non
3077 3870 3162 3917 est
3185 3876 3308 3917 cum
3337 3860 3432 3918 illo
3470 3862 3635 3920 etiam

2053 3950 2286 4023 Spiritus
2317 3952 2451 4020 Dei;
2477 3961 2553 4019 et,
2591 3953 2730 4008 sicut
2765 3953 3022 4022 scriptum
3043 3962 3148 4022 est,
3176 3951 3313 4019 Quia
3338 3969 3442 4012 non
3467 3954 3630 4008 credi-

2053 4045 2149 4111 dit,
2192 4045 2308 4100 ideo
2363 4058 2464 4098 non
2503 4053 2793 4114 protegetur
2834 4041 3022 4115 (Eccli.
3064 4059 3122 4110 ιι,
3154 4041 3268 4115 15).
3313 4043 3466 4114 Quod
3504 4060 3636 4103 vero

2053 4149 2174 4189 cum
2199 4133 2440 4198 dixisset,
2470 4132 2591 4188 Non
2617 4133 2999 4189 observaverunt
3019 4143 3369 4202 testamentum
3392 4136 3507 4200 Dei,
3536 4135 3636 4195 ad~

2048 4219 2180 4290 jecit
2201 4229 2256 4275 et
2278 4219 2372 4285 ait,
2401 4217 2466 4272 Et
2487 4219 2543 4273 in
2568 4219 2676 4290 lege
2698 4219 2810 4290 ejus
2838 4220 3107 4275 noluerunt
3125 4219 3417 4285 ambulare;
3441 4221 3634 4290 repeti-

2055 4316 2127 4368 tio
2155 4322 2235 4368 est
2259 4310 2553 4382 superioris
2592 4310 2890 4377 sententiae,
2929 4325 3050 4367 cum
3075 4311 3302 4381 quadam
3331 4311 3449 4382 eius
3471 4325 3636 4383 expo-

2052 4403 2245 4458 sitione
2271 4418 2284 4452 :
2315 4401 2417 4456 hoc
2453 4401 2596 4456 enim
2623 4401 2931 4472 appellavit,
2962 4402 3120 4472 legem
3144 4402 3275 4472 ejus,
3307 4402 3448 4473 quod
3474 4417 3637 4476 supra

2050 4491 2257 4548 dixerat
2297 4499 2646 4546 testamentum
2668 4488 2800 4554 Dei;
2838 4499 2899 4545 ut
2945 4488 3074 4544 illud
3116 4489 3256 4561 quod
3296 4491 3496 4555 dictum
3527 4501 3630 4560 est,

2050 4599 2154 4638 non
2179 4581 2540 4647 custodierunt,
2573 4581 2856 4650 repetitum
2896 4579 3223 4650 intelligattIr
3252 4581 3304 4636 in
3335 4594 3423 4650 eo,
3459 4583 3636 4637 ambu-

2053 4672 2164 4732 lare
2199 4673 2487 4728 natumut.
2529 4669 2634 4727 Sed
2672 4685 2794 4725 cum
2824 4670 3039 4726 brevius
3080 4670 3185 4724 dici
3233 4683 3432 4741 posset,
3474 4673 3543 4728 Et
3579 4674 3632 4730 in

2052 4765 2174 4838 lege
2189 4765 2310 4835 ejus
2337 4779 2442 4820 non
2473 4763 2897 4827 ambulaverunt,
2919 4762 3165 4818 nonnihil
3191 4761 3321 4818 mihi
3345 4763 3554 4822 videtur
3578 4767 3633 4823 in

2053 4857 2158 4914 hoc
2185 4855 2350 4911 verbo
2379 4869 2479 4909 nos
2501 4869 2745 4925 quaerere
2770 4854 3025 4922 voluisse,
3047 4854 3188 4925 quod
3217 4855 3402 4911 maluit
3429 4839 3633 4925 dicere,

2053 4947 2320 5001 noluerunt
2347 4944 2626 5008 cumulare,
2664 4959 2846 5015 quam,
2880 4948 2988 5000 non
3017 4942 3442 5002 ambulaverunt.
3472 4945 3632 5020 Pote-

2051 5047 2136 5092 rat
2152 5037 2294 5092 enim
2323 5036 2491 5108 putari
2518 5035 2604 5091 lex
2631 5034 2851 5105 operum
2883 5035 3034 5108 quasi
3069 5036 3319 5110 sufﬁcere
3355 5037 3421 5093 ad
3442 5038 3634 5108 justiﬁ-

2053 5219 2120 5274 ab
2148 5218 2229 5273 eis
2263 5217 2567 5273 hominibus
2590 5217 2680 5288 qui
2712 5217 2931 5272 mallent
2968 5232 3074 5272 non
3101 5218 3319 5293 prtecipi
3363 5234 3484 5290 quae
3527 5235 3634 5276 non

2053 5325 2121 5366 ex
2145 5307 2310 5364 corde
2332 5308 2546 5375 faciunt,
2577 5318 2633 5362 et
2660 5317 2837 5362 tamen
2877 5306 3200 5375 faciunt;-ac
3226 5324 3321 5378 per
3345 5309 3448 5365 hoc
3483 5310 3635 5381 qtmsi

2053 5401 2303 5456 videntur
2330 5400 2603 5456 ambulare
2627 5400 2680 5455 in
2708 5400 2822 5470 lege
2848 5400 2964 5465 Dei,
2993 5400 3087 5455 sed
3109 5398 3307 5461 uelunt,
3324 5401 3633 5458 ambulare:

2053 5508 2162 5548 non
2199 5492 2343 5548 enim
2388 5507 2454 5548 ex
2495 5491 2657 5547 corde
2699 5490 2916 5546 faciunt.
2959 5491 3039 5546 Ex
3081 5492 3243 5547 corde
3277 5504 3452 5548 autem
3491 5481 3634 5551 nullo

2054 5587 2215 5645 modo
2242 5585 2354 5646 ﬁeri
2387 5597 2580 5658 potest,
2611 5586 2751 5657 quod
2783 5584 3065 5643 formidine
3105 5587 3166 5643 ﬁt
3188 5601 3382 5659 mute,
3410 5605 3520 5647 non
3547 5589 3631 5645 di-

2053 5789 2081 5849 f
2106 5721 2306 5838 352:"?
2350 5734 2459 5775 uss.
2485 5723 2685 5799 σεε-ψη]
2707 5729 2838 5772 Lxx.
2865 5729 2922 5774 Δι
2955 5723 3007 5773 tn
3045 5721 3193 5777 editis
3210 5723 3310 5788 hic,
3327 5723 3581 5778 aitdiemus
3593 5735 3640 5780 et

2074 5803 2104 5837 ιι
2279 5803 2301 5834 ὀ

2074 5803 2301 5837 amemus.
