3990 6314
394 364 494 423 οθι

393 477 622 534 lectione
645 467 882 542 iustitim.
910 465 1044 522 Nam
1072 470 1324 536 quantum
1362 462 1555 517 attinet
1595 461 1661 516 ad
1692 460 1825 516 facta
1853 475 1972 530 quae

391 567 690 623 forinsecus
733 567 960 630 aguntur
989 574 1004 611 :
1031 566 1088 612 et
1135 554 1227 626 qui
1275 555 1465 608 timent
1513 566 1746 621 pinnam,
1793 562 1847 606 et
1884 551 1975 620 qui

391 664 577 711 amant
606 653 865 724 justitiam
913 664 1020 703 non
1065 646 1343 712 furantur;
1393 655 1450 700 et
1491 643 1612 698 ideo
1662 659 1817 713 pares
1855 650 1978 696 sunt

391 761 576 805 manu.
611 744 855 815 dispares
884 739 1082 802 corde;
1125 750 1282 809 pares
1305 750 1488 804 opere,
1519 734 1761 805 dispares
1783 733 1978 788 volun-

391 844 525 889 tate.
557 833 684 888 Ideo
708 831 781 885 illi
810 829 889 884 sic
927 826 1093 883 notati
1133 833 1298 880 sunt:
1327 821 1617 888 Generatio,
1649 821 1838 892 inquit,
1864 835 1980 892 qua

389 942 478 980 cor
515 941 616 978 non
655 919 842 978 direxit
882 934 1053 975 suum.
1099 914 1218 972 Non
1244 914 1444 970 dictum
1477 923 1578 979 est,
1626 927 1787 984 opera
1813 929 1829 972 ;
1859 911 1977 979 sed,

388 1032 493 1069 cor.
528 1014 738 1069 Direeto
779 1011 924 1066 enim
952 1007 1136 1074 corde,
1167 1015 1314 1062 recta
1345 1014 1470 1060 sunt
1494 1019 1656 1075 opera
1683 1021 1696 1058 :
1725 1019 1847 1058 eum
1876 1018 1977 1057 au-

390 1111 497 1157 tem
541 1117 638 1159 cor
676 1101 940 1155 directum
990 1111 1098 1152 non
1132 1103 1236 1163 est,
1280 1108 1446 1164 opera
1489 1101 1633 1148 recta
1681 1107 1786 1148 non
1826 1100 1974 1159 sunt,

388 1193 600 1249 etiamsi
627 1201 770 1248 recta
790 1190 1090 1247 videantur.
1117 1187 1181 1242 Et
1202 1184 1343 1241 unde
1361 1199 1456 1240 cor
1480 1199 1583 1239 non
1599 1183 1792 1238 direxit
1815 1199 1976 1254 prava

389 1284 683 1355 generatio,
714 1283 845 1338 satis
867 1279 1094 1353 aperuit,
1127 1291 1251 1333 cum
1277 1276 1392 1332 ait:
1421 1275 1488 1331 Et
1525 1291 1627 1330 non
1660 1285 1734 1329 est
1757 1274 1977 1331 creditus

389 1392 507 1430 cum
528 1374 634 1429 Deo
659 1374 868 1445 spiritus
889 1371 1018 1441 ejus.
1051 1369 1248 1426 Rectus
1271 1375 1356 1424 est
1385 1366 1530 1422 enim
1569 1364 1711 1423 Deus
1737 1382 1754 1418 :
1777 1375 1833 1421 et
1855 1363 1978 1421 ideo

387 1476 538 1524 recto
564 1466 867 1529 adhaerens,
899 1472 1149 1531 tanquam
1175 1456 1598 1515 incommutabili
1624 1455 1841 1528 regulis,
1863 1470 1966 1526 po-

389 1565 494 1614 test
520 1557 633 1613 lieri
659 1565 862 1612 rectum
899 1551 1044 1625 quod
1070 1553 1125 1607 in
1148 1565 1210 1607 se
1231 1549 1331 1605 fuit
1354 1563 1574 1620 pravum
1602 1561 1698 1605 cor
1721 1547 1973 1602 hominis.

391 1648 461 1706 Ut
482 1657 658 1705 autem
678 1663 774 1705 cor
798 1662 920 1704 cum
945 1645 1034 1702 illo
1052 1645 1144 1709 sit,
1165 1651 1221 1700 et
1241 1657 1336 1714 per
1357 1639 1462 1697 hoc
1485 1648 1691 1697 rectum
1711 1653 1832 1695 esse
1850 1653 1976 1710 pos-

391 1740 483 1806 sit,
505 1738 775 1795 acceditur
798 1737 864 1792 ad
889 1751 1035 1802 eum,
1078 1749 1184 1790 non
1222 1733 1379 1804 pede,
1407 1731 1501 1787 sed
1531 1730 1654 1787 lida.
1690 1731 1812 1786 Ideo
1839 1729 1975 1785 dici-

399 1840 488 1886 tur
530 1830 689 1885 etiam
720 1830 772 1884 in
805 1827 1039 1900 Epistola
1081 1825 1149 1880 ad
1179 1823 1431 1880 Hebraeos
1453 1823 1524 1879 de
1548 1822 1636 1878 illa
1669 1821 1782 1892 ipsa
1809 1835 1977 1892 gene-

390 1922 597 1979 ratione
647 1936 807 1992 prava
863 1928 919 1974 et
966 1919 1289 1974 amaricante
1333 1932 1351 1972 :
1387 1913 1512 1972 Non
1575 1914 1766 1986 profuit
1805 1927 1978 1968 sermo

387 2014 593 2068 auditus
611 2012 716 2068 illis
735 2028 837 2067 non
860 2010 1246 2079 contemperatis
1258 2008 1276 2042 ⁸
1305 2007 1424 2077 ﬁdei
1442 2021 1616 2062 eorum
1635 2005 1721 2077 qui
1739 2004 1979 2061 obaudie-

388 2112 508 2157 runt
549 2100 739 2176 (Hebr.
770 2117 844 2167 tv,
873 2099 956 2171 2).
986 2099 1244 2155 Voluntas
1284 2097 1442 2168 igitur
1464 2112 1586 2167 qua:
1625 2104 1713 2153 est
1733 2093 1791 2151 in
1815 2092 1979 2153 corde

388 2201 558 2255 recto.
590 2199 806 2262 paratur
830 2207 862 2245 a
899 2190 1145 2253 Domino,
1179 2187 1284 2243 fide
1308 2186 1664 2256 przecedente,
1691 2199 1794 2257 qua
1823 2201 1978 2242 acce-

387 2283 532 2339 ditur
554 2283 622 2338 ad
651 2283 816 2340 Deum
843 2290 1070 2346 rectum,
1101 2289 1160 2335 ut
1177 2295 1273 2334 cor
1300 2279 1388 2333 liat
1416 2287 1644 2333 rectum.
1670 2277 1802 2345 Qua:
1821 2277 1974 2347 ﬁdes,

387 2376 747 2448 praeveniente
792 2383 848 2432 ct
874 2383 1102 2429 vocante
1141 2370 1508 2427 misericordia
1547 2369 1666 2435 Dei,
1709 2385 1804 2439 per
1842 2369 1975 2425 obe-

388 2467 644 2523 dientiam
695 2465 1018 2530 suscitatur;
1069 2474 1124 2519 et
1165 2462 1436 2532 applicare
1483 2459 1668 2532 incipit
1701 2460 1768 2514 ad
1808 2459 1976 2515 Deum

388 2573 500 2623 cor,
531 2566 589 2612 ut
611 2557 903 2628 dirigatur;
925 2563 980 2610 ct
1002 2564 1201 2625 quanto
1226 2551 1396 2622 magis
1417 2551 1690 2623 magisque
1710 2550 1974 2622 dirigitur,

389 2660 538 2705 tanto
583 2649 754 2720 magis
784 2649 928 2704 videt
955 2647 1096 2718 quod
1131 2661 1237 2700 non
1286 2642 1518 2707 videbat,
1563 2653 1620 2698 et
1645 2641 1787 2697 valet
1833 2641 1976 2712 quod

388 2756 497 2795 non
525 2739 753 2795 valebat.
786 2738 900 2794 [loc
925 2754 1030 2793 non
1063 2737 1260 2791 fecerat
1285 2733 1494 2802 Simon,
1521 2732 1606 2789 cui
1634 2731 1823 2788 Petrus
1849 2746 1977 2802 apo-

387 2835 558 2891 stolus
583 2829 718 2889 dixit
743 2848 760 2887 :
783 2828 905 2885 Non
946 2837 1018 2883 est
1047 2825 1134 2880 tibi
1165 2842 1282 2896 pars
1305 2840 1464 2897 neque
1493 2839 1604 2879 sors
1631 2824 1686 2880 in
1710 2823 1806 2878 hac
1840 2824 1977 2894 ﬁde;

387 2944 478 2982 cor
499 2926 634 2980 enim
657 2933 802 2978 tuum
828 2938 929 2977 non
955 2929 1028 2974 est
1048 2928 1238 2974 rectum
1261 2933 1376 2972 cum
1407 2915 1516 2970 Deo
1538 2915 1678 2987 (Act.
1707 2930 1821 2984 Vill,
1853 2913 1973 2990 2|).

391 3017 468 3072 lbi
497 3013 640 3072 enim
669 3011 905 3070 ostendit
929 3011 1053 3081 quia
1099 3023 1208 3064 non
1249 3014 1426 3080 potest
1451 3020 1573 3062 esse
1615 3013 1820 3062 rectum
1861 3007 1978 3063 sine

388 3108 523 3174 Dec,
555 3113 618 3161 ut
647 3103 903 3173 incipiant
941 3102 1208 3166 homines,
1239 3113 1346 3153 non
1394 3107 1646 3167 tanquam
1691 3096 1834 3152 servi
1874 3098 1977 3153 sub

391 3199 510 3267 lege
545 3194 821 3251 ambulare
861 3199 1180 3255 metuentes,
1230 3186 1324 3244 sed
1363 3186 1416 3242 in
1442 3188 1558 3258 lege
1593 3196 1845 3258 tanquam
1879 3187 1976 3245 filii

389 3290 653 3354 volentes,
683 3287 736 3342 in
763 3301 868 3356 qua
896 3285 975 3339 illi
1018 3281 1295 3339 ambulare
1323 3280 1629 3348 noluerunt,
1663 3290 1718 3336 et
1759 3281 1859 3336 sub
1884 3281 1973 3336 illa

390 3379 472 3436 rei
499 3386 890 3434 remanserunt.
924 3375 1073 3430 lianc
1109 3372 1254 3428 enim
1277 3371 1610 3427 voluntatem
1655 3386 1759 3427 non
1792 3372 1973 3440 timor,

390 3468 489 3524 sed
519 3467 752 3522 cbaritas
796 3467 975 3526 habet,
1013 3479 1131 3533 quae
1161 3461 1476 3517 dilfunditur
1504 3461 1555 3515 in
1581 3462 1830 3517 cordibus
1857 3477 1976 3517 cre-

391 3552 631 3612 dentium
659 3571 756 3626 per
793 3553 1050 3626 Spiritmn
1096 3558 1340 3607 sanctum
1369 3549 1549 3616 (Rom.
1575 3565 1628 3617 v,
1657 3550 1737 3622 5).
1765 3549 1973 3617 Quibus

391 3649 629 3705 dicitur:
665 3646 887 3704 «Gratia
931 3645 1063 3700 salvi
1105 3643 1225 3698 facti
1255 3643 1387 3699 estis
1411 3657 1507 3712 per
1551 3641 1734 3708 tidem,
1774 3652 1830 3697 ct
1873 3642 1977 3698 hoc

392 3759 499 3799 non
523 3757 589 3797 ex
618 3740 790 3807 vobis,
817 3737 910 3794 sed
940 3736 1032 3792 Dei
1061 3736 1260 3792 donum
1302 3745 1419 3800 est;
1449 3751 1554 3788 non
1602 3750 1668 3788 ex
1699 3733 1974 3803 operibus,

393 3850 462 3891 uc
490 3834 629 3890 forte
650 3832 772 3903 quis
793 3831 1099 3886 extollatur.
1149 3828 1318 3895 ipsius
1361 3827 1503 3881 cnim
1534 3841 1719 3879 smnus
1754 3825 1978 3893 figmen-

391 3938 526 3992 tmn,
566 3923 733 3981 creati
776 3923 830 3977 in
868 3920 1081 3978 Christo
1108 3921 1235 3976 Jesu
1275 3921 1327 3972 in
1365 3919 1614 3987 operibus
1651 3918 1825 3982 bonis,
1859 3932 1977 3986 quas

392 4017 714 4089 praeparavit
757 4016 899 4071 Deus
931 4025 990 4069 ut
1018 4015 1070 4068 in
1101 4013 1209 4067 illis
1249 4011 1584 4065 ambulemus
1608 4028 1629 4062 ι
1671 4008 1886 4081 (Epites.
1913 4026 1973 4078 ιι,

391 4110 573 4181 8-l0).
599 4108 715 4165 Non
743 4105 1013 4178 quomodo
1059 4105 1165 4172 isti,
1211 4103 1303 4174 qui
1343 4104 1395 4157 in
1435 4102 1545 4174 lege
1571 4103 1680 4171 ejus
1706 4101 1976 4156 noluerunt

388 4201 670 4266 ambulare,
713 4216 821 4255 non
859 4197 1127 4255 credendo
1171 4196 1224 4250 in
1259 4209 1405 4258 eum,
1451 4207 1624 4262 neque
1654 4191 1790 4247 viam
1820 4207 1973 4248 suam

389 4293 678 4351 revelando
709 4291 780 4350 ad
818 4308 942 4348 eum
985 4299 1040 4347 et
1085 4286 1351 4360 sperando
1387 4287 1439 4341 in
1467 4301 1615 4352 eum,
1653 4293 1712 4340 ut
1747 4283 1861 4357 ipse
1899 4284 1978 4342 fa-

387 4393 555 4442 ceret.

460 4478 550 4534 ﬂ.
591 4474 742 4550 [vers.
774 4475 864 4539 il,
897 4471 1010 4545 η]
1048 4470 1116 4524 Et
1141 4469 1282 4525 obliti
1307 4477 1425 4523 sunt
1453 4466 1809 4537 beneﬁciorum
1844 4468 1975 4540 ejus,

389 4579 438 4624 et
468 4567 778 4623 mirabilium
799 4568 908 4638 ejus
927 4580 1044 4636 qua:
1063 4561 1278 4618 ostendit
1311 4562 1406 4627 eis,
1435 4578 1606 4616 coram
1630 4562 1860 4633 patribus
1882 4577 1974 4617 eo-

388 4676 502 4714 rum
525 4660 672 4731 qua'
694 4657 811 4731 fecit
846 4654 1119 4710 mirabilia.
1147 4651 1288 4722 Quid
1325 4653 1396 4708 sit
1423 4651 1548 4719 hoc,
1588 4665 1697 4707 non
1721 4657 1806 4707 est
1827 4665 1976 4723 qum—

390 4751 496 4806 stio
523 4747 858 4820 negligenda.
890 4747 966 4801 De
1002 4745 1131 4816 ipsis
1156 4743 1396 4816 patribus
1423 4743 1584 4814 paulo
1613 4750 1740 4797 ante
1766 4742 1977 4799 dicebat

389 4841 532 4913 quod
560 4841 746 4897 fuisset
774 4839 1049 4910 generatio
1075 4852 1236 4910 prava
1273 4846 1330 4893 et
1357 4835 1675 4892 amaricans.
1709 4833 1792 4890 Ne
1825 4835 1972 4904 ﬁant,

391 4933 581 5005 inquit.
627 4932 759 4988 sicut
783 4940 952 5001 patres
991 4945 1186 4996 eorum,
1215 4929 1473 5001 generatio
1502 4943 1659 4999 prava
1697 4936 1744 4982 et
1785 4927 1976 4981 amari-

391 5040 553 5089 cans;
603 5021 857 5094 generatio
885 5034 1002 5092 qua:
1035 5036 1138 5075 non
1173 5020 1359 5075 direxit
1390 5035 1477 5073 cor
1498 5034 1669 5086 suum,
1696 5029 1750 5073 ct
1778 5027 1974 5073 cratera

390 5131 512 5187 quae
537 5114 714 5170 adhuc
747 5113 816 5169 de
843 5113 959 5184 ipsa
987 5111 1333 5184 generatione
1359 5110 1626 5175 dicuntur,
1659 5110 1815 5180 cujds
1851 5109 1974 5164 imi-

388 5207 643 5261 tationem
682 5218 748 5260 eo
777 5203 937 5259 modo
965 5201 1254 5258 cavendam
1285 5201 1525 5273 pmcipit
1559 5200 1716 5256 alteri
1743 5216 1973 5269 genera-

386 5291 542 5364 tioni,
563 5304 620 5350 ut
641 5303 830 5365 ponant
855 5295 907 5348 in
935 5291 1042 5347 Deo
1065 5309 1205 5360 spem
1229 5308 1396 5358 suam,
1425 5301 1472 5345 et
1494 5307 1594 5346 non
1619 5289 1975 5345 obliviscantur

378 5399 597 5454 operum
615 5383 734 5454 Dei,
762 5393 808 5438 et
837 5383 1075 5438 mandata
1097 5383 1207 5454 ejus
1229 5384 1492 5452 exquirant
1517 5397 1536 5436 :
1559 5381 1626 5435 dc
1651 5382 1842 5451 quibus
1861 5381 1970 5449 jam

445 5570 463 5602 ί
492 5565 627 5621 md"
657 5557 858 5615 auditus
876 5556 977 5621 illis
998 5571 1090 5608 non
1129 5564 1490 5621 conternperans
1519 5553 1640 5620 ﬁdei
1658 5567 1842 5611 eorum.
1872 5565 1969 5606 etc.

382 5629 472 5679 sed
501 5623 583 5678 illa
600 5618 712 5677 iss.
737 5638 848 5689 quae
871 5620 954 5674 hic
974 5622 1248 5689 restituitur
1270 5618 1436 5678 lectio,
1461 5618 1527 5666 in'
1541 5624 1757 5666 amcam
1782 5625 1971 5666 textum

385 5689 596 5751 Apostoli
620 5701 717 5751 non
740 5682 900 5736 minus
919 5682 1140 5751 quadrat.

449 5755 466 5781 ί
495 5748 752 5812 particula,
793 5740 952 5812 ρειαί
971 5748 1114 5797 deest
1141 5744 1188 5793 in
1215 5741 1385 5804 editis;
1411 5740 1500 5793 sed
1526 5748 1686 5792 exstat
1711 5741 1758 5790 in
1787 5746 1894 5791 uss.
1919 5749 1970 5791 et

389 5813 673 5877 ειωω.

1565 356 1622 404 S.
1655 347 2018 405 AUGUSTI?“
2064 345 2369 404 EPISCOH

3569 355 3671 410 992

2090 462 2219 516 satis
2239 463 2380 533 quod
2399 463 2567 519 visum
2593 475 2676 520 est
2695 464 3063 526 disseruimus.
3092 464 3225 534 Quid
3253 467 3352 522 sibi
3381 483 3507 539 ergo
3533 471 3665 538 vult,

2087 569 2207 607 cum
2257 555 2326 609 dc
2367 554 2479 625 ipsa
2513 558 2858 626 generatione
2902 573 3062 627 prava
3104 559 3348 629 loquatur
3401 560 3667 629 quouwdu

2089 645 2229 699 obliti
2243 657 2359 701 sunt
2376 648 2728 717 beneﬁciorum
2743 647 2859 715 Dei,
2873 650 3235 704 etmirabilium
3251 652 3360 721 ejus
3373 667 3485 718 qua
3499 662 3668 706 oeten-

2089 736 2162 788 dit
2200 737 2290 802 eis,
2320 736 2460 808 quod
2497 738 2700 793 addidit
2739 735 2795 794 et
2819 740 2952 795 dicit
2982 758 2998 794 :
3027 739 3210 797 Coram
3240 742 3471 812 patribus
3497 760 3668 799 eorum

2089 845 2202 898 quae
2236 832 2356 900 fecit
2397 832 2668 887 mirabilia.
2710 833 2916 902 Quibus
2965 835 3223 905 patribus,
3262 850 3383 890 cum
3435 834 3525 890 isti
3572 836 3667 906 ipsi

2088 923 2194 977 sint
2221 934 2423 992 patres,
2468 941 2692 994 quorum
2721 942 2829 982 non
2848 927 2970 982 vult
3004 941 3125 983 esse
3150 939 3398 999 posteros
3432 927 3669 983 similes?

2088 1013 2141 1069 Si
2173 1014 2295 1069 illos
2327 1017 2690 1087 acceperimus
2725 1033 2793 1074 ex
2834 1017 3034 1090 quibus
3060 1017 3146 1074 isti
3185 1019 3295 1074 nati
3321 1027 3498 1085 erant,
3521 1019 3670 1075 velut

2089 1105 2380 1171 Abraham,
2429 1105 2575 1162 Isaac
2619 1117 2676 1163 et
2720 1108 2918 1175 Iacob;
2971 1109 3084 1179 jam
3143 1109 3272 1164 olim
3314 1109 3665 1177 dormierant,

2088 1199 2302 1266 quando
2328 1200 2592 1254 mirabilia
2628 1201 2765 1257 Deus
2786 1203 3022 1257 ostendit
3049 1203 3100 1256 in
3130 1199 3384 1272 Egypto.
3412 1200 3666 1271 Sequitur

2088 1291 2254 1356 enim,
2287 1287 2353 1344 In
2389 1301 2523 1344 terra
2551 1290 2792 1363 1E9ypti,
2835 1294 2889 1347 in
2912 1309 3090 1365 campo
3118 1290 3349 1347 Tltaneos
3374 1308 3394 1346 :
3422 1293 3508 1346 ubi
3539 1293 3666 1347 dicit

2087 1380 2387 1437 ostendisse
2414 1382 2578 1437 Deum
2610 1384 2726 1438 istis
2771 1384 3032 1439 mirabilia
3065 1398 3247 1438 coram
3291 1384 3529 1453 patribus
3569 1400 3666 1438 eo-

2087 1488 2228 1526 rum.
2267 1476 2349 1529 An
2377 1472 2517 1529 forte
2557 1476 2744 1543 spiritu
2777 1484 3072 1548 praesentes
3094 1484 3269 1538 erant,
3293 1475 3414 1546 quia
3441 1475 3510 1531 de
3538 1476 3666 1545 ipsis

2092 1562 2344 1617 Dominus
2395 1566 2446 1619 in
2496 1565 2784 1637 Evangelio
2829 1567 2944 1622 ait:
2976 1563 3164 1621 Omnes
3205 1567 3338 1620 enim
3373 1565 3452 1625 illi
3500 1566 3669 1621 uiuunt

2088 1653 2237 1723 (Luc.
2269 1671 2361 1720 xx,
2392 1655 2526 1726 58)?
2551 1659 2632 1712 An
2664 1656 3117 1712 accommodatius
3149 1657 3440 1727 accipimus
3465 1667 3663 1726 patres,

2086 1743 2328 1817 Moysen,
2344 1753 2398 1800 et
2411 1747 2613 1813 Aaron,
2630 1745 2869 1815 aliosque
2880 1747 3122 1802 seniores
3132 1746 3225 1817 qui
3237 1761 3663 1803 commemoran-

2087 1843 2175 1892 tur
2192 1837 2246 1892 in
2267 1837 2454 1892 eadem
2472 1837 2745 1908 Scriptura
2767 1837 2928 1892 etiam
2949 1836 3194 1908 spiritum
3211 1838 3507 1907 accepisse,
3527 1837 3667 1892 unde

2085 1935 2365 1997 acceperat
2388 1935 2444 1982 et
2469 1926 2701 2000 Moyses,
2739 1937 2798 1982 ut
2824 1943 2949 1984 eum
2986 1926 3298 1999 adjuvareut
3323 1928 3388 1982 ad
3420 1929 3665 1982 eumdem

2085 2019 2341 2090 populum
2354 2019 2644 2092 regendum
2655 2034 2718 2075 ac
2731 2019 3007 2077 ferendum
3020 2017 3102 2091 (Ν
3106 2037 3209 2074 mn.
3224 2036 3300 2085 ιι,
3321 2021 3405 2084 l6,
3423 2018 3512 2092 l7)
3524 2021 3547 2074 ?
3561 2020 3669 2074 Cur

2086 2115 2230 2168 enim
2270 2127 2378 2170 non
2407 2112 2802 2186 appellarentur
2829 2112 3046 2184 patres?
3074 2112 3188 2168 Non
3230 2112 3371 2168 sicut
3401 2113 3540 2166 Deus
3569 2112 3667 2166 Pa-

2087 2212 2174 2261 tcr
2201 2220 2339 2261 unus
2367 2213 2451 2263 est
2487 2206 2578 2277 qui
2611 2215 2891 2276 regenerat
2915 2204 3118 2275 Spiritu
3158 2220 3258 2260 suo
3282 2220 3417 2276 quos
3447 2203 3571 2259 facit
3600 2205 3664 2258 li-

2087 2297 2189 2354 lios
2227 2297 2294 2354 ad
2343 2308 2598 2355 aeternam
2643 2299 3042 2364 haereditatem;
3080 2299 3176 2354 sed
3219 2298 3436 2354 honoris
3473 2299 3664 2368 gratia,

2087 2401 2306 2461 propter
2330 2399 2544 2446 mutem
2582 2405 2874 2460 curamque
2904 2388 3116 2461 pietatis
3141 2407 3156 2442 :
3177 2389 3316 2444 sicut
3345 2389 3536 2444 Paulus
3575 2405 3665 2443 se-

2086 2482 2207 2538 nior
2232 2483 2381 2549 dicit,
2413 2481 2536 2538 Non
2575 2492 2630 2537 ut
2657 2483 2969 2552 confundant
3005 2498 3111 2546 vos,
3142 2483 3249 2536 lure
3269 2482 3472 2545 scribo;
3498 2483 3586 2536 sed
3613 2486 3669 2535 ut

2087 2577 2220 2646 ﬁlios
2248 2593 2384 2632 meos
2423 2576 2748 2630 charissimos
2795 2592 3012 2642 moneo;
3058 2591 3180 2632 cum
3215 2576 3376 2631 sciret
3419 2576 3600 2646 utique
3633 2593 3661 2628 a

2090 2668 2317 2724 Domino
2361 2668 2585 2734 dictum,
2627 2665 2713 2722 Ne
2747 2667 2885 2722 vobis
2928 2665 3109 2721 dicatis
3155 2677 3349 2737 patrem
3395 2666 3449 2720 in
3493 2677 3665 2729 terra;

2085 2777 2216 2815 unus
2234 2771 2306 2814 est
2330 2759 2464 2814 enim
2495 2759 2647 2815 Pater
2665 2771 2822 2814 vester
2843 2758 2982 2814 Deus
3001 2755 3211 2832 (Matth.
3235 2773 3383 2823 χχιιι,
3413 2757 3490 2828 9).
3515 2758 3665 2828 Quod

2085 2869 2191 2909 non
2224 2850 2345 2908 ideo
2379 2853 2581 2908 dictum
2611 2862 2714 2919 est,
2762 2860 2822 2906 ut
2849 2851 2951 2905 hoc
2974 2850 3291 2905 vocabulum
3323 2851 3541 2908 honoris
3568 2852 3667 2905 hu-

2087 2947 2230 3002 mani
2269 2948 2340 3002 de
2381 2945 2632 3016 loquendi
2682 2943 3068 3000 consuetudine
3114 2943 3419 3009 tolleretur;
3462 2946 3553 2999 sed
3597 2960 3666 2999 ne

2085 3041 2254 3110 gratia
2283 3039 2373 3094 Dei
2399 3053 2503 3110 qua
2531 3038 2583 3092 in
2610 3049 2865 3092 aeternam
2896 3036 3057 3092 vitam
3081 3051 3482 3106 regeneramur.
3515 3049 3666 3090 natu-

2083 3147 2181 3197 rae,
2209 3131 2292 3187 vel
2325 3131 2597 3201 potestati,
2629 3130 2710 3184 vel
2738 3129 2897 3185 etiam
2930 3127 3195 3183 sanctitati
3222 3128 3532 3198 cujusquam
3565 3129 3664 3182 ho-

2084 3224 2246 3281 minis
2273 3223 2616 3279 tribueretur.
2646 3221 2774 3277 ldeo
2797 3235 2919 3275 cum
2961 3219 3188 3286 diceret,
3225 3216 3335 3288 Ego
3361 3235 3446 3273 vos
3470 3221 3620 3291 genui
3645 3234 3665 3274 :

2086 3313 2352 3386 prtedixit,
2380 3312 2448 3368 In
2467 3311 2687 3377 Christo,
2713 3319 2766 3366 et
2791 3328 2880 3381 per
2902 3309 3232 3381 Euangeliunt
3257 3309 3301 3382 (l
3331 3308 3447 3364 Cor.
3476 3326 3547 3371 tv,
3573 3311 3660 3376 14,

2085 3406 2209 3480 15);
2236 3421 2303 3462 ne
2332 3404 2502 3476 ipsius
2529 3413 2806 3475 putaretur
2829 3416 2950 3458 esse
2975 3401 3116 3472 quod
3143 3402 3238 3456 Dei
3262 3411 3364 3456 est.

2159 3499 2247 3555 12.
2287 3498 2429 3569 Ergo
2469 3495 2556 3553 illa
2597 3495 2854 3567 generatio
2897 3508 3052 3561 prava
3088 3501 3138 3548 et
3179 3493 3492 3553 amaricans.
3524 3493 3665 3546 obliti

2082 3599 2197 3646 sunt
2236 3587 2586 3658 beneﬁciorum
2611 3583 2728 3652 Dei,
2758 3592 2806 3638 et
2833 3581 3137 3638 mirabilium
3164 3581 3274 3653 ejus
3305 3599 3420 3654 qua!
3453 3585 3666 3637 ostendit

2083 3682 2174 3743 eis,
2205 3695 2374 3732 coram
2405 3675 2628 3747 patribus
2664 3690 2836 3728 eorum
2874 3688 2988 3744 qua
3019 3672 3137 3743 fecit
3174 3672 3426 3726 mirabilia
3454 3674 3502 3727 in
3532 3682 3666 3726 terra

2084 3768 2324 3842 zEgypti,
2351 3767 2404 3822 in
2425 3783 2604 3837 eampo
2626 3764 2875 3820 Tlcaneos.
2899 3763 2968 3818 Et
2987 3762 3170 3833 incipit
3193 3763 3379 3818 eadem
3403 3762 3663 3818 mirabilia

2081 3861 2554 3920 commemorando
2599 3867 2862 3915 retexere.
2897 3855 3026 3924 ρυω
3067 3855 3113 3911 si
3157 3855 3422 3925 parabola:
3457 3865 3584 3910 sunt
3610 3865 3665 3911 et

2085 3954 2491 4025 propositiones,
2525 3949 2763 4021 profecto
2799 3947 2866 4004 ad
2901 3945 3101 4018 aliquid
3128 3944 3484 4014 comparando
3523 3946 3663 4001 refe-

2083 4047 2266 4104 rendze
2294 4054 2435 4101 sunt.
2466 4044 2575 4100 Nec
2599 4042 2810 4098 oculum
2840 4039 3152 4096 intentionis
3179 4037 3434 4093 debemus
3455 4039 3664 4093 auferre

2083 4139 2152 4195 ab
2194 4153 2259 4195 eo
2291 4137 2433 4207 quod
2481 4135 2716 4205 psalmus
2762 4133 2875 4203 ipse
2919 4128 3147 4186 intendit
3189 4129 3492 4198 ostendere,
3522 4128 3664 4184 hunc

2083 4246 2202 4286 esse
2231 4230 2458 4284 fructum
2487 4226 2725 4281 omnium
2752 4239 2871 4295 qua!
2897 4221 3246 4286 dicuntur,'et
3277 4235 3441 4290 quare
3472 4220 3663 4275 admo-

2082 4321 2179 4377 niti
2207 4336 2390 4375 sumus
2418 4318 2535 4374 hare
2559 4314 2913 4372 intentissime
2939 4312 3144 4376 audire,
3175 4312 3284 4366 Deo
3311 4312 3540 4374 dicente,
3567 4313 3657 4365 At-

2082 4413 2288 4478 tendite,
2327 4409 2544 4482 populus
2587 4422 2749 4474 meus,
2799 4404 2956 4477 legem
3000 4419 3161 4459 meam
3177 4419 3198 4469 ,'
3225 4402 3462 4457 inclinate
3487 4418 3664 4456 aurem

2081 4517 2296 4560 vestram
2339 4502 2392 4557 in
2435 4499 2582 4555 verba
2618 4498 2721 4553 oris
2762 4497 2894 4563 mei;
2919 4505 2978 4552 ut
3005 4508 3263 4566 ponamus
3299 4494 3351 4548 in
3377 4494 3484 4548 Deo
3511 4507 3661 4564 spem

2082 4604 2319 4652 nostram
2339 4633 2355 4659 ,
2385 4600 2441 4647 et
2469 4605 2572 4645 non
2612 4587 2992 4644 obliviscamur
3015 4599 3235 4655 operum
3265 4583 3386 4649 Dei,
3425 4592 3479 4640 et
3506 4599 3662 4638 man-

2082 4688 2203 4744 data
2245 4685 2363 4757 ejus
2404 4682 2780 4754 exquiramus;
2815 4693 2885 4735 ne
2925 4680 3134 4743 ﬁamus,
3165 4677 3304 4732 sicut
3345 4675 3418 4730 illi
3461 4685 3660 4745 patres,

2081 4777 2353 4851 generatio
2381 4791 2538 4850 prava
2565 4783 2620 4828 et
2644 4773 2976 4835 amaricans;
3005 4769 3278 4839 generatio
3297 4784 3414 4838 qua:
3433 4782 3526 4822 cor
3551 4783 3658 4823 non

2080 4873 2276 4928 direxit
2316 4885 2492 4934 suum,
2532 4875 2586 4924 et
2630 4881 2736 4921 non
2778 4873 2864 4922 est
2902 4862 3137 4919 creditus
3163 4876 3284 4916 cum
3307 4862 3414 4915 Deo
3442 4861 3663 4930 spiritus

2080 4963 2218 5032 ejus.
2243 4958 2323 5017 Ad
2351 4961 2452 5014 hoc
2476 4972 2604 5028 ergo
2630 4954 2807 5011 omnia
2833 4953 3110 5009 referenda
3148 4960 3290 5017 sunt,
3325 4965 3388 5005 ac
3427 4967 3521 5020 per
3558 4951 3661 5007 hoc

2079 5054 2331 5128 quidquid
2358 5054 2575 5124 ﬁgurata
2602 5049 2811 5104 actione
2838 5047 2937 5102 ista
2965 5045 3282 5115 signiﬁcant,
3307 5046 3376 5099 ita
3404 5042 3514 5098 ﬁeri
3538 5057 3663 5114 pos-

2079 5158 2203 5206 sunt
2231 5145 2576 5218 spiritualiter
2606 5159 2658 5197 In
2690 5141 2944 5204 homine;
2977 5139 3058 5193 vel
3088 5132 3254 5208 gratia
3288 5137 3376 5191 Dei
3397 5178 3412 5200 ,
3445 5135 3490 5190 si
3519 5137 3656 5191 bona

2079 5251 2238 5306 sunt;
2270 5237 2351 5292 vel
2381 5235 2582 5307 judicio
2620 5233 2748 5300 Dei,
2777 5233 2822 5288 si
2861 5231 2998 5287 mala
3042 5238 3166 5284 sunt
3193 5246 3209 5282 :
3240 5227 3375 5282 sicut
3405 5226 3490 5282 illa
3521 5227 3656 5281 bona

2080 5335 2213 5389 facta
2258 5341 2381 5386 sunt
2427 5330 2478 5384 in
2524 5327 2812 5388 lsraelitas,
2843 5323 2926 5379 vel
2971 5322 3131 5387 mala,
3160 5331 3215 5374 et
3244 5321 3294 5374 in
3326 5318 3487 5389 ipsos,
3519 5328 3574 5373 et
3603 5319 3657 5373 in

2077 5441 2261 5481 eorum
2291 5421 2551 5476 inimicos.
2571 5419 2702 5487 Qua:
2728 5417 2772 5472 si
2798 5431 2904 5470 non
2930 5412 3324 5476 obliviscamur,
3345 5409 3438 5465 sed
3466 5409 3516 5463 in
3546 5409 3658 5463 ibeo

2076 5531 2226 5585 spem
2256 5523 2490 5567 nostram
2519 5521 2797 5580 ponamus,
2828 5519 2927 5560 nec
2957 5504 3123 5573 ipsius
3159 5501 3337 5572 gratia:
3366 5501 3530 5554 simus
3572 5498 3655 5552 in-

2075 5605 2245 5676 grati;
2276 5617 2504 5673 eumquc
2545 5601 2845 5660 timeamus,
2892 5609 2999 5649 non
3053 5593 3243 5648 timore
3297 5589 3504 5652 servili,
3549 5604 3658 5655 quo

2077 5697 2188 5752 sola
2235 5695 2368 5748 mala
2414 5689 2704 5760 corporalia
2754 5685 3125 5748 formidatum,
3158 5681 3250 5735 sed
3290 5681 3478 5733 timore
3505 5688 3656 5730 casto

2079 5796 2422 5863 permanente
2465 5786 2516 5840 in
2556 5781 2808 5835 ςςιεςυιυω
2854 5778 3053 5841 εωςυιί,
3090 5774 3179 5846 qni
3222 5775 3382 5828 timor
3408 5783 3655 5840 magnam
