3990 6328
334 417 440 481 995

331 546 454 587 esse
474 532 675 603 judieat
696 550 905 604 pinnam
933 540 1126 607 privari
1158 540 1276 597 luce
1304 544 1559 611 juStitite;
1586 560 1691 601 non
1717 546 1919 602 elﬁcie-

333 637 474 687 mur,
502 634 749 695 tanquam
779 638 957 697 patres
988 630 1081 697 illi,
1106 636 1381 700 generatio
1428 652 1587 707 prava
1624 648 1680 692 et
1722 638 1922 693 amari-

331 727 482 767 cans.
506 714 669 771 Terra
700 718 877 789 itaque
899 719 1119 793 Egypti
1160 724 1212 777 in
1256 726 1417 794 figura
1462 728 1801 798 intelligenda
1840 740 1922 784 est

333 803 493 875 hujus
519 808 721 862 smculi.
750 809 977 880 Campus
1003 812 1247 869 Thaueos
1284 817 1530 884 planities
1570 830 1651 872 est
1688 821 1921 875 mandati

333 894 574 951 humilis.
598 898 730 953 Nam
753 899 1059 957 Mandatum
1084 904 1281 959 humile
1304 907 1681 976 interpretatur
1697 908 1917 965 Thanis.

333 985 390 1039 lu
432 986 535 1042 hoc
559 1003 689 1059 ergo
729 991 929 1046 saeculo
957 992 1272 1049 humilitatis
1311 997 1616 1052 mandatum
1660 1002 1920 1069 suscipia-

331 1091 473 1142 mus,
498 1086 555 1132 ut
585 1079 637 1133 in
666 1080 772 1135 alio
810 1084 1007 1139 saeculo
1045 1086 1443 1155 exaltationem,
1481 1105 1637 1162 quam
1679 1093 1919 1161 promisit

328 1166 421 1236 qui
449 1176 670 1238 propter
694 1186 794 1228 nos
824 1173 909 1229 hic
937 1173 1110 1231 factus
1139 1187 1220 1232 est
1262 1177 1497 1247 humilis,
1528 1182 1772 1253 accipere
1802 1200 1915 1238 me-

326 1270 564 1314 reamur.

403 1348 493 1403 15.
523 1347 674 1422 [rem
703 1352 914 1427 13-16.]
942 1354 1075 1410 Nam
1102 1357 1190 1428 qui
1219 1359 1440 1430 disrupit
1468 1378 1625 1429 mare,
1649 1371 1693 1416 et
1721 1364 1919 1433 trajecit

328 1455 435 1507 eos,
462 1443 635 1497 statuit
677 1461 836 1516 aquas
881 1449 1026 1519 quasi
1060 1449 1115 1504 in
1152 1460 1306 1516 utres,
1350 1461 1408 1507 ut
1450 1454 1530 1509 sic
1570 1464 1736 1509 staret
1777 1456 1917 1511 unda

330 1539 582 1602 tanquam
613 1533 800 1591 fuisset
828 1537 1048 1607 inclusa,
1082 1551 1254 1610 potest
1281 1558 1377 1612 per
1401 1560 1549 1599 suam
1575 1546 1797 1614 gratiam
1828 1563 1917 1601 co.

330 1623 517 1681 bibere
560 1625 719 1683 ﬂuida
765 1639 820 1685 et
866 1631 1097 1687 labentia
1139 1637 1688 1706 concupiscentiarum
1730 1654 1919 1693 carna-

330 1716 495 1785 lium,
543 1734 664 1775 eum
715 1723 839 1777 huic
886 1726 1083 1780 sarculo
1130 1729 1497 1794 renuntiatur,
1528 1738 1620 1797 ut,
1664 1740 1915 1800 tanquam

328 1808 576 1880 inimicis,
608 1814 840 1882 peccatis
865 1817 1111 1872 omnibus
1139 1818 1446 1887 perdeletis,
1476 1820 1709 1876 ﬁdelium
1746 1837 1916 1892 popu-

327 1901 411 1957 lus
442 1919 537 1973 per
572 1918 962 1963 sacramentum
991 1909 1331 1979 Baptismatis
1357 1913 1669 1983 trajiciatur.
1696 1915 1796 1983 Qui
1825 1917 1913 1969 de-

327 1993 474 2047 duxit
516 2011 599 2049 eos
642 1996 695 2051 in
719 1998 848 2052 nube
888 2000 1009 2064 diei,
1052 2011 1101 2056 et
1149 2012 1252 2056 tota
1292 2017 1434 2059 nocte
1468 2006 1521 2058 in
1550 2005 1919 2060 illuminatione

327 2084 481 2153 ignis,
522 2095 694 2153 potest
723 2089 881 2144 etiam
910 2090 1254 2160 spiritualiter
1278 2094 1509 2164 dirigere
1536 2097 1748 2163 itinera,
1775 2097 1818 2152 si
1849 2097 1916 2151 ad

324 2186 450 2228 eum
470 2174 666 2231 clamet
691 2177 854 2234 ﬁdes:
877 2178 1071 2235 Itinera
1097 2199 1206 2238 mea
1226 2186 1390 2255 dirige
1412 2188 1691 2241 secundum
1716 2188 1917 2243 uerbum

325 2274 471 2318 tuum
502 2264 523 2338 (
551 2265 697 2322 Psal.
721 2283 905 2335 cxvm,
936 2272 1037 2327 I35
1064 2272 1105 2343 ).
1136 2273 1211 2329 De
1237 2290 1342 2346 quo
1378 2276 1503 2331 alibi
1542 2277 1755 2343 dicitur,
1797 2276 1920 2351 Ipse

325 2356 459 2410 enim
504 2369 667 2415 rectos
706 2363 861 2432 faciet
907 2380 1085 2419 cursus
1130 2375 1265 2434 tuos,
1292 2378 1339 2421 et
1379 2368 1560 2423 itinera
1599 2380 1688 2424 tua
1714 2372 1767 2426 in
1794 2389 1919 2443 pace

328 2449 573 2518 producet
602 2452 618 2483 ¹
644 2452 827 2524 (Prov.
854 2471 926 2522 tv,
955 2456 1048 2528 27)
1076 2476 1089 2511 :
1118 2474 1213 2528 per
1240 2459 1422 2514 Jesum
1444 2461 1713 2517 Christum
1739 2465 1919 2520 Domi-

328 2556 459 2597 num
489 2552 748 2611 nostrum,
779 2548 931 2618 cujus
965 2549 1019 2604 in
1049 2550 1151 2607 hoc
1175 2554 1392 2619 sacculo,
1426 2564 1672 2625 tanquam
1714 2558 1765 2611 in
1802 2557 1912 2625 die,

325 2645 721 2693 sacramentum
771 2641 1162 2698 manifestatum
1217 2656 1301 2699 est
1349 2647 1400 2700 in
1450 2663 1642 2714 carne,
1674 2651 1817 2704 velut
1863 2652 1915 2706 iu

325 2725 502 2792 nube;
530 2727 583 2782 in
606 2728 810 2798 judicio
835 2746 985 2799 vero,
1021 2744 1269 2804 tanquam
1308 2737 1358 2791 in
1391 2746 1593 2793 terrore
1633 2752 1914 2808 nocturno,

324 2816 451 2885 quia
479 2827 605 2874 tunc
624 2820 729 2876 erit
756 2837 944 2893 magna
974 2825 1244 2881 tribulatio
1272 2831 1451 2885 saeculi
1481 2841 1728 2902 tanquam
1758 2835 1914 2906 ignis,

322 2914 381 2962 ct
421 2906 618 2964 lucebit
657 2910 849 2981 justis,
880 2923 936 2969 et
963 2916 1171 2973 ardebit
1210 2918 1439 2989 injustis.
1471 2921 1569 2990 Qui
1608 2924 1825 2996 disrupit
1863 2928 1916 2981 in

322 2997 518 3053 deserto
547 3008 762 3072 petram,
789 3014 837 3059 et
863 3006 1135 3077 adaquavit
1164 3027 1247 3064 eos
1272 3013 1400 3066 sicut
1428 3014 1483 3069 in
1509 3014 1689 3087 abysso
1717 3020 1916 3083 multa;

324 3098 373 3142 et
400 3091 573 3145 eduxit
609 3109 795 3161 aquam
822 3096 887 3149 de
912 3108 1076 3168 petra,
1114 3110 1161 3154 et
1203 3100 1412 3157 deduxit
1439 3115 1675 3175 tanquam
1704 3109 1917 3177 ﬂumina

323 3195 501 3249 aquas,
528 3192 705 3252 potest
731 3187 915 3258 utique
944 3189 1143 3245 sitienti
1174 3192 1294 3247 ﬁdei
1323 3194 1520 3249 donum
1538 3196 1770 3266 Spiritus
1793 3216 1918 3255 san-

323 3271 418 3334 eti,
449 3273 592 3343 quod
640 3276 727 3331 illa
770 3292 859 3334 res
885 3288 1035 3347 gesta
1074 3282 1421 3351 spiritualiter
1456 3287 1807 3358 signiﬁcabat,
1834 3292 1916 3347 in-

325 3360 548 3420 fundere
575 3365 644 3421 de
673 3367 934 3438 spirituali
978 3384 1235 3443 sequente
1261 3386 1433 3447 petra,
1461 3378 1603 3449 quod
1643 3391 1725 3436 est
1758 3381 1917 3438 Chri-

322 3465 440 3509 stus
468 3456 487 3527 (
518 3456 535 3510 1
562 3457 679 3511 Cor.
705 3475 756 3524 κ,
784 3460 862 3534 4)
890 3479 905 3515 :
938 3463 1029 3533 qui
1072 3465 1247 3521 stabat
1290 3477 1345 3523 et
1389 3468 1670 3537 clamabat,
1704 3472 1768 3527 Si
1803 3475 1915 3545 quis

322 3551 448 3615 sitit,
480 3553 642 3606 veniat
678 3554 747 3608 ad
786 3573 905 3621 me;
933 3568 1005 3620 et,
1039 3558 1142 3627 Qui
1180 3559 1353 3615 biberit
1396 3563 1459 3616 de
1486 3581 1617 3633 aqua
1645 3583 1795 3635 quam
1823 3583 1915 3638 ego

324 3633 490 3709 dabo,
528 3646 742 3713 [lumina
783 3664 931 3717 aqua:
972 3650 1093 3704 uiua:
1126 3652 1283 3721 [luent
1323 3654 1386 3706 de
1428 3667 1595 3710 ventre
1631 3633 1759 3727 ejus.
1802 3633 1916 3713 Iloc

322 3733 458 3787 enim
503 3734 733 3799 dicebat,
772 3739 910 3792 sicut
956 3739 1008 3794 in
1048 3740 1334 3812 Evangelia
1377 3744 1589 3813 legitur,
1627 3748 1689 3801 de
1717 3748 1916 3819 Spiritu

322 3840 471 3893 quem
506 3829 761 3897 accepturi
788 3840 932 3884 erant
959 3832 1213 3887 credentes
1249 3836 1302 3889 in
1337 3854 1448 3890 eum
1475 3839 1493 3908 (
1517 3838 1671 3892 Joan.
1696 3857 1786 3905 vn,
1816 3843 1917 3897 57-

324 3914 397 3971 59
420 3917 459 3986 ).
487 3918 568 3973 Ad
597 3934 754 3987 quem
783 3922 924 3976 velut
953 3924 1095 3995 virga
1138 3926 1335 3996 lignum
1380 3930 1638 3999 passionis
1666 3936 1911 4003 accessit,

325 4017 385 4061 ut
415 4021 687 4065 emanaret
714 4012 1057 4070 credentibus
1087 4017 1273 4085 gratia.

400 4099 485 4154 M.
507 4096 655 4172 [vers.
684 4100 794 4175 l7.]
818 4103 882 4158 Et
906 4113 1078 4160 tamen
1107 4107 1180 4160 illi
1210 4117 1456 4178 tanquam
1479 4115 1733 4180 generatio
1756 4133 1914 4184 ρναυα

325 4201 376 4247 at
419 4194 723 4256 amaricans,
764 4208 1105 4263 opposuerunt
1148 4200 1313 4253 adhuc
1357 4219 1563 4269 peccare
1590 4206 1639 4259 ei
1668 4223 1686 4261 :
1718 4208 1767 4261 id
1808 4218 1909 4274 est,

325 4297 434 4338 non
478 4284 717 4338 credere.
752 4286 881 4340 Nam
930 4289 1029 4341 hoc
1077 4298 1158 4342 est
1206 4302 1477 4359 peceatum
1514 4295 1581 4349 de
1609 4312 1713 4367 quo
1742 4302 1914 4370 arguit

303 4374 556 4447 ‘Spiritus
598 4379 885 4440 mundum,
927 4381 1063 4435 sicut
1105 4382 1358 4437 Dominus
1396 4385 1567 4441 dicit:
1602 4386 1674 4442 De
1713 4405 1912 4459 peccato

329 4466 547 4535 quidem,
588 4470 709 4538 quia
755 4486 853 4523 non
893 4473 1209 4525 crediderunt
1252 4475 1303 4527 in
1348 4492 1425 4528 me
1464 4476 1574 4549 (Id.
1600 4494 1708 4547 xw,
1737 4481 1815 4554 9).
1844 4484 1912 4539 Et

324 4560 744 4613 exacerbaverunt
772 4562 1087 4618 Altissimum
1111 4564 1165 4617 in
1192 4566 1416 4620 siccitate
1436 4584 1455 4621 :
1475 4571 1615 4639 quod
1645 4572 1729 4625 alii
1760 4574 1910 4629 codi-

324 4666 419 4705 ces
461 4652 685 4719 habent,
719 4654 770 4706 in
812 4654 1073 4724 inaquoso,
1110 4657 1247 4727 quod
1286 4658 1353 4713 de
1380 4675 1553 4730 grazco
1580 4672 1663 4718 est
1687 4678 1910 4735 express

329 4740 456 4804 sius,
484 4756 585 4797 nec
622 4743 761 4797 aliud
806 4760 963 4813 quam
1004 4746 1296 4804 siccitatem
1340 4751 1615 4821 signiﬁcat.
1641 4753 1824 4811 Utrum
1857 4758 1907 4813 in

326 4832 421 4886 illa
465 4833 632 4888 eremi
676 4833 937 4900 siccitate,
966 4851 1032 4891 an
1064 4839 1237 4908 potius
1266 4840 1317 4894 in
1346 4841 1477 4897 sna?
1497 4842 1628 4909 Quia
1670 4844 1791 4901 licet
1824 4847 1907 4903 bi-

324 4922 528 4978 bissent
553 4922 622 4978 de
652 4934 824 4991 petra,
853 4940 956 4979 non
984 4936 1220 4996 ventres,
1247 4929 1341 4985 sed
1372 4943 1577 4987 mentes
1605 4934 1780 4990 aridas
1811 4937 1908 4990 ha-

329 5013 563 5081 bebant,
613 5016 756 5070 nulla
806 5016 1040 5073 virentes
1088 5018 1409 5077 fecunditate
1450 5024 1688 5093 justitiaz.
1720 5027 1774 5082 In
1805 5045 1906 5098 qua

325 5107 566 5163 siccitate
590 5108 759 5179 magis
784 5108 1011 5165 ﬁdeliter
1031 5110 1140 5165 Deo
1161 5114 1426 5182 supplices
1449 5130 1569 5172 esse
1590 5117 1902 5188 debuerant,

322 5208 385 5254 ut
408 5200 497 5269 qui
534 5201 830 5255 satietatem
859 5200 1151 5258 donaverat
1196 5203 1450 5273 faucibus,
1477 5208 1776 5277 aequitatem
1805 5211 1905 5265 do-

323 5302 478 5348 naret
495 5302 550 5347 et
569 5294 824 5348 moribus.
850 5294 930 5350 Ad
948 5310 1071 5350 eum
1090 5296 1285 5367 quippe
1308 5297 1477 5353 ﬁdelis
1496 5300 1669 5355 anima
1690 5302 1902 5372 clamat,

326 5383 478 5440 Oculi
507 5388 607 5440 mei
632 5387 831 5440 videant
858 5388 1141 5458 aequitatem
1170 5388 1341 5461 (Psal.
1370 5407 1478 5459 xvi,
1505 5392 1587 5465 2).

397 5478 482 5531 15.
524 5475 674 5549 [vers.
704 5476 917 5550 18~20.]
951 5478 1015 5533 Et
1046 5489 1351 5535 tentaverunt
1378 5482 1539 5538 Deum
1584 5485 1634 5539 in
1673 5487 1904 5543 cordibus

322 5566 449 5631 suis,
480 5576 533 5619 ut
562 5578 780 5637 peterent
816 5584 957 5623 escas
991 5571 1253 5624 animabus
1282 5574 1405 5627 suis.
1428 5574 1584 5629 Aliud
1614 5587 1690 5630 est
1722 5587 1904 5647 petere

322 5658 623 5720 credendo,
674 5658 817 5712 aliud
868 5661 1143 5715 tentando.
1192 5662 1429 5734 Denique
1475 5666 1748 5735 sequitur:
1781 5685 1799 5719 ι
1837 5668 1903 5723 Et

322 5754 669 5809 detraxerunt
706 5750 775 5805 de
814 5750 941 5815 Deo,
988 5760 1041 5806 et
1086 5752 1332 5811 dixerunt
1360 5772 1375 5810 :
1403 5750 1663 5829 Numquid
1708 5757 1901 5827 poterit

392 5863 503 5913 ‘Sic
522 5868 628 5913 Mss.
657 5872 709 5916 At
733 5863 869 5927 ω,
891 5866 1139 5928 perducet.

1338 428 1735 487 ENARRATIO
1774 431 1839 486 IN
1879 431 2202 493 PSALMUM
2244 436 2502 499 LXXVII.

3509 466 3616 527 996

2036 550 2174 606 Deus
2213 568 2403 624 parare
2440 576 2675 619 mensam
2707 567 2760 622 in
2789 569 3041 629 deserto?
3065 576 3326 643 Quoniam
3354 590 3615 653 percussit

2026 652 2255 714 petram,
2279 656 2332 703 et
2352 648 2615 707 ﬂuxerunt
2641 671 2812 728 aquae,
2834 672 2887 717 et
2909 673 3174 724 torrentes
3204 648 3613 743 inundaverant,

2027 739 2284 807 numquid
2313 753 2366 795 et
2396 759 2585 812 panem
2618 752 2811 817 poterit
2837 754 2987 824 dare,
3013 769 3107 814 aut
3142 777 3334 831 parare
3371 782 3611 822 mensam

2028 830 2225 898 populo
2264 834 2401 887 suo?
2438 854 2458 886 ι
2492 835 2608 891 Νοη
2654 841 2932 901 credentes
2978 865 3108 920 ergo
3144 830 3415 923 petierunt
3460 873 3612 915 escas

2026 919 2304 975 animabus
2327 924 2457 979 suis.
2484 926 2598 982 Non
2621 929 2699 985 sic
2718 936 2992 1003 apostolus
3009 919 3236 998 Jacobus
3264 960 3441 1003 escam
3462 965 3613 1004 men-

2027 1010 2095 1063 tis
2138 1014 2375 1082 pra-eipit
2423 1020 2725 1088 postulari;
2769 1025 2867 1080 sed
2908 1042 2940 1081 a
2983 1030 3321 1090 credentibus
3357 1054 3473 1093 eam
3503 1043 3611 1107 peti

2024 1100 2297 1171 admonet,
2327 1121 2431 1161 non
2457 1124 2489 1163 a
2517 1113 2840 1170 tentantibus
2861 1125 3022 1188 atque
3045 1119 3442 1183 detrahentibus

2025 1191 2087 1245 Si
2111 1195 2220 1259 quis
2249 1207 2417 1251 autem
2443 1210 2681 1271 vestrum,
2706 1204 2899 1277 inquit,
2922 1210 3114 1281 indiget
3140 1216 3408 1283 sapientia,
3440 1230 3616 1287 postu-

2023 1284 2090 1337 let
2112 1302 2143 1338 a
2170 1284 2299 1353 Deo,
2331 1292 2419 1360 qui
2442 1292 2531 1345 dat
2557 1297 2790 1353 omnibus
2815 1302 3092 1371 aﬂuenter,
3129 1316 3175 1361 et
3212 1325 3314 1363 non
3355 1284 3586 1383 imprope

2022 1385 2143 1440 rat;
2167 1388 2215 1431 et
2239 1378 2445 1435 dabitur
2466 1385 2515 1437 ei
2533 1402 2553 1439 :
2574 1391 2790 1455 postulet
2813 1403 2981 1448 autem
3008 1396 3062 1449 in
3089 1398 3194 1466 [ide
3217 1401 3347 1456 nihil
3374 1378 3614 1460 [raritatis

2027 1466 2249 1538 (Jacobi
2277 1487 2313 1535 ι,
2336 1473 2389 1536 5,
2424 1474 2519 1547 6).
2551 1477 2697 1535 Hanc
2725 1481 2883 1539 ﬁdem
2923 1502 3028 1542 non
3060 1488 3283 1548 habebat
3314 1496 3609 1564 generatio,

2021 1574 2141 1629 qua:
2183 1578 2277 1617 cor
2326 1582 2428 1621 non
2479 1569 2745 1629 direxerat
2786 1592 2962 1645 suum,
2994 1590 3049 1638 et
3081 1599 3187 1640 neu
3221 1598 3335 1643 erat
3376 1591 3613 1647 creditus

2021 1664 2141 1704 eum
2176 1652 2285 1708 Deo
2314 1656 2531 1726 spiritus
2558 1664 2694 1731 ejus.

2094 1743 2180 1835 l6.
2212 1742 2361 1816 [vers.
2390 1748 2508 1823 ει]
2543 1751 2759 1825 Propter
2788 1760 2880 1813 hoc
2908 1762 3099 1817 audivit
3123 1765 3394 1835 Dominus,
3425 1782 3473 1825 et
3501 1774 3611 1827 dis-

2023 1833 2157 1899 tulit,
2194 1847 2243 1890 et
2282 1837 2414 1909 ignis
2451 1859 2689 1900 accensus
2717 1845 2791 1903 es?
2814 1852 2868 1904 in
2904 1852 3086 1921 Jacob,
3114 1866 3163 1911 et
3201 1860 3280 1914 ira
3307 1833 3532 1920 ascendit
3557 1866 3617 1920 in

2024 1924 2212 2027 Israel.
2239 1929 2503 2027 Exposuit
2528 1938 2652 2007 quid
2685 1941 2860 2011 ignem
2888 1944 3101 2002 dixerit.
3132 1949 3267 2006 Iram
3298 1954 3493 2027 quippe
3518 1973 3617 2026 ap-

2022 2017 2239 2085 pellavit
2268 2021 2442 2091 ignem
2467 2043 2483 2079 :
2504 2042 2806 2099 quanquam
2828 2034 3022 2089 multos
3051 2040 3263 2109 praprie
3292 2017 3449 2099 etiam
3479 2017 3614 2117 ignis

2022 2110 2347 2167 accenderit.
2373 2114 2511 2182 Quid
2540 2132 2669 2188 ergo
2705 2132 2787 2177 est
2814 2124 2955 2194 quod
2985 2128 3083 2182 ait:
3106 2128 3312 2186 Audiuit
3341 2110 3610 2204 Dominus,

2024 2210 2074 2252 et
2098 2200 2333 2259 distulit?
2355 2204 2437 2259 An
2467 2208 2787 2281 distuliteos
2817 2216 3157 2275 introducere
3182 2221 3235 2276 in
3268 2233 3461 2280 terram
3486 2200 3614 2303 pro;

2023 2292 2319 2364 missionis,
2363 2313 2471 2369 quo
2518 2301 2885 2373 ducebantur;
2916 2311 3059 2380 quod
3104 2313 3239 2369 intra
3271 2332 3468 2387 paucos
3486 2292 3611 2378 dies

2024 2383 2138 2439 ﬁeri
2168 2396 2397 2453 poterat,
2436 2391 2528 2445 sed
2570 2405 2787 2464 pr0pter
2828 2414 3042 2468 peccata
3086 2403 3137 2458 in
3178 2383 3360 2462 eremo
3404 2409 3614 2469 fuerant

2019 2479 2353 2544 conterendi,
2376 2481 2460 2537 ubi
2483 2492 2536 2538 et
2552 2488 2765 2543 contriti
2782 2502 2906 2545 sunt
2927 2509 3019 2561 per
3037 2498 3382 2570 quadraginta
3407 2506 3610 2560 annos?

2022 2567 2174 2634 Quod
2204 2570 2247 2623 si
2276 2571 2345 2626 ita
2369 2582 2471 2639 est,
2495 2575 2705 2632 distulit
2728 2595 2855 2650 ergo
2879 2585 3153 2653 pupulum,
3177 2567 3285 2644 non
3311 2592 3440 2646 istos
3466 2594 3613 2662 ipsos

2021 2656 2111 2725 qui
2159 2669 2424 2737 tentantes
2471 2666 2821 2724 detrahebant
2870 2675 2937 2727 de
2975 2674 3120 2741 Deo;
3164 2694 3286 2733 nam
3330 2656 3517 2737 omnes
3557 2685 3609 2739 in

2021 2765 2204 2807 eremo
2226 2755 2518 2823 perierunt,
2542 2770 2595 2814 et
2616 2761 2705 2816 lilii
2727 2778 2916 2818 eorum
2944 2766 2994 2820 in
3026 2778 3220 2823 terram
3244 2775 3609 2840 promissionis

2023 2844 2247 2916 ingressi
2294 2860 2435 2904 sunt.
2476 2854 2560 2907 Au
2603 2854 2808 2911 distulit
2852 2874 3084 2927 poenam,
3124 2871 3181 2916 ut
3220 2865 3365 2932 prius
3392 2869 3611 2925 satiaret

2021 2938 2181 2993 etiam
2211 2940 2478 2997 inﬁdelem
2509 2949 3013 3016 concupiscentiam,
3040 2970 3107 3008 ne
3138 2940 3413 3026 propterea
3453 2969 3609 3028 puta-

2022 3037 2171 3087 retur
2196 3034 2359 3085 iratus
2386 3036 2504 3103 quia
2537 3037 2637 3092 boc
2666 3040 2735 3095 ab
2762 3040 2874 3108 illo,
2903 3042 3023 3099 licet
3057 3054 3324 3104 tentantes
3352 3058 3405 3104 et
3427 3050 3609 3106 detra-

2023 3118 2231 3181 hentes.
2258 3125 2506 3193 petebant
2529 3130 2670 3197 quod
2696 3131 2867 3187 facere
2891 3148 2997 3188 non
3019 3137 3240 3205 posset?
3260 3138 3463 3195 Audiuit
3482 3157 3609 3211 ergo

2022 3222 2067 3266 et
2090 3215 2285 3268 distulit
2312 3217 2619 3286 viudicnre;
2652 3232 2704 3275 et
2730 3236 3078 3294 posteaquam
3127 3227 3250 3283 fecit
3294 3232 3433 3300 quod
3483 3248 3606 3288 eum

2020 3306 2099 3361 illi.
2134 3307 2309 3365 facere
2338 3326 2442 3366 non
2473 3326 2631 3383 posse
2656 3326 2994 3385 putaverunt,
3030 3328 3155 3375 tunc
3194 3322 3271 3375 ira
3305 3327 3530 3380 ascendit
3555 3330 3607 3383 in

2018 3396 2207 3455 Israel.

2091 3492 2182 3549 l7.
2214 3491 2362 3568 [rem
2389 3495 2609 3571 22-51.]
2634 3499 2871 3573 Denique
2898 3512 3124 3574 utroque
3150 3506 3384 3563 breviter
3408 3510 3603 3580 posito,

2018 3582 2272 3657 deinceps
2296 3597 2478 3657 aperte
2506 3590 2749 3648 ordinem
2781 3596 3101 3651 narrationis
3126 3602 3449 3670 exsequitur.
3473 3603 3606 3668 Quia

2018 3691 2121 3730 non
2142 3678 2460 3734 crediderunt
2483 3680 2535 3735 in
2551 3681 2683 3750 Deo,
2707 3701 2796 3738 nec
2814 3699 3137 3754 speraverant
3164 3691 3215 3744 in
3232 3693 3455 3748 salutare
3474 3697 3603 3764 ejus.

2018 3764 2261 3836 Namque
2285 3784 2406 3825 cum
2435 3771 2659 3829 dixisset
2686 3789 2853 3844 quare
2880 3777 3015 3848 ignis
3043 3794 3301 3835 accensus
3327 3794 3408 3838 est
3434 3785 3486 3839 in
3512 3785 3605 3841 Ja-

2016 3859 2139 3926 cob,
2167 3870 2221 3915 et
2246 3860 2325 3916 ira
2355 3864 2596 3919 ascendit
2627 3865 2679 3919 in
2712 3867 2908 3934 Israel,
2947 3870 2996 3923 id
3026 3880 3130 3935 est,
3157 3873 3275 3942 quia
3313 3892 3412 3929 non
3438 3878 3605 3931 credi-

2018 3950 2201 4005 derunt
2227 3953 2281 4006 in
2310 3950 2441 4019 Deo,
2470 3972 2560 4010 nec
2584 3970 2909 4027 speraverunt
2935 3961 2986 4014 in
3014 3963 3235 4017 salutare
3261 3966 3369 4033 eius
3389 4006 3402 4033 ,
3430 3970 3606 4024 cunti-

2018 4055 2127 4096 nuo
2172 4040 2463 4113 subjiciens
2510 4061 2666 4116 quam
2716 4048 3051 4106 evidentibus
3094 4053 3370 4110 beneﬁciis
3414 4059 3604 4128 ingrati

2017 4130 2252 4199 fuerunt,
2286 4152 2308 4186 ‹
2342 4135 2411 4190 Ει
2438 4137 2726 4205 mandavit,
2767 4157 2786 4191 ι
2822 4139 3011 4210 inquit,
3044 4160 3063 4195 ι
3097 4144 3323 4199 nubibus
3352 4146 3600 4220 desuper,

2018 4230 2071 4276 et
2103 4221 2297 4294 januas
2336 4225 2457 4282 cteli
2496 4229 2723 4298 aperuit.
2750 4230 2817 4284 Et
2847 4230 2981 4299 pluit
3009 4232 3113 4289 illis
3141 4250 3331 4290 manna
3360 4238 3427 4292 ad
3454 4256 3605 4295 man-

2017 4310 2315 4371 ducandum
2338 4358 2354 4385 ,
2395 4327 2450 4374 et
2487 4333 2675 4388 panem
2703 4322 2822 4376 εωΙί
2853 4321 3001 4378 dedit
3026 4325 3123 4380 eis.
3149 4326 3345 4383 Panem
3368 4331 3603 4401 Angelo-

2016 4422 2135 4460 rum
2172 4409 2509 4464 manducavit
2534 4409 2695 4466 homo
2721 4413 2798 4484 (a)
2822 4431 2835 4468 :
2862 4416 3057 4470 cibaria
3085 4419 3230 4473 misit
3254 4421 3332 4474 eis
3359 4421 3409 4475 in
3434 4423 3603 4478 abun-

2015 4496 2216 4551 dantia.
2256 4499 2549 4556 Transtulit
2591 4505 2841 4559 Austrum
2884 4505 2952 4561 de
2999 4507 3157 4575 etelo,
3198 4520 3254 4564 et
3296 4512 3501 4569 induxit
3548 4516 3600 4571 in

2015 4589 2208 4645 virtute
2236 4604 2331 4645 sua
2361 4592 2619 4649 Africum.
2657 4595 2724 4650 Et
2761 4597 2895 4666 pluit
2936 4612 3099 4669 super
3122 4614 3217 4655 eos
3256 4602 3393 4657 sicut
3420 4604 3602 4674 pulve-

2015 4696 2127 4736 rem
2159 4697 2370 4750 carnes,
2394 4694 2451 4739 et
2478 4685 2615 4740 sicut
2651 4701 2868 4742 arenam
2899 4689 3062 4743 maris
3090 4690 3320 4747 volatilia
3350 4706 3598 4763 pennata.

2017 4772 2082 4826 Et
2124 4774 2431 4831 ceciderunt
2479 4777 2529 4830 in
2575 4776 2751 4832 medio
2791 4787 3087 4835 castrorum
3118 4770 3324 4849 eorum,
3354 4786 3495 4839 circa
3526 4798 3603 4841 ta-

2013 4863 2300 4921 bernacula
2330 4883 2534 4924 eorum.
2558 4869 2625 4923 Et
2654 4869 3133 4939 manducaverunt,
3157 4882 3212 4930 et
3235 4879 3456 4933 saturati
3475 4889 3602 4937 sunt

2014 4958 2215 5025 nimis;
2262 4967 2317 5013 et
2359 4958 2680 5016 desiderium
2729 4975 2914 5016 eorum
2958 4962 3137 5019 attulit
3179 4965 3299 5020 eis:
3328 4981 3433 5022 non
3476 4980 3600 5024 sunt

2012 5050 2201 5121 privati
2231 5066 2260 5105 a
2289 5051 2555 5107 desiderio
2580 5067 2697 5108 suo.
2729 5072 2747 5105 ι
2779 5054 2919 5109 Ecce
2946 5070 3113 5124 quare
3141 5056 3437 5113 distulerat.
3462 5060 3596 5128 Quid

2010 5152 2190 5198 autem
2221 5142 2523 5207 distulerat,
2558 5145 3075 5201 audiamusuldltuc
3118 5164 3230 5202 esca
3270 5159 3378 5205 erat
3419 5151 3471 5203 in
3515 5168 3601 5205 ore

2011 5238 2256 5303 ipsorum,
2287 5245 2335 5289 et
2362 5236 2440 5289 ira
2465 5234 2562 5290 Dei
2599 5237 2823 5291 ascendit
2848 5254 3003 5307 super
3029 5255 3133 5295 eos.
3162 5240 3300 5295 Ecce
3324 5242 3464 5312 quod
3484 5243 3594 5296 dis-

2013 5326 2223 5379 tulerat.
2248 5325 2400 5380 Prius
2425 5327 2589 5392 enim,
2612 5326 2839 5392 distulit;
2864 5338 2918 5384 ct
2944 5338 3149 5399 postea,
3191 5330 3322 5401 ignis
3354 5346 3597 5388 accensus
3685 5354 3691 5361 ·

2011 5424 2085 5468 est
2108 5416 2161 5469 in
2185 5413 2367 5483 Iacob,
2398 5426 2443 5469 et
2471 5416 2550 5471 ira
2589 5418 2810 5472 ascendit
2839 5419 2891 5473 in
2918 5417 3103 5474 Israel.
3132 5421 3418 5478 Distulerat
3445 5438 3593 5493 ergo,

2010 5512 2068 5559 ut
2098 5507 2243 5576 prius
2267 5507 2466 5563 faceret
2489 5509 2631 5579 quod
2657 5525 2778 5564 cum
2817 5509 2991 5567 facere
3026 5526 3131 5566 non
3163 5526 3318 5581 posse
3352 5513 3596 5569 credide-

2010 5607 2149 5662 rant,
2173 5596 2367 5652 deiude
2399 5598 2620 5655 inferret
2643 5600 2783 5671 quod
2810 5616 2903 5656 eos
2931 5603 3037 5672 pati
3064 5600 3361 5671 Oportebat.
3384 5604 3515 5660 Nam
3546 5605 3592 5660 si

2010 5698 2273 5758 ponerent
2312 5688 2365 5745 in
2402 5690 2513 5745 Deo
2537 5706 2684 5761 spem
2706 5707 2879 5761 suam,
2909 5709 3013 5747 non
3042 5694 3213 5750 solum
3234 5694 3314 5751 eis
3341 5695 3429 5751 illa
3454 5694 3595 5754 desi-

2072 5802 2145 5917 (ἕ)
2174 5802 2304 5857 Idem
2322 5804 2354 5867 γ
2394 5804 2457 5855 es
2479 5804 2745 5869 explicatur
2770 5820 2915 5871 supra
2940 5808 2987 5857 in
3011 5805 3130 5859 Psal.
3160 5821 3329 5872 sum,
3353 5820 3502 5861 mm.
3544 5810 3594 5873 ί,

2010 5880 2057 5916 ιι.
2086 5880 2134 5916 ὕ.
