3990 6330
456 445 560 510 909

453 560 693 616 invenire
737 575 842 614 non
894 555 1083 630 potuit,
1133 572 1232 613 nec
1272 557 1488 611 omnino
1541 555 1886 622 inveniretur,
1939 557 2039 612 nisi

1696 444 1736 501 S
1793 444 2154 504 AUGUSTINI
2189 447 2492 506 EPISCOPI

3595 455 3729 514 ιωο

2152 575 2256 614 non
2281 560 2482 615 dictum
2533 570 2634 624 est,
2685 577 2789 617 non
2819 562 3012 618 frustra
3044 561 3095 616 in
3125 561 3336 617 Dsalmo
3381 561 3582 620 dictum
3609 580 3729 620 esse

456 654 682 723 pastoris
723 650 1085 708 misericordia
1127 659 1476 722 quaneretur.
1520 648 1638 706 Non
1689 648 1829 704 enim
1853 661 1911 704 et
1951 649 2044 706 ille
2147 651 2276 706 certi
2302 666 2504 716 sunms,
2530 668 2702 720 neque
2724 653 2775 706 id
2806 652 3140 722 interpretari
3169 654 3268 707 nisi
3296 656 3516 722 ﬁgurate
3544 670 3731 723 passu-

451 745 590 800 ﬁlius
616 745 682 799 ad
711 745 848 801 banc
887 759 1040 799 ovem
1072 759 1177 799 non
1209 743 1458 812 pertinet,
1485 743 1573 812 qui
1601 756 1844 798 reversus
1868 741 1922 797 in
1951 757 2040 797 se-

448 835 732 904 metipsum
789 835 923 891 dixit
952 851 965 889 :
994 835 1239 906 Surgam,
1281 842 1330 888 et
1373 833 1454 887 ibo
1508 832 1576 886 ad
1623 843 1815 903 patrem
1852 848 2036 886 meum.

447 926 666 982 Occulta
709 926 886 997 itaque
921 914 1215 991 'vocati0ue
1260 934 1315 980 et
1343 923 1684 994 inspiratione
1721 923 1881 979 etiam
1927 924 2039 990 ipse

447 1019 702 1088 quzesitus
721 1027 806 1073 est
828 1027 883 1072 et
910 1017 1275 1080 resuscitatus,
1305 1014 1514 1070 nonnisi
1539 1014 1608 1069 ab
1634 1012 1834 1083 illoqui
1864 1011 2036 1067 viviﬁ-

446 1119 533 1163 cat
558 1109 772 1173 omnia;
795 1108 1135 1170 etinventus,
1165 1121 1194 1160 a
1218 1121 1344 1175 quo,
1367 1105 1468 1160 nisi
1491 1105 1560 1160 ab
1585 1105 1676 1159 illo
1691 1103 1780 1175 qui
1804 1103 2038 1176 perrexit

449 1200 660 1254 saIVare
710 1208 767 1254 et
816 1213 1058 1267 quaerere
1100 1195 1239 1266 quod
1291 1196 1521 1265 perierat
1553 1194 1680 1266 (Luc
1723 1211 1870 1259 xxix,
1899 1193 2034 1265 10)?

446 1292 686 1346 Mortuus
710 1290 844 1344 enim
885 1300 1010 1351 erat.
1043 1297 1093 1342 et
1135 1287 1350 1351 reri-xit;
1376 1289 1609 1358 perierat,
1632 1294 1677 1341 et
1711 1285 1937 1340 inventus
1962 1294 2036 1340 est

443 1378 554 1451 (Id.
595 1396 688 1450 xv,
739 1380 825 1444 18,
871 1379 986 1449 24).
1034 1380 1165 1433 Nam
1193 1387 1247 1432 et
1278 1375 1365 1433 illa
1397 1391 1502 1431 non
1531 1375 1662 1432 levis
1689 1375 1767 1430 sic
1811 1375 2034 1430 solvitur

444 1473 687 1542 quzestio,
710 1469 850 1541 quod
873 1470 925 1524 in
958 1469 1258 1524 Proverbiis
1279 1469 1534 1537 scriptum
1575 1474 1676 1531 est,
1703 1480 1825 1520 cum
1852 1464 1920 1520 de
1946 1465 2031 1521 via

446 1563 738 1632 iniquitatis
758 1560 1032 1630 Scriptura
1055 1561 1362 1629 loqueretur
1392 1575 1407 1611 :
1441 1557 1626 1612 Omnes
1651 1557 1737 1625 qui
1770 1556 2029 1611 ambulant

438 1654 492 1708 in
518 1671 597 1719 ea,
630 1670 732 1708 non
757 1661 1064 1707 revertentur
1098 1649 1281 1721 (Pror.
1302 1665 1358 1712 tt,
1390 1647 1503 1721 19).
1533 1648 1624 1703 Sic
1662 1647 1803 1703 enim
1829 1647 2028 1704 dictum

438 1753 540 1806 est,
567 1743 716 1812 quasi
745 1743 813 1799 de
841 1743 1033 1814 iniquis
1060 1741 1306 1795 omnibus
1329 1739 1718 1810 desperandum
1748 1738 1816 1792 sit
1842 1755 1857 1792 :
1885 1738 2029 1794 Scri-

438 1847 594 1906 ptura
636 1852 766 1891 vero
791 1836 1010 1906 gratiam
1051 1832 1477 1898 commendavit;
1508 1830 1628 1903 quia
1659 1846 1756 1901 per
1790 1831 2022 1900 seipsum

440 1928 601 1983 homo
628 1937 804 1998 potest
847 1927 898 1980 in
930 1926 1018 1980 illa
1053 1925 1345 1990 ambulare,
1391 1938 1497 1979 non
1529 1933 1702 1994 potest
1723 1931 1898 1979 autem
1932 1937 2026 1993 per

436 2019 669 2089 seipsum
690 2019 888 2086 redire,
918 2019 1020 2073 nisi
1043 2019 1212 2090 gratia
1243 2028 1540 2073 revocatus.

508 2110 600 2168 95.
641 2109 792 2184 [οε-η.
821 2107 1038 2182 40-51.]
1080 2109 1142 2164 Hi
1180 2123 1309 2179 ergo
1361 2107 1506 2178 pravi
1549 2115 1606 2162 et
1649 2107 2022 2176 amarieantes,

438 2201 644 2267 Quoties
670 2202 1088 2258 merbaserunt
1112 2215 1226 2255 eunt
1245 2201 1298 2254 in
1317 2198 1534 2265 deserto,
1564 2209 1613 2252 et
1640 2199 1692 2253 in
1710 2199 1838 2252 iram
1863 2199 2025 2253 conci-

435 2303 661 2348 taverunt
687 2310 801 2348 eum
825 2293 880 2347 in
901 2290 1187 2363 ἐπαμοιοέ
1216 2289 1282 2344 Et
1308 2290 1530 2346 conversi
1552 2299 1691 2356 sunt,
1719 2300 1766 2343 et
1797 2299 2023 2345 tentave-

432 2394 554 2439 runt
570 2383 756 2451 Deum,
781 2393 826 2437 et
847 2393 1076 2438 sanctum
1099 2382 1261 2437 Israel
1288 2379 1724 2436 exacerbaverant.
1764 2380 2020 2436 Eamdem

433 2476 646 2530 illorum
675 2473 1038 2529 inﬁdelitatem
1066 2472 1258 2542 repetit
1281 2487 1438 2543 quam
1468 2472 1712 2541 superius
1733 2472 1845 2541 jam
1871 2486 2022 2526 com-

433 2574 856 2631 memorarent;
883 2565 976 2621 sed
1002 2563 1275 2635 repetendi
1301 2578 1457 2619 causa
1481 2571 1583 2626 εει,
1617 2575 1672 2617 ιιι
1695 2577 2022 2619 commemo-

432 2665 618 2713 rentur
648 2669 703 2712 et
732 2657 898 2728 plaga:
916 2671 1048 2728 quas
1080 2655 1269 2712 inﬂixit
1309 2655 1573 2728 Aigyptiis
1616 2665 1832 2727 propter
1853 2656 1971 2711 illos
1999 2671 2017 2711 :

436 2765 557 2818 qua:
575 2749 753 2804 omnia
780 2751 962 2817 utique
989 2747 1257 2803 recordari
1285 2747 1597 2813 debuerant,
1626 2761 1799 2818 neque
1819 2747 2019 2802 existe-

434 2857 496 2896 re
522 2841 733 2912 ingrati.
761 2839 997 2910 Denique
1021 2837 1147 2909 quid
1173 2839 1452 2909 sequitur?
1481 2837 1602 2892 Non
1630 2849 1746 2892 sunt
1770 2838 2020 2893 recordati

435 2949 617 2988 mamts
641 2934 769 3003 ejus,
792 2930 874 2985 die
897 2947 997 3000 qua
1019 2930 1226 2985 redemit
1251 2945 1334 2985 eos
1353 2930 1416 2983 de
1443 2945 1596 2984 manu
1619 2928 1924 2983 tribulantis.
1955 2928 2020 2984 Et

432 3023 619 3093 incipit
642 3021 820 3077 dicere
856 3037 974 3091 qua:
1013 3021 1136 3076 fecit
1160 3019 1424 3092 [Egyptiis
1455 3035 1468 3071 :
1499 3017 1679 3072 Posuit
1711 3019 1763 3072 in
1788 3016 2021 3089 ngypto

430 3119 578 3187 signa
596 3132 712 3180 sua,
756 3124 803 3169 et
829 3113 1062 3186 prodigia
1097 3128 1194 3167 sua
1219 3112 1272 3166 in
1299 3127 1480 3183 eampo
1503 3110 1753 3165 Titaneos.
1804 3109 1872 3165 Et
1900 3126 2020 3164 ton-

432 3208 575 3261 tertit
597 3208 650 3260 in
677 3205 973 3277 sanguinem
999 3203 1213 3276 [Iuntina
1242 3219 1436 3266 eorum,
1462 3211 1508 3257 et
1540 3202 1719 3256 imbres
1740 3217 1915 3256 eorum
1957 3218 2021 3256 ne

432 3299 690 3361 biberent;
713 3297 798 3351 vel
823 3296 1016 3367 potius,
1061 3295 1370 3349 manationes
1397 3310 1664 3364 aquarum,
1703 3293 1842 3348 sicut
1881 3309 2018 3346 non-

433 3388 562 3443 nulli
589 3385 779 3443 melius
805 3385 1104 3456 intelligunt
1130 3385 1272 3452 quod
1300 3399 1473 3456 grzrce
1511 3385 1767 3452 scriptum
1811 3392 1922 3450 est,
1955 3391 2020 3439 τὸ.

431 3484 748 3553 ὖμσρήματα,
779 3493 910 3551 quas
938 3478 1097 3534 latine
1125 3476 1472 3548 scaturigines
1511 3476 1770 3541 dicimus,
1800 3475 1870 3530 ab
1910 3475 2018 3530 imo

430 3586 593 3639 aquas
618 3569 950 3625 elmllientes.
979 3568 1246 3624 Fuderunt
1269 3569 1410 3622 enim
1437 3566 1695 3638 Egyptii,
1725 3576 1780 3620 et
1799 3567 2016 3637 sangui-

432 3677 556 3716 nem
579 3677 674 3730 pro
710 3661 862 3732 aquis
885 3665 1216 3716 invenerunt.
1252 3678 1272 3712 ε
1301 3660 1516 3714 Misitin
1537 3674 1632 3714 eos
1655 3658 2012 3731 cyuomyiam,

427 3761 483 3805 et
505 3751 736 3806 comedit
761 3767 852 3805 eos
877 3769 892 3816 ;
922 3761 976 3806 et
999 3767 1204 3818 ranam,
1234 3760 1290 3806 et
1312 3749 1624 3818 disperdidit
1643 3764 1756 3804 eos.
1784 3749 1854 3804 Et
1870 3749 2017 3802 dedit

429 3841 656 3911 rubigini
681 3843 696 3872 ¹
725 3839 953 3896 fructum
983 3857 1190 3907 eorum,
1221 3849 1276 3896 et
1292 3840 1502 3894 labores
1545 3855 1728 3895 eorum
1771 3840 2009 3894 locustze.

430 3931 496 3985 Et
510 3931 700 3986 occidit
723 3932 774 3986 in
795 3933 1050 4002 grandine
1065 3932 1246 3985 vineas
1265 3944 1466 3993 eorum,
1492 3939 1546 3984 et
1563 3943 1740 3984 moros
1753 3945 1938 3986 eorum
1962 3931 2014 3985 in

429 4024 632 4091 pruina.
663 4024 725 4078 Et
772 4023 983 4078 tradidit
1017 4022 1257 4091 grandini
1297 4023 1530 4091 iumenta
1556 4037 1764 4088 eorum,
1808 4030 1862 4077 et
1886 4038 2012 4093 pos-

425 4117 719 4171 ecssiouem
745 4131 928 4170 eorum
952 4115 1077 4185 igni.
1108 4114 1246 4169 Misit
1273 4114 1326 4169 in
1357 4128 1449 4168 eos
1468 4115 1601 4169 iram
1641 4112 2014 4183 indignationis

423 4222 568 4271 suat;
602 4206 1033 4278 indignationem,
1076 4215 1128 4261 et
1167 4207 1319 4273 iram,
1347 4215 1402 4260 et
1441 4204 1854 4271 tribulationem,
1909 4206 2012 4260 im-

423 4299 732 4354 missionem
763 4313 858 4369 per
883 4298 1101 4368 angelos
1131 4296 1323 4353 malos.
1361 4296 1513 4352 Viam
1541 4296 1666 4352 fecit
1689 4297 1892 4352 semine
1919 4298 2012 4353 iraa

423 4405 555 4454 sum,
583 4401 639 4445 et
681 4406 785 4446 non
835 4391 1069 4461 pepercit
1111 4405 1140 4443 a
1185 4398 1356 4442 morte
1383 4389 1676 4443 animarum
1703 4403 1907 4455 eorum,
1958 4399 2013 4445 ct

419 4482 655 4551 iumenta
675 4496 860 4536 eorum
893 4481 943 4534 in
976 4491 1148 4535 morte
1175 4479 1450 4534 conclusit.
1478 4480 1541 4534 Et
1568 4479 1827 4548 percussit
1852 4495 2011 4537 omne

427 4572 745 4638 primitivum
774 4571 830 4625 in
855 4581 990 4626 terra
1019 4569 1256 4642 Egypti,
1278 4570 1536 4642 primitias
1560 4569 1796 4626 laborum
1823 4585 2010 4626 eorum

421 4661 476 4717 in
507 4663 857 4719 tabernaculis
877 4663 1059 4718 Citam.
1073 4681 1098 4716 ι

492 4755 583 4809 26.
628 4755 719 4809 Ila:
748 4769 934 4809 omnes
961 4753 1328 4825 Egyptiorum
1355 4769 1527 4825 pugnae
1545 4754 1823 4824 allegorica
1846 4754 2011 4808 inter-

426 4846 720 4915 pretatione
745 4845 938 4915 exponi
967 4855 1211 4913 possunt,
1243 4854 1398 4914 prout
1417 4860 1478 4899 ea
1497 4832 1722 4916 quisque
1749 4846 2010 4915 intellige-

423 4955 500 5004 re,
528 4947 583 4994 et
610 4938 768 4993 rebus
805 4938 872 4992 ad
897 4953 1029 5008 quas
1055 4937 1349 4993 referendae
1387 4949 1531 5005 sunt,
1571 4955 1881 5010 comparare
1911 4955 2008 4994 vo-

423 5027 602 5084 luerit.
653 5027 803 5097 Quod
853 5042 951 5084 nos
990 5044 1202 5098 quoque
1246 5028 1417 5085 facere
1455 5029 1806 5089 tentabimus:
1861 5040 2008 5085 tanto

424 5119 600 5189 aptius
626 5118 835 5185 facturi,
861 5129 1058 5190 quanto
1083 5119 1250 5189 magis
1268 5119 1520 5174 divinitus
1540 5120 1792 5175 fuerimus
1819 5121 2004 5191 adjuti.

425 5210 506 5264 Ad
546 5209 650 5266 boc
694 5210 836 5265 enim
880 5209 1066 5280 psalmi
1095 5209 1248 5279 hujus
1277 5209 1364 5265 illa
1412 5211 1572 5266 verba
1617 5214 2003 5282 constringunt,

423 5301 509 5357 ubi
535 5301 734 5356 dictum
758 5308 862 5365 est,
892 5300 1128 5368 Aperiunt
1151 5301 1201 5354 in
1219 5301 1471 5372 parabolis
1500 5317 1555 5356 os
1576 5318 1739 5356 meum
1762 5303 2006 5371 ;eloquar

422 5391 785 5460 propositiones
805 5390 866 5444 ab
890 5390 1050 5443 initio.
1071 5389 1291 5459 Propter
1310 5389 1410 5445 hoc
1432 5391 1627 5461 quippe
1652 5391 1809 5445 etiam
1830 5391 2004 5463 aliqua

375 5522 378 5525 -
422 5481 508 5539 hic
534 5482 674 5538 dicta
698 5492 842 5548 sunt,
864 5499 984 5554 qua:
1004 5483 1222 5537 omnino
1241 5482 1494 5538 accidisse
1513 5482 1638 5554 Δὶς)
1651 5483 1772 5549 ptiis
1791 5499 1896 5538 non
1923 5483 2004 5540 le-

422 5575 614 5642 gimus,
641 5589 764 5630 cum
790 5590 976 5630 onmes
997 5591 1179 5632 eorum
1208 5576 1373 5647 plaga:
1401 5577 1452 5630 in
1497 5576 1680 5632 Exodo
1707 5576 2004 5648 diligentis-

418 5667 557 5724 sime
585 5682 652 5722 ex
683 5668 869 5722 ordine
898 5678 1284 5735 contexuntur;
1317 5677 1375 5724 ut
1401 5671 1650 5740 quoniam
1679 5668 1728 5723 id
1757 5668 1900 5739 quod
1931 5670 2002 5725 ibi

483 5779 662 5848 [εὐάοι
685 5781 988 5848 πυρὶνιὶηΑι
1010 5785 1222 5844 potiores
1256 5789 1386 5839 lss..
1428 5780 1637 5848 rubigini
1663 5795 1681 5834 :
1714 5795 1857 5848 quam
1880 5796 2003 5848 non-

421 5838 877 5910 pullosasrugin'em
921 5838 1264 5910 interpretatos
1298 5838 1409 5899 esse
1435 5838 1568 5897 noui't
1590 5838 1900 5910 augustinus,
1932 5847 2004 5896 in-

420 5900 510 5966 fra,
530 5903 670 5970 huius
686 5900 844 5956 Enarr.
871 5919 921 5956 n.
945 5904 1024 5955 27.

2147 755 2286 806 mus,
2312 740 2466 795 simul
2499 743 2853 812 intelligamus
2875 742 3036 800 etiam
3066 754 3256 798 cetera
3281 759 3400 814 qua:
3439 744 3575 800 facta
3608 760 3728 803 esse

2144 841 2372 896 conStat,
2411 832 2481 887 ob
2524 833 2750 902 aliquam
2792 835 3068 905 ilguramm
3089 833 3534 904 signiﬁcationem
3590 834 3722 889 facta

2143 923 2226 977 vel
2276 923 2595 992 conscripta.
2652 922 2802 979 Facit
2826 925 2967 980 enim
3019 923 3122 979 ltoe
3163 924 3437 994 Scriptura
3464 924 3517 979 in
3546 925 3726 980 multis

2143 1012 2274 1069 locis
2291 1013 2728 1085 Propheticorum
2752 1014 3100 1086 eloquiorum.
3127 1015 3262 1072 Dicit
3285 1015 3481 1086 aliquid
3504 1015 3646 1086 quod
3671 1015 3723 1070 in

2141 1102 2230 1157 illa
2261 1119 2318 1159 re
2341 1114 2514 1175 gesta,
2544 1120 2704 1175 quam
2729 1105 2938 1160 videtur
2957 1120 3396 1170 commemorare.
3440 1121 3544 1161 non
3576 1107 3720 1161 iuve-

2139 1196 2303 1263 nitur,
2335 1198 2442 1251 imo
2461 1210 2514 1251 et
2533 1199 2686 1253 aliter
2708 1211 2830 1254 esse
2847 1198 3145 1264 invenitur;
3174 1206 3234 1252 ut
3260 1197 3382 1254 hinc
3403 1198 3722 1270 intelligatur

2138 1301 2244 1341 non
2275 1288 2378 1342 hoc
2417 1288 2599 1343 dicere
2637 1288 2777 1359 quod
2821 1297 2995 1359 potest
3040 1289 3234 1359 putari,
3264 1288 3358 1344 sed
3392 1288 3516 1345 illud
3549 1291 3725 1360 potius

2136 1375 2276 1448 quod
2304 1379 2473 1449 magis
2497 1378 2656 1433 debet
2687 1378 2895 1434 adverti
2926 1397 2942 1435 :
2968 1379 3106 1434 sicut
3132 1389 3214 1433 est
3238 1377 3386 1447 illud,
3417 1377 3720 1434 Dominabi-

2136 1475 2220 1522 tur
2236 1483 2268 1520 a
2288 1468 2420 1522 mari
2437 1483 2593 1536 usque
2607 1468 2677 1522 ad
2702 1483 2860 1530 mare,
2881 1478 2929 1523 et
2945 1485 2978 1521 α
2995 1468 3204 1539 ﬂumine
3229 1484 3384 1538 usque
3398 1470 3468 1522 ad
3487 1471 3720 1524 terminos

2133 1559 2267 1613 orbis
2295 1569 2442 1614 terra:
2470 1557 2640 1628 (Psal.
2665 1577 2808 1625 ιχιι,
2839 1563 2919 1631 8).
2960 1560 3110 1628 Quod
3154 1563 3206 1615 in
3237 1559 3378 1618 illius
3420 1561 3722 1620 Salomonis

2133 1666 2298 1720 regno
2343 1660 2552 1706 constat
2596 1667 2698 1706 n0n
2728 1667 2849 1709 esse
2892 1654 3236 1724 completum,
3282 1654 3350 1709 de
3399 1668 3505 1726 quo
3549 1657 3718 1725 putari

2131 1752 2310 1810 posset
2363 1744 2461 1796 iste
2497 1743 2738 1812 psalmus
2788 1743 2953 1814 loqui,
2995 1759 3116 1800 cum
3145 1744 3212 1799 de
3253 1743 3466 1801 Christo
3496 1745 3720 1800 Domino

2131 1831 2457 1902 loqueretur.
2482 1832 2539 1888 In
2572 1833 2738 1902 plagis
2766 1848 2896 1904 ergo
2917 1833 3314 1905 Egyptiorum,
3359 1849 3477 1904 qua:
3504 1845 3630 1890 sunt
3665 1838 3717 1891 in

2133 1921 2270 1977 libro
2313 1923 2403 1993 qui
2453 1922 2669 1978 Exodus
2717 1924 3040 1988 nominatur,
3081 1923 3166 1979 ubi
3194 1925 3422 1979 maxime
3449 1925 3718 1996 Scriptura

2127 2014 2333 2070 curavit
2355 2023 2413 2070 ut
2430 2029 2492 2071 ea
2513 2017 2704 2085 quibus
2730 2015 2911 2072 afﬁieti
2935 2026 3058 2071 sunt
3081 2021 3256 2072 omnia
3279 2034 3345 2072 ex
3363 2018 3550 2075 ordine
3575 2020 3718 2074 dice-

2126 2114 2331 2169 rentur,
2362 2122 2468 2161 non
2499 2105 2768 2161 invenitur
2815 2108 2956 2178 quod
3003 2108 3161 2163 habet
3208 2109 3309 2166 iste
3349 2109 3600 2178 psalmus,
3649 2110 3717 2165 Et

2125 2195 2263 2249 dedit
2286 2195 2504 2269 nbigini
2524 2200 2718 2266 fruetus
2737 2213 2928 2252 eorum.
2958 2197 3089 2253 Illud
3118 2201 3277 2254 etiam
3297 2200 3460 2270 quod,
3491 2214 3609 2255 cum
3636 2201 3717 2255 di-

2125 2288 2315 2352 xisset,
2343 2286 2412 2342 Et
2436 2288 2647 2342 tradidit
2674 2289 2915 2361 grandini
2929 2290 3164 2359 jumenta
3190 2307 3383 2354 eorum,
3412 2291 3630 2351 addidit.
3652 2292 3716 2346 Et

2126 2377 2487 2446 possessionem
2507 2393 2678 2432 eorum
2705 2378 2855 2452 igni:
2873 2378 2940 2434 de
2963 2379 3220 2449 jumeutis
3243 2379 3499 2451 grandine
3523 2382 3715 2436 occisis

2126 2469 2321 2538 legitur
2348 2469 2402 2523 in
2444 2468 2630 2524 Exodo
2663 2469 2859 2542 (Ea-od.
2889 2486 2966 2534 Ix,
2997 2472 3131 2540 ‘25);
3179 2469 3322 2541 quod
3347 2487 3473 2527 vero
3502 2485 3714 2542 posses-

2124 2563 2206 2617 sio
2249 2576 2435 2618 eorum
2482 2564 2603 2633 igne
2654 2573 2888 2620 cremata
2937 2565 3024 2630 sit,
3073 2565 3292 2618 omnino
3344 2579 3446 2618 non
3499 2563 3708 2633 legitur.

2124 2650 2378 2721 Quamvis
2405 2669 2562 2709 voces
2604 2663 2658 2709 et
2683 2654 2832 2725 ignes
2872 2669 2993 2710 eum
3029 2654 3286 2724 grandine
3329 2654 3537 2720 ﬁerent,
3575 2654 3713 2712 sicut

2125 2747 2353 2802 tonitrua
2382 2762 2502 2803 cum
2533 2746 2826 2818 fulguribus
2849 2747 3057 2812 solent;
3102 2761 3208 2802 non
3239 2755 3416 2803 tamen
3453 2747 3710 2818 scriptum

2123 2845 2206 2893 est
2231 2837 2428 2910 aliquid
2452 2837 2700 2893 traditum
2732 2837 2837 2908 igni
2879 2847 2935 2892 ut
2967 2837 3207 2894 arderet.
3253 2838 3491 2908 Denique
3532 2838 3710 2893 mollia

2121 2943 2243 3000 qua:
2289 2928 2482 2984 laedere
2523 2929 2729 3000 grando
2756 2944 2862 2984 non
2906 2938 3135 3000 poterat,
3165 2929 3416 2986 dicuntur
3454 2944 3560 2986 non
3590 2945 3711 2986 esse

2122 3035 2393 3091 percussa,
2419 3022 2470 3077 id
2498 3032 2600 3086 est,
2632 3021 2778 3078 duris
2797 3022 2990 3077 ictibus
3017 3022 3177 3091 laesa;
3206 3038 3329 3094 qua:
3357 3033 3537 3095 postea
3563 3039 3710 3080 com-

2120 3112 2232 3168 edit
2280 3113 2483 3168 locusta
2533 3112 2642 3185 (Id.
2699 3129 2756 3180 ι,
2802 3111 2976 3184 1-15).
3016 3111 3143 3168 Item
3186 3114 3328 3185 quod
3368 3113 3454 3170 hic
3494 3114 3708 3182 dicitur,

2122 3206 2190 3261 Et
2210 3221 2378 3262 moros
2405 3222 2576 3260 eorum
2593 3206 2648 3260 in
2679 3206 2884 3276 pruina,
2915 3221 3020 3261 non
3041 3214 3128 3262 est
3152 3206 3203 3260 in
3232 3205 3418 3263 Exodo
3444 3223 3458 3260 :
3486 3207 3707 3262 multum

2120 3299 2262 3352 enim
2291 3297 2478 3367 pruina
2505 3295 2665 3352 distat
2689 3312 2720 3351 a
2747 3295 3039 3366 grandine;
3071 3311 3194 3352 nam
3237 3298 3442 3353 serenis
3465 3297 3708 3352 hiemali-

2120 3389 2220 3442 bus
2244 3388 2489 3443 noctibus
2517 3388 2708 3458 pruina
2729 3396 2868 3441 terra
2894 3387 3148 3442 canescit.

2190 3479 2282 3534 27.
2333 3477 2472 3545 Quid
2521 3492 2650 3548 ergo
2679 3478 2779 3533 ista
2820 3476 3140 3548 signiﬁcent,
3185 3475 3328 3533 dicat
3373 3487 3627 3533 tractator
3652 3489 3708 3534 ut

2118 3583 2322 3645 potest;
2346 3573 2546 3644 iudicet
2571 3573 2740 3629 lector
2763 3581 2817 3628 et
2857 3572 3068 3627 auditor
3111 3581 3170 3627 ut
3186 3571 3388 3642 justum
3414 3581 3514 3628 est.
3550 3576 3702 3644 Aqua

2120 3667 2174 3720 in
2197 3666 2509 3734 sanguinem
2535 3677 2816 3728 conversa,
2838 3663 2966 3717 mibi
2987 3661 3203 3718 videtur
3224 3662 3526 3732 signiﬁcare
3550 3662 3616 3717 de
3631 3676 3706 3716 re-

2117 3773 2234 3812 rum
2257 3757 2434 3811 causis
2461 3757 2664 3811 sentire
2683 3753 2996 3809 carnaliter.
3038 3752 3352 3826 Cynomyia,
3383 3753 3558 3807 canini
3589 3769 3705 3808 mo-

2117 3863 2206 3903 res
2227 3857 2374 3911 sunt,
2405 3847 2494 3917 qui
2523 3862 2623 3902 nec
2651 3854 2900 3917 parentes
2920 3845 3134 3916 quando
3163 3855 3474 3910 nascuntur,
3502 3845 3697 3900 vident.

2117 3940 2288 4005 Rana,
2319 3949 2403 3995 est
2429 3938 2801 4009 loquacissima
2822 3937 3043 3993 vanitas.
3067 3938 3270 4010 [tubigo
3289 3942 3493 3993 occulte
3513 3949 3700 4005 nocet;

2115 4047 2272 4101 quam
2295 4033 2453 4086 etiam
2479 4032 2767 4101 aeruginem
2793 4031 3030 4085 nonnulli
3062 4030 3392 4100 interpretati
3433 4043 3573 4096 sunt,
3612 4033 3698 4088 alii

2113 4123 2412 4181 cuniculum
2441 4126 2457 4154 ‘
2494 4121 2676 4194 :quod
2704 4122 2904 4177 malum
2941 4122 3027 4177 cui
3051 4121 3296 4176 vitiorum
3335 4124 3512 4192 aptius
3551 4139 3702 4179 como

2115 4222 2351 4286 paratur,
2371 4214 2472 4269 nisi
2483 4212 2622 4284 quod
2637 4213 2948 4270 difﬁcillime
2961 4223 3199 4284 apparet,
3216 4213 3370 4269 sicuti
3381 4225 3463 4270 est
3479 4217 3698 4270 multum

2115 4309 2184 4362 de
2213 4322 2271 4362 se
2298 4306 2462 4362 fidere
2479 4306 2504 4358 ‘i
2531 4307 2674 4361 Aura
2703 4315 2786 4362 est
2809 4306 2950 4362 enim
2972 4306 3149 4371 noxia,
3175 4322 3296 4376 qua:
3318 4308 3419 4361 hoc
3439 4308 3489 4362 in
3512 4307 3696 4363 fructi-

2115 4396 2216 4453 bus
2244 4398 2472 4458 latenter
2512 4407 2794 4468 operatur;
2826 4398 2965 4452 sicut
3012 4397 3065 4452 in
3105 4398 3342 4453 moribus
3362 4400 3565 4454 occulta
3612 4415 3700 4455 su-

2116 4491 2316 4560 perbia,
2349 4487 2562 4559 quando
2589 4504 2648 4544 se
2681 4489 2962 4560 quisquam
2992 4498 3141 4559 putat
3168 4489 3365 4565 aliquid
3394 4505 3534 4554 esse,
3575 4506 3696 4546 cum

2115 4581 2242 4636 nihil
2271 4582 2339 4635 sit
2363 4580 2504 4651 (Gal.
2531 4596 2606 4644 vi,
2633 4581 2711 4651 3).
2736 4580 2960 4635 Locusta
2985 4588 3070 4636 est
3099 4580 3296 4635 malitia
3335 4596 3436 4638 ore
3478 4580 3694 4646 ltedeus,

2114 4670 2313 4726 inﬁdeli
2365 4671 2569 4726 scilicet
2617 4670 2943 4726 testimonio.
2975 4668 3190 4726 Graudo
3217 4679 3300 4724 est
3340 4669 3588 4739 iniquitas
3613 4686 3694 4727 res

2113 4763 2316 4819 alienas
2343 4764 2589 4818 auferens
2609 4779 2624 4827 ;
2645 4762 2784 4816 unde
2811 4761 2968 4826 furta,
2997 4763 3217 4833 rapinae,
3243 4762 3693 4833 praedationesqus

2115 4866 2402 4913 nascuntur
2429 4873 2442 4909 :
2476 4855 2594 4925 plus
2633 4865 2811 4909 autem
2848 4854 2978 4909 vitio
3001 4869 3100 4909 suo
3127 4861 3362 4909 vastatur
3383 4855 3494 4926 ipse
3521 4865 3693 4910 vasta-

2113 4957 2219 5002 tor.
2246 4947 2439 5002 Pruiua
2485 4947 2750 5016 signiﬁcat
2791 4945 3000 5010 vitium,
3048 4959 3154 5016 quo
3191 4945 3423 5000 cbaritas
3469 4946 3691 5016 proximi

2113 5039 2349 5094 Stultitia:
2379 5037 2614 5093 tenebris
2661 5037 2808 5091 velut
2840 5044 3103 5092 nocturno
3130 5035 3326 5108 frigore
3354 5038 3687 5108 congelade

2112 5129 2250 5200 Ignis
2271 5143 2418 5192 vero,
2445 5129 2489 5183 si
2513 5144 2618 5183 non
2649 5128 2737 5183 ille
2774 5126 2863 5183 bic
2889 5138 3337 5182 commemoratur
3357 5127 3446 5197 qui
3496 5137 3610 5182 erat
3642 5129 3691 5182 in

2109 5221 2369 5292 grandine
2393 5237 2458 5278 ex
2483 5220 2870 5292 fulgurantibus
2897 5219 3147 5287 nubibus,
3166 5221 3414 5291 quoniam
3437 5218 3522 5275 hic
3537 5221 3689 5286 dixit,

2114 5313 2346 5367 Tradidit
2377 5312 2738 5382 possessionem
2783 5326 2958 5365 eorum
2985 5310 3128 5381 igni;
3164 5309 3251 5364 ubi
3279 5325 3395 5364 cant
3430 5309 3686 5380 significat

2113 5405 2292 5474 utique
2323 5404 2616 5468 incensam,
2660 5402 2801 5473 quod
2867 5401 3003 5472 ignis
3056 5401 3142 5456 ille
3187 5400 3374 5456 fecisse
3415 5415 3517 5454 non
3565 5401 3686 5471 legi-

2112 5507 2195 5551 tur
2215 5513 2235 5569 ;
2261 5494 2643 5551 immanitatem
2675 5509 2802 5564 ergo
2832 5492 3121 5550 iracundiae
3147 5492 3276 5547 mibi
3304 5492 3508 5547 videtur
3527 5493 3689 5562 signi-

2111 5589 2308 5653 licare,
2352 5603 2455 5657 qua
2514 5595 2570 5641 et
2631 5584 2971 5640 homicidium
3016 5577 3220 5639 admitti
3276 5593 3465 5653 potest.
3518 5583 3686 5640 Morte

2110 5691 2363 5749 pecorum
2406 5677 2684 5746 ﬁguratum
2729 5686 2832 5741 est,
2863 5683 3117 5744 quantum
3159 5673 3409 5740 arbitror,
3438 5674 3684 5730 danmum

2110 5769 2400 5842 pudicitite.
2432 5768 2926 5838 Concupiscentiam
2952 5767 3168 5839 quippe,
3196 5781 3297 5838 qua
3341 5766 3478 5823 fetus
3510 5769 3683 5822 exori-

2176 5907 2194 5939 ⁸
2220 5904 2408 5968 Aliquot
2434 5910 2562 5965 3155.,
2587 5900 2875 5955 craticulam.
