3990 6318
252 360 379 420 1οο1

250 488 357 544 tur,
381 486 722 532 communem
745 485 863 526 eum
891 467 1171 539 pecoribus
1191 464 1468 520 habemus.
1494 462 1641 518 llanc
1658 461 1836 531 itaque

250 567 541 626 edomitam
572 565 770 621 habere
796 570 849 619 et
885 561 1205 623 ordinatam,
1239 555 1506 626 pudicitia:
1537 554 1701 607 virtus
1734 562 1834 607 est.

251 662 396 718 Mors
434 659 819 732 primitivorum
866 663 948 710 est
979 651 1196 707 amissio
1242 650 1406 719 ipsius
1440 646 1691 716 justitize,
1736 658 1838 713 qua

252 755 479 823 quisque
510 751 744 806 humano
772 747 954 817 generi
984 743 1199 800 socialis
1229 751 1332 796 est.
1366 739 1472 795 Sed
1504 737 1616 792 sive
1662 737 1731 790 ita
1782 750 1840 788 se

254 844 486 898 habeant
526 843 713 896 harum
750 854 927 892 rerum
975 835 1210 906 {iguratze
1239 832 1678 903 significationes,
1727 827 1842 882 sive

253 935 410 991 aliter
439 933 629 988 melius
656 930 1045 1000 intelligantur;
1095 942 1250 995 quem
1301 941 1404 979 non
1450 930 1659 978 moveat
1700 917 1839 990 quod

256 1026 442 1080 decem
472 1025 637 1094 plagis
676 1022 1044 1091 percutiuntur
1085 1015 1344 1088 Egyptii,
1387 1024 1438 1069 ct
1475 1013 1661 1068 decem
1708 1025 1839 1080 pra:-

256 1116 426 1184 ceptis
451 1114 752 1168 scribuntur
783 1111 992 1175 tabula},
1019 1108 1208 1178 quibus
1231 1115 1443 1176 regatur
1461 1102 1682 1174 populus
1711 1100 1841 1155 Dei?

262 1210 336 1262 De
366 1208 555 1278 quibus
596 1220 628 1261 e
665 1205 933 1260 contrario
967 1202 1105 1256 inter
1131 1215 1188 1253 se.
1232 1194 1624 1267 comparandis,
1671 1192 1722 1247 id
1761 1201 1843 1246 est

259 1300 431 1370 plagis
458 1309 508 1353 et
536 1297 835 1367 prmccptis,
867 1294 1115 1364 quoniam
1147 1291 1529 1353 alibi,diximus
1555 1287 1650 1359 (α),
1680 1301 1844 1355 expc.

262 1392 510 1447 sitionem
557 1389 745 1459 psalmi
772 1387 930 1458 hujus
960 1388 1011 1440 in
1055 1386 1135 1440 his
1165 1398 1391 1439 onerare
1433 1397 1537 1436 non
1563 1396 1696 1450 opus
1721 1389 1838 1433 cst:

261 1492 466 1535 unitum
495 1479 843 1535 admonemus
863 1478 983 1548 quia
1014 1486 1067 1531 et
1097 1475 1196 1536 hic.
1231 1473 1329 1528 etsi
1359 1489 1462 1527 non
1481 1470 1670 1528 eodem
1702 1469 1846 1524 ordi-

263 1593 349 1639 ne,
383 1575 570 1630 decem
600 1581 776 1627 tamen
823 1570 1191 1642 Egyptiorum
1228 1567 1392 1636 plaga:
1419 1577 1842 1619 commemorau-

264 1678 386 1731 tur;
410 1667 537 1720 dum
569 1681 663 1734 pro
692 1664 859 1719 tribus
888 1677 1005 1733 qua!
1033 1669 1157 1715 sunt
1187 1659 1237 1713 iu
1266 1656 1452 1713 Exodo
1492 1653 1687 1727 (Exod.
1733 1668 1844 1716 vut,

265 1760 355 1823 ΓΙ,
402 1773 476 1824 Ix,
505 1755 590 1819 10,
637 1753 682 1808 et
710 1770 760 1818 x,
802 1751 921 1825 29.),
950 1759 1003 1807 et
1050 1751 1138 1804 hic
1166 1764 1270 1803 non
1294 1757 1437 1812 sunt,
1465 1746 1640 1809 idest,
1683 1743 1845 1798 sciui-

265 1849 418 1919 pbes,
440 1848 636 1911 ulcera,
661 1845 915 1907 tenebrae,
943 1842 1059 1897 alia!
1089 1851 1197 1896 tres
1221 1845 1705 1894 commemorantur
1732 1851 1849 1905 qua:

266 1941 337 1995 ibi
366 1955 469 1993 non
501 1947 644 2004 sunt,
675 1935 726 1990 id
758 1945 862 2000 est,
889 1934 1097 2003 rubigo,
1130 1931 1317 2002 pruina
1343 1938 1398 1984 et
1428 1927 1585 1999 ignis,
1616 1941 1721 1980 non
1749 1927 1848 1978 ful—

265 2045 478 2100 gurum,
527 2025 620 2082 sed
667 2027 750 2081 cui
796 2025 934 2081 dicta
986 2031 1068 2078 cst
1110 2021 1298 2076 tradita
1351 2015 1617 2090 possessio
1643 2030 1848 2080 eorum,

267 2120 407 2190 quod
432 2121 501 2174 ibi
527 2134 629 2173 non
657 2118 865 2189 legitur.

339 2215 430 2270 28.
473 2213 614 2268 Satis
633 2221 807 2266 autem
831 2209 916 2265 hic
938 2221 1251 2278 expressum
1274 2213 1376 2271 est,
1399 2201 1601 2274 judicio
1621 2198 1715 2255 Dei
1741 2199 1853 2254 fieri

271 2308 386 2360 lure
408 2306 459 2359 in
487 2305 587 2359 illis
614 2319 706 2374 per
725 2301 942 2373 angelos
964 2301 1153 2365 malos,
1177 2299 1229 2352 in
1254 2302 1354 2358 hoc
1377 2294 1576 2351 StI‘CUlO
1602 2293 1852 2362 maligno,

270 2407 521 2464 tauquam
548 2395 600 2448 in
628 2391 860 2465 IEgypto
885 2401 938 2446 et
965 2390 1018 2444 in
1044 2404 1234 2459 campo
1261 2387 1531 2451 Tltaueos,
1563 2383 1653 2438 ubi
1681 2381 1863 2436 humi-

272 2490 351 2542 les
383 2503 504 2544 esse
531 2485 808 2546 debemus,
841 2483 1012 2538 donec
1037 2480 1215 2536 veniat
1240 2477 1494 2534 saeculum
1525 2474 1612 2531 ubi
1636 2471 1858 2529 exaltari

271 2596 338 2635 ex
369 2580 468 2632 ista
496 2577 794 2632 humilitate
821 2589 1141 2630 mereamur.
1164 2572 1296 2626 Nam
1322 2578 1374 2625 et
1401 2568 1658 2640 )Egyptus
1688 2567 1740 2620 in
1768 2563 1862 2619 hc-

275 2672 418 2726 brtea
448 2670 623 2741 lingua
651 2667 923 2723 Tenebras
953 2663 1038 2719 vel
1067 2662 1462 2719 Tribulationes
1489 2657 1774 2729 significat,
1809 2657 1861 2711 in

273 2777 378 2833 qua
403 2761 577 2832 lingua
600 2759 821 2825 Thanis,
851 2759 987 2813 sicut
1012 2751 1450 2817 commemoravi,
1478 2749 1677 2804 humile
1703 2747 1862 2802 intel-

279 2852 462 2922 ligitur
489 2865 610 2905 esse
634 2847 958 2902 Mandatum.
1003 2847 1078 2901 De
1105 2844 1308 2915 angelis
1342 2855 1470 2913 ergo
1497 2839 1650 2894 malis
1684 2837 1734 2891 in
1762 2837 1865 2891 isto

279 2943 506 3014 psalmo,
534 2956 654 2997 cum
685 2939 751 2994 de
780 2939 908 3008 ipsis
932 2935 1097 3007 plagis
1127 2935 1454 3005 loqueretur,
1481 2930 1559 2986 sic
1586 2927 1868 2998 interposi-

283 3044 396 3087 tum
434 3041 554 3095 est,
598 3029 738 3100 quod
783 3043 886 3084 non
935 3025 1236 3081 transitoric
1281 3019 1706 3094 praetereundum
1735 3027 1864 3075 est:

284 3120 429 3174 Ηίδὶι
457 3122 510 3174 in
540 3136 656 3186 eos,
689 3119 891 3188 inquit,
933 3118 1061 3170 iram
1089 3113 1448 3186 indignationis
1470 3127 1608 3177 sua);
1634 3109 1872 3181 indigna-

285 3213 470 3266 tionem
495 3221 541 3266 et
570 3213 721 3275 iram,
751 3219 796 3263 et
824 3207 1194 3262 tribulationem
1215 3248 1230 3271 ,
1260 3203 1635 3269 immissiouem,
1665 3216 1753 3271 per
1773 3216 1871 3255 arr-

285 3308 425 3377 qclos
449 3303 629 3359 malos.
658 3304 791 3359 Esse
815 3310 990 3357 autem
1017 3300 1282 3355 diabolum
1305 3305 1357 3352 et
1377 3294 1592 3366 angelos
1617 3293 1732 3365 ejus
1761 3301 1866 3348 tam

255 3467 260 3471 _
287 3397 459 3451 malos
487 3395 690 3466 utique,
719 3405 777 3450 ut
800 3394 878 3447 eis
904 3392 1040 3463 ignis
1067 3397 1394 3461 pr:rparetur
1417 3396 1667 3450 :rtcruus,
1693 3383 1871 3437 nullus

288 3486 461 3542 fidelis
487 3487 691 3558 ignorat
721 3501 736 3541 :
764 3483 857 3540 sed
885 3482 1096 3537 immitti
1127 3497 1221 3551 per
1251 3495 1340 3535 eos
1371 3477 1750 3532 immissioucm
1777 3489 1867 3528 su-

289 3593 388 3647 per
410 3575 674 3647 quoslibet
698 3592 726 3630 a
760 3576 984 3630 Domino
1014 3574 1162 3642 Deo,
1202 3586 1336 3642 quos
1365 3568 1464 3624 hac
1493 3584 1644 3639 poena
1670 3567 1872 3638 jndicat

286 3667 477 3736 dignos
496 3708 513 3732 ,
546 3666 738 3721 durum
778 3665 979 3721 .'idetur
1001 3665 1082 3721 eis
1106 3664 1194 3734 qui
1222 3664 1397 3718 minus
1424 3661 1598 3715 idonei
1627 3667 1750 3713 sunt
1776 3674 1870 3712 co-

295 3753 467 3822 gitare
493 3753 938 3824 quemadmodum
968 3766 1176 3806 summa
1204 3750 1293 3805 Dei
1319 3746 1519 3818 justitia
1549 3746 1683 3801 bene
1705 3755 1882 3799 utatur

296 3849 354 3898 ct
376 3841 550 3895 malis.
595 3841 740 3908 Quos
764 3840 977 3912 quidem
1001 3882 1016 3904 ,
1049 3848 1305 3909 quantum
1350 3837 1576 3906 pertinet
1603 3836 1665 3890 ad
1697 3851 1879 3890 eorum

296 3935 673 3998 substantiam,
716 3934 833 4004 quis
869 3933 1006 3987 alius
1035 3948 1190 4002 quam
1235 3932 1348 4002 ipse
1388 3930 1548 3986 fecit?
1583 3928 1688 3985 Sed
1715 3929 1882 3983 malos

297 4028 413 4098 ipse
441 4041 545 4080 non
574 4025 697 4081 fecit
729 4043 742 4079 :
771 4025 936 4080 utitur
964 4034 1139 4077 tamen
1171 4023 1271 4089 eis,
1299 4021 1550 4092 quoniam
1580 4020 1749 4074 bonus
1777 4030 1878 4084 est,

299 4117 459 4184 bene,
484 4116 536 4171 id
560 4126 641 4172 est
667 4115 1048 4171 convenienter
1070 4123 1127 4168 et
1142 4113 1321 4182 juste;
1353 4111 1489 4166 sicut
1521 4125 1552 4164 e
1575 4117 1759 4164 contra
1785 4109 1884 4163 ini-

297 4209 390 4280 qui
417 4207 674 4264 creaturis
715 4207 831 4277 ejus
869 4204 1025 4260 bonis
1069 4210 1288 4258 utuntur
1331 4201 1489 4256 male.
1537 4200 1714 4257 Utitur
1755 4214 1885 4270 ergo

301 4299 442 4355 Deus
468 4297 673 4368 angelis
711 4298 864 4352 malis
883 4337 898 4362 ,
931 4312 1035 4350 non
1065 4294 1235 4350 solum
1265 4293 1329 4347 ad
1360 4292 1654 4362 puniendos
1681 4290 1882 4356 malos,

300 4390 454 4445 sicuti
473 4391 523 4444 iu
542 4391 656 4444 istis
676 4389 923 4444 omnibus
941 4387 1009 4443 de
1029 4386 1220 4457 quibus
1247 4385 1479 4455 loquitur
1495 4385 1758 4449 Psalmus,
1781 4385 1886 4439 sic-

303 4491 362 4536 ut
387 4483 437 4536 in
473 4495 597 4552 rege
629 4478 833 4544 Achab,
862 4493 1019 4549 quem
1061 4478 1278 4533 fallacia:
1306 4476 1521 4546 Spiritus
1545 4491 1608 4530 ex
1648 4475 1739 4530 Dei
1788 4489 1882 4528 vo-

302 4571 504 4625 luntate
535 4570 745 4625 seduxit
771 4578 827 4622 ut
847 4569 1061 4624 caderet
1091 4568 1142 4622 in
1172 4568 1314 4623 bello
1341 4564 1428 4638 (Ill
1458 4564 1588 4636 Reg.
1610 4581 1740 4628 xxu,
1767 4563 1884 4636 29.);

303 4680 489 4719 verum
516 4664 677 4718 etiam
707 4660 773 4716 ad
804 4660 1106 4732 probandos
1145 4668 1200 4714 et
1241 4655 1654 4712 manifestandos
1675 4656 1845 4711 bonos
1869 4695 1885 4720 ,

303 4757 462 4812 sicuti
488 4756 610 4811 fecit
638 4755 689 4810 in
717 4753 838 4810 Job.
866 4753 1017 4820 Quod
1045 4763 1221 4806 autem
1250 4751 1476 4821 pertinet
1499 4749 1565 4803 ad
1593 4749 1746 4803 istam
1777 4763 1890 4802 ma-

308 4849 493 4902 teriam
514 4847 844 4917 corporalem
867 4843 1152 4900 visibilium
1173 4843 1581 4907 elementorum,
1605 4849 1732 4910 puto
1749 4839 1891 4910 quod

311 4954 367 4995 ea
389 4946 610 5008 possunt
634 4939 709 4992 uti
738 4935 924 5007 Angeli
945 4945 997 4990 et
1027 4935 1150 4990 boni
1170 4943 1224 4989 et
1249 4933 1397 4999 mali,
1419 4940 1674 5003 quantum
1701 4932 1893 5003 cuique

311 5044 546 5105 potestas
567 5043 643 5089 est
665 5048 680 5096 ;
705 5029 1150 5103 quemadmodum
1173 5037 1228 5082 et
1250 5028 1491 5081 homines
1515 5026 1638 5080 boni
1663 5026 1892 5095 malique

313 5134 530 5180 utuntur
561 5124 753 5178 talibus
773 5166 786 5184 ,
827 5131 1082 5192 quantum
1116 5131 1337 5190 possunt
1376 5134 1472 5190 pro
1500 5119 1714 5173 modulo
1743 5118 1891 5172 inﬁr-

311 5218 508 5272 mitatis
525 5216 788 5270 humanm.
813 5215 944 5269 Nam
964 5223 1018 5269 et
1034 5226 1170 5269 terra
1192 5213 1407 5276 utimur,
1427 5221 1480 5266 et
1499 5227 1654 5280 aqua,
1677 5221 1730 5266 et
1748 5226 1892 5276 acre,

311 5319 366 5364 et
393 5310 533 5379 igne,
563 5323 668 5363 non
695 5307 867 5361 solum
894 5307 944 5359 in
970 5304 1287 5360 necessariis
1313 5305 1474 5359 rebus
1493 5302 1896 5358 sustentationis

313 5409 532 5466 nostra),
564 5414 747 5453 verum
775 5397 934 5454 etiam
967 5398 1017 5451 in
1047 5397 1225 5451 multis
1253 5395 1533 5465 superfluis
1558 5403 1612 5451 et
1637 5395 1854 5450 ludicris
1878 5437 1896 5462 ,

315 5500 370 5546 et
398 5491 714 5547 mirabiliter
742 5488 1044 5544 artiﬁciosis
1073 5488 1341 5558 operibus.
1375 5487 1504 5541 Nam
1535 5487 1895 5542 innumerabi-

317 5583 385 5637 lia
421 5597 542 5653 qute
577 5579 911 5650 appellantur
938 5590 1299 5646 μηχανήματα,
1343 5577 1426 5632 bis
1463 5576 1741 5632 elementis
1784 5585 1897 5631 arte

318 5672 556 5728 tractatis
581 5671 972 5726 modificantur.
997 5669 1099 5726 Sed
1132 5670 1185 5723 in
1213 5669 1327 5723 haec
1353 5668 1568 5741 Angelis
1594 5668 1748 5740 longe
1777 5682 1895 5724 am-

382 5829 458 5894 (a)
480 5837 630 5880 Serm.
653 5829 718 5878 de
750 5828 923 5879 decem
947 5824 1101 5889 Plagis
1121 5831 1172 5876 et
1191 5824 1464 5889 Praeceptis.

551 5906 821 5965 PATROL.
857 5906 1148 5968 XXXVI.

1277 342 1669 403 ENARRATIO
1705 346 1770 402 IN
1813 340 2134 400 PSALSIUM
2175 340 2430 398 LXXV".

3397 348 3532 406 1003

1948 455 2087 528 plior
2109 465 2190 513 est
2217 466 2472 529 potestas,
2504 467 2556 514 et
2581 457 2758 528 bonis,
2790 469 2844 516 et
2870 460 3044 528 malis,
3077 463 3319 534 quamvis
3351 467 3526 534 tttiquc

1947 549 2117 618 major
2143 547 2333 614 bonis;
2364 549 2456 605 sed
2488 560 2739 620 quantum
2771 551 2866 608 Dei
2893 562 3022 609 nutu
3051 564 3210 626 atque
3234 555 3423 612 ordine
3444 556 3533 627 ju~

1947 641 2103 696 betur
2137 649 2228 697 aut
2254 641 2469 709 sinitur,
2515 642 2650 698 sicut
2673 655 2729 698 et
2771 645 2944 701 nobis.
2975 638 3155 717 Neque
3181 647 3322 702 enim
3364 648 3417 703 in
3450 649 3532 705 bis

1947 733 2123 788 omnia
2151 749 2268 803 quae
2294 734 2538 789 volumus
2563 746 2861 803 possumus.
2891 737 2945 791 in
2976 739 3113 792 libro
3133 747 3308 792 autem
3333 739 3530 794 fidelis-

1949 826 2087 881 simo
2110 826 2334 897 legimus
2361 825 2632 881 diabolum
2657 827 2894 897 potuisse
2917 831 3074 885 etiam
3097 829 3164 886 de
3186 831 3326 887 ccelo
3356 831 3542 902 ignem.

1951 920 2267 985 immittere,
2299 919 2365 974 ad
2408 919 2576 974 sancti
2605 919 2702 973 viri
2739 928 2940 975 tantum
2973 937 3222 992 pecorum
3255 938 3530 978 numerum

1950 1010 2176 1064 mirabili
2223 1021 2277 1065 et
2324 1011 2593 1066 horrendo
2643 1011 2843 1081 impetu
2891 1013 3344 1078 consumendum;
3394 1012 3533 1082 quod

1947 1101 2161 1156 diabolo
2191 1102 2426 1158 tribuere
2452 1117 2610 1157 nemo
2636 1102 2866 1156 fidelium
2901 1101 3144 1158 fortassis
3171 1104 3406 1168 auderet,
3432 1105 3533 1156 nisi

1949 1201 2144 1247 sancta;
2174 1193 2464 1263 Scriptura:
2507 1194 2822 1248 auctoritate
2865 1195 3150 1263 legeretur.
3190 1193 3292 1250 Sed
3325 1195 3410 1250 ille
3435 1194 3535 1262 vir,

1953 1285 2041 1337 Dei
2074 1285 2215 1338 dono
2241 1284 2448 1354 justus,
2493 1292 2547 1340 et
2587 1283 2740 1339 fortis
2764 1324 2780 1350 ,
2822 1295 2875 1339 et
2910 1286 2996 1355 pic
3025 1287 3260 1354 peritus,
3295 1301 3398 1340 non
3428 1286 3533 1343 ait.

1954 1377 2205 1431 Dominus
2232 1376 2395 1441 dedit,
2424 1376 2665 1431 diabolus
2693 1376 2906 1431 abstulit
2929 1395 2942 1442 ;
2969 1376 3083 1438 sed,
3111 1376 3353 1431 Dominus
3376 1377 3534 1441 dedit,

1955 1467 2199 1522 Dominus
2243 1470 2448 1524 abstuli’
2477 1468 2602 1540 (Job
2629 1485 2667 1533 ι,
2702 1469 2790 1534 16,
2811 1468 2873 1523 21
2903 1466 2959 1541 );
2990 1471 3188 1538 optime
3215 1469 3390 1524 sciens
3416 1471 3534 1523 dia—

1953 1559 2134 1613 bolum
2165 1560 2323 1615 etiam
2364 1560 2506 1630 quod
2547 1560 2721 1615 facere
2744 1560 2810 1615 de
2841 1559 2956 1615 istis
2989 1561 3266 1614 clementis
3297 1569 3531 1628 poterat,

1954 1667 2057 1706 non
2083 1661 2258 1707 tamen
2279 1667 2434 1707 servo
2457 1650 2573 1718 Dei,
2599 1651 2699 1706 nisi
2725 1651 2840 1721 ejus
2863 1651 3085 1706 Domino
3104 1653 3255 1707 voieu
3266 1658 3316 1706 te
3334 1666 3397 1706 ac
3417 1666 3541 1721 pcr-

1957 1746 2199 1798 mittente
2223 1743 2389 1799 fuisse
2417 1742 2716 1810 facturum;
2744 1743 2996 1797 malitiam
3024 1742 3222 1797 diaboli
3247 1742 3540 1798 confunde-

1957 1836 2044 1889 bat
2058 1835 2353 1906 ‘,quouiam
2370 1835 2489 1905 quis
2505 1835 2593 1890 illa
2607 1835 2657 1893 in
2671 1849 2731 1889 se
2748 1832 3022 1904 probando
3039 1842 3296 1900 uteretur,
3316 1833 3539 1890 sciebat.

1958 1927 2014 1980 ln
2035 1926 2154 1980 filiis
2171 1941 2297 1982 vero
2316 1925 2624 1982 difﬁdentia:
2647 1934 2894 1996 tanquam
2913 1925 2963 1979 in
2984 1925 3096 1981 suis
3115 1925 3389 1996 mancipiis
3409 1940 3542 1996 ope-

1959 2027 2105 2073 ratur
2125 2014 2338 2092 (Ep/tes.
2363 2033 2420 2082 ιι,
2445 2018 2526 2088 2),
2555 2016 3000 2088 quemadmodum
3033 2015 3278 2072 homines
3303 2016 3355 2070 in
3386 2031 3537 2087 peoo-

1960 2110 2106 2165 ribus
2145 2111 2290 2177 suis;
2337 2119 2392 2166 et
2421 2111 2528 2166 illic
2553 2119 2730 2166 tamen
2769 2118 3022 2182 quantum
3053 2109 3147 2164 Dei
3173 2109 3319 2179 justo
3341 2108 3544 2178 judicio

1960 2207 2170 2259 s’nitur.
2200 2205 2306 2260 Sed
2341 2205 2484 2259 aliud
2525 2212 2607 2262 est
2643 2204 2854 2275 quando
2883 2211 3120 2274 potestas
3161 2203 3278 2273 ejus
3312 2203 3472 2258 etiam
3512 2218 3541 2256 a

1961 2298 2092 2363 suis,
2115 2296 2251 2351 sicut
2272 2297 2319 2351 ei
2341 2297 2535 2366 placet,
2573 2295 2860 2352 tractandis
2893 2295 3094 2367 majore
3127 2303 3392 2366 potestate
3414 2308 3546 2364 pro-

1964 2388 2206 2455 hibetur;
2233 2389 2374 2444 aliud
2400 2388 2614 2460 quando
2638 2389 2686 2444 ei
2715 2397 2950 2457 potestas
2974 2390 3134 2445 etiam
3163 2389 3213 2443 in
3241 2402 3335 2445 eos
3358 2387 3450 2458 qui
3477 2387 3548 2446 ab

1965 2481 2056 2537 illo
2085 2481 2242 2536 alieni
2280 2489 2403 2536 sunt
2436 2480 2613 2536 datur.
2637 2481 2784 2536 Sicut
2810 2480 2972 2536 homo
2993 2481 3061 2536 de
3082 2496 3275 2550 pecore
3302 2497 3424 2546 suo,
3449 2496 3548 2552 pro

1967 2574 2200 2628 humano
2223 2584 2399 2643 captu,
2425 2572 2550 2628 facit
2572 2573 2714 2644 quod
2738 2573 2884 2639 vult;
2911 2588 3009 2629 nec
3032 2588 3160 2628 sane
3191 2573 3335 2638 facit,
3359 2575 3402 2629 si
3426 2561 3551 2644 pro-

1968 2665 2213 2720 hibeatur
2239 2682 2267 2720 a
2295 2674 2556 2737 potestate
2580 2666 2784 2738 majore
2812 2682 2828 2721 :
2854 2665 2921 2722 de
2946 2666 3122 2723 alieno
3151 2675 3327 2722 autem
3355 2682 3552 2738 pecore

1967 2767 2026 2813 ut
2052 2760 2238 2826 faciat,
2270 2767 2544 2830 exspectat
2569 2759 2670 2815 sibi
2698 2766 3017 2829 potestatem
3047 2758 3163 2813 dari
3191 2759 3257 2814 ab
3285 2759 3374 2814 illo
3399 2758 3553 2828 cujus

1971 2860 2072 2904 est.
2099 2851 2172 2906 lbi
2202 2866 2330 2921 ergo
2356 2859 2591 2921 potestas
2614 2865 2734 2922 qua:
2762 2850 2953 2917 fuerat,
2980 2850 3326 2922 prohibetur;
3355 2851 3439 2907 hic
3458 2866 3555 2905 au-

1974 2950 2079 2996 tem
2109 2959 2228 3012 qua:
2255 2958 2359 2997 non
2388 2943 2580 3010 fuerat,
2610 2942 2877 2999 tribuitur.

2043 3033 2134 3090 29.
2174 3034 2302 3102 Qua:
2330 3051 2449 3090 cum
2480 3036 2547 3089 ita
2576 3035 2680 3089 sint
2703 3078 2716 3100 ,
2746 3036 2791 3089 si
2838 3050 2931 3105 per
2955 3035 3171 3106 angelos
3202 3034 3371 3089 malos
3413 3033 3554 3090 Deus

1973 3127 2095 3183 illas
2117 3125 2299 3200 plagas
2325 3129 2518 3186 inﬂixit
2543 3125 2828 3204 Egyptiis,
2857 3129 3110 3202 numquid
3140 3129 3555 3187 audebimude-

1972 3234 2118 3286 cerc,
2167 3230 2222 3277 et
2265 3236 2455 3294 aquam
2499 3223 2553 3278 in
2597 3220 2909 3292 sanguinem
2942 3237 3035 3292 per
3074 3221 3292 3277 eosdem
3337 3220 3554 3290 angelos

1974 3326 2180 3367 versam
2207 3353 2222 3376 .
2249 3322 2305 3368 et
2328 3329 2484 3368 ranas
2512 3329 2607 3384 per
2630 3312 2845 3369 eosdem
2872 3310 3091 3383 angelos
3115 3312 3299 3377 factas,
3325 3325 3551 3381 quorum

1976 3401 2166 3454 similia
2209 3401 2368 3456 etiam
2412 3404 2549 3474 magi
2595 3403 2889 3458 Pharaonis
2935 3401 3208 3457 veneﬁciis
3235 3401 3348 3457 suis
3379 3401 3555 3456 facere

1978 3505 2296 3561 potuerunt;
2324 3506 2383 3549 ut
2407 3495 2578 3567 angeli
2617 3496 2739 3550 mali
2769 3511 2834 3550 ex
2868 3504 3089 3566 utraque
3128 3499 3274 3558 [tm’le
3299 3486 3562 3543 εοηεῑδιε-

1977 3591 2116 3648 rent,
2158 3583 2282 3640 hinc
2311 3585 2428 3640 illos
2451 3585 2765 3655 afﬂigentes,
2804 3586 2930 3643 inde
2971 3580 3231 3645 [λιιιυηῑθδν
3272 3578 3564 3636 secundum

1978 3672 2236 3744 judicium
2262 3683 2316 3730 et
2337 3672 2787 3744 dispensationem
2811 3674 2830 3706 ³
2851 3671 3128 3740 justissimi
3153 3679 3206 3724 et
3230 3671 3566 3742 omnip0ten-

1988 3764 2176 3819 tissimi
2205 3764 2330 3830 Dei,
2359 3763 2500 3835 juste
2549 3763 2744 3818 utentis
2786 3762 2943 3816 etiam
2985 3762 3285 3831 iniquorum
3327 3756 3568 3818 malitia?
3645 3773 3648 3776 ί

1986 3854 2102 3910 Non
2129 3855 2300 3911 audeo
2327 3856 2525 3912 dicere.
2565 3855 2719 3911 Unde
2743 3855 2884 3911 enim
2913 3853 3182 3925 sciniphes
3216 3856 3388 3911 facere
3429 3856 3566 3927 magi

1988 3946 2279 4001 Pharaonis
2308 3947 2528 4002 minime
2559 3955 2842 4017 potuerunt
2879 3946 3084 4019 (Exod.
3118 3962 3190 4003 vn
3213 3988 3228 4012 ,
3254 3945 3326 4002 20
3347 3987 3363 4012 ,
3386 3946 3491 4011 22,
3518 3957 3570 4002 et

1990 4058 2110 4106 vin,
2141 4041 2193 4108 ϐ,
2223 4043 2272 4108 7,
2307 4042 2394 4104 17,
2427 4039 2569 4114 18)Ὶ
2607 4058 2673 4097 an
2703 4045 2823 4112 quia
2850 4039 2953 4096 hoc
2978 4040 3226 4111 permissi
3256 4039 3355 4110 ipsi
3395 4040 3571 4111 angeli

1989 4132 2113 4188 mali
2147 4149 2250 4188 non
2275 4141 2401 4188 sunt
2424 4133 2490 4187 ’ἲ
2517 4134 2621 4201 An,
2649 4131 2790 4204 quod
2820 4133 2996 4187 verius
3022 4131 3304 4187 dicendum
3331 4140 3446 4198 est,
3477 4116 3591 4186 oc-i

1989 4228 2128 4282 culta
2155 4243 2312 4283 causa
2341 4237 2442 4294 est,
2469 4232 2524 4284 ct
2548 4228 2692 4283 vires
2718 4237 2917 4283 nostrae
2945 4227 3301 4297 inquisitionis
3326 4227 3574 4283 excedit?

1991 4317 2122 4374 Nam
2149 4319 2194 4376 si
2221 4329 2498 4390 propterea
2530 4336 2626 4392 per
2649 4319 2818 4376 malos
2837 4321 3057 4391 angelos
3082 4320 3167 4374 illa
3194 4319 3358 4374 Deum
3386 4319 3576 4376 fecisse

1993 4412 2376 4484 putaverimus,
2409 4413 2529 4482 quia
2561 4427 2734 4483 parente
2763 4410 3157 4482 inﬂigebautur,
3185 4425 3292 4465 non
3319 4410 3573 4466 beneﬁcia

1993 4507 2403 4577 praestabantur,
2436 4513 2686 4575 tanquam
2717 4503 2917 4560 nemini
2964 4504 3102 4558 Deus
3148 4518 3334 4574 pinnas
3377 4503 3580 4574 irrogct

1994 4615 2090 4669 per
2118 4581 2548 4670 Angelosibonos
2566 4637 2584 4664 ,
2622 4595 2716 4651 sed
2744 4610 2839 4666 per
2866 4595 2982 4649 illos
3008 4595 3155 4648 velut
3182 4594 3386 4649 militia:
3416 4595 3579 4652 εωιμ

1995 4691 2091 4744 stis
2112 4687 2425 4753 carniﬁces;
2454 4701 2786 4757 consequens
2811 4686 2912 4741 erit
2934 4695 2989 4740 ut
3005 4686 3162 4740 etiam
3179 4684 3464 4740 Sodomam
3485 4702 3580 4756 per

1995 4781 2165 4836 malos
2187 4781 2404 4850 angelos
2437 4793 2679 4835 eversam
2719 4793 2838 4832 esse
2873 4777 3172 4842 credamus,
3203 4785 3258 4831 ct
3281 4778 3454 4834 malos
3480 4793 3574 4832 an-

1995 4874 2143 4945 gelos
2173 4873 2437 4926 Abraham
2467 4881 2519 4926 et
2552 4871 2652 4925 Lot
2677 4870 2907 4941 hoSpitio
2929 4869 3230 4939 suscepisse
3254 4870 3534 4926 videantur
3562 4891 3578 4928 :

1997 4967 2137 5038 quod
2166 4965 2305 5020 absit
2344 4974 2402 5019 ut
2439 4972 2624 5018 contra
2654 4961 2955 5032 Scripturas
2989 4963 3350 5030 apertissimas
3388 4963 3584 5019 sentia-

2001 5075 2117 5114 mus
2145 5057 2307 5132 (Gcn.
2341 5072 2470 5110 xvut
2511 5064 2556 5110 et
2587 5055 2725 5124 χιι).
2768 5053 2944 5108 Claret
2971 5052 3127 5123 igitur
3155 5052 3254 5107 iSta
3276 5053 3584 5109 hominibus

2001 5151 2111 5206 fieri
2145 5166 2238 5220 per
2275 5149 2444 5203 honos
2486 5157 2540 5202 et
2581 5146 2752 5200 malos
2799 5144 3018 5214 angelos
3063 5158 3220 5213 posse
3265 5160 3280 5197 :
3327 5143 3451 5214 quid
3495 5156 3584 5199 aut

2002 5244 2213 5316 quando
2244 5243 2356 5297 fieri
2386 5249 2651 5311 Oporteat,
2680 5253 2767 5293 me
2795 5238 2959 5302 latet;
2992 5236 3140 5290 illum
3168 5251 3295 5292 vero
3319 5238 3409 5308 qui
3442 5239 3587 5306 facit,

2003 5355 2108 5391 non
2131 5338 2278 5400 latet,
2304 5343 2358 5389 et
2377 5334 2459 5389 cui
2487 5331 2713 5385 voluerit
2737 5331 2998 5385 revelare.
3026 5328 3403 5383 Verumtamen
3423 5343 3584 5399 quau-

2008 5441 2114 5484 tutn
2162 5436 2356 5483 nostra:
2402 5423 2681 5480 intentioni
2730 5421 2998 5490 Scriptura
3043 5419 3221 5474 divina
3261 5419 3588 5486 moderatur,

2073 5569 2089 5600 ι
2117 5567 2190 5615 sic
2209 5562 2392 5625 aliquot
2411 5565 2520 5610 Uss.
2558 5557 2666 5616 Alii,
2684 5554 2922 5625 malitimu
2943 5551 3136 5625 diatreta:
3147 5553 3473 5625 contemnebat
3501 5561 3593 5623 {et

2005 5613 2226 5705 quidam,
2266 5613 2560 5705 conﬁdenter
2599 5613 3189 5705 cqmantefatnkithffid.
3237 5613 3300 5663 fet
3315 5615 3460 5666 ebant
3480 5614 3586 5665 sic:

2009 5674 2162 5757 ᾒῆἶςὲς
2173 5674 2365 5757 itineri
2379 5681 2614 5757 malitiam
2627 5679 2815 5757 dictasti
2835 5674 3125 5741 conﬁdebat.

2071 5741 2091 5787 ³
2118 5741 2223 5801 Plur
2234 5763 2284 5798 es
2305 5753 2433 5806 ωε,
2457 5741 2832 5808 dispositionem.

2075 5819 2094 5850 ⁸
2120 5813 2301 5874 Aliquot
2328 5810 2492 5873 probzc
2512 5814 2636 5857 nota:
2656 5811 2785 5862 μεθ..
2812 5808 3025 5867 possm.

2677 5887 3203 5973 (ﬂente-deut.)
