3990 6310
418 298 561 361 1003

418 418 569 472 mshs
598 425 783 485 parmas
811 407 1036 480 irrogari
1059 414 1113 472 et
1138 417 1232 477 per
1256 406 1428 467 bonos
1451 403 1709 475 Angelos,
1738 406 1874 457 sicut
1892 400 1999 456 Su-

416 505 736 571 domitis,,.ct
762 517 860 574 per
891 502 1061 556 malos
1095 496 1334 569 angelos,
1381 494 1518 551 sicut
1547 491 1997 566 Egyptiis,‘legi-

416 614 534 657 mus
564 615 577 651 :
612 595 787 669 iustos
820 608 947 651 vero
979 589 1351 662 corporalibus
1375 586 1546 658 pcenis
1574 584 1861 657 per'bonos
1890 582 1997 640 Ait-

413 692 561 762 gelos
592 687 781 745 tentari
811 695 866 744 et.
893 684 1126 756 probari,
1154 697 1261 738 non
1287 680 1413 735 mihi
1440 678 1691 736 occurrit.
1972 744 1975 747 _

484 782 571 839 30.
600 779 752 850 Quod
780 793 908 834 vero
936 776 1167 848 pertinet
1190 772 1257 829 ad
1280 781 1596 844 praesentem
1626 767 1815 842 psalmi
1841 768 1998 837 hujus

416 875 587 929 locum
612 890 627 926 :
655 871 703 929 si
731 885 793 927 ea
817 885 937 941 qua:
962 865 1274 923 mirabiliter
1296 864 1365 919 de
1390 861 1648 929 creaturis
1676 858 1812 916 facta
1837 869 1956 915 sunt
1979 901 1995 923 ,

414 965 570 1019 malis
596 962 798 1033 angelis
828 960 1062 1015 tribuere
1085 961 1204 1011 non
1234 953 1492 1012 audemus
1511 993 1527 1018 ,
1572 952 1828 1007 habemus
1856 956 1995 1021 quod

412 1054 490 1111 eis
521 1056 752 1111 tribuere
781 1054 894 1108 sine
918 1049 1245 1105 dubitatione
1268 1060 1581 1118 possumus;
1613 1052 1812 1099 mortes
1839 1058 1998 1114 peco-

413 1164 554 1212 rum,
587 1154 789 1201 mortes
816 1142 1223 1213 primitivorum,
1250 1148 1306 1193 et
1333 1135 1461 1192 lllttd
1491 1134 1718 1190 maxime
1749 1131 1887 1188 unde
1912 1146 1997 1187 re-

413 1242 568 1311 ligata
597 1248 721 1294 sunt
750 1236 925 1291 omnia
950 1275 965 1301 ,
1006 1229 1407 1287 obdurationem
1445 1227 1621 1283 cordis
1652 1227 1859 1280 illorum
1881 1267 1895 1292 ,
1940 1233 1998 1279 ut

413 1332 663 1403 populum
694 1329 784 1399 Dei
812 1327 1013 1383 nollent
1039 1324 1328 1381 dimittere.
1369 1321 1517 1377 Hanc
1549 1320 1689 1374 enim
1721 1317 1992 1390 iniquissi-

410 1443 552 1483 mam
590 1436 645 1482 et
678 1420 1113 1495 “malignissimam
1145 1416 1554 1473 obstinationem
1594 1414 1729 1468 Deus
1761 1427 1881 1468 cum
1918 1411 1994 1466 fa-

408 1536 531 1578 cere
560 1518 753 1575 dicitur
776 1513 970 1589 (Exod.
1001 1528 1076 1579 tv,
1115 1509 1230 1583 21),
1277 1524 1383 1565 non
1414 1506 1711 1578 instigando
1738 1514 1795 1562 et
1822 1505 1990 1572 inspi-

409 1612 597 1679 rando,
624 1608 719 1665 sed
757 1605 1052 1666 deserendo
1081 1598 1311 1671 facitfut
1347 1600 1423 1656 illi
1448 1608 1737 1671 operentur
1776 1597 1831 1654 in
1869 1595 1991 1652 ﬁliis

408 1703 714 1761 difﬁdentia:
742 1699 954 1772 ('Ephes.
982 1714 1040 1761 ιι.
1071 1697 1154 1767 2),
1189 1693 1330 1767 quod
1367 1693 1507 1749 Deus
1540 1690 1718 1747 debite
1743 1690 1990 1762 justeque

410 1793 687 1866 permittit.
725 1791 858 1850 Nam
889 1799 953 1856 ,οι
992 1787 1118 1845 illud
1157 1784 1300 1859 quod
1320 1782 1500 1841 'Isaias
1538 1782 1794 1856 propheta
1822 1780 1985 1846 dicit,

410 1886 648 1956 Domine,
672 1902 783 1942 ecce
808 1894 860 1940 tu
883 1884 1042 1939 iratus
1070 1899 1143 1951 es,
1170 1891 1216 1937 et
1240 1896 1332 1936 nos
1353 1878 1703 1953 peccavimus;
1725 1886 1990 1950 propterea

407 1982 684 2037 erravimus
705 2021 719 2045 ,
760 1960 814 2033 εἷ
834 1978 956 2049 [acti
993 1992 1168 2031 sumus
1190 1974 1319 2029 sicut
1354 1970 1602 2030 immundi
1635 1988 1804 2027 omnes
1828 1969 1985 2043 (Isai.

407 2088 559 2142 LXIV,
599 2072 654 2140 5,
686 2070 784 2146 ϐ),
813 2085 877 2127 ea
913 2069 1119 2125 ratione
1159 2065 1465 2137 intelligitur
1491 2084 1507 2122 :
1532 2063 1815 2135 praecessit
1842 2063 1985 2120 enim

406 2166 639 2239 aliquid,
669 2165 810 2222 unde
839 2160 1293 2233 Deus-iustissime
1322 2160 1487 2214 iratus
1516 2159 1583 2214 ab
1610 2158 1692 2214 eis
1720 2172 1873 2213 suum
1902 2157 1986 2213 lu—

408 2275 529 2315 men
556 2256 810 2322 auferret,
835 2265 894 2310 ut
920 2255 971 2310 in
999 2263 1214 2325 peccata
1240 2267 1358 2323 quae
1382 2251 1522 2306 nulla
1550 2249 1987 2322 tergiversatione

404 2349 616 2408 defendi
653 2356 879 2421 possunt
915 2358 1020 2404 non
1062 2360 1182 2404 esse
1221 2352 1463 2416 peccata,
1501 2343 1714 2399 cazciuts
1741 2344 1988 2399 humanm

405 2445 598 2500 ruentis
626 2425 943 2507 ollenderet,
978 2438 1048 2496 ah
1066 2438 1263 2500 itinere
1286 2436 1504 2507 iustitia:
1537 2434 1800 2495 deriando
1820 2444 1873 2491 et
1892 2450 1984 2492 er-

405 2535 593 2592 rando.
618 2536 684 2590 Et
702 2517 841 2605 quod
864 2533 916 2589 in
937 2531 1043 2586 alio
1063 2531 1267 2602 psalmo
1285 2529 1541 2601 scriptum
1561 2536 1641 2585 est
1661 2527 1730 2584 de
1754 2527 1835 2584 his
1858 2528 1988 2599 ipsis
2026 2610 2029 2613 Α

404 2627 670 2699 λΕω-ριὶὶε
688 2670 705 2690 .
736 2624 877 2698 quod
903 2624 1044 2681 Deus
1064 2622 1389 2682 converterit
1414 2637 1510 2680 eor
1534 2636 1722 2678 eorum
1754 2630 1810 2678 ut
1838 2620 1981 2677 odis-

403 2730 524 2778 sent
561 2719 811 2791 populum
842 2716 958 2789 ejns
978 2758 992 2783 ,
1022 2725 1077 2773 et
1103 2715 1285 2773 dolum
1315 2713 1553 2771 facerent
1580 2714 1632 2770 in
1660 2729 1844 2771 servos
1870 2713 1982 2782 ejus

407 2809 595 2885 (Psat.
635 2823 746 2875 etv,
780 2807 909 2879 25),
938 2808 1073 2863 bene
1096 2805 1334 2863 creditur
1362 2805 1502 2862 Deus
1530 2803 1716 2863 fecisse
1744 2820 1840 2875 per
1863 2805 1986 2861 illos

402 2904 622 2978 angelos
647 2902 854 2968 malos;
881 2910 940 2957 ut
969 2900 1075 2970 iam
1100 2899 1116 2933 ¹
1142 2900 1347 2956 vitiosa:
1373 2908 1579 2955 mentes
1610 2897 1837 2953 ﬁliorum
1865 2896 1985 2953 inﬁ-

403 2994 637 3053 delitatis
673 3009 768 3065 per
803 3007 899 3051 eos
935 2991 1176 3064 angelos,
1218 2992 1411 3065 quibus
1448 2989 1639 3048 eadem
1665 2990 1835 3046 amica
1859 2998 1986 3046 sunt

402 3090 552 3157 vitia,
582 3087 942 3145 excitarentur
964 3086 1018 3142 in
1044 3085 1225 3142 odium
1250 3084 1429 3156 populi
1452 3084 1573 3151 Dei,
1599 3092 1758 3157 atque
1781 3083 1850 3146 ad
1880 3092 1981 3140 ter-

400 3180 599 3238 rendos
626 3190 682 3236 et
716 3176 1061 3252 corrigendos
1088 3177 1258 3234 bonos
1281 3177 1367 3239 illa
1397 3175 1656 3236 mirabilia
1684 3190 1985 3248 sequeren-

403 3288 506 3331 tur.
553 3273 645 3329 llla
695 3273 857 3329 etiam
898 3271 1037 3329 mala
1070 3284 1300 3334 morum,
1346 3283 1466 3341 quas
1510 3267 1591 3324 his
1614 3268 1983 3342 corporalibus

401 3367 571 3438 plagis
608 3364 905 3437 signiﬁcata
928 3378 1046 3420 esse
1074 3362 1339 3427 diximus,
1372 3369 1589 3432 propter
1611 3360 1752 3433 quod
1782 3361 1980 3433 pra-di-

400 3470 543 3517 ctum
585 3465 703 3525 est,
745 3458 983 3528 Aperiunt
1010 3455 1063 3509 iu
1092 3452 1346 3527 parabolis
1380 3468 1438 3508 os
1462 3469 1659 3520 meum,
1688 3468 1784 3524 per
1809 3454 1980 3509 malos

398 3551 616 3622 angelos
639 3548 877 3604 exerceri
906 3548 958 3602 in
990 3560 1085 3607 eos
1107 3545 1197 3617 qui
1228 3544 1334 3600 illis
1361 3543 1541 3601 divlna
1568 3545 1816 3616 aequitate
1849 3547 1981 3603 sub—

398 3643 616 3709 tluntur,
643 3638 1147 3698 convenientisslme
1178 3634 1431 3693 creditur.
1465 3635 1651 3710 Neque
1680 3636 1823 3694 enim
1858 3652 1979 3694 cum

402 3739 462 3792 tit
488 3734 630 3807 quod
660 3736 734 3790 ait
761 3732 1087 3804 Apostolus,
1128 3728 1363 3786 Tradidit
1387 3730 1504 3787 illos
1541 3728 1684 3786 Deus
1708 3731 1761 3787 in
1789 3748 1981 3788 conru-

401 3828 673 3897 piscentias
692 3825 860 3881 cordis
895 3840 1086 3889 eorunt,
1121 3832 1176 3878 ut
1204 3822 1396 3894 faciant
1420 3838 1533 3894 quc
1551 3838 1653 3878 non
1685 3823 1979 3878 conueniunt

401 3922 577 3993 (Rom.
606 3936 644 3986 ι,
670 3918 785 3991 24),
814 3934 920 3975 non
961 3917 1070 3973 illic
1103 3915 1229 3974 mali
1255 3915 1427 3985 angeli
1456 3923 1703 3985 tanquam
1733 3914 1783 3969 in
1809 3922 1981 3971 mate-
2029 3972 2032 3977 ,

400 4016 477 4069 ria
504 4012 590 4070 sui
612 4012 789 4083 operis
808 4017 1088 4067 versantur
1108 4018 1163 4065 et
1185 4005 1450 4079 gaudent;
1475 4005 1670 4078 quibus
1688 4005 1981 4076 iustissime

399 4105 607 4162 subdita
628 4114 713 4161 est
731 4102 992 4161 vitiositas
1017 4100 1270 4167 humana,
1297 4106 1491 4168 prmter
1512 4112 1607 4153 eos
1633 4112 1768 4168 quos
1793 4096 1977 4155 liberat

396 4200 587 4273 gratia.
620 4197 685 4252 Et
705 4196 771 4251 ad
802 4194 918 4251 haec
942 4194 1061 4265 quis
1086 4190 1309 4247 idoneus
1334 4188 1398 4261 (ll
1420 4187 1537 4244 Con.
1563 4204 1621 4253 ιι,
1652 4185 1786 4261 16)ἳ
1813 4188 1977 4253 unde.

398 4306 520 4347 cum
549 4288 794 4353 dixisset,
828 4284 970 4339 Misit
996 4284 1048 4337 in
1069 4298 1157 4338 eos
1181 4281 1310 4335 iram
1343 4278 1704 4350 indignationis
1730 4295 1871 4347 sita;
1896 4280 1971 4335 in.

397 4382 776 4455 dignationem,
804 4388 856 4432 et
883 4376 1012 4430 iram
1032 4413 1050 4441 ,
1090 4382 1138 4427 et
1178 4370 1591 4434 tribulationem.
1621 4370 1980 4433 immissiouem

398 4491 487 4544 per
526 4472 733 4544 angelos
760 4466 924 4524 malos
945 4509 962 4534 ,
994 4464 1121 4521 illttd
1147 4462 1288 4535 quod
1316 4462 1540 4529 addidit,
1580 4461 1725 4523 Viam
1754 4463 1873 4537 fecit
1893 4479 1967 4520 ει.

396 4565 533 4620 inita:
561 4563 654 4617 ira:
679 4560 825 4616 sum?
850 4558 1001 4628 cuius
1030 4554 1239 4611 tandem
1262 4553 1406 4610 acies
1429 4552 1623 4613 sufﬁcit
1659 4562 1974 4627 penetrare,

398 4670 455 4714 ut
482 4657 741 4726 intelligat
777 4653 1056 4724 eapiatque
1081 4649 1399 4705 sententiam
1423 4648 1477 4705 in
1514 4658 1661 4710 tanta
1699 4648 1973 4719 profundi.

397 4763 505 4808 tate
556 4746 893 4806 latitantem?
945 4746 1073 4801 Erat
1118 4744 1261 4799 enim
1315 4744 1502 4804 semita
1548 4744 1643 4800 irae
1689 4742 1825 4805 Dei.
1874 4758 1974 4816 qua

396 4844 773 4918 Egyptiorum
819 4840 1142 4910 impietatem
1184 4838 1390 4894 occulta
1432 4837 1679 4910 aequitate
1725 4837 1970 4910 puniret;

396 4939 492 4996 sed
518 4938 693 4995 eidem
718 4935 925 4991 semitae
953 4932 1092 4987 viam
1119 4929 1241 4988 fecit
1258 4972 1276 5001 ,
1303 4940 1360 4986 ut
1384 4945 1478 4987 eos
1506 4941 1756 5003 tanquam
1783 4944 1852 4987 ex
1876 4930 1973 4988 ah-

401 5032 523 5090 t‘itis
561 5043 659 5100 per
696 5026 867 5081 malos
896 5023 1113 5094 angelos
1140 5010 1195 5077 in
1221 5017 1500 5079 manifesta
1541 5020 1743 5083 scelera
1775 5020 1972 5093 prodo.

400 5140 524 5185 rens
542 5124 589 5188 ³,
618 5122 671 5178 in
701 5116 1130 5176 evidentissimos
1163 5115 1354 5186 impios
1386 5114 1780 5175 evidentissime
1798 5114 1991 5171 vindi-n

389 5235 556 5283 cares.
612 5222 694 5278 Ab
718 5220 844 5274 ~hac
892 5216 1157 5281 potestate
1202 5206 1464 5263 malorum
1509 5206 1819 5278 angelorum
1865 5223 1970 5267 non

390 5321 583 5375 liberat
610 5312 878 5369 hominem
902 5307 1002 5364 nisi
1028 5299 1197 5375 gratia
1232 5297 1347 5363 Dei,
1378 5297 1446 5354 de
1471 5313 1571 5370 qus
1594 5299 1722 5355 dicit
1747 5300 1978 5370 Aposto-
2008 5302 2011 5306 '

388 5416 492 5483 lus,
524 5409 626 5479 Qui
646 5406 774 5462 eruit
804 5420 894 5458 nos
919 5400 982 5456 de
1009 5404 1252 5469 potestate
1282 5390 1617 5461 tenebrarum,
1647 5401 1695 5447 et
1718 5392 1979 5447 transtulit

391 5509 442 5561 in
466 5481 677 5577 regnum
703 5498 821 5552 Filii
850 5491 1112 5549 charitatis
1138 5489 1159 5521 ³
1185 5502 1293 5542 sua
1335 5482 1545 5554 (Coloss.
1578 5500 1630 5552 I,
1666 5481 1754 5558 l3)
1783 5501 1795 5537 :
1823 5484 1974 5555 cujus

456 5686 477 5738 ε
498 5682 577 5738 sic,
591 5685 698 5729 uss.
727 5682 782 5738 At
800 5671 937 5729 Edd.,
958 5667 1119 5738 etiam.

1251 5723 1481 5775 educent.

460 5736 480 5764 ’
502 5736 636 5800 sed,
661 5736 946 5802 perducens.
965 5736 1168 5802 At_ttss.,
1192 5736 1501 5802 prqquceni.’

466 5808 485 5839 ³
500 5782 943 5856 ifilli-Erillus.
972 5793 1056 5844 Alli
1092 5782 1204 5842 cuni
1220 5788 1354 5852 Edd.,
1375 5782 1611 5839 claritatis
1630 5796 1749 5839 suat.

1649 287 1707 345 s.
1748 283 2118 357 aucusrnu
2142 285 2454 342 sciscam

3567 300 3707 367 τους

2113 399 2190 459 rei
2220 400 2446 470 populus
2472 401 2571 459 istc
2603 404 2832 474 ﬁguram
2852 405 3088 477 gerebat,
3117 402 3238 465 cum
3262 419 3406 481 esset
3430 422 3616 471 erutus
3633 414 3702 471 de

2113 498 2369 560 potestate
2402 489 2791 567 .Egypliorum,
2821 505 2873 549 et
2900 498 3264 564 translatnsin
3293 482 3697 574 regnumterra:

2108 583 2718 652 promissionis.llueutis
2747 588 2828 644 lac
2852 596 2906 644 et
2936 590 3063 659 mel,
3093 593 3231 661 quod
3250 573 3585 653 suavitatem
3608 573 3709 652 “si?

2106 672 2321 743 gniﬁcat
2350 676 2552 745 gratiae.

2175 762 2265 819 3t.
2307 761 2457 839 [verm
2486 766 2573 833 52,
2604 766 2716 842 55.]
2757 768 3011 841 Sequitur
3036 788 3163 843 ergo
3194 785 3695 845 post-commemo-

2106 856 2367 913 rationem
2398 859 2669 930 plagarum
2704 860 3077 935 A-Zgyptiorum
3102 865 3375 934 Psalmas,
3424 879 3481 924 et
3524 870 3694 924 dicit:

2105 946 2176 1002 Et
2214 948 2420 1005 abstulit
2454 951 2584 1006 sicut
2616 969 2730 1007 oues
2772 954 3019 1027 populum
3050 940 3197 1011 suum
3217 999 3232 1022 ,
3264 968 3310 1013 et
3338 960 3573 1030 perduxit
3614 941 3697 1015 eos

2104 1050 2344 1115 tanquam
2361 1060 2561 1117 gregem
2578 1046 2631 1099 in
2652 1046 2864 1102 deserto.
2892 1048 2959 1104 Et
2984 1049 3190 1106 deduxit
3216 1068 3298 1108 eos
3323 1053 3376 1108 in
3396 1071 3505 1125 spe,
3528 1065 3575 1110 et
3595 1050 3707 1110 non

2104 1135 2413 1202 timuerunt,
2447 1147 2494 1191 et
2532 1137 2762 1194 inimicos
2792 1156 2962 1196 eorum
2992 1143 3188 1212 operuit
3218 1160 3375 1206 mare.
3424 1146 3599 1205 Tanto
3637 1128 3697 1204 ﬁt

2102 1226 2204 1283 hoc
2234 1229 2431 1287 melius
2455 1273 2469 1298 ,
2500 1241 2700 1301 quanto
2730 1233 2986 1302 interius,
3026 1238 3115 1293 ubi
3152 1240 3293 1295 eruti
3329 1240 3397 1296 de
3428 1242 3695 1313 potestate

2102 1318 2441 1376 tenebrarum
2488 1322 2540 1377 in
2584 1338 2806 1394 regnum
2859 1326 2954 1381 Dei
3003 1337 3181 1385 mente
3219 1330 3611 1402 translerimur,
3640 1345 3695 1391 et

2098 1413 2391 1469 secundum
2422 1429 2615 1485 pascua
2640 1416 2937 1487 spiritualia
2964 1419 3228 1476 efﬁcimur
3254 1437 3382 1479 oves
3410 1425 3544 1492 Dei,
3574 1441 3693 1482 am.

2096 1501 2343 1559 bulantes
2370 1504 2424 1560 in
2454 1505 2557 1561 hoc
2583 1508 2781 1563 smcnlo
2807 1510 2949 1565 velut
2974 1512 3025 1566 in
3052 1511 3569 1588 deserto,quoniam
3596 1536 3694 1576 ne-

2097 1596 2226 1653 mini
2250 1605 2337 1653 est
2355 1597 2487 1655 ﬁdes
2509 1609 2691 1658 nostra
2711 1603 2994 1675 Conspieua
3011 1606 3193 1669 ;'unde
3212 1607 3338 1664 dicit
3362 1609 3650 1682 Apostolus
3671 1631 3689 1670 :

2107 1685 2402 1744 Vita-vestra
2419 1689 2714 1747 abscondita
2729 1703 2799 1749 est
2815 1712 2928 1750 cum
2948 1695 3147 1753 Christo
3167 1699 3219 1753 in
3238 1697 3349 1756 Deo
3369 1701 3589 1773 (Colon.
3611 1720 3688 1776 tu,

2095 1778 2175 1852 5).
2205 1779 2529 1838 Deducimur
2551 1792 2730 1840 autem
2758 1786 2810 1841 iu
2840 1801 2972 1859 spe,
2999 1789 3249 1861 quoniam
3290 1771 3387 1866 spei
3406 1795 3537 1850 salvi
3563 1771 3689 1868 facti

2092 1886 2266 1926 sumus
2288 1888 2308 1927 :
2337 1888 2437 1929 nec
2465 1875 2652 1933 timere
2677 1875 2935 1954 debemus
2956 1897 2972 1948 ;
2997 1882 3041 1937 si
3063 1882 3208 1945 enim
3234 1882 3375 1942 Deus
3399 1903 3492 1959 pro
3520 1889 3686 1958 nobis,

2092 1963 2205 2032 quis
2237 1975 2413 2020 contra
2445 1984 2538 2023 nos
2559 1966 2735 2043 (Rom.
2774 1987 2885 2039 vut,
2910 1970 3001 2037 24.
3036 1974 3171 2045 51)τ
3196 1975 3264 2031 Et
3306 1976 3555 2035 inimicos
3586 1997 3687 2035 nn-

2092 2065 2235 2114 stros
2262 2060 2473 2129 operuit
2495 2076 2677 2126 mare;
2718 2062 2952 2121 abolevit
2983 2065 3034 2121 in
3067 2066 3337 2137 Baptismo
3364 2070 3683 2130 remissione

2092 2162 2431 2222 peccatorum
2469 2154 2485 2187 ¹
2498 2192 2511 2206 .
3319 2224 3324 2228 ν

2165 2241 2254 2297 52.
2296 2241 2446 2317 [vers.
2475 2242 2590 2318 δι]
2633 2245 2833 2303 Deinde
2858 2248 3096 2318 sequitur
3124 2267 3139 2305 :
3171 2249 3235 2305 Et
3264 2252 3467 2310 induxit
3502 2274 3585 2312 eos
3628 2260 3681 2312 in

2092 2346 2310 2392 montem
2330 2338 2745 2407 sanctiﬁcationis
2765 2356 2889 2395 suta.
2913 2342 3121 2411 Quanto
3147 2345 3339 2401 melius
3359 2348 3410 2404 in
3435 2361 3677 2417 sanctam

2094 2429 2439 2487 Ecclesium?
2494 2431 2724 2488 Montem
2769 2451 2915 2506 quem
2969 2438 3234 2509 acquisivit
3286 2441 3494 2498 dextera
3549 2448 3679 2519 ejus.

2092 2520 2303 2599 Quanto
2339 2535 2419 2579 est
2448 2524 2687 2581 Ecclesia
2716 2526 2995 2583 sublimior
3030 2544 3189 2600 qnam
3216 2533 3497 2603 acquisivit
3525 2537 3681 2594 Chri-

2091 2623 2228 2682 stus.
2260 2615 2326 2673 de
2354 2631 2459 2687 quo
2487 2614 2687 2672 dictum
2717 2626 2801 2674 est
2828 2636 2843 2671 :
2880 2617 2946 2673 Et
2973 2618 3236 2677 brachium
3256 2623 3465 2682 Domini
3484 2629 3567 2684 cui
3592 2647 3677 2685 re-

2092 2709 2311 2764 velatum
2331 2717 2407 2764 est
2431 2708 2581 2780 (Isai.
2605 2726 2716 2779 LIII,
2756 2709 2846 2784 ην
2876 2709 2942 2766 Et
2963 2714 3107 2785 ejecit
3128 2732 3159 2768 a
3178 2715 3311 2787 [acie
3332 2734 3507 2775 eorum
3542 2720 3681 2778 Gen-

2091 2806 2167 2855 tes
2194 2814 2214 2855 :
2250 2809 2307 2856 et
2338 2814 2368 2855 a
2400 2798 2535 2856 faeie
2563 2799 2796 2857 ﬁdelium
2836 2816 3087 2871 suorum;
3121 2821 3242 2862 nam
3283 2804 3683 2881 quodammodo

2091 2889 2290 2949 Gentes
2315 2901 2470 2960 sunt,
2498 2892 2774 2964 gentilium
2799 2909 3042 2951 errorum
3084 2896 3300 2970 maligni
3333 2902 3570 2971 Spiritus.
3614 2905 3680 2961 Et

2082 2984 2222 3041 sorte
2252 2985 2418 3041 divisit
2446 2986 2517 3041 eis
2548 2998 2735 3042 terram
2768 2988 2821 3043 in
2850 2989 3084 3061 funiculo
3113 2991 3501 3051 distributionis.
3529 2997 3597 3054 Et
3620 3000 3675 3055 iu

2092 3077 2246 3149 nobis
2280 3076 2448 3132 omnia
2482 3087 2720 3150 operatur
2752 3096 2881 3135 unus
2908 3089 3059 3153 atque
3091 3082 3225 3138 idem
3258 3084 3514 3157 Spiritus,
3536 3091 3675 3145 divi.

2089 3168 2213 3226 dens
2239 3169 2446 3242 propria
2470 3172 2742 3243 unicuique
2763 3183 2916 3244 prout
2937 3174 3043 3229 vult
3063 3175 3119 3248 (Ι
3145 3176 3264 3237 Cor.
3292 3194 3392 3248 xu,
3416 3180 3532 3255 ll).

2163 3261 2252 3317 33.
2281 3259 2448 3335 {rem
2479 3262 2675 3319 55-58.
2703 3262 2726 3339 ]
2754 3263 2828 3319 Et
2859 3263 3086 3321 habitare
3114 3271 3232 3339 fecit
3256 3271 3309 3325 in
3339 3271 3677 3333 tabernaculis

2090 3370 2262 3410 eorum
2292 3354 2449 3409 tribus
2476 3353 2664 3410 Israel.
2694 3355 2752 3412 ln
2782 3355 3158 3425 tabernaculis,
3197 3360 3387 3433 inquit,
3422 3364 3674 3424 Gentium

2094 3446 2332 3502 habitare
2354 3445 2476 3501 fecit
2501 3447 2668 3504 tribus
2694 3446 2877 3505 Israel.
2903 3449 3057 3516 Quod
3087 3451 3435 3523 spiritualiter
3457 3457 3537 3515 sic
3559 3476 3675 3515 me-

2093 3539 2192 3593 lius
2220 3536 2586 3594 disserendum
2629 3548 2777 3610 puto,
2814 3548 2872 3596 ut
2894 3541 2962 3597 ad
2989 3543 3265 3601 caelestem
3296 3546 3545 3618 gloriam,
3568 3568 3672 3606 un-

2091 3632 2158 3690 de
2176 3644 2458 3705 peccantes
2471 3636 2646 3707 angeli
2666 3636 2822 3708 eiecti
2839 3647 2997 3709 atque
3017 3638 3207 3711 deiecti
3231 3651 3377 3709 sunt,
3402 3658 3498 3715 per
3516 3644 3671 3702 Chri-

2090 3727 2155 3781 sti
2181 3730 2402 3797 gratiam
2428 3726 2805 3785 subvchamur.
2836 3728 2928 3785 Illa
2971 3731 3113 3786 enim
3137 3735 3393 3805 generatio
3435 3754 3590 3807 prava
3624 3750 3671 3795 et

2087 3822 2390 3885 antaricans,
2408 3820 2656 3891 quoniam
2692 3821 2807 3878 istis
2848 3822 3123 3881 beneﬁciis
3170 3827 3538 3897 corpOralibus
3562 3847 3667 3888 non

2088 3912 2318 3984 ponebat
2344 3913 2574 3969 tunicam
2593 3916 2894 3980 vetustatis,
2937 3925 3251 3973 tuttaverunt
3274 3919 3449 3978 adhuc
3481 3932 3671 3980 creata-

2087 4003 2409 4059 cerbaverunt
2434 4002 2598 4060 Deum
2622 4003 2892 4073 metrum,
2933 4015 2981 4061 et
3005 4008 3288 4064 testimonia
3314 4011 3548 4084 ejits‘non
3562 4033 3666 4071 αι-

2082 4096 2364 4153 stodierunt
2391 4112 2410 4152 :
2432 4106 2480 4153 et
2502 4107 2788 4153 averterunt
2804 4115 2875 4166 se,
2903 4108 3073 4156 etnon
3089 4115 3411 4160 servaverunt
3439 4098 3663 4179 pactum,

2082 4184 2506 4258 quemadmodum
2534 4199 2701 4260 patres
2745 4206 2918 4246 eorum
2942 4206 2963 4246 :
2980 4202 3135 4262 pacto
3180 4194 3322 4249 enim
3353 4197 3583 4267 quodam
3611 4211 3668 4257 et

2082 4282 2281 4354 placito
2303 4281 2568 4349 dixerunt,
2601 4282 2788 4338 Omnia
2810 4299 2925 4355 qua:
2948 4282 3143 4341 locutus
3173 4296 3244 4341 est
3271 4286 3513 4346 Dominus
3531 4290 3667 4347 Dm

2083 4382 2270 4442 noster,
2310 4373 2558 4445 facientes
2586 4383 2632 4428 et
2657 4373 2920 4429 audiemus
2944 4375 2963 4445 (
2994 4372 3166 4431 Exod.
3194 4393 3305 4438 ιιι.
3335 4380 3370 4434 8
3398 4380 3440 4453 ).
3465 4379 3666 4437 Noton.

2078 4463 2209 4520 dum
2252 4479 2385 4521 sane
2436 4464 2579 4535 quod
2626 4466 2721 4533 ait,
2764 4466 3210 4537 qumdmwum‘
3229 4482 3396 4541 patres
3441 4489 3614 4530 eorum
3640 4492 3670 4531 -:

2076 4548 2203 4614 cum
2229 4572 2327 4629 per
2345 4567 2512 4614 totum
2543 4557 2737 4613 Psalmi
2761 4568 2961 4616 textum
2988 4568 3239 4632 tanquam
3256 4564 3324 4620 de
3354 4564 3663 4625 hominibus

2080 4650 2282 4706 eisdem
2316 4649 2460 4721 loqui
2488 4648 2777 4717 videretur,
2812 4657 3035 4721 apparet
3059 4660 3237 4708 tamen
3285 4671 3426 4712 nunc
3453 4657 3521 4715 de
3551 4660 3658 4715 illis

2079 4740 2183 4797 diei
2208 4742 2297 4813 qni
2322 4740 2433 4812 jam
2456 4750 2612 4797 erant
2636 4741 2689 4797 in
2706 4742 2851 4798 terra
2872 4743 3262 4815 promissionis,
3281 4758 3335 4803 et
3360 4737 3538 4819 patres
3560 4766 3658 4807 eo-

2077 4849 2197 4890 rum
2216 4834 2388 4891 dictos
2410 4834 2499 4906 qui
2527 4833 2578 4889 in
2599 4848 2782 4891 eremo
2791 4830 3234 4893 amaricaverant.
3428 4872 3431 4873 ν
3672 4890 3673 4893 η

2150 4930 2239 4987 54.
2265 4928 2503 4987 Conversi
2528 4939 2665 4999 sunt,
2720 4929 2911 5002 inquit,
2941 4932 2996 4986 in
3040 4936 3214 4987 areum
3254 4926 3519 5003 prauum:
3548 4936 3654 5002 vel,

2066 5020 2217 5078 sicut
2245 5021 2340 5077 alii
2356 5020 2571 5078 codices
2608 5020 2825 5087 habent,
2868 5023 2926 5077 in
2957 5036 3143 5077 arcum
3181 5031 3489 5095 paverunt.
3518 5027 3654 5097 Quid

2078 5121 2256 5168 autem
2283 5112 2387 5168 hoc
2412 5111 2510 5179 sit,
2552 5111 2607 5167 in
2636 5127 2702 5168 eo
2730 5111 2872 5182 quod
2916 5114 3157 5183 sequitur
3198 5114 3365 5186 magis
3411 5130 3651 5187 apparet,

2079 5202 2169 5258 ubi
2193 5202 2265 5257 ait
2295 5219 2309 5257 :
2336 5200 2407 5257 Et
2432 5202 2487 5257 in
2506 5202 2635 5256 iram
2656 5202 3031 5257 concitaverunt
3067 5219 3178 5258 eum
3218 5205 3271 5260 in
3294 5205 3505 5263 collibus
3529 5210 3650 5266 suis.

2080 5285 2510 5353 Infidololatriam
2540 5311 2637 5352 eos
2664 5296 2972 5368 prosiluisse
3013 5296 3295 5369 signiﬁcat.
3335 5300 3505 5356 Arcus
3529 5316 3657 5372 ergo

2066 5403 2363 5465 perversos
2407 5396 2511 5456 est,
2551 5400 2657 5443 non
2699 5401 2798 5458 pro
2835 5387 3053 5444 nomine
3091 5388 3319 5455 Domini,
3350 5390 3442 5447 sed
3473 5406 3649 5449 contra
3728 5440 3731 5443 ,

2079 5497 2270 5539 nomen
2301 5481 2531 5547 Domini,
2559 5474 2647 5552 qui
2679 5481 2814 5536 dixit
2842 5480 3015 5537 eidem
3075 5482 3272 5553 populo
3300 5500 3315 5537 :
3343 5481 3466 5539 Non
3507 5497 3656 5540 erunt

2078 5576 2167 5630 tibi
2179 5574 2253 5628 dii
2277 5573 2367 5628 alii
2386 5584 2568 5643 prater
2603 5573 2735 5646 αι’(
2761 5572 2847 5627 Id.
2870 5588 2962 5639 xx,
2997 5576 3032 5630 5
3059 5573 3098 5644 ).
3138 5574 3244 5630 Per
3267 5584 3652 5633 arcum-antem

2056 5666 2342 5740 signiﬁcat
2357 5665 2518 5722 animi
2549 5665 2917 5721 intentionem.
2945 5666 3065 5721 Hoc
3094 5668 3262 5738 ipsum
3302 5665 3530 5738 denique
3547 5669 3662 5740 pla-

2144 5783 2162 5816 ι
2188 5780 2409 5847 Plerique
2432 5787 2562 5848 uss,
2585 5779 2821 5835 remissio.
2846 5781 3039 5846 Regius,
3058 5777 3330 5835 remissione
3346 5787 3562 5847 peccata.
