3990 6312
261 370 396 448 ιοθδ

255 499 374 552 llius
397 495 720 568 exprimens,
757 495 817 550 Et
845 497 895 550 in
915 496 1225 567 sculptilibus
1242 499 1363 562 suis,
1395 498 1582 568 inquit,
1602 499 1667 550 ad
1687 512 1834 551 rentu-

253 593 499 651 lalionent
522 606 637 645 eum
661 601 1066 660 provocaverunt.

323 684 414 741 35.
443 681 610 756 [,vers.
640 685 730 748 59,
753 682 840 738 60.
865 681 884 757 J
914 683 1114 737 Audiuit
1147 682 1303 748 Deus,
1326 691 1370 736 et
1405 687 1588 754 sprevit
1620 700 1637 738 :
1662 683 1712 739 id
1733 693 1834 751 est,

252 776 506 840 advertit,
531 784 584 830 et
620 773 925 828 vindicavit.
971 773 1035 827 Et
1085 775 1155 827 ad
1196 773 1412 826 nihilum
1451 774 1642 845 redegit
1690 775 1838 830 nimis

257 869 445 924 Israel.
493 870 599 924 Deo
635 872 828 939 quippe
856 878 1144 939 spernente
1175 867 1298 937 quid
1330 877 1719 932 remanserunt,
1748 867 1835 938 qui

255 961 364 1016 lico
394 960 677 1031 adjuvante
695 958 906 1015 incl-unt
954 958 1096 1030 quod
1145 958 1404 1014 luerunt?
1436 958 1694 1014 Nimirum
1742 974 1837 1014 au-

253 1065 359 1110 tem
391 1069 504 1109 rem
556 1052 698 1108 illam
745 1060 947 1124 gestam
991 1061 1400 1118 commemorat,
1435 1050 1656 1122 quando
1710 1052 1834 1107 victi

248 1155 378 1204 sunt
402 1149 470 1202 ab
513 1140 814 1218 Aliophylis
857 1155 1096 1216 tempore
1125 1145 1241 1200 Heli
1270 1145 1578 1209 sacerdotis,
1604 1155 1659 1202 et
1703 1147 1837 1201 Area

252 1237 466 1294 Domini
486 1245 639 1306 capta
670 1246 772 1304 est,
799 1245 857 1294 et
873 1252 1060 1308 magna
1082 1248 1260 1309 strage
1281 1238 1467 1292 vastati
1489 1247 1614 1292 sunt
1643 1237 1683 1311 (1
1709 1237 1834 1309 Reg.

251 1315 331 1396 iv,
359 1331 448 1398 10,
475 1327 586 1404 Η).
616 1329 730 1386 Hoc
750 1339 835 1387 est
875 1331 1016 1401 quod
1045 1329 1195 1398 dicit,
1227 1329 1288 1383 Et
1329 1330 1513 1402 repulit
1539 1330 1836 1385 tabernacu-

250 1427 363 1481 lum
393 1424 587 1490 Selom,
625 1423 1004 1479 tabernaculum
1045 1440 1190 1479 suum
1220 1423 1307 1478 ubi
1331 1423 1567 1478 habitavit
1591 1425 1643 1478 in
1673 1423 1838 1478 homi-

249 1522 418 1575 nibus.
444 1518 730 1590 Eleganter
757 1517 1006 1588 exposuit
1039 1531 1205 1589 quare
1243 1515 1501 1588 repulerit
1528 1516 1840 1573 tabernacu-

249 1610 360 1665 ium
386 1625 563 1678 suum,
587 1624 707 1664 cum
748 1608 842 1670 ait,
873 1607 957 1663 ubi
1004 1607 1244 1663 habitavit
1271 1607 1325 1662 in
1354 1606 1653 1662 hominibus.
1705 1607 1838 1664 Cum

246 1714 380 1771 ergo
407 1700 550 1772 digni
601 1714 704 1754 non
739 1705 921 1755 essent
957 1699 1010 1754 in
1053 1697 1246 1770 quibus
1273 1697 1551 1764 habitaret,
1600 1713 1696 1754 cur
1734 1715 1840 1755 non

249 1791 540 1863 repelleret
569 1789 992 1857 tabernaculum,
1025 1788 1166 1860 quod
1193 1787 1373 1858 utique
1394 1803 1499 1843 non
1532 1799 1746 1859 pr0pler
1775 1804 1836 1846 se

251 1884 577 1948 instituerat,
609 1881 702 1938 sed
735 1889 954 1952 propter
977 1881 1141 1950 ipsos,
1170 1895 1304 1952 quos
1319 1879 1429 1950 jam
1465 1879 1735 1950 judicabat
1757 1879 1839 1934 in.

247 1975 438 2046 dignos
465 1975 516 2030 in
537 1974 730 2045 quibus
751 1972 1054 2028 habitaret?
1176 2038 1181 2043 ,
1216 1970 1222 1976 ’

320 2067 409 2124 56.
441 2067 461 2140 [
488 2056 618 2123 vers.
645 2066 735 2123 6i.
758 2064 779 2139 ]
803 2065 871 2122 Et
913 2065 1128 2121 tradidit
1159 2066 1213 2121 in
1240 2067 1581 2134 captivitatem
1607 2064 1839 2120 virtutem

245 2169 449 2221 eorum,
472 2157 477 2162 '
497 2163 546 2208 et
598 2152 1027 2225 pulchritudinem
1066 2167 1240 2207 eorum
1291 2150 1347 2205 in
1399 2167 1579 2205 manus
1625 2149 1834 2204 inimici.

247 2249 420 2319 Ipsam
449 2249 640 2304 Arcam
671 2244 810 2302 unde
862 2245 961 2302 sibi
1003 2232 1325 2301 videbantur
1373 2243 1570 2310 invicti,
1600 2253 1655 2298 et
1699 2241 1839 2298 unde

246 2339 352 2396 sibi
374 2338 696 2411 plaudebant
721 2334 763 2406 ‘,
792 2338 1040 2393 virtutem
1080 2344 1136 2393 et
1162 2335 1613 2408 pulchritudinem
1643 2349 1834 2390 eorum

245 2430 397 2487 dicit.
441 2431 675 2501 Denique
701 2438 757 2486 et
784 2437 967 2501 postea
1009 2428 1153 2485 male
1183 2429 1443 2491 viventes,
1475 2434 1528 2482 et
1549 2425 1616 2482 de
1641 2426 1838 2497 templo

249 2521 464 2579 Domini
502 2521 810 2592 gloriantes,
841 2529 1017 2576 terret
1061 2535 1156 2590 per
1203 2518 1539 2594 prophetam.
1590 2517 1823 2573 dicens:

260 2614 432 2670 Videte
451 2614 576 2686 quid
603 2615 696 2686 feci
719 2613 911 2680 Selom,
955 2608 1042 2668 ubi
1084 2619 1190 2667 erat
1239 2611 1618 2665 tabernaculum
1668 2627 1832 2664 meum

246 2709 266 2778 (
299 2705 488 2761 Jerem.
513 2723 606 2774 vn,
639 2706 708 2761 i2
734 2709 776 2777 ).

319 2799 409 2854 37.
431 2798 456 2874 [
481 2816 609 2858 vers.
637 2798 730 2865 62,
759 2797 848 2856 63.
876 2796 898 2873 ]
927 2798 992 2853 Et
1018 2797 1262 2854 conclusit
1289 2796 1343 2851 in
1387 2795 1559 2868 gladio
1593 2796 1838 2868 populum

243 2910 415 2962 unum,
433 2905 483 2949 et
499 2894 840 2972 bwreditatem
859 2908 1002 2947 suam
1027 2892 1230 2962 sprevit.
1248 2889 1471 2946 Iuvenes
1497 2905 1669 2944 eorum
1691 2905 1836 2945 com-

242 2988 349 3042 edit
370 2987 504 3060 ignis
526 3004 547 3043 .'
574 2985 628 3043 id
651 2994 754 3051 est,
788 2980 885 3041 ira.
919 2982 990 3040 Et
1023 2984 1240 3056 virgines
1279 2998 1449 3036 eorum
1473 2998 1574 3037 non
1609 2991 1727 3038 sunt
1753 2982 1834 3038 la-

125 3128 130 3132 .
242 3075 480 3136 meritone
509 3095 530 3135 :
558 3080 678 3152 quia
702 3093 875 3151 neque
892 3077 993 3133 hoc
1025 3075 1249 3132 vacabat
1268 3075 1320 3130 in
1352 3075 1529 3130 hostili
1543 3084 1707 3131 metu.

314 3173 405 3230 58.
430 3172 451 3246 [
480 3188 607 3229 vers.
635 3169 768 3246 σι]
796 3170 1098 3228 Sacerdotes
1147 3183 1318 3224 eorum
1359 3169 1412 3222 in
1454 3169 1626 3240 gladio
1645 3169 1836 3225 cecide-

239 3277 383 3331 runt.
409 3250 457 3323 et
471 3266 637 3322 vidua:
659 3281 832 3321 eorum
857 3280 956 3320 non
975 3255 1325 3335 plorabantur.
1353 3260 1674 3318 Ceciderunt
1689 3263 1833 3318 enim

239 3362 306 3416 in
323 3358 500 3432 gladio
548 3358 641 3414 lilii
676 3356 813 3424 lleli,
847 3369 1072 3427 quorum
1123 3353 1279 3409 unius
1326 3368 1466 3409 uxor
1501 3351 1734 3420 viduata,
1779 3363 1836 3410 et

183 3465 187 3469 ·
240 3464 366 3506 mox
395 3451 448 3508 in
476 3459 627 3522 partu
667 3457 896 3515 mortua,
919 3453 1140 3518 propter
1179 3445 1423 3502 eamdem
1479 3445 1833 3514 perturbatio-

192 3555 196 3558 '
240 3555 367 3598 nem
411 3542 586 3614 jlangi
631 3554 740 3598 nou
791 3539 965 3613 potuit
1001 3538 1207 3595 honore
1265 3536 1547 3610 luncris(l
1579 3536 1704 3611 Reg.
1749 3554 1830 3608 ιν,

240 3631 331 3699 19,
357 3633 430 3690 Ἡ)
451 3639 494 3705 ).
955 3701 958 3704 Α

313 3727 402 3782 50.
431 3724 604 3800 [vers.
636 3723 727 3780 65.
755 3721 777 3798 ]
804 3720 870 3778 Et
919 3723 1167 3778 excitatus
1206 3731 1278 3778 est
1307 3731 1549 3794 tanquam
1576 3721 1830 3778 dormiens

239 3817 510 3874 Dominus.
566 3816 788 3874 Videtur
834 3815 978 3874 enim
1015 3815 1271 3878 dormire,
1313 3814 1527 3887 quando
1572 3816 1828 3889 populum

235 3927 396 3969 suum
431 3911 524 3968 dat
545 3912 597 3967 in
624 3925 814 3966 manus
842 3909 1026 3966 eorum
1044 3923 1179 3980 quos
1198 3908 1328 3972 odit,
1361 3910 1448 3964 ubi
1477 3909 1556 3965 eis
1578 3909 1785 3965 dicatur
1812 3928 1826 3963 :

248 4002 352 4061 Ubi
387 4014 460 4060 est
505 4002 645 4058 Deus
696 4013 811 4057 tuus
858 4001 1046 4076 (Psal.
1075 4016 1182 4068 xu,
1210 4001 1270 4057 ii
1309 4001 1369 4073 )?
1393 3999 1660 4057 Excitatus
1703 4017 1830 4073 ergo

236 4089 314 4153 est
337 4105 575 4167 tanquam
621 4095 896 4163 dormiens,
947 4103 1190 4164 tanquam
1238 4101 1413 4164 potens
1467 4094 1759 4165 crapulatus
1796 4113 1828 4150 a

235 4191 384 4248 vino.
405 4181 716 4244 Nullus‘hoc
739 4187 806 4243 de
838 4188 948 4243 Deo
973 4186 1154 4243 dicere
1198 4186 1435 4252 auderet,
1464 4187 1565 4242 nisi
1599 4187 1828 4258 Spiritus

236 4280 374 4353 ejus.
399 4279 539 4335 Dixit
568 4277 734 4342 enim,
753 4279 889 4332 sicut
932 4276 1144 4333 videtur
1199 4275 1376 4348 impiis
1423 4275 1822 4344 insultantihus,

233 4370 379 4444 quod
406 4370 549 4428 velut
571 4365 750 4426 ebrius
778 4369 866 4423 diu
921 4367 1172 4436 dormiat,
1201 4366 1414 4438 quando
1441 4381 1546 4424 non
1590 4375 1697 4424 tam
1719 4371 1824 4425 cito

235 4443 396 4536 quam
422 4461 654 4534 putant’
680 4460 946 4526 homines,
976 4458 1242 4515 subvenit.
1301 4459 1305 4463 '
1581 4443 1584 4446 ’

309 4557 402 4613 ιθ.
433 4554 456 4630 [
482 4572 608 4611 vers.
633 4553 722 4611 66.
751 4551 773 4629 ]
796 4551 863 4607 Et
897 4553 1138 4624 percussit
1181 4552 1410 4606 inimicos
1433 4569 1550 4608 suos
1580 4553 1632 4608 in
1658 4566 1821 4626 poste-

233 4652 376 4706 riora
401 4665 420 4704 :
450 4649 568 4706 illos
609 4647 794 4717 utique
820 4646 908 4717 qui
953 4645 1258 4716 gaudebant
1285 4643 1426 4715 quod
1475 4645 1665 4700 Arcam
1704 4647 1822 4718 ejus

232 4742 502 4815 captivare
556 4747 877 4812 potuerunt;
928 4736 1165 4808 percussi
1198 4737 1340 4794 enim
1369 4745 1494 4792 sunt
1522 4737 1575 4792 ill
1603 4738 1819 4795 sedibus

231 4834 347 4891 suis
375 4832 435 4906 (l
463 4832 590 4904 Reg.
618 4846 672 4897 v,
703 4828 738 4885 6
764 4828 804 4898 ).
828 4827 979 4897 Quod
1009 4830 1127 4898 ejus
1160 4843 1331 4900 paena:
1354 4829 1563 4899 signum
1583 4828 1711 4884 mihi
1737 4829 1818 4886 vi-

231 4928 409 4994 detur,
438 4925 795 4998 qua'quisque
831 4921 1174 4987 cruciabitur,
1205 4923 1248 4979 si
1300 4922 1352 4977 in
1398 4922 1688 4992 posteriora
1728 4938 1817 4980 rc-

229 5018 500 5090 spexerit;
530 5026 670 5086 quae,
714 5016 853 5070 sicut
896 5013 1201 5084 Apostolus,
1262 5013 1530 5069 aestimare
1579 5013 1735 5070 debet
1762 5024 1819 5071 ut

229 5109 502 5180 stercora(
524 5107 757 5178 Philipp.
781 5121 856 5173 ιιι,
884 5105 977 5178 8).
1005 5103 1105 5173 Qui
1131 5105 1273 5160 enim
1312 5105 1390 5160 sic
1418 5105 1712 5176 suscipiunt
1734 5114 1816 5164 te.

227 5209 550 5260 elementum
580 5200 694 5265 Dei,
724 5206 782 5254 ut
801 5205 983 5254 vetere
1008 5197 1245 5251 vanitate
1274 5211 1378 5252 non
1409 5211 1468 5252 se
1495 5207 1712 5264 exuant,
1737 5201 1814 5254 si-

228 5295 387 5352 miles
416 5300 542 5348 sunt
564 5290 844 5348 hostilibus
875 5288 1088 5361 populis
1131 5289 1220 5358 qui
1269 5287 1464 5344 Arcam
1511 5289 1814 5346 testamenti

223 5385 544 5455 esptivatam
566 5382 718 5453 juxta
748 5396 843 5436 sua
872 5378 1014 5436 idola
1056 5387 1366 5450 posuerunt.
1395 5378 1461 5434 Et
1494 5379 1578 5434 illa
1598 5380 1812 5452 quidem

225 5485 406 5532 vetera
423 5475 583 5531 etiam
605 5475 710 5529 illis
743 5471 1050 5530 nolentibus
1077 5472 1294 5540 cadunt,
1343 5473 1466 5544 quia
1506 5475 1667 5528 omnis
1695 5489 1813 5530 caro

214 5570 420 5636 fenum,
445 5576 492 5621 et
518 5567 720 5620 claritas
745 5565 960 5620 hominis
1002 5573 1058 5618 ut
1099 5565 1196 5634 [los
1221 5563 1344 5633 feni.
1371 5561 1571 5619 Fatum
1591 5565 1740 5630 aruit,
1765 5577 1813 5620 et

227 5662 328 5733 ﬂos
375 5655 560 5713 decidit
606 5672 626 5713 :
663 5659 803 5713 Area
834 5665 1002 5712 autem
1040 5653 1251 5711 Domini
1299 5665 1466 5712 manet
1486 5657 1537 5712 in
1569 5666 1810 5713 (sternam

293 5819 309 5849 ι
338 5815 562 5880 alet-ique
583 5820 714 5876 uss”
732 5811 999 5877 placebant.

292 5880 308 5912 ι
335 5885 436 5930 ouo
456 5885 587 5940 uss,
607 5883 786 5943 pettmt.
1309 5947 1343 5980 .

1188 424 1189 427 η
1298 379 1691 440 ΗΝΛΒΗΔΉΟ
1731 382 1796 438 ιΝ
1835 377 2160 441 PSALMUM
2202 382 2455 442 LXXVII.

3392 391 3528 447 ιυοδ

1951 496 2237 568 (Isai.x1.,
2263 499 2317 568 6,
2348 499 2426 573 7)
2460 510 2778 566 ;.secretum
2827 504 3031 560 scilicet
3080 507 3384 563 testamenti
3439 510 3530 562 re-

1941 607 2104 662 gnum
2128 595 2407 657 eteorum,
2439 594 2526 650 llbi
2573 605 2656 650 est
2701 606 2959 654 aeternum
3007 598 3229 656 Verbum
3261 601 3376 656 Dei.
3414 600 3522 655 Sed
3553 592 3557 596 ”

1945 683 2022 740 illi
2082 684 2169 754 qui
2219 687 2513 755 posteriora
2568 687 2884 757 dilexerunt,
2926 707 2991 748 ex
3049 692 3177 763 ipsis
3221 693 3516 762 justissima

1943 774 2358 832 cruciabunlur:
2405 775 2744 848 Opprobrium
2788 783 2927 836 enim
2978 785 3336 856 sempiternum
3382 779 3536 834 (tedis

1941 869 2064 924 illis.

2013 962 2101 1016 41.
2135 959 2302 1034 [vers.
2322 964 2411 1031 67,
2441 963 2529 1020 68.
2555 963 2574 1037 ]
2604 964 2666 1018 Et
2690 967 2895 1037 repulit,
2924 966 3111 1036 inquit,
3143 970 3277 1022 taber
3317 979 3529 1028 suculam

1941 1053 2154 1124 Ioseph.
2195 1065 2241 1110 et
2271 1056 2454 1112 tribum
2490 1056 2736 1127 Epitra'm
2761 1076 2863 1115 non
2889 1059 3055 1130 elegit.
3083 1057 3160 1114 Ειι
3183 1069 3325 1137 elegit
3349 1071 3532 1126 tribum

1941 1145 2099 1200 Iuda.
2118 1146 2234 1201 Non
2282 1147 2433 1213 dixit,
2487 1149 2701 1220 Repulit
2750 1147 3150 1211 tabernaculum
3195 1155 3402 1223 Ruben,
3445 1164 3532 1232 qui

1945 1238 2040 1293 fuit
2083 1238 2464 1310 primogenitus
2504 1241 2704 1307 lecob;
2732 1259 2831 1299 nec
2857 1260 2952 1299 eos
2995 1247 3082 1316 qui
3135 1260 3450 1318 sequuntur,
3481 1264 3535 1309 et

1941 1329 2132 1386 Judam
2161 1331 2428 1386 nascendo
2475 1333 2803 1402 prmcedunt,
2836 1345 2892 1390 ut
2941 1337 3044 1392 illis
3090 1342 3318 1410 repulsis
3347 1353 3396 1397 et
3427 1355 3532 1399 non

1943 1425 2146 1491 electis,
2177 1426 2345 1481 tribus
2375 1427 2505 1482 Juda
2535 1428 2840 1500 eligeretur.
2875 1430 3090 1487 Poterat
3108 1434 3250 1488 enim
3278 1435 3383 1490 dici
3412 1452 3528 1493 me«

1942 1518 2046 1575 rito
2069 1518 2188 1574 illos
2215 1521 2480 1589 repulsos,
2513 1522 2636 1593 quia
2653 1531 2707 1578 et
2734 1523 2788 1578 in
2808 1523 3180 1582 benedictione
3197 1527 3387 1596 Jacob,
3418 1546 3522 1600 qua

1942 1624 2071 1667 suos
2090 1610 2243 1668 ‘lilios’
2276 1611 2568 1682 benedixit,
2611 1625 2830 1684 peccata
2866 1631 3052 1674 eorum
3104 1634 3524 1679 commemorata

1942 1705 2172 1775 graviter
2221 1705 2517 1762 detestatur
2539 1707 2559 1779 (
2583 1706 2716 1763 Cen.
2785 1725 2934 1778 χιιι,
2965 1712 3058 1767 i-‘l
3087 1711 3105 1782 )
3136 1728 3151 1777 ;
3183 1715 3431 1783 quamvis
3473 1715 3528 1772 in

1944 1795 2025 1852 eis
2053 1797 2221 1854 tribus
2241 1797 2372 1854 Levi
2391 1799 2738 1856 sacerdotalis
2761 1799 2931 1858 tribus
2968 1817 3089 1859 esse
3119 1808 3396 1874 meruerit,
3428 1803 3531 1864 un-

1943 1887 2012 1943 de
2030 1889 2189 1945 etiam
2215 1889 2424 1962 Moyses
2453 1889 2593 1961 l'uit(
2623 1890 2788 1946 Exod.
2821 1908 2878 1958 ιι,
2905 1894 2928 1948 i
2951 1893 2992 1966 ).
3032 1894 3144 1950 Nec
3169 1895 3323 1960 dixit.
3354 1899 3530 1969 ltepu-

1943 1979 2004 2035 lit
2049 1979 2444 2037 tabernaculum
2501 1982 2943 2053 Benjzlmiu;vel',
2990 1985 3206 2044 Tribum
3252 1988 3530 2060 Bcnjamin

1945 2085 2050 2125 non
2071 2067 2251 2142 elegit.
2281 2087 2345 2127 ex
2374 2086 2477 2142 qua
2528 2088 2623 2128 rex
2651 2088 2773 2130 esse
2796 2075 2907 2146 jam
2946 2089 3180 2148 etaperat
3212 2096 3228 2145 ;
3257 2097 3378 2135 nam
3409 2081 3531 2137 inde

1945 2161 2115 2218 fuerat
2140 2163 2342 2220 electus
2359 2163 2484 2244 Saill
2514 2163 2534 2236 (
2565 2156 2586 2220 Ι
2617 2164 2745 2238 Reg.
2804 2182 2880 2234 lx,
2904 2166 2959 2236 l,
2987 2167 3026 2222 2
3051 2169 3112 2240 )z
3142 2170 3282 2226 unde
3327 2188 3389 2228 cx
3418 2175 3528 2243 ipsa

1943 2257 2210 2312 vicinitate
2253 2259 2528 2328 temporis,
2561 2260 2775 2330 quando
2819 2260 2910 2321 ille
2950 2265 3196 2333 repulsus
3240 2279 3323 2322 εει
3369 2279 3527 2340 atque

1942 2349 2278 2421 reprobatus,
2302 2359 2356 2405 et
2385 2350 2546 2406 David
2574 2351 2777 2408 electus
2804 2351 2979 2423 (Ibid.
3005 2366 3119 2423 xvl,
3153 2357 3206 2423 ι,
3239 2359 3306 2414 l5
3333 2359 3372 2423 ),
3401 2375 3527 2415 con-

1939 2442 2215 2499 venienter
2235 2451 2415 2513 posset
2434 2442 2537 2498 boc
2563 2443 2708 2507 dici;
2739 2459 2841 2502 nec
2862 2453 3038 2504 tamen
3065 2447 3264 2504 dictum
3283 2459 3363 2506 est
3385 2467 3399 2505 :
3431 2454 3525 2505 sed

1943 2550 2037 2590 eos
2063 2535 2396 2606 potissimum
2442 2537 2772 2604 nominavit,
2824 2540 2910 2610 qui
2963 2538 3276 2596 clarioribus
3325 2545 3530 2600 meritis

1942 2627 2258 2684 videbantur
2308 2628 2593 2686 excellere.
2639 2629 2776 2685 Nam
2815 2630 3014 2702 Joseph
3045 2633 3191 2704 pavit
3216 2635 3268 2689 in
3293 2631 3529 2709 Egypt'o

1941 2728 2144 2790 patrem
2162 2729 2216 2776 et
2246 2718 2440 2777 fratres
2466 2735 2614 2789 suos,
2637 2730 2694 2778 et
2712 2721 2876 2795 impie
2908 2723 3178 2792 venditus,
3199 2726 3392 2784 merito
3404 2728 3531 2802 pie-
3642 2756 3650 2764 -

1941 2813 2085 2878 tatis,
2113 2812 2392 2880 castitatis,
2410 2813 2707 2885 sapientiai,
2747 2807 3048 2886 justissime
3093 2816 3409 2874 sublimatus
3445 2830 3530 2877 est

1941 2905 1962 2978 (
1989 2906 2116 2961 Gen.
2138 2922 2248 2973 xu,
2271 2905 2342 2964 ιο
2362 2906 2382 2978 )
2401 2925 2420 2974 ;
2442 2916 2499 2964 et
2525 2907 2773 2980 Epitan
2798 2908 2989 2979 majori
3031 2909 3180 2966 fratri
3207 2911 3292 2967 avi
3334 2913 3417 2968 sui
3436 2913 3532 2969 Ja'a

1939 2999 2042 3054 cob
2069 2998 2441 3055 benedictione
2462 2999 2711 3070 prlelatus
2749 2983 2832 3056 est
2860 2999 2972 3071 (id.
3004 3017 3185 3067 sunt,
3217 3002 3308 3075 i9)
3332 3021 3347 3058 :
3374 3011 3431 3059 et
3449 3014 3528 3059 ta-

1940 3107 2062 3147 men
2113 3091 2259 3148 Deus
2305 3091 2494 3164 repulit
2546 3091 2928 3148 tabernaculum
2967 3092 3158 3166 Joseplt
3183 3135 3202 3163 ,
3250 3104 3299 3151 et
3342 3098 3528 3153 tribum

1939 3181 2184 3253 Eptmrm
2207 3199 2312 3237 non
2336 3182 2508 3255 elegit.
2534 3181 2637 3240 Ubi
2661 3199 2756 3254 per
2778 3184 2894 3240 hac
2932 3185 3171 3256 praeclari
3219 3188 3525 3264 meriti‘no-

1937 3277 2098 3342 mina,
2127 3274 2256 3347 quid
2284 3275 2426 3332 aliud
2445 3291 2603 3346 quam
2633 3277 2938 3334 universum
2965 3280 3216 3351 populum
3247 3281 3396 3338 illum
3425 3299 3522 3342 vc-

1937 3376 2074 3422 tnsta
2101 3366 2387 3438 cupiditate
2411 3381 2441 3420 a
2473 3367 2697 3423 Domino
2748 3375 2959 3424 terrena
3003 3371 3219 3439 przcmia
3245 3373 3523 3444 requiren-

1937 3469 2065 3525 tem,
2116 3461 2386 3531 repulsum
2425 3469 2482 3516 ct
2523 3459 2866 3532 reprobatum
2899 3461 3519 3533 intelligimus;electam

1933 3563 2114 3608 autem
2158 3553 2350 3608 tribum
2402 3551 2558 3620 Juda,
2609 3568 2716 3608 non
2748 3567 2845 3623 pro
2885 3555 3091 3610 meritis
3137 3555 3306 3626 ipsius
3327 3556 3522 3614 ludas?

1933 3645 2118 3717 Longe
2142 3646 2338 3718 quippe
2366 3646 2568 3719 majora
2617 3653 2745 3701 sunt
2785 3646 2974 3701 merita
3023 3646 3226 3718 Joseph
3250 3665 3270 3716 ;
3297 3649 3391 3705 sed
3423 3665 3522 3721 per

1934 3741 2127 3794 tribum
2147 3737 2304 3805 Juda,
2354 3739 2606 3809 quoniam
2645 3736 2770 3793 inde
2807 3737 3009 3793 exstitit
3049 3738 3297 3796 Christus
3324 3755 3520 3797 secun-

1932 3830 2061 3885 dum
2088 3844 2324 3897 carnem,
2368 3844 2563 3885 novum
2592 3829 2844 3900 populum
2873 3828 3070 3886 Christi
3097 3830 3173 3887 illi
3198 3833 3397 3902 populo
3425 3844 3519 3889 ve”-

1933 3924 2031 3981 teri
2073 3923 2348 3996 pmlatum
2394 3923 2664 3994 Scriptura
2705 3930 2949 3988 testatur,
2978 3925 3254 3994 aperiente
3285 3926 3518 3983 Domino

1933 4017 1986 4071 in
2017 4014 2282 4086 parabolis
2307 4029 2370 4071 os
2392 4028 2569 4070 suum.
2598 4013 2714 4070 iam
2742 4012 2867 4070 inde
2903 4016 3062 4072 etiam
3087 4016 3228 4087 quod
3255 4019 3516 4090 sequitur,

1933 4106 2159 4163 Montem
2183 4105 2313 4163 Sion
2341 4123 2487 4176 quem
2513 4107 2709 4176 dilexit,
2738 4107 3034 4164 Ecclesium
3083 4109 3283 4166 Christi
3327 4112 3520 4168 melius

1933 4203 2297 4274 intelligimus,
2329 4215 2436 4257 non
2491 4209 2710 4271 prepter
2761 4201 3038 4270 prtesentis
3069 4203 3323 4274 temporis
3349 4204 3512 4261 bene-

1930 4295 2045 4350 ticia
2074 4293 2303 4349 carnalia
2355 4293 2518 4348 Deum
2548 4293 2833 4360 colentem,
2876 4293 2970 4349 sed
3015 4293 3190 4350 futura
3233 4303 3290 4352 et
3315 4305 3512 4353 mterna

1931 4387 2144 4458 praemia
2172 4385 2340 4443 oculis
2371 4385 2490 4440 [idci
2532 4386 2688 4456 longe
2710 4386 3072 4457 speculantem
3105 4403 3118 4440 :
3147 4386 3269 4441 nam
3304 4397 3360 4443 et
3383 4387 3512 4444 Sion

1925 4480 2228 4551 Speculalio
2245 4479 2642 4549 interpretatur.
2657 4543 2664 4549 _
3217 4519 3220 4523 .

1996 4572 2086 4629 42.
2117 4571 2278 4645 [νει-ι.
2313 4569 2402 4626 69.
2428 4568 2448 4642 ]
2476 4569 2711 4646 Denique
2735 4570 2992 4640 sequitur,
3023 4569 3094 4624 Et
3117 4571 3506 4639 aediﬁcavitsic-

1924 4675 1978 4721 ut
2024 4666 2418 4720 unicomuorum
2479 4660 2926 4730 sanctiﬁcatione»:
2972 4677 3164 4716 suam:
3212 4662 3318 4730 vel,
3366 4663 3506 4720 sicut
3591 4709 3594 4713 .

1922 4760 2135 4832 quidam
2164 4759 2480 4828 interpretes
2510 4755 2729 4811 verbum
2765 4769 2960 4809 novum
2991 4753 3252 4825 fecerunt,
3274 4758 3506 4828 sancti/i-
3538 4821 3542 4824 ξ
3644 4779 3650 4781 Α

1923 4854 2058 4908 cium
2099 4867 2264 4906 suum.
2320 4846 2608 4904 Unicornui
2649 4855 2794 4902 recte
2838 4846 3226 4917 intelliguntur,
3277 4862 3503 4918 quorum

1922 4945 2074 5000 ﬁrma
2102 4957 2226 5013 spes
2257 4943 2308 4996 ill
2337 4955 2500 4997 unum
2548 4938 2678 4994 illud
2706 4937 2946 5009 erigitur,
2984 4937 3054 4996 de
3081 4952 3189 5008 quo
3216 4939 3351 4996 alius
3377 4939 3508 4996 dicit

1922 5037 2158 5108 psalmus
2186 5075 2202 5103 ,
2254 5032 2422 5088 Unam
2477 5031 2626 5103 petivi
2677 5047 2709 5084 a
2757 5028 3022 5096 Domino;
3069 5031 3202 5086 hanc
3247 5018 3502 5104 requiram

1921 5126 1941 5202 (
1969 5126 2111 5182 Psal.
2135 5140 2280 5188 χιιι,
2304 5121 2398 5196 4).
2430 5123 2792 5180 Sanctiticium
2813 5137 2942 5178 vero
2969 5122 3060 5178 Dei
3082 5132 3185 5188 est,
3203 5124 3497 5181 secundum

1919 5217 2216 5289 apostolum
2246 5216 2482 5282 Petrum,
2531 5214 2801 5271 intellecta
2847 5213 2989 5284 plebs
3019 5224 3233 5283 sancta,
3260 5225 3308 5270 et
3335 5215 3504 5286 regale

1917 5311 2254 5366 sacerdotium
2284 5307 2352 5378 (I
2397 5307 2539 5364 Petr.
2585 5323 2644 5374 ll,
2705 5305 2740 5364 9
2768 5306 2808 5378 )·.
2854 5305 3008 5377 Quod
3062 5321 3191 5362 vero
3233 5307 3498 5378 sequitur,

1922 5401 1989 5457 In
2010 5413 2141 5455 terra
2160 5417 2312 5471 quam
2335 5399 2564 5470 [undavit
2587 5399 2640 5452 in
2667 5409 2909 5453 teter-num
2938 5413 2960 5453 :
2982 5396 3123 5468 quod
3145 5397 3338 5454 habent
3358 5414 3499 5471 grae-

1917 5495 1965 5550 ci
1993 5493 2225 5557 codiccs,
2252 5501 2314 5551 si;
2349 5501 2422 5545 τόν
2444 5491 2613 5555 «tam,
2635 5501 2810 5544 utrum
2839 5489 2892 5544 in
2917 5499 3180 5552 uernum.
3222 5503 3290 5565 an
3315 5489 3379 5544 in
3397 5495 3498 5544 sa!-

1917 5588 2087 5641 culum
2111 5585 2321 5641 dicatur
2349 5599 2378 5636 a
2411 5583 2582 5649 nobis,
2629 5583 2681 5638 in
2711 5581 2993 5638 latinorum
3025 5582 3502 5658 interpretum-po-

1917 5685 2112 5733 testate
2129 5685 2233 5743 est,
2253 5666 2502 5745 quoniam
2528 5683 2818 5744 utrumque
2837 5671 3101 5745 signiﬁcat
3125 5689 3143 5740 ;
3177 5681 3240 5729 et‘
3255 5671 3376 5730 ideo
3394 5672 3498 5729 hoc

1917 5771 1970 5825 ill
1996 5769 2176 5825 latinis
2201 5766 2508 5831 codicibus,
2539 5765 2665 5822 illud
2712 5763 2766 5821 in
2785 5761 2913 5840 aliis
2954 5766 3238 5822 invenitur.
3287 5765 3500 5822 Habent

1859 5934 1864 5940 _
1917 5863 2082 5936 aliqui
2111 5863 2270 5922 etiam
2298 5860 2588 5934 pluraliter,
2639 5859 2696 5917 id
2743 5846 2849 5929 est,
2900 5861 2956 5915 in
2997 5859 3214 5929 sacula;
3262 5859 3404 5930 quod
3440 5861 3495 5917 in
