3990 6310
563 414 584 469 l
596 408 703 467 00‘!

568 524 758 596 ενι-(εἱς
795 533 927 593 quos
973 513 1274 577 habuimus,
1326 520 1433 561 non
1477 498 1799 556 invenimus.
1848 491 1979 559 Quis
2005 501 2145 596 ,ξω-ο

568 582 1366 674 ἦάοιίαιιίιιιιϋὶιοιΕοεὶαδῑωιη.
1411 593 1619 654 etiamsi
1660 590 1780 647 aliis
1805 582 2144 646 abeuntibus,

565 706 688 770 aliis
709 703 1064 767 venientibus,
1092 715 1158 755 es
1197 696 1300 751 hac
1341 693 1447 746 vita
1494 684 1790 744 mortaliter
1827 674 2035 740 transit,
2066 682 2147 728 ta-

567 816 694 859 men
719 799 772 853 in
801 805 1057 852 :etcronm
1080 803 1201 844 csse
1223 784 1491 841 fundatam
1518 780 1543 833 ’ἒ

640 896 730 951 45.
759 888 933 964 [rem
966 884 1055 947 το,
1085 884 1173 935 "ll.
1202 877 1223 952 ]
1249 877 1307 931 Et
1354 873 1501 944 elegit
1547 866 1712 924 David
1752 877 1949 964 sertum
1983 873 2149 914 sumn.

570 954 792 1045 Tribuni
837 994 968 1050 ergo
1020 974 1153 1032 Juda
1221 978 1438 1042 propter
1500 960 1703 1024 David;
1768 954 1933 1011 David
1975 960 2153 1050 autem

576 1042 792 1151 propter
817 1042 1087 1129 Chiistum
1113 1083 1127 1119 :
1158 1063 1353 1119 tribum
1381 1058 1537 1128 igitur
1576 1052 1735 1151 Juda-
1758 1054 1972 1151 propter
1998 1042 2156 1098 Cini-

578 1138 743 1235 stum,
766 1181 873 1236 auo
894 1165 1202 1219 transeunte
1225 1153 1588 1209 clamaverunt
1612 1142 1760 1207 cmei,
1819 1138 2162 1191 Miserercuo—

583 1227 1097 1333 liis,/ili.Duvitl;et
1124 1233 1766 1305 continuomisericordia
1817 1231 1934 1301 ejus
1984 1227 2160 1282 lumen

582 1324 939 1423 receperuut(
974 1342 1161 1400 .llattlt.
1210 1352 1306 1401 xx,
1347 1334 1438 1397 30,
1483 1331 1552 1385 5i
1576 1328 1618 1399 ),
1641 1325 1763 1395 quia
1815 1336 1998 1375 verum

580 1407 724 1520 quod
743 1407 1267 1498 clamareruntJloe
1320 1426 1439 1480 ideo
1490 1436 1596 1475 non
1644 1421 1976 1520 transeunter

580 1497 674 1596 sed
697 1497 905 1592 attente
943 1521 1283 1584 commendat
1343 1513 1651 1585 Apostolus,
1710 1505 1950 1561 scribens
1982 1500 2048 1557 ad
2076 1497 2168 1596 Ti-

582 1629 857 1687 motheum
890 1642 903 1678 :
947 1619 1143 1675 Memor
1188 1622 1291 1670 esto
1322 1608 1577 1665 Christum
1630 1600 1806 1655 Iesum
1836 1592 2166 1650 resurrexissc

583 1739 618 1775 a
668 1717 878 1775 mortuis
915 1729 977 1768 ex
1021 1709 1209 1766 semine
1252 1700 1420 1757 Dauid
1450 1740 1464 1761 ,
1508 1691 1786 1751 secundum
1842 1683 2173 1775 Evangelium

807 1770 860 1857 in
888 1817 986 1868 quo
1007 1797 1181 1853 laboro
1201 1805 1355 1861 usque
1374 1787 1442 1840 ad
1481 1780 1702 1844 vincula,
1743 1786 1983 1871 tan???“
2013 1770 2172 1871 mali.

592 1860 820 1970 iaciam;
848 1860 935 1949 sed
960 1901 1123 1943 sermo
1142 1883 1238 1938 Dei
1276 1860 1379 1935 non
1407 1884 1481 1932 est
1504 1871 1743 1944 alligatus
1760 1870 1780 1939 (
1798 1866 1839 1922 ll
1868 1863 2089 1970 Τεωζη,
2119 1860 2173 1927 8,

591 1953 697 2063 il).
729 1953 847 2060 Ipse
890 1986 1070 2054 itaque
1116 1977 1362 2034 Salvator
1413 1964 1705 2024 secundum
1747 1972 1965 2063 carnem
1991 1953 2179 2063 lactans

595 2045 890 2144 ex'scinine
916 2045 1101 2138 David,
1134 2069 1390 2141 ﬁguratur
1408 2061 1460 2116 in
1486 2060 1585 2113 hoc
1611 2056 1728 2111 loco
1750 2051 1963 2108 nomine
1991 2045 2177 2108 David,
2210 2046 2217 2053 '

597 2173 872 2249 aperiente
888 2166 1114 2223 Domino
1138 2162 1190 2216 in
1227 2153 1493 2229 parabolis
1524 2166 1586 2207 os
1625 2162 1800 2205 suum.
1833 2143 1942 2247 Nec
1971 2147 2182 2249 moveat

597 2230 741 2339 quod
768 2277 889 2318 cum
919 2257 1159 2321 dixisset,
1190 2251 1254 2306 Et
1268 2248 1415 2319 elegit
1442 2241 1630 2307 David,
1652 2253 1759 2311 quo
1790 2234 2006 2291 nomine
2020 2230 2181 2339 Ebri—

599 2321 742 2414 s'tum
768 2346 1103 2423 signiﬁcavit,
1132 2339 1358 2404 addidit,
1406 2348 1602 2390 seruum
1626 2343 1818 2395 suum;
1864 2339 1991 2423 non,
2019 2321 2185 2423 ﬁlium

601 2412 758 2504 suum
790 2412 948 2498 :vimo
978 2450 1108 2493 vero
1146 2433 1271 2487 hinc
1320 2435 1672 2499 agnoscamus
1696 2460 1712 2484 ,
1754 2432 1861 2473 non
1908 2412 2051 2470 Patri
2095 2424 2189 2466 eo-

607 2503 865 2594 :eternam
905 2524 1171 2598 Unigeuiti
1211 2516 1595 2578 substantiam,
1636 2510 1733 2568 sed
1779 2508 2001 2564 lormam
2050 2503 2189 2559 servi

607 2632 908 2696 susceptam
940 2635 1005 2676 ex
1026 2616 1228 2674 semine
1257 2607 1444 2667 David.

682 2740 773 2796 ιι.
796 2736 862 2791 Et
897 2731 1101 2788 sustulit
1129 2725 1325 2784 eumde
1343 2720 1575 2796 gregibus
1626 2716 1836 2779 ovium;
1880 2712 1944 2767 de
1987 2708 2199 2782 ρωιίε.

614 2841 777 2888 tantes
798 2825 988 2896 accepit
1015 2838 1149 2887 etim,
1182 2833 1386 2890 pascere
1426 2811 1591 2868 Jacob
1628 2822 1825 2864 servant
1853 2820 2018 2870 suum,
2042 2812 2088 2856 et
2110 2800 2198 2854 ls-

611 2925 720 2981 rael
745 2892 1089 2977 Itwreditatem
1115 2927 1281 2968 suum.
1310 2907 1405 2964 llle
1432 2903 1645 2976 quidem
1698 2897 1888 2965 David,
1937 2910 2005 2952 ex
2045 2892 2201 2963 cujus

614 3017 819 3074 semine
844 3026 976 3068 caro
1000 3004 1195 3063 Christi
1224 3013 1327 3067 est,
1357 2998 1425 3054 ab
1453 2995 1632 3053 ofﬁcio
1657 2989 1910 3064 pastorali
1951 2999 2199 3058 pecorum

615 3111 684 3164 ad
715 3105 991 3162 hominum
1033 3112 1254 3170 regnum
1302 3091 1589 3149 translatus
1639 3094 1762 3142 est:
1799 3091 1978 3138 noster
2023 3087 2201 3134 autem

620 3199 806 3265 David,
837 3198 951 3269 ipse
974 3192 1154 3257 Jesus,
1172 3188 1240 3244 ab
1254 3179 1637 3242 hominibusad
1661 3178 1928 3242 homines,
1956 3188 1988 3229 a
2006 3171 2205 3269 Jndtcis

619 3294 687 3351 ad
716 3263 961 3356 Gentes;
1008 3296 1186 3343 tamen
1223 3277 1515 3337 secundum
1570 3269 1879 3343 parabolam
1922 3266 1991 3323 ah
2017 3263 2206 3320 ovibus

618 3387 688 3442 ad
713 3400 841 3441 oves
868 3383 1075 3437 ablatus
1100 3385 1260 3446 atque
1288 3369 1576 3427 translatus
1597 3375 1709 3434 est.»
1741 3362 1857 3419 Non
1904 3368 2027 3416 sunt
2063 3356 2207 3414 enim

625 3476 785 3535 modo
812 3478 867 3531 in
894 3487 1033 3530 terra
1069 3470 1156 3527 illa
1190 3464 1443 3524 Ecclesiae
1481 3460 1681 3518 Judaeae
1719 3458 1773 3513 in
1810 3454 2044 3520 Christo,
2090 3466 2212 3522 quae

628 3754 787 3811 Erant
823 3760 991 3806 autem
1024 3749 1226 3820 ignotus
1252 3741 1381 3811 facie
1428 3735 1670 3792 Ecclesiis
1696 3732 1894 3787 ludam
1943 3743 2057 3801 qua
2096 3733 2213 3781 sunt

627 3850 679 3902 in
710 3844 910 3901 Christo
931 3857 951 3896 :
971 3819 1165 3893 tantum
1188 3843 1354 3888 autem
1373 3829 1641 3883 audiebant
1664 3824 1784 3894 quia
1802 3822 1846 3877 is
1865 3821 1949 3891 qui
1974 3819 2213 3888 aliquau-

627 3940 698 3991 (ιο
746 3948 837 3989 nos
885 3926 1271 4003 persequebatur
1294 3964 1308 3986 ,
1350 3936 1486 3974 nunc
1515 3914 1820 3985 euangelizat
1864 3912 2015 3981 ﬁdem
2065 3924 2215 3979 quam

629 4002 1136 4097 aliquandovastabat
1163 4033 1183 4082 ,°
1209 4023 1256 4070 et
1283 4014 1338 4067 in
1377 4027 1458 4064 me
1507 4004 1892 4078 magniﬁcabant
1940 4002 2217 4057 Dominum

631 4120 652 4188 (
682 4095 801 4172 Gal.
832 4128 873 4181 ι,
900 4109 1068 4165 22-24
1089 4108 1129 4178 ).
1149 4104 1268 4162 Jam
1299 4103 1421 4157 hinc
1456 4100 1560 4155 ilhc
1587 4096 1840 4185 Ecclesiae
1896 4095 2219 4149 transierunt

633 4184 949 4280 pepulerunt
973 4197 1408 4257 circumcisorum
1436 4210 1450 4259 ;
1482 4207 1546 4247 ac
1570 4206 1661 4260 per
1688 4189 1790 4245 hoc
1818 4184 1870 4243 in
1893 4186 2072 4242 Judaea
2098 4201 2219 4256 qua:

631 4298 795 4354 modo
820 4297 873 4352 in
892 4304 1031 4351 terra
1057 4298 1161 4357 est,
1204 4305 1309 4344 non
1348 4296 1432 4343 est
1464 4283 1623 4340 modo
1680 4281 1964 4339 Christus:
2009 4280 2219 4335 ablatus

636 4389 903 4453 estinde;
947 4401 1087 4441 nunc
1115 4382 1361 4439 Gentium
1391 4393 1579 4451 greges
1607 4376 1796 4448 pascit.
1837 4374 1981 4431 Sane
2006 4375 2069 4430 de
2106 4382 2220 4446 post

637 4484 849 4553 [etantes
881 4479 1003 4535 inde
1026 4485 1273 4546 acceptus
1297 4483 1399 4527 est.
1447 4472 1555 4526 Illa:
1570 4470 1764 4541 quippe
1784 4470 1987 4539 priores
2008 4468 2222 4523 fuerunt

639 4574 795 4636 tales,
819 4571 888 4626 de
911 4569 1153 4640 qualibus
1198 4565 1391 4621 dicitur
1430 4562 1482 4617 in
1508 4560 1727 4617 Cantico
1770 4559 2095 4616 canticorum
2131 4557 2221 4613 uni

640 4665 895 4723 Ecclesiae
923 4678 1040 4735 qua:
1064 4668 1273 4716 constat
1303 4675 1368 4715 ex
1414 4657 1612 4722 multis,
1645 4656 1698 4711 id
1726 4664 1809 4711 est
1837 4658 1926 4711 uni
1949 4655 2097 4727 gregi
2125 4668 2222 4710 cu-

638 4758 725 4829 jus
741 4756 977 4811 membra
1003 4761 1128 4809 sunt
1151 4750 1303 4806 multi
1333 4765 1558 4821 greges;
1583 4747 1653 4803 de
1698 4746 1890 4802 talibus
1931 4762 2060 4818 ergo
2086 4746 2223 4802 diei-

643 4860 771 4904 tur:
822 4845 1006 4901 Dentes
1035 4846 1129 4912 tui,
1153 4844 1204 4899 id
1230 4852 1333 4908 εει,
1385 4857 1481 4912 per
1522 4855 1658 4911 quos
1714 4839 1970 4911 loqueris,
2021 4840 2103 4895 vel
2133 4856 2227 4910 per

644 4955 779 5013 quos
831 4943 886 4997 in
912 4952 1107 5007 corpus
1160 4945 1330 5001 tuum,
1379 4935 1525 4989 velut
1570 4931 1961 4999 manducando,
2002 4941 2227 4988 crateres

643 5032 844 5104 trajieis
867 5049 880 5095 ;
910 5030 1011 5084 hoc
1032 5031 1205 5100 itaque
1230 5025 1585 5097 signiﬁcantes
1613 5028 1783 5080 dentes
1809 5026 1904 5090 tui,
1949 5026 2080 5081 sicut
2103 5041 2229 5097 gres:

644 5124 967 5179 detonsarum
990 5119 1262 5175 ascendens
1303 5118 1365 5172 de
1405 5118 1625 5184 lavacro,
1671 5132 1786 5188 qute
1811 5134 1981 5172 omnes
2004 5118 2228 5188 geminos

642 5225 835 5281 creant,
862 5222 907 5267 et
952 5212 1138 5266 sterilis
1176 5228 1277 5265 non
1327 5220 1398 5265 est
1426 5212 1477 5264 in
1507 5211 1620 5282 eis(
1649 5208 1797 5265 Cant.
1830 5226 1907 5275 tv,
1932 5211 1968 5267 2
1989 5210 2027 5283 ).
2060 5211 2230 5281 Depo-

646 5314 869 5362 snerunt
894 5305 1037 5360 enim
1058 5310 1183 5357 tunc
1204 5302 1347 5357 velut
1387 5301 1579 5357 vellera
1611 5316 1778 5357 onera
1829 5303 2031 5368 saeculi,
2062 5319 2229 5373 quan-

644 5400 717 5453 do
747 5406 868 5452 ante
900 5395 1063 5465 pedes
1104 5394 1480 5464 Apostolorum
1510 5393 1841 5448 venditarum
1884 5409 2063 5449 rerum
2100 5410 2229 5449 sua-

644 5504 763 5545 rum
793 5489 957 5559 pretia
986 5494 1275 5557 posuerunt
1300 5486 1319 5556 (
1352 5485 1463 5539 Act.
1485 5502 1540 5548 n,
1576 5486 1661 5547 ιε.
1684 5494 1728 5540 et
1769 5502 1839 5549 tr,
1869 5487 1935 5543 54
1962 5486 2009 5558 ),
2040 5502 2230 5542 ascen-

643 5582 833 5635 dentes
866 5578 935 5633 de
963 5578 1175 5631 lavacro
1201 5577 1309 5643 illo,
1336 5577 1404 5631 de
1426 5592 1533 5646 quo
1569 5591 1661 5631 eos
1686 5575 1937 5631 admonet
1961 5578 2231 5647 apostolus

648 5668 858 5731 Petrus,
888 5668 1145 5724 sollicitos
1182 5666 1324 5738 quod
1370 5666 1565 5721 Christi
1607 5667 1921 5737 sanguinem
1975 5667 2229 5739 fuderint,

648 5771 702 5816 et
728 5760 856 5816 dicit
884 5776 896 5813 :
934 5759 1078 5830 Agite
1103 5760 1463 5828 paenitentiam,
1505 5768 1553 5812 et
1597 5758 1876 5826 boptisetur
1897 5762 2233 5831 unusquisque

651 5860 937 5913 vestrumin
966 5857 1166 5910 notitiae
1187 5854 1392 5911 Domini
1417 5853 1540 5909 Jesn
1580 5853 1784 5921 Christi,
1827 5864 1873 5908 et
1922 5854 2233 5913 dimitteutur

1793 381 1848 436 S.
1891 364 2253 434 AUGUSTI.“
2294 361 2592 422 EPlSCOPl

3693 354 3830 412 £008

2252 480 2387 535 vobis
2405 487 2607 549 peccata
2635 482 2796 530 vestra
2819 472 2952 549 (Act.
2982 489 3039 539 ιι,
3062 472 3130 530 58
3156 475 3194 544 ).
3222 471 3474 529 Geminos
3493 485 3673 527 autem
3694 487 3837 526 erea-

2252 566 2460 634 verunt,
2496 583 2655 639 opera
2682 566 2888 622 scilicet
2926 566 3152 620 duorum
3193 572 3577 635 prmee;turuna
3607 563 3838 632 gemina:

2253 661 2550 725 charitatis,
2583 658 2882 715 dilectionis
2932 656 3050 727 Dei,
3105 665 3155 725 et
3206 656 3506 712 dilectionis
3561 655 3836 726 proximi:

2256 752 2393 809 unde
2427 751 2627 812 sterilis
2657 765 2761 805 non
2800 758 2914 804 erat
2958 749 3011 804 in
3038 748 3138 803 eis.
3200 748 3275 804 De
3301 756 3418 818 post
3463 750 3558 802 has
3605 762 3736 803 oves
3763 747 3841 802 le-

2256 852 2431 901 tantes
2462 842 2624 898 David
2657 848 2837 897 noster
2860 848 3129 911 acceptus,
3172 854 3313 894 nunc
3337 839 3471 893 alios
3514 852 3706 909 greges
3748 853 3840 907 pa-

2257 936 2357 990 scit
2385 934 2437 988 in
2467 932 2744 998 Gentibus,
2793 939 2848 986 et
2884 930 3027 1001 ipsos
3053 928 3217 985 Jacob
3246 941 3296 984 et
3320 928 3479 984 lsrael
3514 946 3529 983 :
3578 930 3659 984 sic
3700 930 3842 984 enim

2259 1028 2459 1084 dictum
2491 1036 2593 1091 cst,
2619 1024 2835 1079 Parcere
2857 1021 3019 1078 Iacob
3038 1039 3233 1078 servum
3255 1039 3423 1089 suum,
3452 1033 3498 1076 et
3545 1021 3712 1076 Israel
3738 1023 3844 1075 Ita:-

2261 1119 2522 1183 reditatem
2574 1133 2740 1172 suaut.
2782 1114 2898 1171 Non
2939 1112 3104 1179 enim,
3145 1114 3267 1184 quia
3314 1129 3381 1168 ex
3425 1112 3685 1169 Gentibus
3727 1123 3849 1167 sunt

2265 1214 2379 1267 ista:
2407 1224 2556 1275 oves,
2590 1208 2711 1265 ideo
2747 1206 2933 1262 abillo
2982 1204 3188 1262 semine
3250 1205 3493 1260 alienata:
3532 1212 3678 1270 sunt,
3708 1203 3851 1273 quod

2265 1303 2529 1361 estJacob
2549 1311 2604 1355 et
2628 1299 2807 1356 Israel.
2839 1298 3032 1355 Semen
3055 1306 3135 1353 est
3185 1296 3327 1353 enim
3376 1295 3628 1361 Ahrabaz,
3666 1310 3853 1349 semen

2272 1396 2661 1469 promissionis,
2689 1394 2755 1449 de
2774 1409 2880 1464 quo
2908 1392 2958 1448 ei
2988 1392 3245 1447 Dominus
3291 1389 3424 1445 dixit
3453 1407 3468 1443 :
3499 1387 3564 1442 In
3591 1386 3749 1443 Isaac
3772 1403 3858 1441 vo-

2270 1491 2462 1545 cabitur
2495 1489 2582 1541 tibi
2631 1503 2797 1541 semen
2826 1489 2845 1556 (
2876 1483 3004 1539 Gen.
3045 1498 3156 1547 ut,
3195 1482 3264 1537 η
3379 1480 3530 1549 Quod
3581 1495 3860 1553 exponens

2272 1582 2557 1654 Apostolus
2588 1598 2601 1635 :
2647 1577 2788 1645 Non,
2817 1579 2986 1649 inquit
3038 1575 3133 1647 ﬁlii
3158 1574 3345 1639 carnis,
3386 1572 3477 1628 sed
3519 1572 3617 1643 ﬁlii
3643 1573 3863 1645 promis-

2274 1682 2427 1736 sionis
2453 1680 2755 1749 deputantur
2776 1674 2827 1728 in
2845 1675 3031 1728 semine
3058 1674 3079 1742 (
3106 1670 3257 1735 Rom.
3286 1686 3361 1735 ιι,
3392 1668 3425 1724 8
3449 1667 3586 1739 ).Ει
3613 1666 3865 1739 gentibus

2275 1772 2417 1828 enim
2446 1779 2605 1826 erant
2633 1766 2814 1823 ﬁdeles
2842 1765 3034 1836 quibus
3051 1762 3283 1827 dicebat,
3316 1759 3378 1817 Si
3401 1768 3567 1813 autem
3592 1775 3681 1813 vos
3714 1757 3868 1813 Clu-io

2277 1867 2362 1931 sti,
2393 1880 2511 1935 ergo
2533 1860 2748 1915 Abraha:
2767 1875 2933 1914 semen
2963 1855 3103 1923 estis,
3128 1853 3401 1910 secundum
3426 1851 3869 1923 repromissionent

2280 1956 2540 2025 lueredes(
2575 1951 2694 2009 Gal.
2725 1968 2802 2019 nt,
2830 1950 2901 2006 29
2930 1950 2947 2020 )
2973 1949 2996 2003 ?
3020 1947 3170 2016 Quod
3191 1961 3319 2005 vero
3337 1946 3428 2014 ait,
3463 1943 3626 1998 Jacob
3668 1958 3871 1998 senum

2281 2066 2450 2115 ruunt,
2473 2058 2518 2103 et
2546 2045 2713 2101 Israel
2741 2044 3083 2100 luereditatem
3104 2057 3271 2107 suam,
3298 2054 3445 2093 more
3466 2052 3565 2093 suo
3592 2035 3869 2106 Scriptura

2285 2140 2530 2211 repetivit
2571 2136 2814 2192 eamdem
2870 2133 3209 2189 sententiam.
3255 2130 3365 2187 Nisi
3412 2129 3551 2185 forte
3600 2127 3872 2199 quispiam

2283 2232 2361 2287 sic
2387 2230 2712 2299 distinguere
2744 2226 2889 2293 velit,
2931 2232 2991 2280 ut
3031 2224 3133 2279 hoc
3154 2232 3389 2294 tempore
3414 2220 3580 2277 Iacob
3622 2220 3828 2277 serviat
3857 2236 3874 2283 ;

2289 2336 2415 2380 tunc
2441 2331 2621 2377 autem
2637 2321 2708 2374 sit
2726 2326 2926 2374 aeterna
2972 2316 3256 2372 litercditas
3297 2314 3390 2370 Dei
3429 2312 3645 2386 quando
3668 2310 3875 2367 videbit

2291 2418 2456 2472 Deum
2508 2413 2643 2470 facie
2680 2410 2747 2468 ad
2793 2411 3004 2478 faciem,
3039 2409 3179 2465 unde
3222 2407 3383 2465 Israel
3424 2422 3617 2462 nomen
3664 2406 3877 2476 accepit

2292 2512 2311 2582 (
2341 2508 2471 2566 Gen.
2496 2522 2664 2571 xxxn,
2691 2505 2765 2562 28
2782 2502 2827 2577 ).

2362 2603 2452 2658 45.
2482 2597 2634 2675 [eam
2662 2595 2778 2671 72.]
2824 2592 2894 2651 Et
2940 2595 3077 2666 pavit
3101 2612 3186 2650 eos
3208 2636 3224 2663 ,
3254 2592 3456 2666 inquit,
3496 2593 3549 2647 in
3587 2592 3877 2648 innocentia

2295 2692 2465 2748 cordis
2491 2691 2589 2746 sui.
2613 2688 2748 2758 Quid
2776 2688 2866 2743 illo
2891 2687 3245 2751 innocentius.
3267 2685 3356 2757 qui
3382 2684 3547 2741 ullum
3577 2692 3877 2755 peccatum,

2276 2793 2401 2838 'non
2422 2783 2593 2837 solum
2620 2795 2652 2835 a
2674 2795 2778 2851 quo
2799 2780 3129 2845 vinceretur,
3156 2776 3250 2834 sed
3281 2777 3440 2832 etiam
3468 2774 3611 2846 quod
3644 2775 3880 2830 vinceret

2300 2890 2404 2933 non
2431 2873 2701 2929 habebat?
2724 2870 2794 2927 Et
2818 2872 2871 2927 in
2898 2870 3155 2926 intellectu
3181 2885 3417 2924 manuum
3440 2884 3650 2923 suarum
3674 2867 3881 2921 deduxit

2303 2983 2392 3029 eos
2415 2983 2435 3021 :
2460 2966 2576 3031 vel,
2608 2965 2744 3021 sicut
2769 2963 2935 3035 aliqui
2959 2961 3175 3019 codices
3200 2961 3429 3030 habent,
3456 2962 3512 3016 in
3552 2959 3881 3015 intellectibus

2304 3072 2544 3115 manuum
2570 3072 2798 3111 suarum.
2844 3054 2995 3112 Alius
3021 3062 3231 3125 putaret
3255 3053 3328 3108 ila
3371 3052 3753 3123 congruentius
3792 3066 3882 3122 po-

2306 3150 2473 3209 tuisse
2499 3148 2603 3205 dici
2623 3191 2639 3216 ,
2672 3148 2727 3204 ln
2755 3148 3056 3205 innocentia
3085 3161 3339 3202 manuum
3387 3153 3443 3200 et
3464 3144 3742 3201 intellectu
3761 3158 3880 3210 epr-

2305 3242 2389 3298 dis
2408 3244 2536 3300 :rhic
2564 3251 2744 3299 autem
2769 3241 2861 3312 qui
2907 3239 3074 3311 magis
3100 3254 3261 3311 quam
3289 3238 3376 3293 alii
3402 3235 3527 3307 quid
3576 3238 3880 3308 loqueretur

2307 3335 2507 3390 sciebat
2527 3376 2543 3400 ,
2574 3332 2723 3390 cordi
2749 3332 2933 3388 maluit
2951 3331 3244 3402 adiungere
3264 3328 3620 3385 innocentiam
3642 3369 3657 3391 ,
3690 3336 3749 3383 et
3775 3344 3882 3388 rna-

2310 3426 2461 3482 nibus
2485 3423 2907 3495 intelligentiam.
2939 3422 3072 3478 Illud
3110 3431 3427 3494 propterea,
3469 3429 3721 3491 quantum
3769 3421 3883 3476 exi-

2309 3518 2489 3585 stimo,
2528 3517 2652 3588 quia
2678 3515 2830 3571 multi
2864 3516 2965 3571 sibi
3005 3514 3253 3570 videntur
3289 3514 3628 3579 innocentes,
3667 3510 3759 3583 qui
3782 3526 3883 3565 non

2313 3608 2510 3665 faciunt
2556 3606 2691 3662 mala
2712 3649 2728 3675 ,
2768 3621 2897 3675 eum,
2927 3606 3113 3661 timent
3154 3621 3223 3660 ne
3253 3605 3519 3674 patiantur
3547 3603 3591 3658 si
3625 3603 3882 3667 iecerint;

2312 3699 2510 3756 vellent
2534 3696 2950 3761 autemfacere,
2977 3695 3023 3751 si
3052 3695 3267 3765 impune
3281 3693 3593 3765 potuissent.
3623 3692 3782 3750 Tales
3807 3693 3885 3747 vi-

2314 3790 2428 3848 deri
2450 3798 2674 3860 possunt
2720 3788 2919 3844 habere
2958 3786 3317 3843 innocentiam
3369 3800 3655 3851 manuum,
3680 3800 3787 3841 non
3815 3795 3887 3838 ta-

2316 3900 2439 3939 men
2467 3882 2666 3938 cordis.
2709 3881 2779 3937 Et
2802 3896 2921 3951 qua:
2942 3879 3153 3936 tandem
3181 3888 3271 3934 aut
3296 3877 3462 3950 qualis
3484 3888 3566 3935 est
3593 3877 3691 3933 ista
3737 3878 3885 3933 inno-

2314 3976 2525 4043 centia,
2557 3974 2600 4029 si
2632 3971 2811 4030 cordis
2851 3988 2957 4028 non
2986 3980 3098 4038 est,
3147 3972 3236 4029 ubi
3280 3972 3441 4027 homo
3496 3971 3558 4024 lin
3578 3980 3666 4025 tus
3699 3978 3783 4026 est
3826 3969 3886 4024 ad

2319 4066 2604 4137 imaginem
2636 4064 2769 4120 Dei?
2794 4062 2946 4132 Quod
2976 4077 3105 4118 vero
3131 4060 3235 4128 ait,
3266 4060 3335 4116 In
3382 4061 3665 4128 intellectu,
3705 4060 3789 4116 vel
3812 4060 3889 4114 in-

2318 4159 2596 4232 telligentia
2619 4173 2863 4211 manuum
2888 4171 3096 4211 suarum
3133 4154 3340 4209 deduxit
3367 4170 3483 4219 eos,
3533 4153 3743 4209 videtur
3767 4152 3891 4208 mihi

2319 4268 2436 4309 eam
2459 4251 2658 4307 dixisse
2686 4250 3085 4321 intelligentiam
3107 4264 3265 4319 quam
3294 4249 3407 4319 ipse
3433 4246 3561 4303 facit
3597 4248 3648 4301 in
3669 4246 3890 4303 creden-

2322 4346 2489 4411 tibus;
2519 4345 2640 4401 idco
2667 4359 2908 4399 manuum
2930 4359 3135 4398 suarum
3157 4358 3177 4396 :
3202 4342 3377 4397 facere
3401 4341 3594 4412 quippe
3621 4341 3685 4395 ad
3715 4356 3895 4395 manus

2324 4436 2598 4508 pertinet:
2628 4436 2723 4492 sed
2762 4436 2942 4491 sicut'
2988 4440 3212 4504 possunt
3257 4433 3473 4505 intelligi
3520 4446 3711 4488 manus
3769 4433 3891 4497 Dei,

2321 4530 2443 4600 quia
2468 4537 2524 4585 et
2546 4528 2795 4584 Christus
2817 4528 2895 4585 sic
2923 4527 3082 4582 homo
3104 4569 3120 4594 ,
3146 4537 3204 4582 ut
3227 4525 3384 4582 etiam
3414 4525 3571 4582 Deus.
3605 4524 3719 4581 [loc
3759 4534 3894 4580 certe

2324 4623 2416 4679 ille
2443 4620 2605 4677 David
2624 4662 2643 4690 ,
2663 4619 2730 4677 de
2749 4621 2899 4690 cujus
2918 4630 3000 4677 est
3023 4622 3122 4676 iste
3146 4621 3351 4677 semine
3368 4659 3385 4686 ,
3417 4616 3593 4675 facere
3627 4634 3734 4674 non
3757 4628 3897 4689 pote-

2323 4724 2408 4771 rat
2434 4715 2486 4770 in
2518 4715 2713 4786 populo
2740 4714 2823 4769 cui
2852 4714 2989 4769 sicut
3030 4712 3190 4769 homo
3215 4712 3503 4784 regnabat;
3557 4711 3653 4767 sed
3679 4710 3769 4767 ille
3805 4712 3896 4765 hoc

2329 4805 2479 4874 facit,
2510 4807 2595 4861 cui
2643 4814 2788 4861 recte
2828 4805 3004 4859 anima
3037 4804 3207 4861 fidelis
3229 4802 3409 4860 dicere
3450 4811 3660 4874 potest:
3708 4801 3895 4857 Intelli-

2326 4916 2443 4970 gere
2457 4916 2535 4952 me
2557 4899 2733 4971 facito,
2756 4907 2807 4952 et
2827 4896 3175 4969 perscrutabor
3200 4896 3358 4969 legem
3375 4904 3513 4950 tuam
3528 4893 3699 4967 (Psal.
3721 4911 3895 4960 cmn,

2329 4991 2443 5064 5t).
2487 4991 2720 5047 Proinde
2740 5032 2756 5057 ,
2784 5006 2853 5046 ne
2880 4990 2949 5046 ab
2987 4990 3077 5045 illo
3117 5003 3357 5045 erremus
3376 5031 3392 5055 ,
3420 4988 3547 5043 dum
3569 4989 3637 5043 de
3680 4998 3852 5043 nostra
3880 5030 3893 5051 ,

2330 5084 2474 5138 velut
2496 5099 2561 5137 ex
2589 5083 2740 5139 nobis
2768 5082 2868 5147 sit,
2899 5082 3242 5152 intelligentia
3270 5080 3482 5135 ﬁdimus
3506 5123 3522 5143 ,
3577 5080 3695 5150 ejus
3743 5082 3898 5134 mani-

2331 5177 2429 5231 bus
2459 5191 2557 5231 nos
2581 5174 2848 5231 credendo
2862 5173 3172 5229 subdamns.
3199 5173 3314 5243 ipse
3336 5173 3391 5228 in
3416 5171 3570 5227 nobis
3590 5188 3709 5227 eam
3732 5170 3892 5234 faciat,

2332 5275 2389 5322 ut
2410 5265 2463 5322 in
2494 5266 2838 5337 intelligentia
2868 5281 3120 5321 manuum
3149 5279 3365 5321 suarum
3406 5278 3505 5319 nos
3530 5262 3760 5318 deducat
3785 5278 3895 5317 eru-

2334 5370 2417 5414 tos
2448 5359 2515 5413 ab
2542 5373 2724 5414 errore
2743 5400 2758 5424 ,
2788 5373 2959 5430 coque
2981 5357 3233 5429 perducat
3254 5356 3340 5411 ubi
3363 5356 3472 5425 jam
3515 5370 3623 5410 non
3649 5354 3899 5424 possimus

2331 5466 2532 5506 errare.
2564 5450 2660 5506 llic
2682 5461 2765 5507 est
2790 5450 2990 5507 fruetus
3018 5450 3196 5521 populi
3224 5450 3348 5514 Dei,
3383 5447 3709 5503 attendentis
3737 5448 3896 5516 legem

2334 5542 2426 5596 Dei
2457 5582 2473 5604 ,
2504 5553 2559 5597 et
2580 5542 2882 5598 inclinantis
2927 5557 3113 5598 aurem
3142 5556 3292 5597 suam
3321 5541 3373 5596 in
3410 5539 3572 5595 verba
3615 5538 3728 5594 oris
3748 5538 3857 5607 ejus
3880 5574 3897 5602 ,

2334 5642 2393 5687 ut
2422 5632 2613 5705 dirigat
2638 5634 2688 5687 in
2716 5648 2783 5688 eo
2808 5648 2901 5690 cor
2926 5648 3078 5689 suum
3104 5634 3160 5699 ’,
3192 5641 3244 5690 et
3269 5631 3339 5688 sit
3378 5646 3497 5687 cum
3548 5630 3641 5685 illo
3680 5628 3896 5685 creditus

2400 5745 2416 5775 ι
2443 5750 2508 5793 ita
2528 5749 2638 5793 uss.
2656 5751 2712 5793 At
2732 5742 2866 5805 edd,
2884 5742 2970 5795 sed
2991 5741 3036 5794 si
3056 5743 3129 5797 sic
3144 5747 3358 5805 posszmt.

2398 5807 2420 5837 ¹
2446 5805 2594 5872 add,
2610 5800 2923 5872 (oraturum.
2948 5805 3116 5857 Melius
3135 5800 3265 5872 ἀίει,
3283 5818 3367 5858 cor
3390 5818 3528 5856 suum
3559 5817 3572 5830 '
3590 5800 3721 5870 quod
3738 5814 3798 5855 ex
3820 5801 3892 5851 hl-

2331 5870 2413 5931 jus
2620 5867 2667 5931 γ.
2692 5867 2724 5918 8
2747 5876 2999 5933 acceptum
3021 5876 3115 5919 est.
