  <div class='ocr_page' id='page_1' title='image "/cluster/home/n/w/nwhite01/storage/ocr_20150623/36/umn.319510024773307/514.png"; bbox 0 0 3990 6380; ppageno 0'>
   <div class='ocr_carea' id='block_1_1' title="bbox 251 372 389 430">
    <p class='ocr_par' dir='ltr' id='par_1_1' title="bbox 251 372 389 430">
     <span class='ocr_line' id='line_1_1' title="bbox 251 372 389 430; baseline -0.007 0"><span class='ocrx_word' id='word_1_1' title='bbox 251 372 389 430; x_wconf 72' lang='grc'><strong>1009</strong></span> 
     </span>
    </p>
   </div>
   <div class='ocr_carea' id='block_1_2' title="bbox 243 484 1823 560">
    <p class='ocr_par' dir='ltr' id='par_1_2' title="bbox 243 484 1823 560">
     <span class='ocr_line' id='line_1_2' title="bbox 243 484 1823 560; baseline -0.003 -18"><span class='ocrx_word' id='word_1_2' title='bbox 243 488 462 560; x_wconf 79' lang='lat' dir='ltr'><strong>spiritus</strong></span> <span class='ocrx_word' id='word_1_3' title='bbox 482 487 616 559; x_wconf 89' lang='lat' dir='ltr'><strong>ejus,</strong></span> <span class='ocrx_word' id='word_1_4' title='bbox 640 500 710 542; x_wconf 92' lang='lat' dir='ltr'><strong>ne</strong></span> <span class='ocrx_word' id='word_1_5' title='bbox 736 485 1046 544; x_wconf 89' lang='lat' dir='ltr'><strong>immutctur</strong></span> <span class='ocrx_word' id='word_1_6' title='bbox 1069 485 1122 538; x_wconf 89' lang='lat' dir='ltr'><strong>in</strong></span> <span class='ocrx_word' id='word_1_7' title='bbox 1147 485 1162 514; x_wconf 77' lang='grc' dir='ltr'>ι</span> <span class='ocrx_word' id='word_1_8' title='bbox 1189 484 1588 554; x_wconf 74' lang='lat' dir='ltr'><strong>generationem</strong></span> <span class='ocrx_word' id='word_1_9' title='bbox 1610 497 1823 552; x_wconf 81' lang='lat' dir='ltr'><strong>pravam</strong></span> 
     </span>
    </p>
   </div>
   <div class='ocr_carea' id='block_1_3' title="bbox 240 574 1826 643">
    <p class='ocr_par' dir='ltr' id='par_1_3' title="bbox 240 574 1826 643">
     <span class='ocr_line' id='line_1_3' title="bbox 240 574 1826 643; baseline -0.004 -8"><span class='ocrx_word' id='word_1_10' title='bbox 240 589 295 635; x_wconf 87' lang='lat' dir='ltr'><strong>et</strong></span> <span class='ocrx_word' id='word_1_11' title='bbox 334 580 746 640; x_wconf 85' lang='lat' dir='ltr'><strong>amaricantcm;</strong></span> <span class='ocrx_word' id='word_1_12' title='bbox 775 576 869 634; x_wconf 90' lang='lat' dir='ltr'><strong>sed</strong></span> <span class='ocrx_word' id='word_1_13' title='bbox 899 576 982 632; x_wconf 89' lang='lat' dir='ltr'><strong>his</strong></span> <span class='ocrx_word' id='word_1_14' title='bbox 1026 574 1271 632; x_wconf 87' lang='lat' dir='ltr'><strong>omnibus</strong></span> <span class='ocrx_word' id='word_1_15' title='bbox 1314 575 1416 631; x_wconf 90' lang='lat' dir='ltr'><strong>sibi</strong></span> <span class='ocrx_word' id='word_1_16' title='bbox 1454 576 1780 631; x_wconf 87' lang='lat' dir='ltr'><strong>annuntiatis</strong></span> <span class='ocrx_word' id='word_1_17' title='bbox 1807 615 1826 643; x_wconf 89' lang='lat'><strong>,</strong></span> 
     </span>
    </p>
   </div>
   <div class='ocr_carea' id='block_1_4' title="bbox 241 667 1829 741">
    <p class='ocr_par' dir='ltr' id='par_1_4' title="bbox 241 667 1829 741">
     <span class='ocr_line' id='line_1_4' title="bbox 241 667 1829 741; baseline -0.004 -13"><span class='ocrx_word' id='word_1_18' title='bbox 241 688 349 728; x_wconf 89' lang='lat' dir='ltr'><strong>non</strong></span> <span class='ocrx_word' id='word_1_19' title='bbox 369 673 540 728; x_wconf 89' lang='lat' dir='ltr'><strong>solum</strong></span> <span class='ocrx_word' id='word_1_20' title='bbox 562 671 627 726; x_wconf 87' lang='lat' dir='ltr'><strong>ad</strong></span> <span class='ocrx_word' id='word_1_21' title='bbox 655 680 970 741; x_wconf 68' lang='lat' dir='ltr'><strong>prmsentem</strong></span> <span class='ocrx_word' id='word_1_22' title='bbox 989 671 1170 737; x_wconf 82' lang='lat' dir='ltr'><strong>vitam,</strong></span> <span class='ocrx_word' id='word_1_23' title='bbox 1185 685 1368 725; x_wconf 88' lang='lat' dir='ltr'><strong>verum</strong></span> <span class='ocrx_word' id='word_1_24' title='bbox 1388 667 1548 724; x_wconf 89' lang='lat' dir='ltr'><strong>etiam</strong></span> <span class='ocrx_word' id='word_1_25' title='bbox 1573 667 1640 723; x_wconf 89' lang='lat' dir='ltr'><strong>ad</strong></span> <span class='ocrx_word' id='word_1_26' title='bbox 1670 677 1829 722; x_wconf 74' lang='lat' dir='ltr'><strong>teter-</strong></span> 
     </span>
    </p>
   </div>
   <div class='ocr_carea' id='block_1_5' title="bbox 238 760 1822 830">
    <p class='ocr_par' dir='ltr' id='par_1_5' title="bbox 238 760 1822 830">
     <span class='ocr_line' id='line_1_5' title="bbox 238 760 1822 830; baseline -0.003 -12"><span class='ocrx_word' id='word_1_27' title='bbox 238 779 362 818; x_wconf 89' lang='lat' dir='ltr'><strong>nam</strong></span> <span class='ocrx_word' id='word_1_28' title='bbox 388 804 403 828; x_wconf 96' lang='lat'><strong>,</strong></span> <span class='ocrx_word' id='word_1_29' title='bbox 433 779 532 819; x_wconf 89' lang='lat' dir='ltr'><strong>nec</strong></span> <span class='ocrx_word' id='word_1_30' title='bbox 575 772 781 818; x_wconf 88' lang='lat' dir='ltr'><strong>tantum</strong></span> <span class='ocrx_word' id='word_1_31' title='bbox 833 761 900 816; x_wconf 90' lang='lat' dir='ltr'><strong>ad</strong></span> <span class='ocrx_word' id='word_1_32' title='bbox 933 760 1238 830; x_wconf 87' lang='lat' dir='ltr'><strong>recipienda</strong></span> <span class='ocrx_word' id='word_1_33' title='bbox 1293 760 1554 814; x_wconf 81' lang='lat' dir='ltr'><strong>benorum</strong></span> <span class='ocrx_word' id='word_1_34' title='bbox 1598 775 1822 829; x_wconf 88' lang='lat' dir='ltr'><strong>operum</strong></span> 
     </span>
    </p>
   </div>
   <div class='ocr_carea' id='block_1_6' title="bbox 237 850 1826 928">
    <p class='ocr_par' dir='ltr' id='par_1_6' title="bbox 237 850 1826 928">
     <span class='ocr_line' id='line_1_6' title="bbox 237 850 1826 928; baseline -0.004 -16"><span class='ocrx_word' id='word_1_35' title='bbox 237 857 479 928; x_wconf 74' lang='lat' dir='ltr'><strong>praemia,</strong></span> <span class='ocrx_word' id='word_1_36' title='bbox 511 856 603 912; x_wconf 89' lang='lat' dir='ltr'><strong>sed</strong></span> <span class='ocrx_word' id='word_1_37' title='bbox 626 857 784 912; x_wconf 89' lang='lat' dir='ltr'><strong>etiam</strong></span> <span class='ocrx_word' id='word_1_38' title='bbox 808 856 859 910; x_wconf 94' lang='lat' dir='ltr'><strong>in</strong></span> <span class='ocrx_word' id='word_1_39' title='bbox 887 854 997 925; x_wconf 88' lang='lat' dir='ltr'><strong>ipsa</strong></span> <span class='ocrx_word' id='word_1_40' title='bbox 1027 855 1167 909; x_wconf 87' lang='lat' dir='ltr'><strong>bona</strong></span> <span class='ocrx_word' id='word_1_41' title='bbox 1186 868 1348 925; x_wconf 85' lang='lat' dir='ltr'><strong>opera</strong></span> <span class='ocrx_word' id='word_1_42' title='bbox 1375 850 1640 920; x_wconf 86' lang='lat' dir='ltr'><strong>facienda,</strong></span> <span class='ocrx_word' id='word_1_43' title='bbox 1663 860 1826 922; x_wconf 89' lang='lat' dir='ltr'><strong>ponat</strong></span> 
     </span>
    </p>
   </div>
   <div class='ocr_carea' id='block_1_7' title="bbox 237 948 806 1018">
    <p class='ocr_par' dir='ltr' id='par_1_7' title="bbox 237 948 806 1018">
     <span class='ocr_line' id='line_1_7' title="bbox 237 948 806 1018; baseline -0.005 -14"><span class='ocrx_word' id='word_1_44' title='bbox 237 949 290 1004; x_wconf 91' lang='lat' dir='ltr'><strong>in</strong></span> <span class='ocrx_word' id='word_1_45' title='bbox 321 948 433 1004; x_wconf 87' lang='lat' dir='ltr'><strong>Deo</strong></span> <span class='ocrx_word' id='word_1_46' title='bbox 455 962 606 1018; x_wconf 88' lang='lat' dir='ltr'><strong>spem</strong></span> <span class='ocrx_word' id='word_1_47' title='bbox 634 962 806 1004; x_wconf 88' lang='lat' dir='ltr'><strong>suam.</strong></span> 
     </span>
    </p>
   </div>
   <div class='ocr_carea' id='block_1_8' title="bbox 585 1149 1462 1215">
    <p class='ocr_par' dir='ltr' id='par_1_8' title="bbox 585 1149 1462 1215">
     <span class='ocr_line' id='line_1_8' title="bbox 585 1149 1462 1215; baseline -0.005 0"><span class='ocrx_word' id='word_1_48' title='bbox 585 1153 667 1215; x_wconf 83' lang='lat' dir='ltr'><strong>IN</strong></span> <span class='ocrx_word' id='word_1_49' title='bbox 711 1151 1091 1214; x_wconf 84' lang='lat' dir='ltr'><strong>PSALMUM</strong></span> <span class='ocrx_word' id='word_1_50' title='bbox 1131 1149 1462 1212; x_wconf 80' lang='lat' dir='ltr'><strong>LXXVIII</strong></span> 
     </span>
    </p>
   </div>
   <div class='ocr_carea' id='block_1_9' title="bbox 772 1297 1288 1369">
    <p class='ocr_par' dir='ltr' id='par_1_9' title="bbox 772 1297 1288 1369">
     <span class='ocr_line' id='line_1_9' title="bbox 772 1297 1288 1369; baseline -0.002 -15"><span class='ocrx_word' id='word_1_51' title='bbox 772 1298 1168 1354; x_wconf 77' lang='lat' dir='ltr'><strong>ENARRATIO</strong></span> <span class='ocrx_word' id='word_1_52' title='bbox 1189 1297 1288 1369; x_wconf 89' lang='lat' dir='ltr'><strong>(a).</strong></span> 
     </span>
    </p>
   </div>
   <div class='ocr_carea' id='block_1_10' title="bbox 309 1429 1816 1506">
    <p class='ocr_par' dir='ltr' id='par_1_10' title="bbox 309 1429 1816 1506">
     <span class='ocr_line' id='line_1_10' title="bbox 309 1429 1816 1506; baseline -0.001 -18"><span class='ocrx_word' id='word_1_53' title='bbox 309 1429 544 1506; x_wconf 72' lang='grc' dir='ltr'><strong>1.[υεη.</strong></span> <span class='ocrx_word' id='word_1_54' title='bbox 577 1430 655 1506; x_wconf 74' lang='grc'><strong>1.]</strong></span> <span class='ocrx_word' id='word_1_55' title='bbox 700 1432 756 1486; x_wconf 83' lang='grc' dir='ltr'><strong>1η</strong></span> <span class='ocrx_word' id='word_1_56' title='bbox 795 1431 948 1487; x_wconf 91' lang='lat' dir='ltr'><strong>titulo</strong></span> <span class='ocrx_word' id='word_1_57' title='bbox 990 1431 1176 1502; x_wconf 82' lang='lat' dir='ltr'><strong>psalmi</strong></span> <span class='ocrx_word' id='word_1_58' title='bbox 1226 1431 1381 1502; x_wconf 97' lang='lat' dir='ltr'><strong>hujus</strong></span> <span class='ocrx_word' id='word_1_59' title='bbox 1416 1441 1522 1486; x_wconf 89' lang='lat' dir='ltr'><strong>tam</strong></span> <span class='ocrx_word' id='word_1_60' title='bbox 1570 1432 1716 1487; x_wconf 81' lang='lat' dir='ltr'><strong>brevi</strong></span> <span class='ocrx_word' id='word_1_61' title='bbox 1763 1440 1816 1486; x_wconf 90' lang='lat' dir='ltr'><strong>et</strong></span> 
     </span>
    </p>
   </div>
   <div class='ocr_carea' id='block_1_11' title="bbox 234 1522 1815 1595">
    <p class='ocr_par' dir='ltr' id='par_1_11' title="bbox 234 1522 1815 1595">
     <span class='ocr_line' id='line_1_11' title="bbox 234 1522 1815 1595; baseline 0 -17"><span class='ocrx_word' id='word_1_62' title='bbox 234 1522 460 1595; x_wconf 77' lang='lat' dir='ltr'><strong>simplici</strong></span> <span class='ocrx_word' id='word_1_63' title='bbox 484 1523 868 1578; x_wconf 77' lang='lat' dir='ltr'><strong>immorandum</strong></span> <span class='ocrx_word' id='word_1_64' title='bbox 889 1538 1010 1579; x_wconf 86' lang='lat' dir='ltr'><strong>esse</strong></span> <span class='ocrx_word' id='word_1_65' title='bbox 1032 1539 1135 1578; x_wconf 88' lang='lat' dir='ltr'><strong>non</strong></span> <span class='ocrx_word' id='word_1_66' title='bbox 1159 1533 1304 1595; x_wconf 89' lang='lat' dir='ltr'><strong>puto.</strong></span> <span class='ocrx_word' id='word_1_67' title='bbox 1329 1522 1666 1594; x_wconf 87' lang='lat' dir='ltr'><strong>Prophetiam</strong></span> <span class='ocrx_word' id='word_1_68' title='bbox 1689 1539 1815 1578; x_wconf 80' lang='lat' dir='ltr'><strong>vero</strong></span> 
     </span>
    </p>
   </div>
   <div class='ocr_carea' id='block_1_12' title="bbox 233 1615 1815 1686">
    <p class='ocr_par' dir='ltr' id='par_1_12' title="bbox 233 1615 1815 1686">
     <span class='ocr_line' id='line_1_12' title="bbox 233 1615 1815 1686; baseline 0.001 -18"><span class='ocrx_word' id='word_1_69' title='bbox 233 1631 396 1686; x_wconf 87' lang='lat' dir='ltr'><strong>quam</strong></span> <span class='ocrx_word' id='word_1_70' title='bbox 427 1615 518 1670; x_wconf 88' lang='lat' dir='ltr'><strong>hic</strong></span> <span class='ocrx_word' id='word_1_71' title='bbox 541 1616 864 1686; x_wconf 67' lang='lat' dir='ltr'><strong>praemissam</strong></span> <span class='ocrx_word' id='word_1_72' title='bbox 899 1616 1122 1686; x_wconf 82' lang='lat' dir='ltr'><strong>legimus</strong></span> <span class='ocrx_word' id='word_1_73' title='bbox 1147 1658 1159 1682; x_wconf 69' lang='lat'><strong>,</strong></span> <span class='ocrx_word' id='word_1_74' title='bbox 1188 1615 1464 1671; x_wconf 74' lang='lat' dir='ltr'><strong>evidenter</strong></span> <span class='ocrx_word' id='word_1_75' title='bbox 1491 1616 1691 1671; x_wconf 84' lang='lat' dir='ltr'><strong>scimus</strong></span> <span class='ocrx_word' id='word_1_76' title='bbox 1714 1615 1815 1670; x_wconf 89' lang='lat' dir='ltr'><strong>im-</strong></span> 
     </span>
    </p>
   </div>
   <div class='ocr_carea' id='block_1_13' title="bbox 230 1706 1814 1779">
    <p class='ocr_par' dir='ltr' id='par_1_13' title="bbox 230 1706 1814 1779">
     <span class='ocr_line' id='line_1_13' title="bbox 230 1706 1814 1779; baseline 0.001 -19"><span class='ocrx_word' id='word_1_77' title='bbox 230 1706 454 1779; x_wconf 87' lang='lat' dir='ltr'><strong>pletam.</strong></span> <span class='ocrx_word' id='word_1_78' title='bbox 486 1707 616 1762; x_wconf 87' lang='lat' dir='ltr'><strong>Cum</strong></span> <span class='ocrx_word' id='word_1_79' title='bbox 649 1707 793 1763; x_wconf 89' lang='lat' dir='ltr'><strong>enim</strong></span> <span class='ocrx_word' id='word_1_80' title='bbox 817 1708 916 1764; x_wconf 89' lang='lat' dir='ltr'><strong>ista</strong></span> <span class='ocrx_word' id='word_1_81' title='bbox 940 1716 1264 1764; x_wconf 77' lang='lat' dir='ltr'><strong>canerentur</strong></span> <span class='ocrx_word' id='word_1_82' title='bbox 1302 1707 1632 1778; x_wconf 76' lang='lat' dir='ltr'><strong>temporibus</strong></span> <span class='ocrx_word' id='word_1_83' title='bbox 1671 1707 1814 1779; x_wconf 84' lang='lat' dir='ltr'><strong>regis</strong></span> 
     </span>
    </p>
   </div>
   <div class='ocr_carea' id='block_1_14' title="bbox 228 1798 1812 1872">
    <p class='ocr_par' dir='ltr' id='par_1_14' title="bbox 228 1798 1812 1872">
     <span class='ocr_line' id='line_1_14' title="bbox 228 1798 1812 1872; baseline 0.001 -19"><span class='ocrx_word' id='word_1_84' title='bbox 228 1798 422 1864; x_wconf 83' lang='lat' dir='ltr'><strong>David,</strong></span> <span class='ocrx_word' id='word_1_85' title='bbox 450 1799 580 1855; x_wconf 82' lang='lat' dir='ltr'><strong>nihil</strong></span> <span class='ocrx_word' id='word_1_86' title='bbox 608 1802 712 1856; x_wconf 90' lang='lat' dir='ltr'><strong>tale</strong></span> <span class='ocrx_word' id='word_1_87' title='bbox 734 1800 910 1856; x_wconf 88' lang='lat' dir='ltr'><strong>adhuc</strong></span> <span class='ocrx_word' id='word_1_88' title='bbox 930 1801 1224 1872; x_wconf 77' lang='lat' dir='ltr'><strong>contigerat</strong></span> <span class='ocrx_word' id='word_1_89' title='bbox 1249 1816 1313 1857; x_wconf 87' lang='lat' dir='ltr'><strong>es</strong></span> <span class='ocrx_word' id='word_1_90' title='bbox 1336 1798 1657 1856; x_wconf 85' lang='lat' dir='ltr'><strong>adversitate</strong></span> <span class='ocrx_word' id='word_1_91' title='bbox 1679 1800 1812 1857; x_wconf 84' lang='lat' dir='ltr'><strong>ch-</strong></span> 
     </span>
    </p>
   </div>
   <div class='ocr_carea' id='block_1_15' title="bbox 229 1887 1814 1962">
    <p class='ocr_par' dir='ltr' id='par_1_15' title="bbox 229 1887 1814 1962">
     <span class='ocr_line' id='line_1_15' title="bbox 229 1887 1814 1962; baseline 0.003 -20"><span class='ocrx_word' id='word_1_92' title='bbox 229 1887 364 1943; x_wconf 84' lang='lat' dir='ltr'><strong>tium</strong></span> <span class='ocrx_word' id='word_1_93' title='bbox 389 1889 591 1945; x_wconf 83' lang='lat' dir='ltr'><strong>civitati</strong></span> <span class='ocrx_word' id='word_1_94' title='bbox 616 1889 948 1959; x_wconf 79' lang='lat' dir='ltr'><strong>Jerusalem,</strong></span> <span class='ocrx_word' id='word_1_95' title='bbox 996 1906 1098 1946; x_wconf 89' lang='lat' dir='ltr'><strong>uec</strong></span> <span class='ocrx_word' id='word_1_96' title='bbox 1127 1891 1326 1962; x_wconf 89' lang='lat' dir='ltr'><strong>templo</strong></span> <span class='ocrx_word' id='word_1_97' title='bbox 1354 1891 1484 1957; x_wconf 88' lang='lat' dir='ltr'><strong>Dei,</strong></span> <span class='ocrx_word' id='word_1_98' title='bbox 1524 1889 1666 1960; x_wconf 87' lang='lat' dir='ltr'><strong>quod</strong></span> <span class='ocrx_word' id='word_1_99' title='bbox 1713 1905 1814 1946; x_wconf 88' lang='lat' dir='ltr'><strong>nec</strong></span> 
     </span>
    </p>
   </div>
   <div class='ocr_carea' id='block_1_16' title="bbox 225 1980 1808 2054">
    <p class='ocr_par' dir='ltr' id='par_1_16' title="bbox 225 1980 1808 2054">
     <span class='ocr_line' id='line_1_16' title="bbox 225 1980 1808 2054; baseline 0.002 -20"><span class='ocrx_word' id='word_1_100' title='bbox 225 1980 543 2036; x_wconf 69' lang='lat' dir='ltr'><strong>aediﬁcatum</strong></span> <span class='ocrx_word' id='word_1_101' title='bbox 565 1982 739 2038; x_wconf 87' lang='lat' dir='ltr'><strong>adhuc</strong></span> <span class='ocrx_word' id='word_1_102' title='bbox 763 1991 898 2038; x_wconf 84' lang='lat' dir='ltr'><strong>erat.</strong></span> <span class='ocrx_word' id='word_1_103' title='bbox 940 1983 1068 2039; x_wconf 82' lang='lat' dir='ltr'><strong>Post</strong></span> <span class='ocrx_word' id='word_1_104' title='bbox 1106 1992 1334 2038; x_wconf 86' lang='lat' dir='ltr'><strong>mortem</strong></span> <span class='ocrx_word' id='word_1_105' title='bbox 1361 1982 1557 2054; x_wconf 87' lang='lat' dir='ltr'><strong>quippe</strong></span> <span class='ocrx_word' id='word_1_106' title='bbox 1596 1981 1760 2037; x_wconf 69' lang='lat' dir='ltr'><strong>David</strong></span> <span class='ocrx_word' id='word_1_107' title='bbox 1790 2023 1808 2050; x_wconf 95' lang='lat'><strong>,</strong></span> 
     </span>
    </p>
   </div>
   <div class='ocr_carea' id='block_1_17' title="bbox 223 2073 1808 2145">
    <p class='ocr_par' dir='ltr' id='par_1_17' title="bbox 223 2073 1808 2145">
     <span class='ocr_line' id='line_1_17' title="bbox 223 2073 1808 2145; baseline 0 -17"><span class='ocrx_word' id='word_1_108' title='bbox 223 2074 392 2129; x_wconf 83' lang='lat' dir='ltr'><strong>tilium</strong></span> <span class='ocrx_word' id='word_1_109' title='bbox 441 2074 557 2145; x_wconf 86' lang='lat' dir='ltr'><strong>ejus</strong></span> <span class='ocrx_word' id='word_1_110' title='bbox 603 2075 945 2132; x_wconf 89' lang='lat' dir='ltr'><strong>Salomonem</strong></span> <span class='ocrx_word' id='word_1_111' title='bbox 998 2075 1109 2131; x_wconf 90' lang='lat' dir='ltr'><strong>Deo</strong></span> <span class='ocrx_word' id='word_1_112' title='bbox 1152 2075 1407 2145; x_wconf 88' lang='lat' dir='ltr'><strong>templum</strong></span> <span class='ocrx_word' id='word_1_113' title='bbox 1451 2073 1644 2131; x_wconf 81' lang='lat' dir='ltr'><strong>fecisse</strong></span> <span class='ocrx_word' id='word_1_114' title='bbox 1685 2074 1808 2144; x_wconf 89' lang='lat' dir='ltr'><strong>quis</strong></span> 
     </span>
    </p>
   </div>
   <div class='ocr_carea' id='block_1_18' title="bbox 221 2165 1807 2240">
    <p class='ocr_par' dir='ltr' id='par_1_18' title="bbox 221 2165 1807 2240">
     <span class='ocr_line' id='line_1_18' title="bbox 221 2165 1807 2240; baseline 0.001 -19"><span class='ocrx_word' id='word_1_115' title='bbox 221 2167 466 2222; x_wconf 80' lang='lat' dir='ltr'><strong>nesciat?</strong></span> <span class='ocrx_word' id='word_1_116' title='bbox 497 2166 698 2223; x_wconf 82' lang='lat' dir='ltr'><strong>Dicitur</strong></span> <span class='ocrx_word' id='word_1_117' title='bbox 717 2183 845 2240; x_wconf 78' lang='lat' dir='ltr'><strong>ergo</strong></span> <span class='ocrx_word' id='word_1_118' title='bbox 866 2177 1115 2238; x_wconf 83' lang='lat' dir='ltr'><strong>tanquam</strong></span> <span class='ocrx_word' id='word_1_119' title='bbox 1162 2167 1489 2238; x_wconf 67' lang='lat' dir='ltr'><strong>praateritum</strong></span> <span class='ocrx_word' id='word_1_120' title='bbox 1509 2208 1525 2232; x_wconf 93' lang='lat'><strong>,</strong></span> <span class='ocrx_word' id='word_1_121' title='bbox 1571 2165 1712 2237; x_wconf 89' lang='lat' dir='ltr'><strong>quod</strong></span> <span class='ocrx_word' id='word_1_122' title='bbox 1755 2167 1807 2222; x_wconf 90' lang='lat' dir='ltr'><strong>in</strong></span> 
     </span>
    </p>
   </div>
   <div class='ocr_carea' id='block_1_19' title="bbox 218 2259 1808 2330">
    <p class='ocr_par' dir='ltr' id='par_1_19' title="bbox 218 2259 1808 2330">
     <span class='ocr_line' id='line_1_19' title="bbox 218 2259 1808 2330; baseline -0.001 -14"><span class='ocrx_word' id='word_1_123' title='bbox 218 2261 411 2330; x_wconf 88' lang='lat' dir='ltr'><strong>spiritu</strong></span> <span class='ocrx_word' id='word_1_124' title='bbox 434 2261 710 2318; x_wconf 61' lang='lat' dir='ltr'><strong>ridebatur</strong></span> <span class='ocrx_word' id='word_1_125' title='bbox 728 2277 849 2318; x_wconf 89' lang='lat' dir='ltr'><strong>esse</strong></span> <span class='ocrx_word' id='word_1_126' title='bbox 869 2260 1104 2316; x_wconf 89' lang='lat' dir='ltr'><strong>futurum</strong></span> <span class='ocrx_word' id='word_1_127' title='bbox 1132 2279 1148 2317; x_wconf 92' lang='lat'><strong>:</strong></span> <span class='ocrx_word' id='word_1_128' title='bbox 1175 2260 1311 2316; x_wconf 83' lang='lat' dir='ltr'><strong>Deus</strong></span> <span class='ocrx_word' id='word_1_129' title='bbox 1332 2303 1343 2324; x_wconf 87' lang='lat'><strong>,</strong></span> <span class='ocrx_word' id='word_1_130' title='bbox 1366 2271 1604 2315; x_wconf 80' lang='lat' dir='ltr'><strong>venerunt</strong></span> <span class='ocrx_word' id='word_1_131' title='bbox 1626 2259 1808 2314; x_wconf 83' lang='lat' dir='ltr'><strong>Gentes</strong></span> 
     </span>
    </p>
   </div>
   <div class='ocr_carea' id='block_1_20' title="bbox 217 2353 1807 2426">
    <p class='ocr_par' dir='ltr' id='par_1_20' title="bbox 217 2353 1807 2426">
     <span class='ocr_line' id='line_1_20' title="bbox 217 2353 1807 2426; baseline 0.002 -19"><span class='ocrx_word' id='word_1_132' title='bbox 217 2357 272 2407; x_wconf 77' lang='lat' dir='ltr'><strong>in</strong></span> <span class='ocrx_word' id='word_1_133' title='bbox 317 2355 657 2409; x_wconf 66' lang='lat' dir='ltr'><strong>hereditatem</strong></span> <span class='ocrx_word' id='word_1_134' title='bbox 708 2364 866 2410; x_wconf 87' lang='lat' dir='ltr'><strong>tuam.</strong></span> <span class='ocrx_word' id='word_1_135' title='bbox 921 2355 1034 2423; x_wconf 87' lang='lat' dir='ltr'><strong>Qua</strong></span> <span class='ocrx_word' id='word_1_136' title='bbox 1103 2354 1356 2426; x_wconf 86' lang='lat' dir='ltr'><strong>loquendi</strong></span> <span class='ocrx_word' id='word_1_137' title='bbox 1419 2353 1807 2410; x_wconf 86' lang='lat' dir='ltr'><strong>consuetudine</strong></span> 
     </span>
    </p>
   </div>
   <div class='ocr_carea' id='block_1_21' title="bbox 218 2447 1800 2517">
    <p class='ocr_par' dir='ltr' id='par_1_21' title="bbox 218 2447 1800 2517">
     <span class='ocr_line' id='line_1_21' title="bbox 218 2447 1800 2517; baseline -0.001 -14"><span class='ocrx_word' id='word_1_138' title='bbox 218 2448 379 2503; x_wconf 89' lang='lat' dir='ltr'><strong>etiam</strong></span> <span class='ocrx_word' id='word_1_139' title='bbox 407 2448 534 2503; x_wconf 91' lang='lat' dir='ltr'><strong>illud</strong></span> <span class='ocrx_word' id='word_1_140' title='bbox 580 2459 663 2504; x_wconf 86' lang='lat' dir='ltr'><strong>est</strong></span> <span class='ocrx_word' id='word_1_141' title='bbox 708 2449 1084 2517; x_wconf 89' lang='lat' dir='ltr'><strong>pr0pbetatum</strong></span> <span class='ocrx_word' id='word_1_142' title='bbox 1130 2447 1198 2502; x_wconf 90' lang='lat' dir='ltr'><strong>de</strong></span> <span class='ocrx_word' id='word_1_143' title='bbox 1252 2447 1458 2501; x_wconf 89' lang='lat' dir='ltr'><strong>Domini</strong></span> <span class='ocrx_word' id='word_1_144' title='bbox 1507 2447 1755 2517; x_wconf 88' lang='lat' dir='ltr'><strong>passione</strong></span> <span class='ocrx_word' id='word_1_145' title='bbox 1785 2488 1800 2512; x_wconf 93' lang='lat'><strong>,</strong></span> 
     </span>
    </p>
   </div>
   <div class='ocr_carea' id='block_1_22' title="bbox 214 2537 1804 2610">
    <p class='ocr_par' dir='ltr' id='par_1_22' title="bbox 214 2537 1804 2610">
     <span class='ocr_line' id='line_1_22' title="bbox 214 2537 1804 2610; baseline -0.001 -17"><span class='ocrx_word' id='word_1_146' title='bbox 214 2537 476 2594; x_wconf 66' lang='lat' dir='ltr'><strong>Desierunt</strong></span> <span class='ocrx_word' id='word_1_147' title='bbox 499 2540 551 2593; x_wconf 86' lang='lat' dir='ltr'><strong>in</strong></span> <span class='ocrx_word' id='word_1_148' title='bbox 576 2556 742 2593; x_wconf 87' lang='lat' dir='ltr'><strong>escam</strong></span> <span class='ocrx_word' id='word_1_149' title='bbox 768 2557 928 2592; x_wconf 87' lang='lat' dir='ltr'><strong>meam</strong></span> <span class='ocrx_word' id='word_1_150' title='bbox 955 2540 1026 2610; x_wconf 76' lang='lat' dir='ltr'><strong>fel</strong></span> <span class='ocrx_word' id='word_1_151' title='bbox 1043 2581 1057 2603; x_wconf 95' lang='lat'><strong>,</strong></span> <span class='ocrx_word' id='word_1_152' title='bbox 1094 2549 1139 2592; x_wconf 89' lang='lat' dir='ltr'><strong>et</strong></span> <span class='ocrx_word' id='word_1_153' title='bbox 1165 2540 1216 2593; x_wconf 87' lang='lat' dir='ltr'><strong>in</strong></span> <span class='ocrx_word' id='word_1_154' title='bbox 1251 2539 1337 2593; x_wconf 83' lang='lat' dir='ltr'><strong>siti</strong></span> <span class='ocrx_word' id='word_1_155' title='bbox 1371 2555 1482 2593; x_wconf 89' lang='lat' dir='ltr'><strong>mea</strong></span> <span class='ocrx_word' id='word_1_156' title='bbox 1509 2547 1804 2608; x_wconf 67' lang='lat' dir='ltr'><strong>potuerunt</strong></span> 
     </span>
    </p>
   </div>
   <div class='ocr_carea' id='block_1_23' title="bbox 216 2631 1800 2703">
    <p class='ocr_par' dir='ltr' id='par_1_23' title="bbox 216 2631 1800 2703">
     <span class='ocr_line' id='line_1_23' title="bbox 216 2631 1800 2703; baseline 0.001 -18"><span class='ocrx_word' id='word_1_157' title='bbox 216 2647 298 2685; x_wconf 81' lang='lat' dir='ltr'><strong>me</strong></span> <span class='ocrx_word' id='word_1_158' title='bbox 321 2643 460 2686; x_wconf 80' lang='lat' dir='ltr'><strong>aceto</strong></span> <span class='ocrx_word' id='word_1_159' title='bbox 495 2632 662 2703; x_wconf 85' lang='lat' dir='ltr'><strong>(Psal.</strong></span> <span class='ocrx_word' id='word_1_160' title='bbox 721 2647 912 2697; x_wconf 78' lang='lat' dir='ltr'><strong>vaul,</strong></span> <span class='ocrx_word' id='word_1_161' title='bbox 942 2631 1075 2702; x_wconf 71' lang='lat'><strong>22);</strong></span> <span class='ocrx_word' id='word_1_162' title='bbox 1122 2641 1175 2687; x_wconf 88' lang='lat' dir='ltr'><strong>et</strong></span> <span class='ocrx_word' id='word_1_163' title='bbox 1219 2632 1321 2686; x_wconf 91' lang='lat' dir='ltr'><strong>alia</strong></span> <span class='ocrx_word' id='word_1_164' title='bbox 1349 2647 1468 2702; x_wconf 66' lang='lat' dir='ltr'><strong>qua:</strong></span> <span class='ocrx_word' id='word_1_165' title='bbox 1511 2633 1565 2685; x_wconf 89' lang='lat' dir='ltr'><strong>in</strong></span> <span class='ocrx_word' id='word_1_166' title='bbox 1612 2632 1800 2686; x_wconf 89' lang='lat' dir='ltr'><strong>eodem</strong></span> 
     </span>
    </p>
   </div>
   <div class='ocr_carea' id='block_1_24' title="bbox 216 2723 1799 2794">
    <p class='ocr_par' dir='ltr' id='par_1_24' title="bbox 216 2723 1799 2794">
     <span class='ocr_line' id='line_1_24' title="bbox 216 2723 1799 2794; baseline -0.001 -16"><span class='ocrx_word' id='word_1_167' title='bbox 216 2726 422 2794; x_wconf 83' lang='lat' dir='ltr'><strong>psalmo</strong></span> <span class='ocrx_word' id='word_1_168' title='bbox 451 2733 668 2781; x_wconf 77' lang='lat' dir='ltr'><strong>ventura</strong></span> <span class='ocrx_word' id='word_1_169' title='bbox 703 2725 846 2779; x_wconf 71' lang='lat' dir='ltr'><strong>velut</strong></span> <span class='ocrx_word' id='word_1_170' title='bbox 897 2724 1032 2779; x_wconf 71' lang='lat' dir='ltr'><strong>facta</strong></span> <span class='ocrx_word' id='word_1_171' title='bbox 1064 2733 1366 2778; x_wconf 87' lang='lat' dir='ltr'><strong>narrantur.</strong></span> <span class='ocrx_word' id='word_1_172' title='bbox 1413 2724 1522 2780; x_wconf 87' lang='lat' dir='ltr'><strong>Nec</strong></span> <span class='ocrx_word' id='word_1_173' title='bbox 1543 2723 1671 2778; x_wconf 85' lang='lat' dir='ltr'><strong>illud</strong></span> <span class='ocrx_word' id='word_1_174' title='bbox 1698 2725 1799 2778; x_wconf 88' lang='lat' dir='ltr'><strong>mi-</strong></span> 
     </span>
    </p>
   </div>
   <div class='ocr_carea' id='block_1_25' title="bbox 210 2815 1800 2885">
    <p class='ocr_par' dir='ltr' id='par_1_25' title="bbox 210 2815 1800 2885">
     <span class='ocr_line' id='line_1_25' title="bbox 210 2815 1800 2885; baseline -0.001 -13"><span class='ocrx_word' id='word_1_175' title='bbox 210 2815 436 2872; x_wconf 83' lang='lat' dir='ltr'><strong>randum</strong></span> <span class='ocrx_word' id='word_1_176' title='bbox 462 2825 539 2870; x_wconf 87' lang='lat' dir='ltr'><strong>est</strong></span> <span class='ocrx_word' id='word_1_177' title='bbox 568 2857 583 2881; x_wconf 96' lang='lat'><strong>,</strong></span> <span class='ocrx_word' id='word_1_178' title='bbox 613 2816 752 2885; x_wconf 90' lang='lat' dir='ltr'><strong>quod</strong></span> <span class='ocrx_word' id='word_1_179' title='bbox 797 2815 909 2871; x_wconf 88' lang='lat' dir='ltr'><strong>Deo</strong></span> <span class='ocrx_word' id='word_1_180' title='bbox 935 2817 1031 2870; x_wconf 90' lang='lat' dir='ltr'><strong>ista</strong></span> <span class='ocrx_word' id='word_1_181' title='bbox 1053 2815 1324 2871; x_wconf 86' lang='lat' dir='ltr'><strong>dicuntur.</strong></span> <span class='ocrx_word' id='word_1_182' title='bbox 1355 2815 1472 2871; x_wconf 85' lang='lat' dir='ltr'><strong>Non</strong></span> <span class='ocrx_word' id='word_1_183' title='bbox 1520 2817 1662 2872; x_wconf 90' lang='lat' dir='ltr'><strong>enim</strong></span> <span class='ocrx_word' id='word_1_184' title='bbox 1700 2831 1800 2871; x_wconf 84' lang='lat' dir='ltr'><strong>ne-</strong></span> 
     </span>
    </p>
   </div>
   <div class='ocr_carea' id='block_1_26' title="bbox 209 2905 1799 2977">
    <p class='ocr_par' dir='ltr' id='par_1_26' title="bbox 209 2905 1799 2977">
     <span class='ocr_line' id='line_1_26' title="bbox 209 2905 1799 2977; baseline 0.003 -18"><span class='ocrx_word' id='word_1_185' title='bbox 209 2905 401 2959; x_wconf 80' lang='lat' dir='ltr'><strong>scienti</strong></span> <span class='ocrx_word' id='word_1_186' title='bbox 445 2905 780 2971; x_wconf 88' lang='lat' dir='ltr'><strong>imlieantur,</strong></span> <span class='ocrx_word' id='word_1_187' title='bbox 812 2922 917 2977; x_wconf 87' lang='lat' dir='ltr'><strong>quo</strong></span> <span class='ocrx_word' id='word_1_188' title='bbox 960 2905 1231 2962; x_wconf 83' lang='lat' dir='ltr'><strong>revelante</strong></span> <span class='ocrx_word' id='word_1_189' title='bbox 1269 2907 1661 2976; x_wconf 71' lang='lat' dir='ltr'><strong>prmseiuntur;</strong></span> <span class='ocrx_word' id='word_1_190' title='bbox 1703 2907 1799 2964; x_wconf 85' lang='lat' dir='ltr'><strong>sed</strong></span> 
     </span>
    </p>
   </div>
   <div class='ocr_carea' id='block_1_27' title="bbox 208 2998 1800 3071">
    <p class='ocr_par' dir='ltr' id='par_1_27' title="bbox 208 2998 1800 3071">
     <span class='ocr_line' id='line_1_27' title="bbox 208 2998 1800 3071; baseline 0.004 -19"><span class='ocrx_word' id='word_1_191' title='bbox 208 2999 386 3053; x_wconf 82' lang='lat' dir='ltr'><strong>anima</strong></span> <span class='ocrx_word' id='word_1_192' title='bbox 432 3013 553 3053; x_wconf 90' lang='lat' dir='ltr'><strong>cum</strong></span> <span class='ocrx_word' id='word_1_193' title='bbox 585 2999 697 3054; x_wconf 90' lang='lat' dir='ltr'><strong>Deo</strong></span> <span class='ocrx_word' id='word_1_194' title='bbox 724 3000 957 3070; x_wconf 85' lang='lat' dir='ltr'><strong>loquitur</strong></span> <span class='ocrx_word' id='word_1_195' title='bbox 981 2999 1191 3069; x_wconf 82' lang='lat' dir='ltr'><strong>pietatis</strong></span> <span class='ocrx_word' id='word_1_196' title='bbox 1226 2998 1421 3056; x_wconf 72' lang='lat' dir='ltr'><strong>alYectu</strong></span> <span class='ocrx_word' id='word_1_197' title='bbox 1446 3015 1603 3071; x_wconf 88' lang='lat' dir='ltr'><strong>quem</strong></span> <span class='ocrx_word' id='word_1_198' title='bbox 1652 3001 1800 3058; x_wconf 80' lang='lat' dir='ltr'><strong>novit</strong></span> 
     </span>
    </p>
   </div>
   <div class='ocr_carea' id='block_1_28' title="bbox 209 3090 1795 3164">
    <p class='ocr_par' dir='ltr' id='par_1_28' title="bbox 209 3090 1795 3164">
     <span class='ocr_line' id='line_1_28' title="bbox 209 3090 1795 3164; baseline 0.002 -18"><span class='ocrx_word' id='word_1_199' title='bbox 209 3090 353 3146; x_wconf 87' lang='lat' dir='ltr'><strong>Deus</strong></span> <span class='ocrx_word' id='word_1_200' title='bbox 376 3093 419 3146; x_wconf 83' lang='grc'><strong>¹.</strong></span> <span class='ocrx_word' id='word_1_201' title='bbox 450 3091 581 3146; x_wconf 82' lang='lat' dir='ltr'><strong>Nam</strong></span> <span class='ocrx_word' id='word_1_202' title='bbox 609 3102 662 3148; x_wconf 89' lang='lat' dir='ltr'><strong>et</strong></span> <span class='ocrx_word' id='word_1_203' title='bbox 685 3093 868 3164; x_wconf 84' lang='lat' dir='ltr'><strong>Angeli</strong></span> <span class='ocrx_word' id='word_1_204' title='bbox 897 3109 1016 3164; x_wconf 70' lang='lat' dir='ltr'><strong>qua:</strong></span> <span class='ocrx_word' id='word_1_205' title='bbox 1044 3092 1349 3149; x_wconf 89' lang='lat' dir='ltr'><strong>hominibus</strong></span> <span class='ocrx_word' id='word_1_206' title='bbox 1385 3093 1662 3160; x_wconf 87' lang='lat' dir='ltr'><strong>nuntiant,</strong></span> <span class='ocrx_word' id='word_1_207' title='bbox 1699 3110 1795 3149; x_wconf 87' lang='lat' dir='ltr'><strong>ne-</strong></span> 
     </span>
    </p>
   </div>
   <div class='ocr_carea' id='block_1_29' title="bbox 208 3183 1794 3255">
    <p class='ocr_par' dir='ltr' id='par_1_29' title="bbox 208 3183 1794 3255">
     <span class='ocr_line' id='line_1_29' title="bbox 208 3183 1794 3255; baseline 0.002 -17"><span class='ocrx_word' id='word_1_208' title='bbox 208 3183 504 3239; x_wconf 77' lang='lat' dir='ltr'><strong>scientibus</strong></span> <span class='ocrx_word' id='word_1_209' title='bbox 530 3185 810 3249; x_wconf 90' lang='lat' dir='ltr'><strong>nuntiant;</strong></span> <span class='ocrx_word' id='word_1_210' title='bbox 837 3200 954 3255; x_wconf 73' lang='lat' dir='ltr'><strong>qua:</strong></span> <span class='ocrx_word' id='word_1_211' title='bbox 980 3193 1156 3240; x_wconf 86' lang='lat' dir='ltr'><strong>autem</strong></span> <span class='ocrx_word' id='word_1_212' title='bbox 1187 3185 1295 3240; x_wconf 87' lang='lat' dir='ltr'><strong>Deo</strong></span> <span class='ocrx_word' id='word_1_213' title='bbox 1320 3186 1583 3250; x_wconf 87' lang='lat' dir='ltr'><strong>nuntiant,</strong></span> <span class='ocrx_word' id='word_1_214' title='bbox 1607 3187 1794 3242; x_wconf 89' lang='lat' dir='ltr'><strong>scienti</strong></span> 
     </span>
    </p>
   </div>
   <div class='ocr_carea' id='block_1_30' title="bbox 208 3274 1795 3346">
    <p class='ocr_par' dir='ltr' id='par_1_30' title="bbox 208 3274 1795 3346">
     <span class='ocr_line' id='line_1_30' title="bbox 208 3274 1795 3346; baseline 0.003 -20"><span class='ocrx_word' id='word_1_215' title='bbox 208 3274 492 3340; x_wconf 90' lang='lat' dir='ltr'><strong>nuntiant,</strong></span> <span class='ocrx_word' id='word_1_216' title='bbox 516 3275 730 3346; x_wconf 86' lang='lat' dir='ltr'><strong>quando</strong></span> <span class='ocrx_word' id='word_1_217' title='bbox 771 3275 845 3330; x_wconf 87' lang='lat' dir='ltr'><strong>illi</strong></span> <span class='ocrx_word' id='word_1_218' title='bbox 884 3275 1116 3330; x_wconf 80' lang='lat' dir='ltr'><strong>olferunt</strong></span> <span class='ocrx_word' id='word_1_219' title='bbox 1153 3277 1426 3332; x_wconf 86' lang='lat' dir='ltr'><strong>orationes</strong></span> <span class='ocrx_word' id='word_1_220' title='bbox 1464 3286 1676 3331; x_wconf 88' lang='lat' dir='ltr'><strong>nostras</strong></span> <span class='ocrx_word' id='word_1_221' title='bbox 1698 3318 1713 3338; x_wconf 84' lang='lat'><strong>.</strong></span> <span class='ocrx_word' id='word_1_222' title='bbox 1740 3285 1795 3331; x_wconf 88' lang='lat' dir='ltr'><strong>et</strong></span> 
     </span>
    </p>
   </div>
   <div class='ocr_carea' id='block_1_31' title="bbox 206 3365 1791 3436">
    <p class='ocr_par' dir='ltr' id='par_1_31' title="bbox 206 3365 1791 3436">
     <span class='ocr_line' id='line_1_31' title="bbox 206 3365 1791 3436; baseline 0.003 -16"><span class='ocrx_word' id='word_1_223' title='bbox 206 3365 462 3421; x_wconf 80' lang='lat' dir='ltr'><strong>ineti‘abili</strong></span> <span class='ocrx_word' id='word_1_224' title='bbox 506 3366 667 3422; x_wconf 88' lang='lat' dir='ltr'><strong>modo</strong></span> <span class='ocrx_word' id='word_1_225' title='bbox 707 3367 777 3423; x_wconf 91' lang='lat' dir='ltr'><strong>de</strong></span> <span class='ocrx_word' id='word_1_226' title='bbox 803 3367 1011 3423; x_wconf 83' lang='lat' dir='ltr'><strong>actibus</strong></span> <span class='ocrx_word' id='word_1_227' title='bbox 1031 3367 1142 3423; x_wconf 88' lang='lat' dir='ltr'><strong>suis</strong></span> <span class='ocrx_word' id='word_1_228' title='bbox 1169 3377 1424 3424; x_wconf 70' lang='lat' dir='ltr'><strong>atternam</strong></span> <span class='ocrx_word' id='word_1_229' title='bbox 1465 3370 1749 3425; x_wconf 81' lang='lat' dir='ltr'><strong>veritatem</strong></span> <span class='ocrx_word' id='word_1_230' title='bbox 1772 3409 1791 3436; x_wconf 92' lang='lat'><strong>,</strong></span> 
     </span>
    </p>
   </div>
   <div class='ocr_carea' id='block_1_32' title="bbox 205 3459 1793 3531">
    <p class='ocr_par' dir='ltr' id='par_1_32' title="bbox 205 3459 1793 3531">
     <span class='ocr_line' id='line_1_32' title="bbox 205 3459 1793 3531; baseline 0.004 -19"><span class='ocrx_word' id='word_1_231' title='bbox 205 3465 459 3530; x_wconf 84' lang='lat' dir='ltr'><strong>tanquam</strong></span> <span class='ocrx_word' id='word_1_232' title='bbox 483 3459 657 3531; x_wconf 87' lang='lat' dir='ltr'><strong>legem</strong></span> <span class='ocrx_word' id='word_1_233' title='bbox 696 3460 1190 3517; x_wconf 88' lang='lat' dir='ltr'><strong>incommutabilem</strong></span> <span class='ocrx_word' id='word_1_234' title='bbox 1227 3462 1529 3519; x_wconf 88' lang='lat' dir='ltr'><strong>consulunt.</strong></span> <span class='ocrx_word' id='word_1_235' title='bbox 1570 3462 1648 3518; x_wconf 61' lang='lat' dir='ltr'><strong>&#39;Et</strong></span> <span class='ocrx_word' id='word_1_236' title='bbox 1689 3461 1793 3519; x_wconf 84' lang='lat' dir='ltr'><strong>iste</strong></span> 
     </span>
    </p>
   </div>
   <div class='ocr_carea' id='block_1_33' title="bbox 208 3543 1793 3617">
    <p class='ocr_par' dir='ltr' id='par_1_33' title="bbox 208 3543 1793 3617">
     <span class='ocr_line' id='line_1_33' title="bbox 208 3543 1793 3617; baseline 0.003 -23"><span class='ocrx_word' id='word_1_237' title='bbox 208 3556 341 3612; x_wconf 86' lang='lat' dir='ltr'><strong>ergo</strong></span> <span class='ocrx_word' id='word_1_238' title='bbox 370 3543 530 3596; x_wconf 86' lang='lat' dir='ltr'><strong>homo</strong></span> <span class='ocrx_word' id='word_1_239' title='bbox 562 3544 653 3599; x_wconf 90' lang='lat' dir='ltr'><strong>Dei</strong></span> <span class='ocrx_word' id='word_1_240' title='bbox 679 3544 809 3600; x_wconf 86' lang='lat' dir='ltr'><strong>dicit</strong></span> <span class='ocrx_word' id='word_1_241' title='bbox 835 3545 945 3601; x_wconf 88' lang='lat' dir='ltr'><strong>Deo</strong></span> <span class='ocrx_word' id='word_1_242' title='bbox 971 3545 1113 3617; x_wconf 89' lang='lat' dir='ltr'><strong>quod</strong></span> <span class='ocrx_word' id='word_1_243' title='bbox 1138 3545 1309 3602; x_wconf 88' lang='lat' dir='ltr'><strong>discat</strong></span> <span class='ocrx_word' id='word_1_244' title='bbox 1327 3563 1357 3602; x_wconf 91' lang='lat' dir='ltr'><strong>a</strong></span> <span class='ocrx_word' id='word_1_245' title='bbox 1386 3547 1514 3614; x_wconf 87' lang='lat' dir='ltr'><strong>Deo,</strong></span> <span class='ocrx_word' id='word_1_246' title='bbox 1544 3555 1793 3616; x_wconf 89' lang='lat' dir='ltr'><strong>tanquam</strong></span> 
     </span>
    </p>
   </div>
   <div class='ocr_carea' id='block_1_34' title="bbox 207 3635 1795 3709">
    <p class='ocr_par' dir='ltr' id='par_1_34' title="bbox 207 3635 1795 3709">
     <span class='ocr_line' id='line_1_34' title="bbox 207 3635 1795 3709; baseline 0.003 -21"><span class='ocrx_word' id='word_1_247' title='bbox 207 3635 506 3703; x_wconf 87' lang='lat' dir='ltr'><strong>discipulus</strong></span> <span class='ocrx_word' id='word_1_248' title='bbox 531 3639 784 3708; x_wconf 89' lang='lat' dir='ltr'><strong>magistro</strong></span> <span class='ocrx_word' id='word_1_249' title='bbox 808 3653 915 3694; x_wconf 89' lang='lat' dir='ltr'><strong>non</strong></span> <span class='ocrx_word' id='word_1_250' title='bbox 953 3639 1240 3708; x_wconf 83' lang='lat' dir='ltr'><strong>ignoranti,</strong></span> <span class='ocrx_word' id='word_1_251' title='bbox 1271 3640 1368 3694; x_wconf 85' lang='lat' dir='ltr'><strong>sed</strong></span> <span class='ocrx_word' id='word_1_252' title='bbox 1407 3638 1700 3709; x_wconf 88' lang='lat' dir='ltr'><strong>judicanti;</strong></span> <span class='ocrx_word' id='word_1_253' title='bbox 1731 3651 1795 3692; x_wconf 85' lang='lat' dir='ltr'><strong>ac</strong></span> 
     </span>
    </p>
   </div>
   <div class='ocr_carea' id='block_1_35' title="bbox 206 3726 1795 3804">
    <p class='ocr_par' dir='ltr' id='par_1_35' title="bbox 206 3726 1795 3804">
     <span class='ocr_line' id='line_1_35' title="bbox 206 3726 1795 3804; baseline 0.003 -25"><span class='ocrx_word' id='word_1_254' title='bbox 206 3726 309 3792; x_wconf 91' lang='lat' dir='ltr'><strong>sic,</strong></span> <span class='ocrx_word' id='word_1_255' title='bbox 337 3737 428 3780; x_wconf 87' lang='lat' dir='ltr'><strong>aut</strong></span> <span class='ocrx_word' id='word_1_256' title='bbox 457 3729 699 3797; x_wconf 86' lang='lat' dir='ltr'><strong>probanti</strong></span> <span class='ocrx_word' id='word_1_257' title='bbox 730 3729 870 3801; x_wconf 89' lang='lat' dir='ltr'><strong>quod</strong></span> <span class='ocrx_word' id='word_1_258' title='bbox 913 3731 1115 3797; x_wconf 87' lang='lat' dir='ltr'><strong>docuit,</strong></span> <span class='ocrx_word' id='word_1_259' title='bbox 1163 3740 1256 3786; x_wconf 86' lang='lat' dir='ltr'><strong>aut</strong></span> <span class='ocrx_word' id='word_1_260' title='bbox 1297 3730 1438 3804; x_wconf 88' lang='lat' dir='ltr'><strong>quod</strong></span> <span class='ocrx_word' id='word_1_261' title='bbox 1480 3747 1591 3786; x_wconf 89' lang='lat' dir='ltr'><strong>non</strong></span> <span class='ocrx_word' id='word_1_262' title='bbox 1614 3729 1795 3786; x_wconf 88' lang='lat' dir='ltr'><strong>docuit</strong></span> 
     </span>
    </p>
   </div>
   <div class='ocr_carea' id='block_1_36' title="bbox 207 3820 1796 3897">
    <p class='ocr_par' dir='ltr' id='par_1_36' title="bbox 207 3820 1796 3897">
     <span class='ocr_line' id='line_1_36' title="bbox 207 3820 1796 3897; baseline 0.003 -22"><span class='ocrx_word' id='word_1_263' title='bbox 207 3820 660 3891; x_wconf 67' lang='lat' dir='ltr'><strong>reprehendenti:</strong></span> <span class='ocrx_word' id='word_1_264' title='bbox 690 3825 928 3879; x_wconf 77' lang='lat' dir='ltr'><strong>maxime</strong></span> <span class='ocrx_word' id='word_1_265' title='bbox 966 3826 1087 3896; x_wconf 87' lang='lat' dir='ltr'><strong>quia</strong></span> <span class='ocrx_word' id='word_1_266' title='bbox 1128 3825 1306 3894; x_wconf 87' lang='lat' dir='ltr'><strong>specie</strong></span> <span class='ocrx_word' id='word_1_267' title='bbox 1334 3825 1636 3897; x_wconf 74' lang='lat' dir='ltr'><strong>prccantis&#39;</strong></span> <span class='ocrx_word' id='word_1_268' title='bbox 1663 3823 1796 3880; x_wconf 85' lang='lat' dir='ltr'><strong>Pro-</strong></span> 
     </span>
    </p>
   </div>
   <div class='ocr_carea' id='block_1_37' title="bbox 208 3913 1795 3987">
    <p class='ocr_par' dir='ltr' id='par_1_37' title="bbox 208 3913 1795 3987">
     <span class='ocr_line' id='line_1_37' title="bbox 208 3913 1795 3987; baseline 0.006 -24"><span class='ocrx_word' id='word_1_269' title='bbox 208 3913 368 3982; x_wconf 80' lang='lat' dir='ltr'><strong>pheta</strong></span> <span class='ocrx_word' id='word_1_270' title='bbox 399 3929 495 3968; x_wconf 88' lang='lat' dir='ltr'><strong>eos</strong></span> <span class='ocrx_word' id='word_1_271' title='bbox 522 3915 574 3969; x_wconf 90' lang='lat' dir='ltr'><strong>in</strong></span> <span class='ocrx_word' id='word_1_272' title='bbox 599 3931 659 3969; x_wconf 89' lang='lat' dir='ltr'><strong>se</strong></span> <span class='ocrx_word' id='word_1_273' title='bbox 700 3917 1060 3986; x_wconf 78' lang='lat' dir='ltr'><strong>transﬁgurat,</strong></span> <span class='ocrx_word' id='word_1_274' title='bbox 1105 3918 1193 3987; x_wconf 92' lang='lat' dir='ltr'><strong>qui</strong></span> <span class='ocrx_word' id='word_1_275' title='bbox 1241 3927 1367 3971; x_wconf 90' lang='lat' dir='ltr'><strong>tunc</strong></span> <span class='ocrx_word' id='word_1_276' title='bbox 1413 3917 1572 3972; x_wconf 89' lang='lat' dir='ltr'><strong>futuri</strong></span> <span class='ocrx_word' id='word_1_277' title='bbox 1613 3925 1795 3973; x_wconf 88' lang='lat' dir='ltr'><strong>essent</strong></span> 
     </span>
    </p>
   </div>
   <div class='ocr_carea' id='block_1_38' title="bbox 204 4007 1792 4076">
    <p class='ocr_par' dir='ltr' id='par_1_38' title="bbox 204 4007 1792 4076">
     <span class='ocr_line' id='line_1_38' title="bbox 204 4007 1792 4076; baseline 0.004 -16"><span class='ocrx_word' id='word_1_278' title='bbox 204 4007 422 4076; x_wconf 83' lang='lat' dir='ltr'><strong>quando</strong></span> <span class='ocrx_word' id='word_1_279' title='bbox 463 4008 561 4062; x_wconf 87' lang='lat' dir='ltr'><strong>ista</strong></span> <span class='ocrx_word' id='word_1_280' title='bbox 604 4020 848 4064; x_wconf 86' lang='lat' dir='ltr'><strong>ventura.</strong></span> <span class='ocrx_word' id='word_1_281' title='bbox 895 4008 1086 4065; x_wconf 74' lang='lat' dir='ltr'><strong>Solent</strong></span> <span class='ocrx_word' id='word_1_282' title='bbox 1123 4019 1303 4066; x_wconf 88' lang='lat' dir='ltr'><strong>autem</strong></span> <span class='ocrx_word' id='word_1_283' title='bbox 1337 4011 1392 4065; x_wconf 88' lang='lat' dir='ltr'><strong>in</strong></span> <span class='ocrx_word' id='word_1_284' title='bbox 1418 4011 1660 4067; x_wconf 84' lang='lat' dir='ltr'><strong>oratione</strong></span> <span class='ocrx_word' id='word_1_285' title='bbox 1686 4010 1792 4066; x_wconf 89' lang='lat' dir='ltr'><strong>dici</strong></span> 
     </span>
    </p>
   </div>
   <div class='ocr_carea' id='block_1_39' title="bbox 207 4096 1784 4173">
    <p class='ocr_par' dir='ltr' id='par_1_39' title="bbox 207 4096 1784 4173">
     <span class='ocr_line' id='line_1_39' title="bbox 207 4096 1784 4173; baseline 0.005 -24"><span class='ocrx_word' id='word_1_286' title='bbox 207 4096 321 4152; x_wconf 85' lang='lat' dir='ltr'><strong>Deo</strong></span> <span class='ocrx_word' id='word_1_287' title='bbox 345 4113 466 4169; x_wconf 64' lang='lat' dir='ltr'><strong>quae</strong></span> <span class='ocrx_word' id='word_1_288' title='bbox 485 4099 761 4155; x_wconf 81' lang='lat' dir='ltr'><strong>vindicans</strong></span> <span class='ocrx_word' id='word_1_289' title='bbox 788 4099 981 4159; x_wconf 84' lang='lat' dir='ltr'><strong>fecerit</strong></span> <span class='ocrx_word' id='word_1_290' title='bbox 997 4139 1016 4165; x_wconf 92' lang='lat'><strong>,</strong></span> <span class='ocrx_word' id='word_1_291' title='bbox 1052 4109 1106 4156; x_wconf 91' lang='lat' dir='ltr'><strong>et</strong></span> <span class='ocrx_word' id='word_1_292' title='bbox 1130 4100 1343 4172; x_wconf 87' lang='lat' dir='ltr'><strong>adjungi</strong></span> <span class='ocrx_word' id='word_1_293' title='bbox 1385 4102 1568 4172; x_wconf 89' lang='lat' dir='ltr'><strong>petitio</strong></span> <span class='ocrx_word' id='word_1_294' title='bbox 1591 4109 1653 4158; x_wconf 85' lang='lat' dir='ltr'><strong>ut</strong></span> <span class='ocrx_word' id='word_1_295' title='bbox 1671 4100 1784 4173; x_wconf 80' lang='lat' dir='ltr'><strong>jam</strong></span> 
     </span>
    </p>
   </div>
   <div class='ocr_carea' id='block_1_40' title="bbox 205 4189 1786 4264">
    <p class='ocr_par' dir='ltr' id='par_1_40' title="bbox 205 4189 1786 4264">
     <span class='ocr_line' id='line_1_40' title="bbox 205 4189 1786 4264; baseline 0.004 -22"><span class='ocrx_word' id='word_1_296' title='bbox 205 4189 525 4246; x_wconf 85' lang='lat' dir='ltr'><strong>misereatur</strong></span> <span class='ocrx_word' id='word_1_297' title='bbox 550 4199 603 4244; x_wconf 91' lang='lat' dir='ltr'><strong>et</strong></span> <span class='ocrx_word' id='word_1_298' title='bbox 630 4198 831 4260; x_wconf 90' lang='lat' dir='ltr'><strong>parcat.</strong></span> <span class='ocrx_word' id='word_1_299' title='bbox 851 4189 963 4245; x_wconf 80' lang='lat' dir='ltr'><strong>Hoc</strong></span> <span class='ocrx_word' id='word_1_300' title='bbox 993 4191 1154 4245; x_wconf 91' lang='lat' dir='ltr'><strong>modo</strong></span> <span class='ocrx_word' id='word_1_301' title='bbox 1179 4199 1234 4246; x_wconf 90' lang='lat' dir='ltr'><strong>ct</strong></span> <span class='ocrx_word' id='word_1_302' title='bbox 1257 4192 1343 4248; x_wconf 91' lang='lat' dir='ltr'><strong>hic</strong></span> <span class='ocrx_word' id='word_1_303' title='bbox 1362 4191 1609 4248; x_wconf 86' lang='lat' dir='ltr'><strong>dicuntur</strong></span> <span class='ocrx_word' id='word_1_304' title='bbox 1627 4206 1660 4248; x_wconf 69' lang='grc' dir='ltr'><strong>ι</strong></span> <span class='ocrx_word' id='word_1_305' title='bbox 1679 4209 1786 4264; x_wconf 86' lang='lat' dir='ltr'><strong>quo</strong></span> 
     </span>
    </p>
   </div>
   <div class='ocr_carea' id='block_1_41' title="bbox 203 4281 1785 4354">
    <p class='ocr_par' dir='ltr' id='par_1_41' title="bbox 203 4281 1785 4354">
     <span class='ocr_line' id='line_1_41' title="bbox 203 4281 1785 4354; baseline 0.003 -18"><span class='ocrx_word' id='word_1_306' title='bbox 203 4281 564 4352; x_wconf 69' lang='lat' dir='ltr'><strong>praedicuntur</strong></span> <span class='ocrx_word' id='word_1_307' title='bbox 588 4323 604 4348; x_wconf 92' lang='lat'><strong>,</strong></span> <span class='ocrx_word' id='word_1_308' title='bbox 633 4291 884 4353; x_wconf 89' lang='lat' dir='ltr'><strong>tanquam</strong></span> <span class='ocrx_word' id='word_1_309' title='bbox 901 4283 968 4336; x_wconf 91' lang='lat' dir='ltr'><strong>ab</strong></span> <span class='ocrx_word' id='word_1_310' title='bbox 986 4282 1066 4338; x_wconf 87' lang='lat' dir='ltr'><strong>cis</strong></span> <span class='ocrx_word' id='word_1_311' title='bbox 1092 4282 1338 4338; x_wconf 90' lang='lat' dir='ltr'><strong>dicantur</strong></span> <span class='ocrx_word' id='word_1_312' title='bbox 1365 4284 1558 4354; x_wconf 87' lang='lat' dir='ltr'><strong>quibus</strong></span> <span class='ocrx_word' id='word_1_313' title='bbox 1584 4284 1785 4340; x_wconf 64' lang='lat' dir='ltr'><strong>accide</strong></span> 
     </span>
    </p>
   </div>
   <div class='ocr_carea' id='block_1_42' title="bbox 202 4371 1783 4446">
    <p class='ocr_par' dir='ltr' id='par_1_42' title="bbox 202 4371 1783 4446">
     <span class='ocr_line' id='line_1_42' title="bbox 202 4371 1783 4446; baseline 0.003 -20"><span class='ocrx_word' id='word_1_314' title='bbox 202 4379 368 4437; x_wconf 88' lang='lat' dir='ltr'><strong>runt;</strong></span> <span class='ocrx_word' id='word_1_315' title='bbox 394 4381 450 4428; x_wconf 91' lang='lat' dir='ltr'><strong>et</strong></span> <span class='ocrx_word' id='word_1_316' title='bbox 485 4372 597 4444; x_wconf 88' lang='lat' dir='ltr'><strong>ipsa</strong></span> <span class='ocrx_word' id='word_1_317' title='bbox 620 4371 919 4445; x_wconf 87' lang='lat' dir='ltr'><strong>deploratio</strong></span> <span class='ocrx_word' id='word_1_318' title='bbox 945 4381 1106 4445; x_wconf 86' lang='lat' dir='ltr'><strong>atque</strong></span> <span class='ocrx_word' id='word_1_319' title='bbox 1142 4372 1417 4444; x_wconf 87' lang='lat' dir='ltr'><strong>precatio,</strong></span> <span class='ocrx_word' id='word_1_320' title='bbox 1447 4374 1783 4446; x_wconf 88' lang='lat' dir='ltr'><strong>prophetatio</strong></span> 
     </span>
    </p>
   </div>
   <div class='ocr_carea' id='block_1_43' title="bbox 198 4473 302 4520">
    <p class='ocr_par' dir='ltr' id='par_1_43' title="bbox 198 4473 302 4520">
     <span class='ocr_line' id='line_1_43' title="bbox 198 4473 302 4520; baseline -0.01 0"><span class='ocrx_word' id='word_1_321' title='bbox 198 4473 302 4520; x_wconf 87' lang='lat' dir='ltr'><strong>est.</strong></span> 
     </span>
    </p>
   </div>
   <div class='ocr_carea' id='block_1_44' title="bbox 269 4556 1779 4626">
    <p class='ocr_par' dir='ltr' id='par_1_44' title="bbox 269 4556 1779 4626">
     <span class='ocr_line' id='line_1_44' title="bbox 269 4556 1779 4626; baseline 0.003 -16"><span class='ocrx_word' id='word_1_322' title='bbox 269 4557 324 4610; x_wconf 75' lang='lat'><strong>2.</strong></span> <span class='ocrx_word' id='word_1_323' title='bbox 353 4573 373 4608; x_wconf 77' lang='grc' dir='ltr'><strong>ι</strong></span> <span class='ocrx_word' id='word_1_324' title='bbox 406 4556 576 4623; x_wconf 89' lang='lat' dir='ltr'><strong>Deus,</strong></span> <span class='ocrx_word' id='word_1_325' title='bbox 604 4567 863 4614; x_wconf 88' lang='lat' dir='ltr'><strong>venerunt</strong></span> <span class='ocrx_word' id='word_1_326' title='bbox 889 4557 1089 4614; x_wconf 77' lang='lat' dir='ltr'><strong>Gentes</strong></span> <span class='ocrx_word' id='word_1_327' title='bbox 1114 4557 1167 4612; x_wconf 88' lang='lat' dir='ltr'><strong>in</strong></span> <span class='ocrx_word' id='word_1_328' title='bbox 1193 4557 1555 4614; x_wconf 74' lang='lat' dir='ltr'><strong>hmreditatem</strong></span> <span class='ocrx_word' id='word_1_329' title='bbox 1597 4566 1738 4614; x_wconf 87' lang='lat' dir='ltr'><strong>tuam</strong></span> <span class='ocrx_word' id='word_1_330' title='bbox 1763 4572 1779 4626; x_wconf 83' lang='lat'><strong>;</strong></span> 
     </span>
    </p>
   </div>
   <div class='ocr_carea' id='block_1_45' title="bbox 196 4647 1780 4718">
    <p class='ocr_par' dir='ltr' id='par_1_45' title="bbox 196 4647 1780 4718">
     <span class='ocr_line' id='line_1_45' title="bbox 196 4647 1780 4718; baseline 0.003 -18"><span class='ocrx_word' id='word_1_331' title='bbox 196 4647 502 4718; x_wconf 84' lang='lat' dir='ltr'><strong>polluerunt</strong></span> <span class='ocrx_word' id='word_1_332' title='bbox 531 4649 784 4716; x_wconf 84' lang='lat' dir='ltr'><strong>templum</strong></span> <span class='ocrx_word' id='word_1_333' title='bbox 827 4656 1068 4703; x_wconf 90' lang='lat' dir='ltr'><strong>sanctum</strong></span> <span class='ocrx_word' id='word_1_334' title='bbox 1097 4658 1244 4702; x_wconf 91' lang='lat' dir='ltr'><strong>tuum</strong></span> <span class='ocrx_word' id='word_1_335' title='bbox 1265 4690 1281 4713; x_wconf 91' lang='lat'><strong>,</strong></span> <span class='ocrx_word' id='word_1_336' title='bbox 1315 4658 1603 4717; x_wconf 84' lang='lat' dir='ltr'><strong>posuerunt</strong></span> <span class='ocrx_word' id='word_1_337' title='bbox 1623 4648 1780 4705; x_wconf 83' lang='lat' dir='ltr'><strong>Jeru-</strong></span> 
     </span>
    </p>
   </div>
   <div class='ocr_carea' id='block_1_46' title="bbox 197 4739 1778 4809">
    <p class='ocr_par' dir='ltr' id='par_1_46' title="bbox 197 4739 1778 4809">
     <span class='ocr_line' id='line_1_46' title="bbox 197 4739 1778 4809; baseline 0.001 -15"><span class='ocrx_word' id='word_1_338' title='bbox 197 4740 364 4795; x_wconf 80' lang='lat' dir='ltr'><strong>salem</strong></span> <span class='ocrx_word' id='word_1_339' title='bbox 401 4739 450 4791; x_wconf 91' lang='lat' dir='ltr'><strong>in</strong></span> <span class='ocrx_word' id='word_1_340' title='bbox 478 4755 756 4809; x_wconf 88' lang='lat' dir='ltr'><strong>pomorum</strong></span> <span class='ocrx_word' id='word_1_341' title='bbox 779 4740 1099 4794; x_wconf 80' lang='lat' dir='ltr'><strong>custodiam.</strong></span> <span class='ocrx_word' id='word_1_342' title='bbox 1151 4739 1450 4794; x_wconf 83' lang='lat' dir='ltr'><strong>Posuerunt</strong></span> <span class='ocrx_word' id='word_1_343' title='bbox 1499 4741 1778 4796; x_wconf 88' lang='lat' dir='ltr'><strong>morticina</strong></span> 
     </span>
    </p>
   </div>
   <div class='ocr_carea' id='block_1_47' title="bbox 194 4829 1781 4894">
    <p class='ocr_par' dir='ltr' id='par_1_47' title="bbox 194 4829 1781 4894">
     <span class='ocr_line' id='line_1_47' title="bbox 194 4829 1781 4894; baseline 0.001 -9"><span class='ocrx_word' id='word_1_344' title='bbox 194 4845 478 4887; x_wconf 84' lang='lat' dir='ltr'><strong>servorum</strong></span> <span class='ocrx_word' id='word_1_345' title='bbox 510 4840 719 4884; x_wconf 91' lang='lat' dir='ltr'><strong>tuorum</strong></span> <span class='ocrx_word' id='word_1_346' title='bbox 761 4845 912 4884; x_wconf 79' lang='lat' dir='ltr'><strong>escas</strong></span> <span class='ocrx_word' id='word_1_347' title='bbox 955 4829 1258 4885; x_wconf 82' lang='lat' dir='ltr'><strong>volatilibus</strong></span> <span class='ocrx_word' id='word_1_348' title='bbox 1277 4830 1416 4894; x_wconf 81' lang='lat' dir='ltr'><strong>eteli,</strong></span> <span class='ocrx_word' id='word_1_349' title='bbox 1443 4846 1631 4887; x_wconf 87' lang='lat' dir='ltr'><strong>carnes</strong></span> <span class='ocrx_word' id='word_1_350' title='bbox 1660 4847 1781 4887; x_wconf 87' lang='lat' dir='ltr'><strong>san-</strong></span> 
     </span>
    </p>
   </div>
   <div class='ocr_carea' id='block_1_48' title="bbox 196 4921 1777 4994">
    <p class='ocr_par' dir='ltr' id='par_1_48' title="bbox 196 4921 1777 4994">
     <span class='ocr_line' id='line_1_48' title="bbox 196 4921 1777 4994; baseline -0.001 -15"><span class='ocrx_word' id='word_1_351' title='bbox 196 4934 406 4982; x_wconf 87' lang='lat' dir='ltr'><strong>ctorum</strong></span> <span class='ocrx_word' id='word_1_352' title='bbox 439 4933 547 4977; x_wconf 80' lang='lat' dir='ltr'><strong>tum</strong></span> <span class='ocrx_word' id='word_1_353' title='bbox 565 4939 650 4976; x_wconf 92' lang='lat' dir='ltr'><strong>um</strong></span> <span class='ocrx_word' id='word_1_354' title='bbox 683 4922 862 4976; x_wconf 80' lang='lat' dir='ltr'><strong>bestiis</strong></span> <span class='ocrx_word' id='word_1_355' title='bbox 903 4931 1077 4976; x_wconf 60' lang='lat' dir='ltr'><strong>terra).</strong></span> <span class='ocrx_word' id='word_1_356' title='bbox 1114 4921 1424 4976; x_wconf 82' lang='lat' dir='ltr'><strong>Elfuderunt</strong></span> <span class='ocrx_word' id='word_1_357' title='bbox 1467 4924 1777 4994; x_wconf 80' lang='lat' dir='ltr'><strong>sanguinem</strong></span> 
     </span>
    </p>
   </div>
   <div class='ocr_carea' id='block_1_49' title="bbox 195 5012 1776 5083">
    <p class='ocr_par' dir='ltr' id='par_1_49' title="bbox 195 5012 1776 5083">
     <span class='ocr_line' id='line_1_49' title="bbox 195 5012 1776 5083; baseline -0.001 -13"><span class='ocrx_word' id='word_1_358' title='bbox 195 5030 383 5070; x_wconf 85' lang='lat' dir='ltr'><strong>eorum</strong></span> <span class='ocrx_word' id='word_1_359' title='bbox 427 5015 564 5068; x_wconf 90' lang='lat' dir='ltr'><strong>sicut</strong></span> <span class='ocrx_word' id='word_1_360' title='bbox 610 5027 801 5083; x_wconf 88' lang='lat' dir='ltr'><strong>aquam</strong></span> <span class='ocrx_word' id='word_1_361' title='bbox 847 5012 900 5065; x_wconf 87' lang='lat' dir='ltr'><strong>in</strong></span> <span class='ocrx_word' id='word_1_362' title='bbox 931 5013 1153 5066; x_wconf 85' lang='lat' dir='ltr'><strong>circuitu</strong></span> <span class='ocrx_word' id='word_1_363' title='bbox 1194 5012 1525 5081; x_wconf 77' lang='lat' dir='ltr'><strong>Jerusalem,</strong></span> <span class='ocrx_word' id='word_1_364' title='bbox 1572 5024 1627 5068; x_wconf 89' lang='lat' dir='ltr'><strong>et</strong></span> <span class='ocrx_word' id='word_1_365' title='bbox 1672 5031 1776 5069; x_wconf 86' lang='lat' dir='ltr'><strong>non</strong></span> 
     </span>
    </p>
   </div>
   <div class='ocr_carea' id='block_1_50' title="bbox 195 5103 1780 5180">
    <p class='ocr_par' dir='ltr' id='par_1_50' title="bbox 195 5103 1780 5180">
     <span class='ocr_line' id='line_1_50' title="bbox 195 5103 1780 5180; baseline 0 -19"><span class='ocrx_word' id='word_1_366' title='bbox 195 5114 313 5162; x_wconf 86' lang='lat' dir='ltr'><strong>erat</strong></span> <span class='ocrx_word' id='word_1_367' title='bbox 334 5105 422 5180; x_wconf 91' lang='lat' dir='ltr'><strong>qui</strong></span> <span class='ocrx_word' id='word_1_368' title='bbox 454 5105 723 5175; x_wconf 81' lang='lat' dir='ltr'><strong>sepeliret.</strong></span> <span class='ocrx_word' id='word_1_369' title='bbox 755 5123 774 5156; x_wconf 72' lang='grc' dir='ltr'><strong>ι</strong></span> <span class='ocrx_word' id='word_1_370' title='bbox 811 5103 865 5157; x_wconf 83' lang='lat' dir='ltr'><strong>Si</strong></span> <span class='ocrx_word' id='word_1_371' title='bbox 897 5103 946 5157; x_wconf 89' lang='lat' dir='ltr'><strong>in</strong></span> <span class='ocrx_word' id='word_1_372' title='bbox 972 5104 1068 5157; x_wconf 88' lang='lat' dir='ltr'><strong>ista</strong></span> <span class='ocrx_word' id='word_1_373' title='bbox 1092 5106 1367 5176; x_wconf 86' lang='lat' dir='ltr'><strong>prophetia</strong></span> <span class='ocrx_word' id='word_1_374' title='bbox 1381 5105 1657 5176; x_wconf 80' lang='lat' dir='ltr'><strong>quisquam</strong></span> <span class='ocrx_word' id='word_1_375' title='bbox 1685 5123 1780 5161; x_wconf 85' lang='lat' dir='ltr'><strong>no-</strong></span> 
     </span>
    </p>
   </div>
   <div class='ocr_carea' id='block_1_51' title="bbox 194 5194 1780 5268">
    <p class='ocr_par' dir='ltr' id='par_1_51' title="bbox 194 5194 1780 5268">
     <span class='ocr_line' id='line_1_51' title="bbox 194 5194 1780 5268; baseline -0.001 -17"><span class='ocrx_word' id='word_1_376' title='bbox 194 5206 366 5251; x_wconf 87' lang='lat' dir='ltr'><strong>strum</strong></span> <span class='ocrx_word' id='word_1_377' title='bbox 387 5211 504 5250; x_wconf 89' lang='lat' dir='ltr'><strong>eam</strong></span> <span class='ocrx_word' id='word_1_378' title='bbox 524 5197 871 5251; x_wconf 84' lang='lat' dir='ltr'><strong>vastationem</strong></span> <span class='ocrx_word' id='word_1_379' title='bbox 890 5194 1182 5250; x_wconf 79' lang='lat' dir='ltr'><strong>Jerusalem</strong></span> <span class='ocrx_word' id='word_1_380' title='bbox 1210 5195 1602 5266; x_wconf 79' lang='lat' dir='ltr'><strong>intelligendam</strong></span> <span class='ocrx_word' id='word_1_381' title='bbox 1624 5207 1780 5268; x_wconf 86' lang='lat' dir='ltr'><strong>puta-</strong></span> 
     </span>
    </p>
   </div>
   <div class='ocr_carea' id='block_1_52' title="bbox 193 5287 1774 5359">
    <p class='ocr_par' dir='ltr' id='par_1_52' title="bbox 193 5287 1774 5359">
     <span class='ocr_line' id='line_1_52' title="bbox 193 5287 1774 5359; baseline 0 -17"><span class='ocrx_word' id='word_1_382' title='bbox 193 5290 364 5353; x_wconf 80' lang='lat' dir='ltr'><strong>verit,</strong></span> <span class='ocrx_word' id='word_1_383' title='bbox 393 5305 510 5359; x_wconf 84' lang='lat' dir='ltr'><strong>quae</strong></span> <span class='ocrx_word' id='word_1_384' title='bbox 533 5288 665 5343; x_wconf 65' lang='lat' dir='ltr'><strong>facta</strong></span> <span class='ocrx_word' id='word_1_385' title='bbox 693 5297 774 5343; x_wconf 83' lang='lat' dir='ltr'><strong>est</strong></span> <span class='ocrx_word' id='word_1_386' title='bbox 793 5303 822 5341; x_wconf 87' lang='lat' dir='ltr'><strong>a</strong></span> <span class='ocrx_word' id='word_1_387' title='bbox 850 5287 971 5342; x_wconf 85' lang='lat' dir='ltr'><strong>Tito</strong></span> <span class='ocrx_word' id='word_1_388' title='bbox 1002 5287 1320 5356; x_wconf 77' lang='lat' dir='ltr'><strong>imperatore</strong></span> <span class='ocrx_word' id='word_1_389' title='bbox 1352 5288 1624 5354; x_wconf 78' lang='lat' dir='ltr'><strong>Romano,</strong></span> <span class='ocrx_word' id='word_1_390' title='bbox 1656 5305 1774 5344; x_wconf 87' lang='lat' dir='ltr'><strong>cum</strong></span> 
     </span>
    </p>
   </div>
   <div class='ocr_carea' id='block_1_53' title="bbox 193 5378 1776 5449">
    <p class='ocr_par' dir='ltr' id='par_1_53' title="bbox 193 5378 1776 5449">
     <span class='ocr_line' id='line_1_53' title="bbox 193 5378 1776 5449; baseline 0.001 -15"><span class='ocrx_word' id='word_1_391' title='bbox 193 5378 302 5449; x_wconf 87' lang='lat' dir='ltr'><strong>jam</strong></span> <span class='ocrx_word' id='word_1_392' title='bbox 335 5380 586 5434; x_wconf 86' lang='lat' dir='ltr'><strong>Dominus</strong></span> <span class='ocrx_word' id='word_1_393' title='bbox 605 5380 763 5435; x_wconf 84' lang='lat' dir='ltr'><strong>.Iesus</strong></span> <span class='ocrx_word' id='word_1_394' title='bbox 809 5379 1050 5434; x_wconf 84' lang='lat' dir='ltr'><strong>Christus</strong></span> <span class='ocrx_word' id='word_1_395' title='bbox 1071 5387 1188 5448; x_wconf 91' lang='lat' dir='ltr'><strong>post</strong></span> <span class='ocrx_word' id='word_1_396' title='bbox 1235 5382 1677 5435; x_wconf 87' lang='lat' dir='ltr'><strong>resurrectionem</strong></span> <span class='ocrx_word' id='word_1_397' title='bbox 1724 5392 1776 5436; x_wconf 88' lang='lat' dir='ltr'><strong>et</strong></span> 
     </span>
    </p>
   </div>
   <div class='ocr_carea' id='block_1_54' title="bbox 192 5469 1775 5541">
    <p class='ocr_par' dir='ltr' id='par_1_54' title="bbox 192 5469 1775 5541">
     <span class='ocr_line' id='line_1_54' title="bbox 192 5469 1775 5541; baseline -0.001 -14"><span class='ocrx_word' id='word_1_398' title='bbox 192 5473 558 5528; x_wconf 84' lang='lat' dir='ltr'><strong>ascensionem</strong></span> <span class='ocrx_word' id='word_1_399' title='bbox 608 5487 757 5525; x_wconf 87' lang='lat' dir='ltr'><strong>suam</strong></span> <span class='ocrx_word' id='word_1_400' title='bbox 795 5470 1184 5541; x_wconf 66' lang='lat' dir='ltr'><strong>praedicaretur</strong></span> <span class='ocrx_word' id='word_1_401' title='bbox 1229 5470 1281 5525; x_wconf 91' lang='lat' dir='ltr'><strong>in</strong></span> <span class='ocrx_word' id='word_1_402' title='bbox 1327 5469 1617 5534; x_wconf 83' lang='lat' dir='ltr'><strong>Gentibus;</strong></span> <span class='ocrx_word' id='word_1_403' title='bbox 1671 5489 1775 5527; x_wconf 90' lang='lat' dir='ltr'><strong>non</strong></span> 
     </span>
    </p>
   </div>
   <div class='ocr_carea' id='block_1_55' title="bbox 192 5560 1775 5634">
    <p class='ocr_par' dir='ltr' id='par_1_55' title="bbox 192 5560 1775 5634">
     <span class='ocr_line' id='line_1_55' title="bbox 192 5560 1775 5634; baseline -0.001 -15"><span class='ocrx_word' id='word_1_404' title='bbox 192 5562 324 5619; x_wconf 87' lang='lat' dir='ltr'><strong>mihi</strong></span> <span class='ocrx_word' id='word_1_405' title='bbox 354 5563 586 5618; x_wconf 90' lang='lat' dir='ltr'><strong>occurrit</strong></span> <span class='ocrx_word' id='word_1_406' title='bbox 607 5561 880 5634; x_wconf 88' lang='lat' dir='ltr'><strong>quomodo</strong></span> <span class='ocrx_word' id='word_1_407' title='bbox 910 5560 1017 5616; x_wconf 90' lang='lat' dir='ltr'><strong>dici</strong></span> <span class='ocrx_word' id='word_1_408' title='bbox 1046 5561 1278 5633; x_wconf 88' lang='lat' dir='ltr'><strong>potuerit</strong></span> <span class='ocrx_word' id='word_1_409' title='bbox 1302 5562 1410 5632; x_wconf 90' lang='lat' dir='ltr'><strong>jam</strong></span> <span class='ocrx_word' id='word_1_410' title='bbox 1443 5563 1530 5618; x_wconf 88' lang='lat' dir='ltr'><strong>ille</strong></span> <span class='ocrx_word' id='word_1_411' title='bbox 1551 5565 1775 5634; x_wconf 84' lang='lat' dir='ltr'><strong>pupulus</strong></span> 
     </span>
    </p>
   </div>
   <div class='ocr_carea' id='block_1_56' title="bbox 254 5672 1379 5737">
    <p class='ocr_par' dir='ltr' id='par_1_56' title="bbox 254 5672 1379 5737">
     <span class='ocr_line' id='line_1_56' title="bbox 254 5672 1379 5737; baseline -0.001 -12"><span class='ocrx_word' id='word_1_412' title='bbox 254 5677 272 5708; x_wconf 76' lang='grc'>⁸</span> <span class='ocrx_word' id='word_1_413' title='bbox 297 5683 417 5737; x_wconf 68' lang='grc' dir='ltr'><strong>πρε</strong></span> <span class='ocrx_word' id='word_1_414' title='bbox 434 5683 565 5736; x_wconf 59' lang='lat' dir='ltr'><strong>stes,</strong></span> <span class='ocrx_word' id='word_1_415' title='bbox 581 5688 640 5726; x_wconf 87' lang='lat' dir='ltr'><strong>ne</strong></span> <span class='ocrx_word' id='word_1_416' title='bbox 655 5675 869 5737; x_wconf 82' lang='lat' dir='ltr'><strong>imitetur</strong></span> <span class='ocrx_word' id='word_1_417' title='bbox 885 5672 1260 5737; x_wconf 57' lang='lat' dir='ltr'><strong>generationem,</strong></span> <span class='ocrx_word' id='word_1_418' title='bbox 1282 5683 1379 5737; x_wconf 76' lang='lat' dir='ltr'><strong>etc.</strong></span> 
     </span>
    </p>
   </div>
   <div class='ocr_carea' id='block_1_57' title="bbox 254 5735 1370 5808">
    <p class='ocr_par' dir='ltr' id='par_1_57' title="bbox 254 5735 1370 5808">
     <span class='ocr_line' id='line_1_57' title="bbox 254 5735 1370 5808; baseline 0.002 -23"><span class='ocrx_word' id='word_1_419' title='bbox 254 5739 282 5808; x_wconf 61' lang='grc' dir='ltr'><strong>ξ</strong></span> <span class='ocrx_word' id='word_1_420' title='bbox 295 5735 464 5808; x_wconf 73' lang='lat' dir='ltr'><strong>Plures</strong></span> <span class='ocrx_word' id='word_1_421' title='bbox 475 5745 604 5796; x_wconf 74' lang='lat' dir='ltr'><strong>Mss,</strong></span> <span class='ocrx_word' id='word_1_422' title='bbox 625 5750 736 5799; x_wconf 73' lang='lat' dir='ltr'><strong>quo:</strong></span> <span class='ocrx_word' id='word_1_423' title='bbox 750 5735 989 5808; x_wconf 68' lang='lat' dir='ltr'><strong>enimth</strong></span> <span class='ocrx_word' id='word_1_424' title='bbox 1011 5738 1138 5806; x_wconf 77' lang='lat' dir='ltr'><strong>ridet</strong></span> <span class='ocrx_word' id='word_1_425' title='bbox 1159 5746 1284 5786; x_wconf 75' lang='lat' dir='ltr'><strong>Deus</strong></span> <span class='ocrx_word' id='word_1_426' title='bbox 1301 5735 1325 5787; x_wconf 84' lang='lat'><strong><em>?</em></strong></span> <span class='ocrx_word' id='word_1_427' title='bbox 1340 5797 1370 5808; x_wconf 23' lang='grc' dir='ltr'><strong>μ’</strong></span> 
     </span>
    </p>
   </div>
   <div class='ocr_carea' id='block_1_58' title="bbox 261 5799 1386 5864">
    <p class='ocr_par' dir='ltr' id='par_1_58' title="bbox 261 5799 1386 5864">
     <span class='ocr_line' id='line_1_58' title="bbox 261 5799 1386 5864; baseline 0 -16"><span class='ocrx_word' id='word_1_428' title='bbox 261 5799 579 5864; x_wconf 52' lang='lat' dir='ltr'><strong>{sicaliquot</strong></span> <span class='ocrx_word' id='word_1_429' title='bbox 735 5806 790 5864; x_wconf 66' lang='lat' dir='ltr'><strong>at</strong></span> <span class='ocrx_word' id='word_1_430' title='bbox 805 5799 937 5858; x_wconf 66' lang='grc' dir='ltr'><strong>ΡΜ..</strong></span> <span class='ocrx_word' id='word_1_431' title='bbox 964 5799 1121 5864; x_wconf 76' lang='lat' dir='ltr'><strong>specie</strong></span> <span class='ocrx_word' id='word_1_432' title='bbox 1143 5799 1386 5864; x_wconf 73' lang='lat' dir='ltr'><strong>prtvsettti.</strong></span> 
     </span>
    </p>
   </div>
   <div class='ocr_carea' id='block_1_59' title="bbox 253 5860 1754 5927">
    <p class='ocr_par' dir='ltr' id='par_1_59' title="bbox 253 5860 1754 5927">
     <span class='ocr_line' id='line_1_59' title="bbox 253 5860 1754 5927; baseline 0.001 -17"><span class='ocrx_word' id='word_1_433' title='bbox 253 5860 326 5924; x_wconf 81' lang='grc' dir='ltr'><strong>(α)</strong></span> <span class='ocrx_word' id='word_1_434' title='bbox 349 5862 444 5912; x_wconf 80' lang='lat' dir='ltr'><strong>vict</strong></span> <span class='ocrx_word' id='word_1_435' title='bbox 455 5860 610 5925; x_wconf 58' lang='grc' dir='ltr'>ἰιιοδι</span> <span class='ocrx_word' id='word_1_436' title='bbox 623 5863 896 5927; x_wconf 72' lang='lat' dir='ltr'><strong>expositum</strong></span> <span class='ocrx_word' id='word_1_437' title='bbox 914 5860 1082 5913; x_wconf 74' lang='lat' dir='ltr'><strong>t‘satm.</strong></span> <span class='ocrx_word' id='word_1_438' title='bbox 1094 5867 1292 5925; x_wconf 66' lang='lat' dir='ltr'><strong>LXXVII,</strong></span> <span class='ocrx_word' id='word_1_439' title='bbox 1305 5861 1370 5911; x_wconf 87' lang='lat' dir='ltr'><strong>de</strong></span> <span class='ocrx_word' id='word_1_440' title='bbox 1385 5860 1631 5927; x_wconf 85' lang='lat' dir='ltr'><strong>quoinfra,</strong></span> <span class='ocrx_word' id='word_1_441' title='bbox 1643 5877 1690 5914; x_wconf 75' lang='grc' dir='ltr'>ιι.</span> <span class='ocrx_word' id='word_1_442' title='bbox 1710 5861 1754 5914; x_wconf 78' lang='lat'><strong>3.</strong></span> 
     </span>
    </p>
   </div>
   <div class='ocr_carea' id='block_1_60' title="bbox 1289 365 2465 434">
    <p class='ocr_par' dir='ltr' id='par_1_60' title="bbox 1289 365 2465 434">
     <span class='ocr_line' id='line_1_60' title="bbox 1289 365 2465 434; baseline 0.011 -13"><span class='ocrx_word' id='word_1_443' title='bbox 1289 365 1681 422; x_wconf 67' lang='lat' dir='ltr'><strong>[it‘IAIiIIATIO</strong></span> <span class='ocrx_word' id='word_1_444' title='bbox 1723 366 1786 421; x_wconf 79' lang='lat' dir='ltr'><strong>IN</strong></span> <span class='ocrx_word' id='word_1_445' title='bbox 1827 366 2149 428; x_wconf 75' lang='lat' dir='ltr'><strong>PSALMUM</strong></span> <span class='ocrx_word' id='word_1_446' title='bbox 2190 375 2465 434; x_wconf 74' lang='lat' dir='ltr'><strong>LXXVIII.</strong></span> 
     </span>
    </p>
   </div>
   <div class='ocr_carea' id='block_1_61' title="bbox 3388 388 3520 442">
    <p class='ocr_par' dir='ltr' id='par_1_61' title="bbox 3388 388 3520 442">
     <span class='ocr_line' id='line_1_61' title="bbox 3388 388 3520 442; baseline -0.023 0"><span class='ocrx_word' id='word_1_447' title='bbox 3388 388 3520 442; x_wconf 83' lang='lat' dir='ltr'><strong>I&#39;OIO</strong></span> 
     </span>
    </p>
   </div>
   <div class='ocr_carea' id='block_1_62' title="bbox 1939 483 3511 576">
    <p class='ocr_par' dir='ltr' id='par_1_62' title="bbox 1939 483 3511 576">
     <span class='ocr_line' id='line_1_62' title="bbox 1939 483 3511 576; baseline 0.014 -35"><span class='ocrx_word' id='word_1_448' title='bbox 1939 483 2222 547; x_wconf 69' lang='lat' dir='ltr'><strong>[hereditas</strong></span> <span class='ocrx_word' id='word_1_449' title='bbox 2242 493 2368 559; x_wconf 91' lang='lat' dir='ltr'><strong>Dei,</strong></span> <span class='ocrx_word' id='word_1_450' title='bbox 2401 512 2503 550; x_wconf 91' lang='lat' dir='ltr'><strong>non</strong></span> <span class='ocrx_word' id='word_1_451' title='bbox 2533 506 2719 553; x_wconf 86' lang='lat' dir='ltr'><strong>tenens</strong></span> <span class='ocrx_word' id='word_1_452' title='bbox 2738 498 3007 555; x_wconf 70' lang='lat' dir='ltr'><strong>Christum</strong></span> <span class='ocrx_word' id='word_1_453' title='bbox 3031 543 3044 565; x_wconf 88' lang='lat'><strong>,</strong></span> <span class='ocrx_word' id='word_1_454' title='bbox 3087 520 3194 573; x_wconf 89' lang='lat' dir='ltr'><strong>quo</strong></span> <span class='ocrx_word' id='word_1_455' title='bbox 3226 508 3511 576; x_wconf 80' lang='lat' dir='ltr'><strong>reprobate</strong></span> 
     </span>
    </p>
   </div>
   <div class='ocr_carea' id='block_1_63' title="bbox 1934 584 3510 666">
    <p class='ocr_par' dir='ltr' id='par_1_63' title="bbox 1934 584 3510 666">
     <span class='ocr_line' id='line_1_63' title="bbox 1934 584 3510 666; baseline 0.009 -30"><span class='ocrx_word' id='word_1_456' title='bbox 1934 589 1990 636; x_wconf 90' lang='lat' dir='ltr'><strong>et</strong></span> <span class='ocrx_word' id='word_1_457' title='bbox 2014 584 2192 639; x_wconf 90' lang='lat' dir='ltr'><strong>occiso</strong></span> <span class='ocrx_word' id='word_1_458' title='bbox 2219 584 2386 640; x_wconf 88' lang='lat' dir='ltr'><strong>factus</strong></span> <span class='ocrx_word' id='word_1_459' title='bbox 2413 597 2492 642; x_wconf 89' lang='lat' dir='ltr'><strong>est</strong></span> <span class='ocrx_word' id='word_1_460' title='bbox 2533 591 2821 659; x_wconf 85' lang='lat' dir='ltr'><strong>reprobus,</strong></span> <span class='ocrx_word' id='word_1_461' title='bbox 2867 593 2958 663; x_wconf 87' lang='lat' dir='ltr'><strong>qui</strong></span> <span class='ocrx_word' id='word_1_462' title='bbox 3003 594 3057 648; x_wconf 91' lang='lat' dir='ltr'><strong>in</strong></span> <span class='ocrx_word' id='word_1_463' title='bbox 3089 611 3212 650; x_wconf 87' lang='lat' dir='ltr'><strong>eum</strong></span> <span class='ocrx_word' id='word_1_464' title='bbox 3262 611 3361 650; x_wconf 89' lang='lat' dir='ltr'><strong>nec</strong></span> <span class='ocrx_word' id='word_1_465' title='bbox 3388 610 3510 666; x_wconf 85' lang='lat' dir='ltr'><strong>post</strong></span> 
     </span>
    </p>
   </div>
   <div class='ocr_carea' id='block_1_64' title="bbox 1932 672 3518 760">
    <p class='ocr_par' dir='ltr' id='par_1_64' title="bbox 1932 672 3518 760">
     <span class='ocr_line' id='line_1_64' title="bbox 1932 672 3518 760; baseline 0.009 -33"><span class='ocrx_word' id='word_1_466' title='bbox 1932 672 2050 744; x_wconf 86' lang='lat' dir='ltr'><strong>ejus</strong></span> <span class='ocrx_word' id='word_1_467' title='bbox 2071 677 2513 734; x_wconf 86' lang='lat' dir='ltr'><strong>resurrectionem</strong></span> <span class='ocrx_word' id='word_1_468' title='bbox 2531 682 2749 736; x_wconf 81' lang='lat' dir='ltr'><strong>credere</strong></span> <span class='ocrx_word' id='word_1_469' title='bbox 2770 683 2936 741; x_wconf 80' lang='lat' dir='ltr'><strong>voluit</strong></span> <span class='ocrx_word' id='word_1_470' title='bbox 2962 727 2976 749; x_wconf 91' lang='lat'><strong>,</strong></span> <span class='ocrx_word' id='word_1_471' title='bbox 3005 695 3062 741; x_wconf 87' lang='lat' dir='ltr'><strong>et</strong></span> <span class='ocrx_word' id='word_1_472' title='bbox 3082 685 3298 757; x_wconf 89' lang='lat' dir='ltr'><strong>insuper</strong></span> <span class='ocrx_word' id='word_1_473' title='bbox 3320 698 3518 760; x_wconf 78' lang='lat' dir='ltr'><strong>marty-</strong></span> 
     </span>
    </p>
   </div>
   <div class='ocr_carea' id='block_1_65' title="bbox 1931 767 3509 851">
    <p class='ocr_par' dir='ltr' id='par_1_65' title="bbox 1931 767 3509 851">
     <span class='ocr_line' id='line_1_65' title="bbox 1931 767 3509 851; baseline 0.01 -30"><span class='ocrx_word' id='word_1_474' title='bbox 1931 781 2018 821; x_wconf 86' lang='lat' dir='ltr'><strong>res</strong></span> <span class='ocrx_word' id='word_1_475' title='bbox 2041 767 2157 838; x_wconf 84' lang='lat' dir='ltr'><strong>ejus</strong></span> <span class='ocrx_word' id='word_1_476' title='bbox 2177 770 2392 825; x_wconf 87' lang='lat' dir='ltr'><strong>occidit.</strong></span> <span class='ocrx_word' id='word_1_477' title='bbox 2413 772 2488 827; x_wconf 83' lang='lat' dir='ltr'><strong>Ex</strong></span> <span class='ocrx_word' id='word_1_478' title='bbox 2513 773 2600 828; x_wconf 92' lang='lat' dir='ltr'><strong>illo</strong></span> <span class='ocrx_word' id='word_1_479' title='bbox 2624 775 2767 828; x_wconf 89' lang='lat' dir='ltr'><strong>enim</strong></span> <span class='ocrx_word' id='word_1_480' title='bbox 2795 778 2986 845; x_wconf 83' lang='lat' dir='ltr'><strong>pepulo</strong></span> <span class='ocrx_word' id='word_1_481' title='bbox 3005 778 3168 837; x_wconf 88' lang='lat' dir='ltr'><strong>Israel</strong></span> <span class='ocrx_word' id='word_1_482' title='bbox 3189 780 3509 851; x_wconf 89' lang='lat' dir='ltr'><strong>quicumque</strong></span> 
     </span>
    </p>
   </div>
   <div class='ocr_carea' id='block_1_66' title="bbox 1931 855 3508 937">
    <p class='ocr_par' dir='ltr' id='par_1_66' title="bbox 1931 855 3508 937">
     <span class='ocr_line' id='line_1_66' title="bbox 1931 855 3508 937; baseline 0.009 -25"><span class='ocrx_word' id='word_1_483' title='bbox 1931 857 1984 912; x_wconf 90' lang='lat' dir='ltr'><strong>in</strong></span> <span class='ocrx_word' id='word_1_484' title='bbox 2004 855 2272 916; x_wconf 85' lang='lat' dir='ltr'><strong>Christum</strong></span> <span class='ocrx_word' id='word_1_485' title='bbox 2323 862 2695 932; x_wconf 88' lang='lat' dir='ltr'><strong>crediderunt,</strong></span> <span class='ocrx_word' id='word_1_486' title='bbox 2752 868 2942 937; x_wconf 88' lang='lat' dir='ltr'><strong>quibus</strong></span> <span class='ocrx_word' id='word_1_487' title='bbox 2992 868 3128 926; x_wconf 80' lang='lat' dir='ltr'><strong>facta</strong></span> <span class='ocrx_word' id='word_1_488' title='bbox 3180 883 3263 928; x_wconf 88' lang='lat' dir='ltr'><strong>est</strong></span> <span class='ocrx_word' id='word_1_489' title='bbox 3302 872 3508 928; x_wconf 84' lang='lat' dir='ltr'><strong>Christi</strong></span> 
     </span>
    </p>
   </div>
   <div class='ocr_carea' id='block_1_67' title="bbox 1930 953 3504 1029">
    <p class='ocr_par' dir='ltr' id='par_1_67' title="bbox 1930 953 3504 1029">
     <span class='ocr_line' id='line_1_67' title="bbox 1930 953 3504 1029; baseline 0.01 -23"><span class='ocrx_word' id='word_1_490' title='bbox 1930 953 2298 1020; x_wconf 65' lang='lat' dir='ltr'><strong>praesentatio,</strong></span> <span class='ocrx_word' id='word_1_491' title='bbox 2327 963 2382 1009; x_wconf 88' lang='lat' dir='ltr'><strong>et</strong></span> <span class='ocrx_word' id='word_1_492' title='bbox 2399 957 2793 1026; x_wconf 87' lang='lat' dir='ltr'><strong>quodammodo</strong></span> <span class='ocrx_word' id='word_1_493' title='bbox 2817 963 3058 1029; x_wconf 80' lang='lat' dir='ltr'><strong>promissi</strong></span> <span class='ocrx_word' id='word_1_494' title='bbox 3101 965 3329 1020; x_wconf 85' lang='lat' dir='ltr'><strong>redditio</strong></span> <span class='ocrx_word' id='word_1_495' title='bbox 3357 966 3504 1021; x_wconf 79' lang='lat' dir='ltr'><strong>saln~</strong></span> 
     </span>
    </p>
   </div>
   <div class='ocr_carea' id='block_1_68' title="bbox 1928 1042 3507 1123">
    <p class='ocr_par' dir='ltr' id='par_1_68' title="bbox 1928 1042 3507 1123">
     <span class='ocr_line' id='line_1_68' title="bbox 1928 1042 3507 1123; baseline 0.008 -25"><span class='ocrx_word' id='word_1_496' title='bbox 1928 1042 2038 1098; x_wconf 85' lang='lat' dir='ltr'><strong>bris</strong></span> <span class='ocrx_word' id='word_1_497' title='bbox 2061 1053 2222 1115; x_wconf 85' lang='lat' dir='ltr'><strong>atque</strong></span> <span class='ocrx_word' id='word_1_498' title='bbox 2243 1045 2509 1103; x_wconf 77' lang='lat' dir='ltr'><strong>fructuosa</strong></span> <span class='ocrx_word' id='word_1_499' title='bbox 2529 1089 2543 1112; x_wconf 92' lang='lat'><strong>,</strong></span> <span class='ocrx_word' id='word_1_500' title='bbox 2576 1048 2645 1105; x_wconf 90' lang='lat' dir='ltr'><strong>de</strong></span> <span class='ocrx_word' id='word_1_501' title='bbox 2687 1051 2881 1121; x_wconf 83' lang='lat' dir='ltr'><strong>quibus</strong></span> <span class='ocrx_word' id='word_1_502' title='bbox 2906 1063 2959 1107; x_wconf 89' lang='lat' dir='ltr'><strong>et</strong></span> <span class='ocrx_word' id='word_1_503' title='bbox 2986 1055 3100 1123; x_wconf 88' lang='lat' dir='ltr'><strong>ipse</strong></span> <span class='ocrx_word' id='word_1_504' title='bbox 3125 1055 3379 1110; x_wconf 81' lang='lat' dir='ltr'><strong>Dominus</strong></span> <span class='ocrx_word' id='word_1_505' title='bbox 3425 1056 3507 1111; x_wconf 85' lang='lat' dir='ltr'><strong>di-</strong></span> 
     </span>
    </p>
   </div>
   <div class='ocr_carea' id='block_1_69' title="bbox 1925 1137 3508 1218">
    <p class='ocr_par' dir='ltr' id='par_1_69' title="bbox 1925 1137 3508 1218">
     <span class='ocr_line' id='line_1_69' title="bbox 1925 1137 3508 1218; baseline 0.008 -27"><span class='ocrx_word' id='word_1_506' title='bbox 1925 1137 1999 1192; x_wconf 86' lang='lat' dir='ltr'><strong>cit</strong></span> <span class='ocrx_word' id='word_1_507' title='bbox 2021 1180 2036 1204; x_wconf 96' lang='lat'><strong>,</strong></span> <span class='ocrx_word' id='word_1_508' title='bbox 2066 1137 2185 1192; x_wconf 86' lang='lat' dir='ltr'><strong>Non</strong></span> <span class='ocrx_word' id='word_1_509' title='bbox 2207 1157 2316 1194; x_wconf 86' lang='lat' dir='ltr'><strong>sum</strong></span> <span class='ocrx_word' id='word_1_510' title='bbox 2341 1142 2521 1197; x_wconf 83' lang='lat' dir='ltr'><strong>missus</strong></span> <span class='ocrx_word' id='word_1_511' title='bbox 2554 1145 2649 1198; x_wconf 85' lang='lat' dir='ltr'><strong>nisi</strong></span> <span class='ocrx_word' id='word_1_512' title='bbox 2671 1144 2740 1197; x_wconf 81' lang='lat' dir='ltr'><strong>ad</strong></span> <span class='ocrx_word' id='word_1_513' title='bbox 2768 1161 2880 1199; x_wconf 81' lang='lat' dir='ltr'><strong>oves</strong></span> <span class='ocrx_word' id='word_1_514' title='bbox 2907 1162 3021 1218; x_wconf 78' lang='lat' dir='ltr'><strong>qua:</strong></span> <span class='ocrx_word' id='word_1_515' title='bbox 3044 1148 3298 1216; x_wconf 75' lang='lat' dir='ltr'><strong>perierunt</strong></span> <span class='ocrx_word' id='word_1_516' title='bbox 3325 1150 3508 1203; x_wconf 77' lang='lat' dir='ltr'><strong>donius</strong></span> 
     </span>
    </p>
   </div>
   <div class='ocr_carea' id='block_1_70' title="bbox 1926 1229 3506 1311">
    <p class='ocr_par' dir='ltr' id='par_1_70' title="bbox 1926 1229 3506 1311">
     <span class='ocr_line' id='line_1_70' title="bbox 1926 1229 3506 1311; baseline 0.007 -27"><span class='ocrx_word' id='word_1_517' title='bbox 1926 1229 2092 1286; x_wconf 76' lang='lat' dir='ltr'><strong>Israel</strong></span> <span class='ocrx_word' id='word_1_518' title='bbox 2116 1232 2326 1303; x_wconf 69' lang='lat' dir='ltr'><strong>(Matth.</strong></span> <span class='ocrx_word' id='word_1_519' title='bbox 2359 1251 2458 1296; x_wconf 80' lang='lat' dir='ltr'><strong>xv,</strong></span> <span class='ocrx_word' id='word_1_520' title='bbox 2489 1237 2613 1307; x_wconf 62' lang='lat'><strong>24),</strong></span> <span class='ocrx_word' id='word_1_521' title='bbox 2653 1238 2749 1304; x_wconf 84' lang='lat' dir='ltr'><strong>ipsi</strong></span> <span class='ocrx_word' id='word_1_522' title='bbox 2776 1254 2842 1292; x_wconf 74' lang='lat' dir='ltr'><strong>ex</strong></span> <span class='ocrx_word' id='word_1_523' title='bbox 2877 1239 2982 1292; x_wconf 84' lang='lat' dir='ltr'><strong>illis</strong></span> <span class='ocrx_word' id='word_1_524' title='bbox 3005 1252 3122 1294; x_wconf 83' lang='lat' dir='ltr'><strong>sunt</strong></span> <span class='ocrx_word' id='word_1_525' title='bbox 3147 1239 3246 1310; x_wconf 80' lang='lat' dir='ltr'><strong>[ilii</strong></span> <span class='ocrx_word' id='word_1_526' title='bbox 3287 1244 3506 1311; x_wconf 79' lang='lat' dir='ltr'><strong>promis-</strong></span> 
     </span>
    </p>
   </div>
   <div class='ocr_carea' id='block_1_71' title="bbox 1921 1322 3506 1400">
    <p class='ocr_par' dir='ltr' id='par_1_71' title="bbox 1921 1322 3506 1400">
     <span class='ocr_line' id='line_1_71' title="bbox 1921 1322 3506 1400; baseline 0.008 -25"><span class='ocrx_word' id='word_1_527' title='bbox 1921 1322 2112 1389; x_wconf 86' lang='lat' dir='ltr'><strong>sionis,</strong></span> <span class='ocrx_word' id='word_1_528' title='bbox 2145 1324 2243 1393; x_wconf 90' lang='lat' dir='ltr'><strong>ipsi</strong></span> <span class='ocrx_word' id='word_1_529' title='bbox 2289 1327 2597 1394; x_wconf 84' lang='lat' dir='ltr'><strong>deputantur</strong></span> <span class='ocrx_word' id='word_1_530' title='bbox 2629 1327 2683 1381; x_wconf 89' lang='lat' dir='ltr'><strong>in</strong></span> <span class='ocrx_word' id='word_1_531' title='bbox 2712 1329 2899 1382; x_wconf 85' lang='lat' dir='ltr'><strong>semine</strong></span> <span class='ocrx_word' id='word_1_532' title='bbox 2925 1328 3103 1399; x_wconf 83' lang='lat' dir='ltr'><strong>(Rom.</strong></span> <span class='ocrx_word' id='word_1_533' title='bbox 3146 1347 3199 1385; x_wconf 73' lang='grc' dir='ltr'><strong>ιχ</strong></span> <span class='ocrx_word' id='word_1_534' title='bbox 3224 1374 3237 1394; x_wconf 87' lang='grc'>,</span> <span class='ocrx_word' id='word_1_535' title='bbox 3270 1332 3359 1400; x_wconf 87' lang='grc'><strong>8),</strong></span> <span class='ocrx_word' id='word_1_536' title='bbox 3409 1336 3506 1400; x_wconf 88' lang='lat' dir='ltr'><strong>ipsi</strong></span> 
     </span>
    </p>
   </div>
   <div class='ocr_carea' id='block_1_72' title="bbox 1921 1417 3502 1493">
    <p class='ocr_par' dir='ltr' id='par_1_72' title="bbox 1921 1417 3502 1493">
     <span class='ocr_line' id='line_1_72' title="bbox 1921 1417 3502 1493; baseline 0.006 -23"><span class='ocrx_word' id='word_1_537' title='bbox 1921 1417 2189 1486; x_wconf 89' lang='lat' dir='ltr'><strong>pertinent</strong></span> <span class='ocrx_word' id='word_1_538' title='bbox 2233 1417 2298 1471; x_wconf 89' lang='lat' dir='ltr'><strong>ad</strong></span> <span class='ocrx_word' id='word_1_539' title='bbox 2343 1417 2706 1474; x_wconf 64' lang='lat' dir='ltr'><strong>hereditatem</strong></span> <span class='ocrx_word' id='word_1_540' title='bbox 2765 1420 2875 1475; x_wconf 88' lang='lat' dir='ltr'><strong>Dei.</strong></span> <span class='ocrx_word' id='word_1_541' title='bbox 2932 1420 3065 1475; x_wconf 91' lang='lat' dir='ltr'><strong>llinc</strong></span> <span class='ocrx_word' id='word_1_542' title='bbox 3107 1433 3233 1478; x_wconf 90' lang='lat' dir='ltr'><strong>sunt</strong></span> <span class='ocrx_word' id='word_1_543' title='bbox 3263 1422 3502 1493; x_wconf 72' lang='lat' dir='ltr'><strong>Ioseph,</strong></span> 
     </span>
    </p>
   </div>
   <div class='ocr_carea' id='block_1_73' title="bbox 1920 1506 3504 1582">
    <p class='ocr_par' dir='ltr' id='par_1_73' title="bbox 1920 1506 3504 1582">
     <span class='ocr_line' id='line_1_73' title="bbox 1920 1506 3504 1582; baseline 0.007 -23"><span class='ocrx_word' id='word_1_544' title='bbox 1920 1506 2081 1563; x_wconf 92' lang='lat' dir='ltr'><strong>homo</strong></span> <span class='ocrx_word' id='word_1_545' title='bbox 2119 1509 2330 1578; x_wconf 87' lang='lat' dir='ltr'><strong>justus,</strong></span> <span class='ocrx_word' id='word_1_546' title='bbox 2371 1521 2426 1565; x_wconf 90' lang='lat' dir='ltr'><strong>et</strong></span> <span class='ocrx_word' id='word_1_547' title='bbox 2468 1513 2614 1581; x_wconf 75' lang='lat' dir='ltr'><strong>virgo</strong></span> <span class='ocrx_word' id='word_1_548' title='bbox 2651 1511 2810 1566; x_wconf 81' lang='lat' dir='ltr'><strong>Maria</strong></span> <span class='ocrx_word' id='word_1_549' title='bbox 2832 1528 2950 1582; x_wconf 71' lang='lat' dir='ltr'><strong>quae</strong></span> <span class='ocrx_word' id='word_1_550' title='bbox 2981 1514 3188 1582; x_wconf 85' lang='lat' dir='ltr'><strong>peperit</strong></span> <span class='ocrx_word' id='word_1_551' title='bbox 3231 1511 3504 1570; x_wconf 84' lang='lat' dir='ltr'><strong>Christum</strong></span> 
     </span>
    </p>
   </div>
   <div class='ocr_carea' id='block_1_74' title="bbox 1919 1598 3499 1676">
    <p class='ocr_par' dir='ltr' id='par_1_74' title="bbox 1919 1598 3499 1676">
     <span class='ocr_line' id='line_1_74' title="bbox 1919 1598 3499 1676; baseline 0.005 -24"><span class='ocrx_word' id='word_1_552' title='bbox 1919 1598 2132 1670; x_wconf 77' lang='lat' dir='ltr'><strong>(Matth.</strong></span> <span class='ocrx_word' id='word_1_553' title='bbox 2155 1617 2192 1665; x_wconf 86' lang='grc' dir='ltr'>ι,</span> <span class='ocrx_word' id='word_1_554' title='bbox 2217 1600 2345 1676; x_wconf 76' lang='grc'><strong>16);</strong></span> <span class='ocrx_word' id='word_1_555' title='bbox 2377 1601 2501 1658; x_wconf 90' lang='lat' dir='ltr'><strong>hinc</strong></span> <span class='ocrx_word' id='word_1_556' title='bbox 2527 1603 2763 1660; x_wconf 82' lang='lat' dir='ltr'><strong>Joannes</strong></span> <span class='ocrx_word' id='word_1_557' title='bbox 2790 1605 3044 1674; x_wconf 83' lang='lat' dir='ltr'><strong>Baptista,</strong></span> <span class='ocrx_word' id='word_1_558' title='bbox 3063 1605 3266 1661; x_wconf 90' lang='lat' dir='ltr'><strong>amicus</strong></span> <span class='ocrx_word' id='word_1_559' title='bbox 3291 1606 3499 1676; x_wconf 85' lang='lat' dir='ltr'><strong>sponsi,</strong></span> 
     </span>
    </p>
   </div>
   <div class='ocr_carea' id='block_1_75' title="bbox 1917 1693 3496 1771">
    <p class='ocr_par' dir='ltr' id='par_1_75' title="bbox 1917 1693 3496 1771">
     <span class='ocr_line' id='line_1_75' title="bbox 1917 1693 3496 1771; baseline 0.004 -24"><span class='ocrx_word' id='word_1_560' title='bbox 1917 1701 1973 1748; x_wconf 87' lang='lat' dir='ltr'><strong>et</strong></span> <span class='ocrx_word' id='word_1_561' title='bbox 1992 1701 2242 1764; x_wconf 85' lang='lat' dir='ltr'><strong>parentes</strong></span> <span class='ocrx_word' id='word_1_562' title='bbox 2261 1693 2379 1764; x_wconf 83' lang='lat' dir='ltr'><strong>ejus</strong></span> <span class='ocrx_word' id='word_1_563' title='bbox 2413 1693 2701 1750; x_wconf 86' lang='lat' dir='ltr'><strong>Zacharias</strong></span> <span class='ocrx_word' id='word_1_564' title='bbox 2727 1705 2783 1750; x_wconf 85' lang='lat' dir='ltr'><strong>et</strong></span> <span class='ocrx_word' id='word_1_565' title='bbox 2823 1696 3096 1753; x_wconf 82' lang='lat' dir='ltr'><strong>Elizabetb</strong></span> <span class='ocrx_word' id='word_1_566' title='bbox 3128 1695 3275 1766; x_wconf 81' lang='lat' dir='ltr'><strong>(Luc.</strong></span> <span class='ocrx_word' id='word_1_567' title='bbox 3302 1713 3354 1766; x_wconf 86' lang='grc' dir='ltr'>ι,</span> <span class='ocrx_word' id='word_1_568' title='bbox 3397 1697 3455 1771; x_wconf 81' lang='lat'><strong>5)</strong></span> <span class='ocrx_word' id='word_1_569' title='bbox 3482 1717 3496 1754; x_wconf 89' lang='lat'><strong>:</strong></span> 
     </span>
    </p>
   </div>
   <div class='ocr_carea' id='block_1_76' title="bbox 1917 1782 3494 1860">
    <p class='ocr_par' dir='ltr' id='par_1_76' title="bbox 1917 1782 3494 1860">
     <span class='ocr_line' id='line_1_76' title="bbox 1917 1782 3494 1860; baseline 0.006 -22"><span class='ocrx_word' id='word_1_570' title='bbox 1917 1782 2040 1840; x_wconf 83' lang='lat' dir='ltr'><strong>hinc</strong></span> <span class='ocrx_word' id='word_1_571' title='bbox 2069 1784 2285 1841; x_wconf 87' lang='lat' dir='ltr'><strong>Simeon</strong></span> <span class='ocrx_word' id='word_1_572' title='bbox 2315 1801 2478 1842; x_wconf 81' lang='lat' dir='ltr'><strong>senes</strong></span> <span class='ocrx_word' id='word_1_573' title='bbox 2507 1797 2561 1843; x_wconf 91' lang='lat' dir='ltr'><strong>et</strong></span> <span class='ocrx_word' id='word_1_574' title='bbox 2581 1786 2734 1843; x_wconf 80' lang='lat' dir='ltr'><strong>Anna</strong></span> <span class='ocrx_word' id='word_1_575' title='bbox 2762 1787 2942 1857; x_wconf 83' lang='lat' dir='ltr'><strong>vidua,</strong></span> <span class='ocrx_word' id='word_1_576' title='bbox 2971 1790 3064 1860; x_wconf 90' lang='lat' dir='ltr'><strong>qui</strong></span> <span class='ocrx_word' id='word_1_577' title='bbox 3094 1789 3365 1846; x_wconf 78' lang='lat' dir='ltr'><strong>Christum</strong></span> <span class='ocrx_word' id='word_1_578' title='bbox 3387 1807 3494 1847; x_wconf 90' lang='lat' dir='ltr'><strong>non</strong></span> 
     </span>
    </p>
   </div>
   <div class='ocr_carea' id='block_1_77' title="bbox 1914 1876 3497 1952">
    <p class='ocr_par' dir='ltr' id='par_1_77' title="bbox 1914 1876 3497 1952">
     <span class='ocr_line' id='line_1_77' title="bbox 1914 1876 3497 1952; baseline 0.005 -20"><span class='ocrx_word' id='word_1_579' title='bbox 1914 1876 2217 1947; x_wconf 85' lang='lat' dir='ltr'><strong>loquentem</strong></span> <span class='ocrx_word' id='word_1_580' title='bbox 2242 1893 2401 1934; x_wconf 89' lang='lat' dir='ltr'><strong>sensu</strong></span> <span class='ocrx_word' id='word_1_581' title='bbox 2446 1881 2688 1952; x_wconf 90' lang='lat' dir='ltr'><strong>corporis</strong></span> <span class='ocrx_word' id='word_1_582' title='bbox 2733 1881 3047 1948; x_wconf 85' lang='lat' dir='ltr'><strong>audierunt;</strong></span> <span class='ocrx_word' id='word_1_583' title='bbox 3073 1884 3168 1939; x_wconf 85' lang='lat' dir='ltr'><strong>sed</strong></span> <span class='ocrx_word' id='word_1_584' title='bbox 3204 1882 3381 1940; x_wconf 86' lang='lat' dir='ltr'><strong>adhuc</strong></span> <span class='ocrx_word' id='word_1_585' title='bbox 3410 1885 3497 1940; x_wconf 88' lang='lat' dir='ltr'><strong>iu-</strong></span> 
     </span>
    </p>
   </div>
   <div class='ocr_carea' id='block_1_78' title="bbox 1912 1966 3494 2048">
    <p class='ocr_par' dir='ltr' id='par_1_78' title="bbox 1912 1966 3494 2048">
     <span class='ocr_line' id='line_1_78' title="bbox 1912 1966 3494 2048; baseline 0.008 -25"><span class='ocrx_word' id='word_1_586' title='bbox 1912 1966 2114 2025; x_wconf 87' lang='lat' dir='ltr'><strong>fantem</strong></span> <span class='ocrx_word' id='word_1_587' title='bbox 2141 1985 2246 2026; x_wconf 92' lang='lat' dir='ltr'><strong>non</strong></span> <span class='ocrx_word' id='word_1_588' title='bbox 2278 1971 2582 2043; x_wconf 88' lang='lat' dir='ltr'><strong>loquentem</strong></span> <span class='ocrx_word' id='word_1_589' title='bbox 2603 2013 2619 2038; x_wconf 98' lang='lat'><strong>,</strong></span> <span class='ocrx_word' id='word_1_590' title='bbox 2641 1974 2830 2043; x_wconf 77' lang='lat' dir='ltr'><strong>spiritu</strong></span> <span class='ocrx_word' id='word_1_591' title='bbox 2859 1987 3228 2046; x_wconf 89' lang='lat' dir='ltr'><strong>cognoverunt</strong></span> <span class='ocrx_word' id='word_1_592' title='bbox 3257 1976 3368 2048; x_wconf 91' lang='lat' dir='ltr'><strong>(Id.</strong></span> <span class='ocrx_word' id='word_1_593' title='bbox 3414 1993 3450 2034; x_wconf 84' lang='grc' dir='ltr'><strong>ιι</strong></span> <span class='ocrx_word' id='word_1_594' title='bbox 3479 2021 3494 2047; x_wconf 89' lang='grc'><strong><em>,</em></strong></span> 
     </span>
    </p>
   </div>
   <div class='ocr_carea' id='block_1_79' title="bbox 1911 2057 3495 2138">
    <p class='ocr_par' dir='ltr' id='par_1_79' title="bbox 1911 2057 3495 2138">
     <span class='ocr_line' id='line_1_79' title="bbox 1911 2057 3495 2138; baseline 0.008 -24"><span class='ocrx_word' id='word_1_595' title='bbox 1911 2057 1986 2116; x_wconf 75' lang='grc'><strong>25</strong></span> <span class='ocrx_word' id='word_1_596' title='bbox 2009 2102 2024 2128; x_wconf 87' lang='grc'><strong><em>,</em></strong></span> <span class='ocrx_word' id='word_1_597' title='bbox 2063 2061 2203 2134; x_wconf 79' lang='lat'><strong>36):</strong></span> <span class='ocrx_word' id='word_1_598' title='bbox 2255 2062 2380 2120; x_wconf 89' lang='lat' dir='ltr'><strong>hinc</strong></span> <span class='ocrx_word' id='word_1_599' title='bbox 2419 2063 2559 2120; x_wconf 85' lang='lat' dir='ltr'><strong>beati</strong></span> <span class='ocrx_word' id='word_1_600' title='bbox 2612 2067 2855 2138; x_wconf 84' lang='lat' dir='ltr'><strong>Apostoli</strong></span> <span class='ocrx_word' id='word_1_601' title='bbox 2891 2084 2905 2119; x_wconf 91' lang='lat'><strong>:</strong></span> <span class='ocrx_word' id='word_1_602' title='bbox 2957 2068 3080 2124; x_wconf 90' lang='lat' dir='ltr'><strong>hinc</strong></span> <span class='ocrx_word' id='word_1_603' title='bbox 3107 2069 3395 2126; x_wconf 86' lang='lat' dir='ltr'><strong>Natbanael</strong></span> <span class='ocrx_word' id='word_1_604' title='bbox 3441 2072 3495 2127; x_wconf 92' lang='lat' dir='ltr'><strong>in</strong></span> 
     </span>
    </p>
   </div>
   <div class='ocr_carea' id='block_1_80' title="bbox 1911 2154 3491 2236">
    <p class='ocr_par' dir='ltr' id='par_1_80' title="bbox 1911 2154 3491 2236">
     <span class='ocr_line' id='line_1_80' title="bbox 1911 2154 3491 2236; baseline 0.008 -28"><span class='ocrx_word' id='word_1_605' title='bbox 1911 2170 2018 2224; x_wconf 92' lang='lat' dir='ltr'><strong>quo</strong></span> <span class='ocrx_word' id='word_1_606' title='bbox 2037 2154 2191 2211; x_wconf 91' lang='lat' dir='ltr'><strong>dolus</strong></span> <span class='ocrx_word' id='word_1_607' title='bbox 2220 2171 2324 2213; x_wconf 90' lang='lat' dir='ltr'><strong>nou</strong></span> <span class='ocrx_word' id='word_1_608' title='bbox 2351 2168 2467 2213; x_wconf 85' lang='lat' dir='ltr'><strong>erat</strong></span> <span class='ocrx_word' id='word_1_609' title='bbox 2491 2157 2672 2232; x_wconf 79' lang='lat' dir='ltr'><strong>(Joan.</strong></span> <span class='ocrx_word' id='word_1_610' title='bbox 2725 2176 2772 2226; x_wconf 86' lang='grc' dir='ltr'>ι,</span> <span class='ocrx_word' id='word_1_611' title='bbox 2815 2160 2906 2233; x_wconf 70' lang='grc'><strong>47)</strong></span> <span class='ocrx_word' id='word_1_612' title='bbox 2933 2180 2946 2216; x_wconf 81' lang='lat' dir='ltr'><strong><em>z</em></strong></span> <span class='ocrx_word' id='word_1_613' title='bbox 2981 2161 3105 2218; x_wconf 84' lang='lat' dir='ltr'><strong>hinc</strong></span> <span class='ocrx_word' id='word_1_614' title='bbox 3130 2164 3267 2220; x_wconf 87' lang='lat' dir='ltr'><strong>alius</strong></span> <span class='ocrx_word' id='word_1_615' title='bbox 3289 2164 3491 2236; x_wconf 72' lang='lat' dir='ltr'><strong>Ioseph</strong></span> 
     </span>
    </p>
   </div>
   <div class='ocr_carea' id='block_1_81' title="bbox 1910 2247 3492 2328">
    <p class='ocr_par' dir='ltr' id='par_1_81' title="bbox 1910 2247 3492 2328">
     <span class='ocr_line' id='line_1_81' title="bbox 1910 2247 3492 2328; baseline 0.008 -30"><span class='ocrx_word' id='word_1_616' title='bbox 1910 2247 1999 2317; x_wconf 88' lang='lat' dir='ltr'><strong>qui</strong></span> <span class='ocrx_word' id='word_1_617' title='bbox 2025 2249 2369 2319; x_wconf 81' lang='lat' dir='ltr'><strong>exspectabat</strong></span> <span class='ocrx_word' id='word_1_618' title='bbox 2395 2251 2556 2305; x_wconf 88' lang='lat' dir='ltr'><strong>etiam</strong></span> <span class='ocrx_word' id='word_1_619' title='bbox 2580 2253 2692 2322; x_wconf 89' lang='lat' dir='ltr'><strong>ipse</strong></span> <span class='ocrx_word' id='word_1_620' title='bbox 2714 2266 2934 2323; x_wconf 73' lang='lat' dir='ltr'><strong>regnum</strong></span> <span class='ocrx_word' id='word_1_621' title='bbox 2967 2253 3057 2308; x_wconf 90' lang='lat' dir='ltr'><strong>Dei</strong></span> <span class='ocrx_word' id='word_1_622' title='bbox 3089 2251 3200 2328; x_wconf 86' lang='lat' dir='ltr'><strong>(Id.</strong></span> <span class='ocrx_word' id='word_1_623' title='bbox 3232 2271 3354 2322; x_wconf 78' lang='lat' dir='ltr'><strong>sis,</strong></span> <span class='ocrx_word' id='word_1_624' title='bbox 3388 2256 3492 2321; x_wconf 75' lang='lat'><strong>58,</strong></span> 
     </span>
    </p>
   </div>
   <div class='ocr_carea' id='block_1_82' title="bbox 1907 2337 3493 2418">
    <p class='ocr_par' dir='ltr' id='par_1_82' title="bbox 1907 2337 3493 2418">
     <span class='ocr_line' id='line_1_82' title="bbox 1907 2337 3493 2418; baseline 0.004 -26"><span class='ocrx_word' id='word_1_625' title='bbox 1907 2348 1955 2393; x_wconf 84' lang='lat' dir='ltr'><strong>et</strong></span> <span class='ocrx_word' id='word_1_626' title='bbox 1992 2337 2121 2393; x_wconf 85' lang='lat' dir='ltr'><strong>Luc.</strong></span> <span class='ocrx_word' id='word_1_627' title='bbox 2175 2357 2334 2408; x_wconf 67' lang='grc' dir='ltr'>χχιιι,</span> <span class='ocrx_word' id='word_1_628' title='bbox 2380 2342 2516 2416; x_wconf 77' lang='lat' dir='ltr'><strong>5i):</strong></span> <span class='ocrx_word' id='word_1_629' title='bbox 2568 2343 2691 2400; x_wconf 90' lang='lat' dir='ltr'><strong>hinc</strong></span> <span class='ocrx_word' id='word_1_630' title='bbox 2733 2352 2875 2399; x_wconf 86' lang='lat' dir='ltr'><strong>tanta</strong></span> <span class='ocrx_word' id='word_1_631' title='bbox 2924 2345 3014 2400; x_wconf 78' lang='lat' dir='ltr'><strong>illa</strong></span> <span class='ocrx_word' id='word_1_632' title='bbox 3062 2347 3346 2401; x_wconf 89' lang='lat' dir='ltr'><strong>multitudo</strong></span> <span class='ocrx_word' id='word_1_633' title='bbox 3375 2365 3493 2418; x_wconf 81' lang='lat' dir='ltr'><strong>qua:</strong></span> 
     </span>
    </p>
   </div>
   <div class='ocr_carea' id='block_1_83' title="bbox 1909 2431 3486 2505">
    <p class='ocr_par' dir='ltr' id='par_1_83' title="bbox 1909 2431 3486 2505">
     <span class='ocr_line' id='line_1_83' title="bbox 1909 2431 3486 2505; baseline 0.006 -21"><span class='ocrx_word' id='word_1_634' title='bbox 1909 2431 2242 2499; x_wconf 57' lang='lat' dir='ltr'><strong>praecedebat</strong></span> <span class='ocrx_word' id='word_1_635' title='bbox 2295 2441 2349 2487; x_wconf 89' lang='lat' dir='ltr'><strong>et</strong></span> <span class='ocrx_word' id='word_1_636' title='bbox 2387 2434 2706 2503; x_wconf 83' lang='lat' dir='ltr'><strong>sequebatur</strong></span> <span class='ocrx_word' id='word_1_637' title='bbox 2721 2434 3019 2504; x_wconf 83' lang='lat' dir='ltr'><strong>jumentuin</strong></span> <span class='ocrx_word' id='word_1_638' title='bbox 3049 2437 3165 2505; x_wconf 88' lang='lat' dir='ltr'><strong>ejus</strong></span> <span class='ocrx_word' id='word_1_639' title='bbox 3187 2478 3205 2502; x_wconf 89' lang='lat'><strong>,</strong></span> <span class='ocrx_word' id='word_1_640' title='bbox 3256 2437 3441 2494; x_wconf 78' lang='lat' dir='ltr'><strong>dicens</strong></span> <span class='ocrx_word' id='word_1_641' title='bbox 3472 2482 3486 2503; x_wconf 93' lang='lat'><strong>,</strong></span> 
     </span>
    </p>
   </div>
   <div class='ocr_carea' id='block_1_84' title="bbox 1906 2519 3488 2601">
    <p class='ocr_par' dir='ltr' id='par_1_84' title="bbox 1906 2519 3488 2601">
     <span class='ocr_line' id='line_1_84' title="bbox 1906 2519 3488 2601; baseline 0.005 -27"><span class='ocrx_word' id='word_1_642' title='bbox 1906 2519 2208 2576; x_wconf 83' lang='lat' dir='ltr'><strong>Benedictus</strong></span> <span class='ocrx_word' id='word_1_643' title='bbox 2233 2524 2318 2595; x_wconf 86' lang='lat' dir='ltr'><strong>qui</strong></span> <span class='ocrx_word' id='word_1_644' title='bbox 2337 2527 2465 2578; x_wconf 73' lang='lat' dir='ltr'><strong>venit</strong></span> <span class='ocrx_word' id='word_1_645' title='bbox 2486 2525 2538 2578; x_wconf 80' lang='lat' dir='ltr'><strong>in</strong></span> <span class='ocrx_word' id='word_1_646' title='bbox 2563 2526 2764 2579; x_wconf 80' lang='lat' dir='ltr'><strong>nomine</strong></span> <span class='ocrx_word' id='word_1_647' title='bbox 2790 2525 2996 2581; x_wconf 86' lang='lat' dir='ltr'><strong>Domini</strong></span> <span class='ocrx_word' id='word_1_648' title='bbox 3016 2527 3227 2601; x_wconf 77' lang='lat' dir='ltr'><strong>(Matth.</strong></span> <span class='ocrx_word' id='word_1_649' title='bbox 3244 2545 3334 2584; x_wconf 67' lang='grc' dir='ltr'><strong>ιιι</strong></span> <span class='ocrx_word' id='word_1_650' title='bbox 3351 2573 3365 2596; x_wconf 89' lang='grc'>,</span> <span class='ocrx_word' id='word_1_651' title='bbox 3396 2532 3488 2601; x_wconf 87' lang='lat'><strong>9);</strong></span> 
     </span>
    </p>
   </div>
   <div class='ocr_carea' id='block_1_85' title="bbox 1905 2612 3492 2692">
    <p class='ocr_par' dir='ltr' id='par_1_85' title="bbox 1905 2612 3492 2692">
     <span class='ocr_line' id='line_1_85' title="bbox 1905 2612 3492 2692; baseline 0.009 -26"><span class='ocrx_word' id='word_1_652' title='bbox 1905 2612 1958 2667; x_wconf 89' lang='lat' dir='ltr'><strong>in</strong></span> <span class='ocrx_word' id='word_1_653' title='bbox 1988 2629 2090 2684; x_wconf 87' lang='lat' dir='ltr'><strong>qua</strong></span> <span class='ocrx_word' id='word_1_654' title='bbox 2121 2624 2233 2669; x_wconf 84' lang='lat' dir='ltr'><strong>erat</strong></span> <span class='ocrx_word' id='word_1_655' title='bbox 2255 2626 2309 2670; x_wconf 90' lang='lat' dir='ltr'><strong>ct</strong></span> <span class='ocrx_word' id='word_1_656' title='bbox 2333 2620 2676 2688; x_wconf 74' lang='lat' dir='ltr'><strong>congregatio</strong></span> <span class='ocrx_word' id='word_1_657' title='bbox 2722 2635 3011 2689; x_wconf 84' lang='lat' dir='ltr'><strong>puerorum</strong></span> <span class='ocrx_word' id='word_1_658' title='bbox 3055 2622 3105 2674; x_wconf 91' lang='lat' dir='ltr'><strong>in</strong></span> <span class='ocrx_word' id='word_1_659' title='bbox 3138 2623 3332 2692; x_wconf 88' lang='lat' dir='ltr'><strong>quibus</strong></span> <span class='ocrx_word' id='word_1_660' title='bbox 3357 2625 3492 2680; x_wconf 82' lang='lat' dir='ltr'><strong>dixit</strong></span> 
     </span>
    </p>
   </div>
   <div class='ocr_carea' id='block_1_86' title="bbox 1903 2702 3490 2786">
    <p class='ocr_par' dir='ltr' id='par_1_86' title="bbox 1903 2702 3490 2786">
     <span class='ocr_line' id='line_1_86' title="bbox 1903 2702 3490 2786; baseline 0.008 -28"><span class='ocrx_word' id='word_1_661' title='bbox 1903 2702 2214 2774; x_wconf 85' lang='lat' dir='ltr'><strong>Impletnm,</strong></span> <span class='ocrx_word' id='word_1_662' title='bbox 2267 2704 2351 2761; x_wconf 74' lang='lat' dir='ltr'><strong>Ex</strong></span> <span class='ocrx_word' id='word_1_663' title='bbox 2379 2724 2466 2761; x_wconf 83' lang='lat' dir='ltr'><strong>ore</strong></span> <span class='ocrx_word' id='word_1_664' title='bbox 2499 2710 2774 2779; x_wconf 77' lang='lat' dir='ltr'><strong>infantium</strong></span> <span class='ocrx_word' id='word_1_665' title='bbox 2812 2721 2858 2762; x_wconf 82' lang='lat' dir='ltr'><strong>ct</strong></span> <span class='ocrx_word' id='word_1_666' title='bbox 2899 2711 3187 2766; x_wconf 64' lang='lat' dir='ltr'><strong>luctantium</strong></span> <span class='ocrx_word' id='word_1_667' title='bbox 3235 2717 3490 2786; x_wconf 76' lang='lat' dir='ltr'><strong>perfecisti</strong></span> 
     </span>
    </p>
   </div>
   <div class='ocr_carea' id='block_1_87' title="bbox 1903 2795 3488 2878">
    <p class='ocr_par' dir='ltr' id='par_1_87' title="bbox 1903 2795 3488 2878">
     <span class='ocr_line' id='line_1_87' title="bbox 1903 2795 3488 2878; baseline 0.01 -30"><span class='ocrx_word' id='word_1_668' title='bbox 1903 2795 2104 2850; x_wconf 80' lang='lat' dir='ltr'><strong>tandem</strong></span> <span class='ocrx_word' id='word_1_669' title='bbox 2127 2796 2295 2870; x_wconf 85' lang='lat' dir='ltr'><strong>(Psal.</strong></span> <span class='ocrx_word' id='word_1_670' title='bbox 2331 2814 2421 2854; x_wconf 85' lang='lat' dir='ltr'><strong>vni</strong></span> <span class='ocrx_word' id='word_1_671' title='bbox 2445 2839 2461 2865; x_wconf 93' lang='lat'><strong>,</strong></span> <span class='ocrx_word' id='word_1_672' title='bbox 2489 2800 2568 2873; x_wconf 77' lang='grc'><strong>5).</strong></span> <span class='ocrx_word' id='word_1_673' title='bbox 2597 2801 2731 2856; x_wconf 84' lang='lat' dir='ltr'><strong>ilinc</strong></span> <span class='ocrx_word' id='word_1_674' title='bbox 2755 2804 2915 2858; x_wconf 88' lang='lat' dir='ltr'><strong>etiam</strong></span> <span class='ocrx_word' id='word_1_675' title='bbox 2955 2805 3025 2858; x_wconf 89' lang='lat' dir='ltr'><strong>illi</strong></span> <span class='ocrx_word' id='word_1_676' title='bbox 3075 2817 3195 2874; x_wconf 88' lang='lat' dir='ltr'><strong>post</strong></span> <span class='ocrx_word' id='word_1_677' title='bbox 3241 2808 3359 2878; x_wconf 87' lang='lat' dir='ltr'><strong>ejus</strong></span> <span class='ocrx_word' id='word_1_678' title='bbox 3401 2826 3488 2864; x_wconf 88' lang='lat' dir='ltr'><strong>rc-</strong></span> 
     </span>
    </p>
   </div>
   <div class='ocr_carea' id='block_1_88' title="bbox 1901 2892 3487 2973">
    <p class='ocr_par' dir='ltr' id='par_1_88' title="bbox 1901 2892 3487 2973">
     <span class='ocr_line' id='line_1_88' title="bbox 1901 2892 3487 2973; baseline 0.009 -29"><span class='ocrx_word' id='word_1_679' title='bbox 1901 2892 2287 2946; x_wconf 85' lang='lat' dir='ltr'><strong>surrectiouem</strong></span> <span class='ocrx_word' id='word_1_680' title='bbox 2310 2932 2324 2955; x_wconf 93' lang='lat'><strong>,</strong></span> <span class='ocrx_word' id='word_1_681' title='bbox 2356 2909 2580 2964; x_wconf 87' lang='lat' dir='ltr'><strong>quorum</strong></span> <span class='ocrx_word' id='word_1_682' title='bbox 2605 2895 2691 2950; x_wconf 83' lang='lat' dir='ltr'><strong>die</strong></span> <span class='ocrx_word' id='word_1_683' title='bbox 2713 2911 2820 2950; x_wconf 91' lang='lat' dir='ltr'><strong>uno</strong></span> <span class='ocrx_word' id='word_1_684' title='bbox 2847 2899 2944 2951; x_wconf 87' lang='lat' dir='ltr'><strong>tria</strong></span> <span class='ocrx_word' id='word_1_685' title='bbox 2964 2939 2979 2964; x_wconf 92' lang='lat'><strong>,</strong></span> <span class='ocrx_word' id='word_1_686' title='bbox 3010 2911 3065 2954; x_wconf 93' lang='lat' dir='ltr'><strong>ct</strong></span> <span class='ocrx_word' id='word_1_687' title='bbox 3108 2900 3216 2955; x_wconf 88' lang='lat' dir='ltr'><strong>alio</strong></span> <span class='ocrx_word' id='word_1_688' title='bbox 3254 2903 3487 2973; x_wconf 87' lang='lat' dir='ltr'><strong>quinque</strong></span> 
     </span>
    </p>
   </div>
   <div class='ocr_carea' id='block_1_89' title="bbox 1900 2981 3486 3064">
    <p class='ocr_par' dir='ltr' id='par_1_89' title="bbox 1900 2981 3486 3064">
     <span class='ocr_line' id='line_1_89' title="bbox 1900 2981 3486 3064; baseline 0.008 -29"><span class='ocrx_word' id='word_1_689' title='bbox 1900 2981 2064 3036; x_wconf 85' lang='lat' dir='ltr'><strong>millia</strong></span> <span class='ocrx_word' id='word_1_690' title='bbox 2093 2982 2340 3052; x_wconf 85' lang='lat' dir='ltr'><strong>baptizati</strong></span> <span class='ocrx_word' id='word_1_691' title='bbox 2363 2996 2487 3040; x_wconf 89' lang='lat' dir='ltr'><strong>sunt</strong></span> <span class='ocrx_word' id='word_1_692' title='bbox 2519 2987 2657 3057; x_wconf 79' lang='lat' dir='ltr'><strong>(Act.</strong></span> <span class='ocrx_word' id='word_1_693' title='bbox 2692 3004 2726 3042; x_wconf 84' lang='grc' dir='ltr'><strong>ιι</strong></span> <span class='ocrx_word' id='word_1_694' title='bbox 2751 3029 2766 3050; x_wconf 86' lang='lat'><strong>,</strong></span> <span class='ocrx_word' id='word_1_695' title='bbox 2797 2989 2896 3056; x_wconf 74' lang='grc'><strong>41,</strong></span> <span class='ocrx_word' id='word_1_696' title='bbox 2939 2999 2986 3044; x_wconf 87' lang='lat' dir='ltr'><strong>et</strong></span> <span class='ocrx_word' id='word_1_697' title='bbox 3027 3006 3116 3058; x_wconf 82' lang='lat' dir='ltr'><strong>IV,</strong></span> <span class='ocrx_word' id='word_1_698' title='bbox 3163 2991 3252 3064; x_wconf 70' lang='grc' dir='ltr'><strong>ι),</strong></span> <span class='ocrx_word' id='word_1_699' title='bbox 3287 2993 3340 3047; x_wconf 90' lang='lat' dir='ltr'><strong>in</strong></span> <span class='ocrx_word' id='word_1_700' title='bbox 3366 2995 3486 3047; x_wconf 87' lang='lat' dir='ltr'><strong>ani-</strong></span> 
     </span>
    </p>
   </div>
   <div class='ocr_carea' id='block_1_90' title="bbox 1899 3079 3485 3155">
    <p class='ocr_par' dir='ltr' id='par_1_90' title="bbox 1899 3079 3485 3155">
     <span class='ocr_line' id='line_1_90' title="bbox 1899 3079 3485 3155; baseline 0.005 -26"><span class='ocrx_word' id='word_1_701' title='bbox 1899 3090 1952 3129; x_wconf 91' lang='lat' dir='ltr'><strong>m</strong></span> <span class='ocrx_word' id='word_1_702' title='bbox 1973 3091 2041 3129; x_wconf 85' lang='lat' dir='ltr'><strong>un</strong></span> <span class='ocrx_word' id='word_1_703' title='bbox 2064 3092 2224 3130; x_wconf 87' lang='lat' dir='ltr'><strong>unam</strong></span> <span class='ocrx_word' id='word_1_704' title='bbox 2246 3086 2300 3131; x_wconf 89' lang='lat' dir='ltr'><strong>et</strong></span> <span class='ocrx_word' id='word_1_705' title='bbox 2323 3092 2418 3132; x_wconf 93' lang='lat' dir='ltr'><strong>cor</strong></span> <span class='ocrx_word' id='word_1_706' title='bbox 2444 3094 2604 3133; x_wconf 90' lang='lat' dir='ltr'><strong>unum</strong></span> <span class='ocrx_word' id='word_1_707' title='bbox 2628 3079 2903 3135; x_wconf 81' lang='lat' dir='ltr'><strong>eharitatis</strong></span> <span class='ocrx_word' id='word_1_708' title='bbox 2925 3081 3044 3149; x_wconf 82' lang='lat' dir='ltr'><strong>igne</strong></span> <span class='ocrx_word' id='word_1_709' title='bbox 3081 3085 3329 3150; x_wconf 80' lang='lat' dir='ltr'><strong>conﬂati;</strong></span> <span class='ocrx_word' id='word_1_710' title='bbox 3353 3099 3485 3155; x_wconf 79' lang='lat' dir='ltr'><strong>quo-</strong></span> 
     </span>
    </p>
   </div>
   <div class='ocr_carea' id='block_1_91' title="bbox 1897 3167 3488 3243">
    <p class='ocr_par' dir='ltr' id='par_1_91' title="bbox 1897 3167 3488 3243">
     <span class='ocr_line' id='line_1_91' title="bbox 1897 3167 3488 3243; baseline 0.009 -23"><span class='ocrx_word' id='word_1_711' title='bbox 1897 3182 2015 3221; x_wconf 87' lang='lat' dir='ltr'><strong>rum</strong></span> <span class='ocrx_word' id='word_1_712' title='bbox 2038 3183 2198 3223; x_wconf 89' lang='lat' dir='ltr'><strong>nemo</strong></span> <span class='ocrx_word' id='word_1_713' title='bbox 2233 3167 2445 3225; x_wconf 69' lang='lat' dir='ltr'><strong>dietzbat</strong></span> <span class='ocrx_word' id='word_1_714' title='bbox 2480 3171 2678 3243; x_wconf 84' lang='lat' dir='ltr'><strong>aliquid</strong></span> <span class='ocrx_word' id='word_1_715' title='bbox 2731 3175 3040 3243; x_wconf 88' lang='lat' dir='ltr'><strong>proprium,</strong></span> <span class='ocrx_word' id='word_1_716' title='bbox 3069 3176 3170 3231; x_wconf 80' lang='lat' dir='ltr'><strong>sed</strong></span> <span class='ocrx_word' id='word_1_717' title='bbox 3191 3187 3343 3232; x_wconf 85' lang='lat' dir='ltr'><strong>erant</strong></span> <span class='ocrx_word' id='word_1_718' title='bbox 3378 3179 3488 3234; x_wconf 82' lang='lat' dir='ltr'><strong>illis</strong></span> 
     </span>
    </p>
   </div>
   <div class='ocr_carea' id='block_1_92' title="bbox 1896 3261 3479 3337">
    <p class='ocr_par' dir='ltr' id='par_1_92' title="bbox 1896 3261 3479 3337">
     <span class='ocr_line' id='line_1_92' title="bbox 1896 3261 3479 3337; baseline 0.008 -23"><span class='ocrx_word' id='word_1_719' title='bbox 1896 3261 2072 3315; x_wconf 88' lang='lat' dir='ltr'><strong>omnia</strong></span> <span class='ocrx_word' id='word_1_720' title='bbox 2099 3264 2402 3316; x_wconf 79' lang='lat' dir='ltr'><strong>communia</strong></span> <span class='ocrx_word' id='word_1_721' title='bbox 2429 3263 2543 3331; x_wconf 85' lang='lat' dir='ltr'><strong>(Id.</strong></span> <span class='ocrx_word' id='word_1_722' title='bbox 2590 3280 2640 3319; x_wconf 80' lang='lat' dir='ltr'><strong>tr</strong></span> <span class='ocrx_word' id='word_1_723' title='bbox 2663 3303 2681 3330; x_wconf 93' lang='lat'><strong>,</strong></span> <span class='ocrx_word' id='word_1_724' title='bbox 2705 3265 2799 3337; x_wconf 72' lang='lat'><strong>52)</strong></span> <span class='ocrx_word' id='word_1_725' title='bbox 2823 3284 2838 3322; x_wconf 89' lang='lat'><strong>:</strong></span> <span class='ocrx_word' id='word_1_726' title='bbox 2871 3264 2994 3323; x_wconf 85' lang='lat' dir='ltr'><strong>hinc</strong></span> <span class='ocrx_word' id='word_1_727' title='bbox 3015 3270 3184 3324; x_wconf 85' lang='lat' dir='ltr'><strong>sancti</strong></span> <span class='ocrx_word' id='word_1_728' title='bbox 3213 3269 3422 3326; x_wconf 89' lang='lat' dir='ltr'><strong>diaconi</strong></span> <span class='ocrx_word' id='word_1_729' title='bbox 3463 3311 3479 3337; x_wconf 93' lang='lat'><strong>,</strong></span> 
     </span>
    </p>
   </div>
   <div class='ocr_carea' id='block_1_93' title="bbox 1895 3353 3479 3433">
    <p class='ocr_par' dir='ltr' id='par_1_93' title="bbox 1895 3353 3479 3433">
     <span class='ocr_line' id='line_1_93' title="bbox 1895 3353 3479 3433; baseline 0.007 -27"><span class='ocrx_word' id='word_1_730' title='bbox 1895 3358 2121 3423; x_wconf 88' lang='lat' dir='ltr'><strong>quorum</strong></span> <span class='ocrx_word' id='word_1_731' title='bbox 2148 3353 2455 3424; x_wconf 75' lang='lat' dir='ltr'><strong>Stephanus</strong></span> <span class='ocrx_word' id='word_1_732' title='bbox 2477 3365 2603 3410; x_wconf 85' lang='lat' dir='ltr'><strong>ante</strong></span> <span class='ocrx_word' id='word_1_733' title='bbox 2624 3358 2909 3428; x_wconf 83' lang='lat' dir='ltr'><strong>Apostolus</strong></span> <span class='ocrx_word' id='word_1_734' title='bbox 2938 3360 3196 3433; x_wconf 80' lang='lat' dir='ltr'><strong>martyrio</strong></span> <span class='ocrx_word' id='word_1_735' title='bbox 3216 3370 3301 3417; x_wconf 80' lang='lat' dir='ltr'><strong>est</strong></span> <span class='ocrx_word' id='word_1_736' title='bbox 3325 3379 3479 3418; x_wconf 85' lang='lat' dir='ltr'><strong>coro-</strong></span> 
     </span>
    </p>
   </div>
   <div class='ocr_carea' id='block_1_94' title="bbox 1895 3443 3474 3525">
    <p class='ocr_par' dir='ltr' id='par_1_94' title="bbox 1895 3443 3474 3525">
     <span class='ocr_line' id='line_1_94' title="bbox 1895 3443 3474 3525; baseline 0.009 -29"><span class='ocrx_word' id='word_1_737' title='bbox 1895 3453 2048 3497; x_wconf 88' lang='lat' dir='ltr'><strong>natus</strong></span> <span class='ocrx_word' id='word_1_738' title='bbox 2073 3443 2182 3513; x_wconf 88' lang='lat' dir='ltr'><strong>(Id.</strong></span> <span class='ocrx_word' id='word_1_739' title='bbox 2209 3460 2312 3512; x_wconf 85' lang='lat' dir='ltr'><strong>vn,</strong></span> <span class='ocrx_word' id='word_1_740' title='bbox 2336 3447 2430 3517; x_wconf 76' lang='lat'><strong>58)</strong></span> <span class='ocrx_word' id='word_1_741' title='bbox 2459 3464 2474 3501; x_wconf 88' lang='lat'><strong>:</strong></span> <span class='ocrx_word' id='word_1_742' title='bbox 2509 3446 2631 3503; x_wconf 90' lang='lat' dir='ltr'><strong>hinc</strong></span> <span class='ocrx_word' id='word_1_743' title='bbox 2653 3456 2729 3503; x_wconf 86' lang='lat' dir='ltr'><strong>tot</strong></span> <span class='ocrx_word' id='word_1_744' title='bbox 2759 3450 3015 3506; x_wconf 76' lang='lat' dir='ltr'><strong>Ecclesiae</strong></span> <span class='ocrx_word' id='word_1_745' title='bbox 3043 3452 3240 3508; x_wconf 73' lang='lat' dir='ltr'><strong>Jndtete</strong></span> <span class='ocrx_word' id='word_1_746' title='bbox 3271 3470 3388 3525; x_wconf 75' lang='lat' dir='ltr'><strong>qum</strong></span> <span class='ocrx_word' id='word_1_747' title='bbox 3421 3462 3474 3512; x_wconf 90' lang='lat' dir='ltr'><strong>in</strong></span> 
     </span>
    </p>
   </div>
   <div class='ocr_carea' id='block_1_95' title="bbox 1891 3533 3474 3618">
    <p class='ocr_par' dir='ltr' id='par_1_95' title="bbox 1891 3533 3474 3618">
     <span class='ocr_line' id='line_1_95' title="bbox 1891 3533 3474 3618; baseline 0.007 -28"><span class='ocrx_word' id='word_1_748' title='bbox 1891 3533 2109 3590; x_wconf 88' lang='lat' dir='ltr'><strong>Christo</strong></span> <span class='ocrx_word' id='word_1_749' title='bbox 2132 3547 2287 3592; x_wconf 92' lang='lat' dir='ltr'><strong>erant</strong></span> <span class='ocrx_word' id='word_1_750' title='bbox 2303 3577 2321 3604; x_wconf 94' lang='lat'><strong>,</strong></span> <span class='ocrx_word' id='word_1_751' title='bbox 2354 3538 2547 3608; x_wconf 88' lang='lat' dir='ltr'><strong>quibus</strong></span> <span class='ocrx_word' id='word_1_752' title='bbox 2567 3549 2681 3595; x_wconf 90' lang='lat' dir='ltr'><strong>erat</strong></span> <span class='ocrx_word' id='word_1_753' title='bbox 2709 3540 2840 3597; x_wconf 85' lang='lat' dir='ltr'><strong>facie</strong></span> <span class='ocrx_word' id='word_1_754' title='bbox 2863 3541 3058 3597; x_wconf 83' lang='lat' dir='ltr'><strong>Paulus</strong></span> <span class='ocrx_word' id='word_1_755' title='bbox 3094 3544 3308 3614; x_wconf 75' lang='lat' dir='ltr'><strong>ignotus</strong></span> <span class='ocrx_word' id='word_1_756' title='bbox 3331 3544 3474 3618; x_wconf 75' lang='lat' dir='ltr'><strong>(Gal.</strong></span> 
     </span>
    </p>
   </div>
   <div class='ocr_carea' id='block_1_96' title="bbox 1891 3628 3476 3704">
    <p class='ocr_par' dir='ltr' id='par_1_96' title="bbox 1891 3628 3476 3704">
     <span class='ocr_line' id='line_1_96' title="bbox 1891 3628 3476 3704; baseline 0.009 -22"><span class='ocrx_word' id='word_1_757' title='bbox 1891 3642 1943 3693; x_wconf 82' lang='grc' dir='ltr'>ι,</span> <span class='ocrx_word' id='word_1_758' title='bbox 1968 3628 2093 3700; x_wconf 72' lang='grc'><strong>22),</strong></span> <span class='ocrx_word' id='word_1_759' title='bbox 2127 3638 2285 3685; x_wconf 88' lang='lat' dir='ltr'><strong>notus</strong></span> <span class='ocrx_word' id='word_1_760' title='bbox 2311 3642 2487 3688; x_wconf 86' lang='lat' dir='ltr'><strong>autem</strong></span> <span class='ocrx_word' id='word_1_761' title='bbox 2519 3632 2725 3687; x_wconf 71' lang='lat' dir='ltr'><strong>sterilia</strong></span> <span class='ocrx_word' id='word_1_762' title='bbox 2763 3634 3146 3704; x_wconf 78' lang='lat' dir='ltr'><strong>famosissima,</strong></span> <span class='ocrx_word' id='word_1_763' title='bbox 3179 3637 3272 3693; x_wconf 88' lang='lat' dir='ltr'><strong>sed</strong></span> <span class='ocrx_word' id='word_1_764' title='bbox 3302 3642 3476 3696; x_wconf 90' lang='lat' dir='ltr'><strong>notior</strong></span> 
     </span>
    </p>
   </div>
   <div class='ocr_carea' id='block_1_97' title="bbox 1892 3718 3472 3800">
    <p class='ocr_par' dir='ltr' id='par_1_97' title="bbox 1892 3718 3472 3800">
     <span class='ocr_line' id='line_1_97' title="bbox 1892 3718 3472 3800; baseline 0.009 -28"><span class='ocrx_word' id='word_1_765' title='bbox 1892 3718 2093 3774; x_wconf 84' lang='lat' dir='ltr'><strong>Christi</strong></span> <span class='ocrx_word' id='word_1_766' title='bbox 2125 3721 2623 3779; x_wconf 82' lang='lat' dir='ltr'><strong>misericordissima</strong></span> <span class='ocrx_word' id='word_1_767' title='bbox 2643 3727 2811 3797; x_wconf 75' lang='lat' dir='ltr'><strong>gratia</strong></span> <span class='ocrx_word' id='word_1_768' title='bbox 2847 3745 2860 3780; x_wconf 92' lang='lat'>:</span> <span class='ocrx_word' id='word_1_769' title='bbox 2914 3727 3038 3784; x_wconf 88' lang='lat' dir='ltr'><strong>hinc</strong></span> <span class='ocrx_word' id='word_1_770' title='bbox 3063 3738 3117 3783; x_wconf 92' lang='lat' dir='ltr'><strong>ct</strong></span> <span class='ocrx_word' id='word_1_771' title='bbox 3147 3731 3260 3800; x_wconf 84' lang='lat' dir='ltr'><strong>ipse</strong></span> <span class='ocrx_word' id='word_1_772' title='bbox 3285 3746 3472 3787; x_wconf 87' lang='lat' dir='ltr'><strong>secun-</strong></span> 
     </span>
    </p>
   </div>
   <div class='ocr_carea' id='block_1_98' title="bbox 1888 3808 3471 3892">
    <p class='ocr_par' dir='ltr' id='par_1_98' title="bbox 1888 3808 3471 3892">
     <span class='ocr_line' id='line_1_98' title="bbox 1888 3808 3471 3892; baseline 0.008 -28"><span class='ocrx_word' id='word_1_773' title='bbox 1888 3808 2018 3866; x_wconf 89' lang='lat' dir='ltr'><strong>dum</strong></span> <span class='ocrx_word' id='word_1_774' title='bbox 2044 3813 2375 3884; x_wconf 65' lang='lat' dir='ltr'><strong>prmmissam</strong></span> <span class='ocrx_word' id='word_1_775' title='bbox 2406 3814 2473 3870; x_wconf 88' lang='lat' dir='ltr'><strong>de</strong></span> <span class='ocrx_word' id='word_1_776' title='bbox 2519 3832 2579 3871; x_wconf 87' lang='lat' dir='ltr'><strong>se</strong></span> <span class='ocrx_word' id='word_1_777' title='bbox 2632 3817 2994 3888; x_wconf 85' lang='lat' dir='ltr'><strong>prophetiam,</strong></span> <span class='ocrx_word' id='word_1_778' title='bbox 3037 3819 3216 3891; x_wconf 85' lang='lat' dir='ltr'><strong>Lupus</strong></span> <span class='ocrx_word' id='word_1_779' title='bbox 3267 3840 3471 3892; x_wconf 73' lang='lat' dir='ltr'><strong>rapax,</strong></span> 
     </span>
    </p>
   </div>
   <div class='ocr_carea' id='block_1_99' title="bbox 1889 3908 3464 3983">
    <p class='ocr_par' dir='ltr' id='par_1_99' title="bbox 1889 3908 3464 3983">
     <span class='ocr_line' id='line_1_99' title="bbox 1889 3908 3464 3983; baseline 0.01 -28"><span class='ocrx_word' id='word_1_780' title='bbox 1889 3918 2037 3958; x_wconf 85' lang='lat' dir='ltr'><strong>mane</strong></span> <span class='ocrx_word' id='word_1_781' title='bbox 2059 3908 2277 3975; x_wconf 78' lang='lat' dir='ltr'><strong>rapiens,</strong></span> <span class='ocrx_word' id='word_1_782' title='bbox 2302 3918 2349 3962; x_wconf 84' lang='lat' dir='ltr'><strong>et</strong></span> <span class='ocrx_word' id='word_1_783' title='bbox 2375 3909 2443 3961; x_wconf 84' lang='lat' dir='ltr'><strong>ad</strong></span> <span class='ocrx_word' id='word_1_784' title='bbox 2457 3925 2713 3980; x_wconf 80' lang='lat' dir='ltr'><strong>vesperum</strong></span> <span class='ocrx_word' id='word_1_785' title='bbox 2730 3911 2955 3966; x_wconf 77' lang='lat' dir='ltr'><strong>dividens</strong></span> <span class='ocrx_word' id='word_1_786' title='bbox 2976 3929 3114 3967; x_wconf 79' lang='lat' dir='ltr'><strong>escas</strong></span> <span class='ocrx_word' id='word_1_787' title='bbox 3135 3914 3289 3983; x_wconf 80' lang='lat' dir='ltr'><strong>(Gen.</strong></span> <span class='ocrx_word' id='word_1_788' title='bbox 3320 3932 3464 3979; x_wconf 72' lang='lat' dir='ltr'><strong>XLIX,</strong></span> 
     </span>
    </p>
   </div>
   <div class='ocr_carea' id='block_1_100' title="bbox 1889 3995 3469 4074">
    <p class='ocr_par' dir='ltr' id='par_1_100' title="bbox 1889 3995 3469 4074">
     <span class='ocr_line' id='line_1_100' title="bbox 1889 3995 3469 4074; baseline 0.007 -22"><span class='ocrx_word' id='word_1_789' title='bbox 1889 3995 1982 4068; x_wconf 72' lang='grc'><strong>27)</strong></span> <span class='ocrx_word' id='word_1_790' title='bbox 2005 4040 2020 4062; x_wconf 91' lang='lat'><strong>,</strong></span> <span class='ocrx_word' id='word_1_791' title='bbox 2053 3999 2105 4053; x_wconf 92' lang='lat' dir='ltr'><strong>id</strong></span> <span class='ocrx_word' id='word_1_792' title='bbox 2134 4009 2250 4067; x_wconf 88' lang='lat' dir='ltr'><strong>est,</strong></span> <span class='ocrx_word' id='word_1_793' title='bbox 2301 4002 2449 4072; x_wconf 87' lang='lat' dir='ltr'><strong>prius</strong></span> <span class='ocrx_word' id='word_1_794' title='bbox 2486 4004 2700 4073; x_wconf 85' lang='lat' dir='ltr'><strong>rapiens</strong></span> <span class='ocrx_word' id='word_1_795' title='bbox 2731 4015 3039 4074; x_wconf 79' lang='lat' dir='ltr'><strong>persecutor</strong></span> <span class='ocrx_word' id='word_1_796' title='bbox 3081 4007 3146 4060; x_wconf 86' lang='lat' dir='ltr'><strong>ad</strong></span> <span class='ocrx_word' id='word_1_797' title='bbox 3197 4018 3420 4063; x_wconf 83' lang='lat' dir='ltr'><strong>mortem</strong></span> <span class='ocrx_word' id='word_1_798' title='bbox 3453 4051 3469 4074; x_wconf 94' lang='lat'><strong>,</strong></span> 
     </span>
    </p>
   </div>
   <div class='ocr_carea' id='block_1_101' title="bbox 1887 4094 3472 4164">
    <p class='ocr_par' dir='ltr' id='par_1_101' title="bbox 1887 4094 3472 4164">
     <span class='ocr_line' id='line_1_101' title="bbox 1887 4094 3472 4164; baseline 0.008 -20"><span class='ocrx_word' id='word_1_799' title='bbox 1887 4101 2070 4164; x_wconf 83' lang='lat' dir='ltr'><strong>postea</strong></span> <span class='ocrx_word' id='word_1_800' title='bbox 2100 4107 2323 4161; x_wconf 87' lang='lat' dir='ltr'><strong>pascens</strong></span> <span class='ocrx_word' id='word_1_801' title='bbox 2362 4094 2675 4163; x_wconf 73' lang='lat' dir='ltr'><strong>prmdicator</strong></span> <span class='ocrx_word' id='word_1_802' title='bbox 2699 4095 2764 4150; x_wconf 91' lang='lat' dir='ltr'><strong>ad</strong></span> <span class='ocrx_word' id='word_1_803' title='bbox 2787 4097 2968 4150; x_wconf 87' lang='lat' dir='ltr'><strong>vitam.</strong></span> <span class='ocrx_word' id='word_1_804' title='bbox 2999 4098 3060 4152; x_wconf 86' lang='lat' dir='ltr'><strong>lli</strong></span> <span class='ocrx_word' id='word_1_805' title='bbox 3087 4110 3240 4154; x_wconf 88' lang='lat' dir='ltr'><strong>erant</strong></span> <span class='ocrx_word' id='word_1_806' title='bbox 3285 4115 3350 4155; x_wconf 82' lang='lat' dir='ltr'><strong>ex</strong></span> <span class='ocrx_word' id='word_1_807' title='bbox 3381 4102 3472 4156; x_wconf 83' lang='lat' dir='ltr'><strong>illo</strong></span> 
     </span>
    </p>
   </div>
   <div class='ocr_carea' id='block_1_102' title="bbox 1886 4184 3473 4263">
    <p class='ocr_par' dir='ltr' id='par_1_102' title="bbox 1886 4184 3473 4263">
     <span class='ocr_line' id='line_1_102' title="bbox 1886 4184 3473 4263; baseline 0.006 -30"><span class='ocrx_word' id='word_1_808' title='bbox 1886 4184 2083 4255; x_wconf 85' lang='lat' dir='ltr'><strong>populo</strong></span> <span class='ocrx_word' id='word_1_809' title='bbox 2110 4184 2392 4239; x_wconf 71' lang='lat' dir='ltr'><strong>hzerediuts</strong></span> <span class='ocrx_word' id='word_1_810' title='bbox 2419 4186 2529 4240; x_wconf 89' lang='lat' dir='ltr'><strong>Dei.</strong></span> <span class='ocrx_word' id='word_1_811' title='bbox 2555 4185 2706 4243; x_wconf 87' lang='lat' dir='ltr'><strong>Unde</strong></span> <span class='ocrx_word' id='word_1_812' title='bbox 2724 4197 2777 4243; x_wconf 91' lang='lat' dir='ltr'><strong>et</strong></span> <span class='ocrx_word' id='word_1_813' title='bbox 2803 4190 2877 4243; x_wconf 90' lang='lat' dir='ltr'><strong>ait</strong></span> <span class='ocrx_word' id='word_1_814' title='bbox 2907 4189 3021 4259; x_wconf 86' lang='lat' dir='ltr'><strong>ipse</strong></span> <span class='ocrx_word' id='word_1_815' title='bbox 3060 4192 3312 4245; x_wconf 88' lang='lat' dir='ltr'><strong>minimus</strong></span> <span class='ocrx_word' id='word_1_816' title='bbox 3337 4195 3473 4263; x_wconf 74' lang='lat' dir='ltr'><strong>Apo-</strong></span> 
     </span>
    </p>
   </div>
   <div class='ocr_carea' id='block_1_103' title="bbox 1887 4275 3471 4351">
    <p class='ocr_par' dir='ltr' id='par_1_103' title="bbox 1887 4275 3471 4351">
     <span class='ocr_line' id='line_1_103' title="bbox 1887 4275 3471 4351; baseline 0.006 -23"><span class='ocrx_word' id='word_1_817' title='bbox 1887 4275 2145 4330; x_wconf 75' lang='lat' dir='ltr'><strong>8tolorutn</strong></span> <span class='ocrx_word' id='word_1_818' title='bbox 2189 4275 2232 4350; x_wconf 91' lang='lat' dir='ltr'><strong>(I</strong></span> <span class='ocrx_word' id='word_1_819' title='bbox 2283 4276 2402 4332; x_wconf 84' lang='lat' dir='ltr'><strong>Cor.</strong></span> <span class='ocrx_word' id='word_1_820' title='bbox 2437 4293 2540 4340; x_wconf 83' lang='lat' dir='ltr'><strong>xv.</strong></span> <span class='ocrx_word' id='word_1_821' title='bbox 2573 4280 2664 4351; x_wconf 84' lang='lat'><strong>9),</strong></span> <span class='ocrx_word' id='word_1_822' title='bbox 2695 4280 2880 4336; x_wconf 84' lang='lat' dir='ltr'><strong>ductor</strong></span> <span class='ocrx_word' id='word_1_823' title='bbox 2931 4282 3176 4337; x_wconf 78' lang='lat' dir='ltr'><strong>Gentium</strong></span> <span class='ocrx_word' id='word_1_824' title='bbox 3210 4301 3222 4335; x_wconf 95' lang='lat'><strong>:</strong></span> <span class='ocrx_word' id='word_1_825' title='bbox 3283 4303 3303 4335; x_wconf 71' lang='grc' dir='ltr'>ί</span> <span class='ocrx_word' id='word_1_826' title='bbox 3344 4285 3471 4340; x_wconf 79' lang='lat' dir='ltr'><strong>Dico</strong></span> 
     </span>
    </p>
   </div>
   <div class='ocr_carea' id='block_1_104' title="bbox 1887 4369 3466 4445">
    <p class='ocr_par' dir='ltr' id='par_1_104' title="bbox 1887 4369 3466 4445">
     <span class='ocr_line' id='line_1_104' title="bbox 1887 4369 3466 4445; baseline 0.008 -22"><span class='ocrx_word' id='word_1_827' title='bbox 1887 4383 2054 4439; x_wconf 88' lang='lat' dir='ltr'><strong>ergo,</strong></span> <span class='ocrx_word' id='word_1_828' title='bbox 2083 4369 2343 4442; x_wconf 83' lang='lat' dir='ltr'><strong>Numquid</strong></span> <span class='ocrx_word' id='word_1_829' title='bbox 2392 4374 2585 4442; x_wconf 88' lang='lat' dir='ltr'><strong>repulit</strong></span> <span class='ocrx_word' id='word_1_830' title='bbox 2636 4374 2773 4429; x_wconf 91' lang='lat' dir='ltr'><strong>Deus</strong></span> <span class='ocrx_word' id='word_1_831' title='bbox 2823 4376 3029 4445; x_wconf 86' lang='lat' dir='ltr'><strong>plebem</strong></span> <span class='ocrx_word' id='word_1_832' title='bbox 3077 4380 3267 4432; x_wconf 85' lang='lat' dir='ltr'><strong>suam?</strong></span> <span class='ocrx_word' id='word_1_833' title='bbox 3297 4381 3466 4435; x_wconf 82' lang='lat' dir='ltr'><strong>Absit.</strong></span> 
     </span>
    </p>
   </div>
   <div class='ocr_carea' id='block_1_105' title="bbox 1888 4459 3468 4532">
    <p class='ocr_par' dir='ltr' id='par_1_105' title="bbox 1888 4459 3468 4532">
     <span class='ocr_line' id='line_1_105' title="bbox 1888 4459 3468 4532; baseline 0.008 -19"><span class='ocrx_word' id='word_1_834' title='bbox 1888 4459 2018 4514; x_wconf 83' lang='lat' dir='ltr'><strong>Nam</strong></span> <span class='ocrx_word' id='word_1_835' title='bbox 2035 4471 2087 4515; x_wconf 90' lang='lat' dir='ltr'><strong>et</strong></span> <span class='ocrx_word' id='word_1_836' title='bbox 2113 4475 2212 4532; x_wconf 79' lang='lat' dir='ltr'><strong>ego</strong></span> <span class='ocrx_word' id='word_1_837' title='bbox 2236 4461 2471 4517; x_wconf 84' lang='lat' dir='ltr'><strong>Israelita</strong></span> <span class='ocrx_word' id='word_1_838' title='bbox 2504 4478 2707 4520; x_wconf 73' lang='lat' dir='ltr'><strong>sumes</strong></span> <span class='ocrx_word' id='word_1_839' title='bbox 2758 4468 2961 4521; x_wconf 83' lang='lat' dir='ltr'><strong>semine</strong></span> <span class='ocrx_word' id='word_1_840' title='bbox 2998 4467 3156 4523; x_wconf 78' lang='lat' dir='ltr'><strong>Israel</strong></span> <span class='ocrx_word' id='word_1_841' title='bbox 3181 4511 3195 4532; x_wconf 86' lang='lat'><strong>,</strong></span> <span class='ocrx_word' id='word_1_842' title='bbox 3240 4470 3304 4524; x_wconf 90' lang='lat' dir='ltr'><strong>dc</strong></span> <span class='ocrx_word' id='word_1_843' title='bbox 3331 4472 3468 4525; x_wconf 77' lang='lat' dir='ltr'><strong>tribu</strong></span> 
     </span>
    </p>
   </div>
   <div class='ocr_carea' id='block_1_106' title="bbox 1888 4554 3470 4635">
    <p class='ocr_par' dir='ltr' id='par_1_106' title="bbox 1888 4554 3470 4635">
     <span class='ocr_line' id='line_1_106' title="bbox 1888 4554 3470 4635; baseline 0.007 -27"><span class='ocrx_word' id='word_1_844' title='bbox 1888 4554 2183 4625; x_wconf 79' lang='lat' dir='ltr'><strong>Benjamin.</strong></span> <span class='ocrx_word' id='word_1_845' title='bbox 2208 4556 2321 4611; x_wconf 84' lang='lat' dir='ltr'><strong>Non</strong></span> <span class='ocrx_word' id='word_1_846' title='bbox 2350 4559 2542 4626; x_wconf 87' lang='lat' dir='ltr'><strong>repulit</strong></span> <span class='ocrx_word' id='word_1_847' title='bbox 2561 4559 2696 4613; x_wconf 85' lang='lat' dir='ltr'><strong>Dens</strong></span> <span class='ocrx_word' id='word_1_848' title='bbox 2720 4561 2924 4628; x_wconf 82' lang='lat' dir='ltr'><strong>plebem</strong></span> <span class='ocrx_word' id='word_1_849' title='bbox 2952 4577 3099 4616; x_wconf 85' lang='lat' dir='ltr'><strong>suam</strong></span> <span class='ocrx_word' id='word_1_850' title='bbox 3149 4581 3304 4634; x_wconf 88' lang='lat' dir='ltr'><strong>quam</strong></span> <span class='ocrx_word' id='word_1_851' title='bbox 3337 4583 3470 4635; x_wconf 72' lang='lat' dir='ltr'><strong>prai-</strong></span> 
     </span>
    </p>
   </div>
   <div class='ocr_carea' id='block_1_107' title="bbox 1886 4646 3466 4725">
    <p class='ocr_par' dir='ltr' id='par_1_107' title="bbox 1886 4646 3466 4725">
     <span class='ocr_line' id='line_1_107' title="bbox 1886 4646 3466 4725; baseline 0.008 -26"><span class='ocrx_word' id='word_1_852' title='bbox 1886 4647 2058 4700; x_wconf 83' lang='lat' dir='ltr'><strong>scivit.</strong></span> <span class='ocrx_word' id='word_1_853' title='bbox 2095 4664 2114 4698; x_wconf 75' lang='grc' dir='ltr'><strong>ι</strong></span> <span class='ocrx_word' id='word_1_854' title='bbox 2145 4646 2269 4702; x_wconf 72' lang='lat' dir='ltr'><strong>Haec</strong></span> <span class='ocrx_word' id='word_1_855' title='bbox 2313 4649 2462 4717; x_wconf 83' lang='lat' dir='ltr'><strong>plebs</strong></span> <span class='ocrx_word' id='word_1_856' title='bbox 2489 4666 2606 4719; x_wconf 73' lang='lat' dir='ltr'><strong>qua:</strong></span> <span class='ocrx_word' id='word_1_857' title='bbox 2627 4667 2690 4704; x_wconf 77' lang='lat' dir='ltr'><strong>ex</strong></span> <span class='ocrx_word' id='word_1_858' title='bbox 2730 4652 2816 4704; x_wconf 90' lang='lat' dir='ltr'><strong>illa</strong></span> <span class='ocrx_word' id='word_1_859' title='bbox 2845 4665 3001 4723; x_wconf 79' lang='lat' dir='ltr'><strong>gente</strong></span> <span class='ocrx_word' id='word_1_860' title='bbox 3029 4655 3224 4708; x_wconf 80' lang='lat' dir='ltr'><strong>Christi</strong></span> <span class='ocrx_word' id='word_1_861' title='bbox 3251 4659 3466 4725; x_wconf 84' lang='lat' dir='ltr'><strong>corpori</strong></span> 
     </span>
    </p>
   </div>
   <div class='ocr_carea' id='block_1_108' title="bbox 1885 4739 3465 4817">
    <p class='ocr_par' dir='ltr' id='par_1_108' title="bbox 1885 4739 3465 4817">
     <span class='ocr_line' id='line_1_108' title="bbox 1885 4739 3465 4817; baseline 0.006 -25"><span class='ocrx_word' id='word_1_862' title='bbox 1885 4739 2137 4801; x_wconf 85' lang='lat' dir='ltr'><strong>accessit.</strong></span> <span class='ocrx_word' id='word_1_863' title='bbox 2165 4740 2443 4795; x_wconf 78' lang='lat' dir='ltr'><strong>Inercditas</strong></span> <span class='ocrx_word' id='word_1_864' title='bbox 2465 4744 2555 4796; x_wconf 88' lang='lat' dir='ltr'><strong>Dei</strong></span> <span class='ocrx_word' id='word_1_865' title='bbox 2578 4754 2678 4797; x_wconf 79' lang='lat' dir='ltr'><strong>est.</strong></span> <span class='ocrx_word' id='word_1_866' title='bbox 2706 4743 2839 4798; x_wconf 83' lang='lat' dir='ltr'><strong>Nam</strong></span> <span class='ocrx_word' id='word_1_867' title='bbox 2867 4745 3007 4815; x_wconf 86' lang='lat' dir='ltr'><strong>quod</strong></span> <span class='ocrx_word' id='word_1_868' title='bbox 3035 4746 3112 4801; x_wconf 87' lang='lat' dir='ltr'><strong>ait</strong></span> <span class='ocrx_word' id='word_1_869' title='bbox 3144 4749 3430 4817; x_wconf 78' lang='lat' dir='ltr'><strong>Apostolus</strong></span> <span class='ocrx_word' id='word_1_870' title='bbox 3448 4791 3465 4812; x_wconf 86' lang='lat'><strong>,</strong></span> 
     </span>
    </p>
   </div>
   <div class='ocr_carea' id='block_1_109' title="bbox 1886 4829 3504 4906">
    <p class='ocr_par' dir='ltr' id='par_1_109' title="bbox 1886 4829 3504 4906">
     <span class='ocr_line' id='line_1_109' title="bbox 1886 4829 3504 4906; baseline 0.01 -22"><span class='ocrx_word' id='word_1_871' title='bbox 1886 4829 2007 4884; x_wconf 87' lang='lat' dir='ltr'><strong>Non</strong></span> <span class='ocrx_word' id='word_1_872' title='bbox 2033 4833 2216 4900; x_wconf 84' lang='lat' dir='ltr'><strong>repulit</strong></span> <span class='ocrx_word' id='word_1_873' title='bbox 2260 4832 2398 4886; x_wconf 86' lang='lat' dir='ltr'><strong>Deus</strong></span> <span class='ocrx_word' id='word_1_874' title='bbox 2454 4834 2644 4902; x_wconf 83' lang='lat' dir='ltr'><strong>plebem</strong></span> <span class='ocrx_word' id='word_1_875' title='bbox 2699 4853 2843 4890; x_wconf 83' lang='lat' dir='ltr'><strong>suum</strong></span> <span class='ocrx_word' id='word_1_876' title='bbox 2885 4834 3035 4906; x_wconf 76' lang='lat' dir='ltr'><strong>quam</strong></span> <span class='ocrx_word' id='word_1_877' title='bbox 3079 4841 3360 4906; x_wconf 76' lang='lat' dir='ltr'><strong>prtrsrivit,</strong></span> <span class='ocrx_word' id='word_1_878' title='bbox 3394 4843 3467 4899; x_wconf 76' lang='lat' dir='ltr'><strong>illi</strong></span> <span class='ocrx_word' id='word_1_879' title='bbox 3501 4897 3504 4900; x_wconf 83' lang='lat'><strong>.</strong></span> 
     </span>
    </p>
   </div>
   <div class='ocr_carea' id='block_1_110' title="bbox 1886 4925 3468 4999">
    <p class='ocr_par' dir='ltr' id='par_1_110' title="bbox 1886 4925 3468 4999">
     <span class='ocr_line' id='line_1_110' title="bbox 1886 4925 3468 4999; baseline 0.007 -24"><span class='ocrx_word' id='word_1_880' title='bbox 1886 4925 2092 4993; x_wconf 85' lang='lat' dir='ltr'><strong>psalmo</strong></span> <span class='ocrx_word' id='word_1_881' title='bbox 2122 4925 2306 4994; x_wconf 89' lang='lat' dir='ltr'><strong>utique</strong></span> <span class='ocrx_word' id='word_1_882' title='bbox 2332 4929 2647 4995; x_wconf 81' lang='lat' dir='ltr'><strong>respondet,</strong></span> <span class='ocrx_word' id='word_1_883' title='bbox 2680 4928 2767 4982; x_wconf 87' lang='lat' dir='ltr'><strong>ubi</strong></span> <span class='ocrx_word' id='word_1_884' title='bbox 2794 4928 3048 4998; x_wconf 80' lang='lat' dir='ltr'><strong>scriptum</strong></span> <span class='ocrx_word' id='word_1_885' title='bbox 3079 4942 3180 4995; x_wconf 72' lang='lat' dir='ltr'><strong>est,</strong></span> <span class='ocrx_word' id='word_1_886' title='bbox 3218 4934 3468 4999; x_wconf 72' lang='lat' dir='ltr'><strong>Quoniam</strong></span> 
     </span>
    </p>
   </div>
   <div class='ocr_carea' id='block_1_111' title="bbox 1884 5013 3468 5094">
    <p class='ocr_par' dir='ltr' id='par_1_111' title="bbox 1884 5013 3468 5094">
     <span class='ocr_line' id='line_1_111' title="bbox 1884 5013 3468 5094; baseline 0.008 -26"><span class='ocrx_word' id='word_1_887' title='bbox 1884 5033 1982 5068; x_wconf 87' lang='lat' dir='ltr'><strong>non</strong></span> <span class='ocrx_word' id='word_1_888' title='bbox 2005 5013 2208 5085; x_wconf 82' lang='lat' dir='ltr'><strong>repellet</strong></span> <span class='ocrx_word' id='word_1_889' title='bbox 2233 5017 2479 5071; x_wconf 85' lang='lat' dir='ltr'><strong>Dominus</strong></span> <span class='ocrx_word' id='word_1_890' title='bbox 2501 5019 2689 5090; x_wconf 81' lang='lat' dir='ltr'><strong>plebem</strong></span> <span class='ocrx_word' id='word_1_891' title='bbox 2707 5036 2851 5073; x_wconf 83' lang='lat' dir='ltr'><strong>suam</strong></span> <span class='ocrx_word' id='word_1_892' title='bbox 2869 5036 2890 5075; x_wconf 89' lang='lat'><strong><em>:</em></strong></span> <span class='ocrx_word' id='word_1_893' title='bbox 2918 5023 2985 5076; x_wconf 89' lang='lat' dir='ltr'><strong>ibi</strong></span> <span class='ocrx_word' id='word_1_894' title='bbox 3004 5033 3180 5076; x_wconf 79' lang='lat' dir='ltr'><strong>autem</strong></span> <span class='ocrx_word' id='word_1_895' title='bbox 3205 5027 3468 5094; x_wconf 79' lang='lat' dir='ltr'><strong>sequitur,</strong></span> 
     </span>
    </p>
   </div>
   <div class='ocr_carea' id='block_1_112' title="bbox 1881 5107 3468 5184">
    <p class='ocr_par' dir='ltr' id='par_1_112' title="bbox 1881 5107 3468 5184">
     <span class='ocr_line' id='line_1_112' title="bbox 1881 5107 3468 5184; baseline 0.006 -22"><span class='ocrx_word' id='word_1_896' title='bbox 1881 5107 1951 5162; x_wconf 85' lang='lat' dir='ltr'><strong>Et</strong></span> <span class='ocrx_word' id='word_1_897' title='bbox 1975 5110 2317 5163; x_wconf 60' lang='lat' dir='ltr'><strong>hereditatem</strong></span> <span class='ocrx_word' id='word_1_898' title='bbox 2342 5126 2489 5164; x_wconf 81' lang='lat' dir='ltr'><strong>suam</strong></span> <span class='ocrx_word' id='word_1_899' title='bbox 2511 5128 2610 5164; x_wconf 86' lang='lat' dir='ltr'><strong>non</strong></span> <span class='ocrx_word' id='word_1_900' title='bbox 2642 5111 2950 5183; x_wconf 73' lang='lat' dir='ltr'><strong>derelinquat</strong></span> <span class='ocrx_word' id='word_1_901' title='bbox 2977 5114 3148 5184; x_wconf 85' lang='lat' dir='ltr'><strong>(Psal.</strong></span> <span class='ocrx_word' id='word_1_902' title='bbox 3167 5131 3311 5181; x_wconf 70' lang='lat' dir='ltr'><strong>scut,</strong></span> <span class='ocrx_word' id='word_1_903' title='bbox 3342 5119 3429 5180; x_wconf 78' lang='lat' dir='ltr'><strong>M)</strong></span> <span class='ocrx_word' id='word_1_904' title='bbox 3453 5136 3468 5182; x_wconf 86' lang='lat'><strong>;</strong></span> 
     </span>
    </p>
   </div>
   <div class='ocr_carea' id='block_1_113' title="bbox 1883 5201 3464 5276">
    <p class='ocr_par' dir='ltr' id='par_1_113' title="bbox 1883 5201 3464 5276">
     <span class='ocr_line' id='line_1_113' title="bbox 1883 5201 3464 5276; baseline 0.005 -21"><span class='ocrx_word' id='word_1_905' title='bbox 1883 5201 1971 5255; x_wconf 88' lang='lat' dir='ltr'><strong>ubi</strong></span> <span class='ocrx_word' id='word_1_906' title='bbox 1990 5202 2263 5257; x_wconf 68' lang='lat' dir='ltr'><strong>evidenter</strong></span> <span class='ocrx_word' id='word_1_907' title='bbox 2290 5213 2540 5273; x_wconf 87' lang='lat' dir='ltr'><strong>apparet,</strong></span> <span class='ocrx_word' id='word_1_908' title='bbox 2574 5205 2730 5260; x_wconf 86' lang='lat' dir='ltr'><strong>talem</strong></span> <span class='ocrx_word' id='word_1_909' title='bbox 2760 5206 2970 5276; x_wconf 86' lang='lat' dir='ltr'><strong>plebem</strong></span> <span class='ocrx_word' id='word_1_910' title='bbox 3009 5224 3128 5263; x_wconf 85' lang='lat' dir='ltr'><strong>esse</strong></span> <span class='ocrx_word' id='word_1_911' title='bbox 3177 5210 3464 5265; x_wconf 73' lang='lat' dir='ltr'><strong>Itzcrcdita-</strong></span> 
     </span>
    </p>
   </div>
   <div class='ocr_carea' id='block_1_114' title="bbox 1885 5295 3471 5372">
    <p class='ocr_par' dir='ltr' id='par_1_114' title="bbox 1885 5295 3471 5372">
     <span class='ocr_line' id='line_1_114' title="bbox 1885 5295 3471 5372; baseline 0.008 -23"><span class='ocrx_word' id='word_1_912' title='bbox 1885 5305 1988 5350; x_wconf 92' lang='lat' dir='ltr'><strong>tem</strong></span> <span class='ocrx_word' id='word_1_913' title='bbox 2021 5296 2132 5351; x_wconf 78' lang='lat' dir='ltr'><strong>Dei.</strong></span> <span class='ocrx_word' id='word_1_914' title='bbox 2168 5296 2232 5353; x_wconf 85' lang='lat' dir='ltr'><strong>Ut</strong></span> <span class='ocrx_word' id='word_1_915' title='bbox 2256 5298 2398 5352; x_wconf 90' lang='lat' dir='ltr'><strong>enim</strong></span> <span class='ocrx_word' id='word_1_916' title='bbox 2429 5295 2532 5352; x_wconf 85' lang='lat' dir='ltr'><strong>hoc</strong></span> <span class='ocrx_word' id='word_1_917' title='bbox 2552 5297 2752 5354; x_wconf 88' lang='lat' dir='ltr'><strong>diceret</strong></span> <span class='ocrx_word' id='word_1_918' title='bbox 2776 5300 3063 5369; x_wconf 79' lang='lat' dir='ltr'><strong>Apostolus</strong></span> <span class='ocrx_word' id='word_1_919' title='bbox 3083 5342 3100 5369; x_wconf 94' lang='lat'><strong>,</strong></span> <span class='ocrx_word' id='word_1_920' title='bbox 3131 5317 3289 5372; x_wconf 87' lang='lat' dir='ltr'><strong>supra</strong></span> <span class='ocrx_word' id='word_1_921' title='bbox 3314 5318 3471 5360; x_wconf 88' lang='lat' dir='ltr'><strong>com-</strong></span> 
     </span>
    </p>
   </div>
   <div class='ocr_carea' id='block_1_115' title="bbox 1883 5390 3470 5466">
    <p class='ocr_par' dir='ltr' id='par_1_115' title="bbox 1883 5390 3470 5466">
     <span class='ocr_line' id='line_1_115' title="bbox 1883 5390 3470 5466; baseline 0.008 -25"><span class='ocrx_word' id='word_1_922' title='bbox 1883 5399 2273 5443; x_wconf 83' lang='lat' dir='ltr'><strong>mentoravcrat</strong></span> <span class='ocrx_word' id='word_1_923' title='bbox 2328 5390 2694 5460; x_wconf 87' lang='lat' dir='ltr'><strong>propheticum</strong></span> <span class='ocrx_word' id='word_1_924' title='bbox 2727 5392 3084 5448; x_wconf 85' lang='lat' dir='ltr'><strong>testimonium</strong></span> <span class='ocrx_word' id='word_1_925' title='bbox 3123 5395 3194 5451; x_wconf 90' lang='lat' dir='ltr'><strong>de</strong></span> <span class='ocrx_word' id='word_1_926' title='bbox 3221 5413 3470 5466; x_wconf 71' lang='lat' dir='ltr'><strong>praenun-</strong></span> 
     </span>
    </p>
   </div>
   <div class='ocr_carea' id='block_1_116' title="bbox 1881 5479 3468 5556">
    <p class='ocr_par' dir='ltr' id='par_1_116' title="bbox 1881 5479 3468 5556">
     <span class='ocr_line' id='line_1_116' title="bbox 1881 5479 3468 5556; baseline 0.007 -21"><span class='ocrx_word' id='word_1_927' title='bbox 1881 5482 2007 5536; x_wconf 90' lang='lat' dir='ltr'><strong>tiata</strong></span> <span class='ocrx_word' id='word_1_928' title='bbox 2041 5479 2211 5537; x_wconf 88' lang='lat' dir='ltr'><strong>futura</strong></span> <span class='ocrx_word' id='word_1_929' title='bbox 2243 5482 2612 5540; x_wconf 86' lang='lat' dir='ltr'><strong>incredulitate</strong></span> <span class='ocrx_word' id='word_1_930' title='bbox 2639 5486 2816 5556; x_wconf 81' lang='lat' dir='ltr'><strong>populi</strong></span> <span class='ocrx_word' id='word_1_931' title='bbox 2862 5486 3023 5541; x_wconf 89' lang='lat' dir='ltr'><strong>Israel</strong></span> <span class='ocrx_word' id='word_1_932' title='bbox 3055 5505 3070 5542; x_wconf 89' lang='lat'><strong>:</strong></span> <span class='ocrx_word' id='word_1_933' title='bbox 3123 5487 3248 5542; x_wconf 87' lang='lat' dir='ltr'><strong>Tota</strong></span> <span class='ocrx_word' id='word_1_934' title='bbox 3273 5490 3356 5546; x_wconf 82' lang='lat' dir='ltr'><strong>die</strong></span> <span class='ocrx_word' id='word_1_935' title='bbox 3376 5508 3468 5546; x_wconf 75' lang='lat' dir='ltr'><strong>ex-</strong></span> 
     </span>
    </p>
   </div>
   <div class='ocr_carea' id='block_1_117' title="bbox 1883 5578 3466 5648">
    <p class='ocr_par' dir='ltr' id='par_1_117' title="bbox 1883 5578 3466 5648">
     <span class='ocr_line' id='line_1_117' title="bbox 1883 5578 3466 5648; baseline 0.007 -20"><span class='ocrx_word' id='word_1_936' title='bbox 1883 5578 2042 5648; x_wconf 81' lang='lat' dir='ltr'><strong>pundi</strong></span> <span class='ocrx_word' id='word_1_937' title='bbox 2066 5593 2246 5630; x_wconf 81' lang='lat' dir='ltr'><strong>manus</strong></span> <span class='ocrx_word' id='word_1_938' title='bbox 2273 5594 2406 5632; x_wconf 85' lang='lat' dir='ltr'><strong>meas</strong></span> <span class='ocrx_word' id='word_1_939' title='bbox 2436 5579 2504 5632; x_wconf 84' lang='lat' dir='ltr'><strong>ad</strong></span> <span class='ocrx_word' id='word_1_940' title='bbox 2534 5579 2776 5648; x_wconf 81' lang='lat' dir='ltr'><strong>populum</strong></span> <span class='ocrx_word' id='word_1_941' title='bbox 2805 5597 2905 5633; x_wconf 88' lang='lat' dir='ltr'><strong>non</strong></span> <span class='ocrx_word' id='word_1_942' title='bbox 2948 5582 3228 5637; x_wconf 75' lang='lat' dir='ltr'><strong>credentem</strong></span> <span class='ocrx_word' id='word_1_943' title='bbox 3258 5595 3305 5637; x_wconf 85' lang='lat' dir='ltr'><strong>et</strong></span> <span class='ocrx_word' id='word_1_944' title='bbox 3342 5602 3466 5639; x_wconf 80' lang='lat' dir='ltr'><strong>con-</strong></span> 
     </span>
    </p>
   </div>
   <div class='ocr_carea' id='block_1_118' title="bbox 1883 5669 3468 5750">
    <p class='ocr_par' dir='ltr' id='par_1_118' title="bbox 1883 5669 3468 5750">
     <span class='ocr_line' id='line_1_118' title="bbox 1883 5669 3468 5750; baseline 0.008 -28"><span class='ocrx_word' id='word_1_945' title='bbox 1883 5669 2206 5724; x_wconf 77' lang='lat' dir='ltr'><strong>tradicentem</strong></span> <span class='ocrx_word' id='word_1_946' title='bbox 2240 5669 2412 5743; x_wconf 85' lang='lat' dir='ltr'><strong>(Rom.</strong></span> <span class='ocrx_word' id='word_1_947' title='bbox 2447 5687 2476 5724; x_wconf 69' lang='grc' dir='ltr'><strong>ς</strong></span> <span class='ocrx_word' id='word_1_948' title='bbox 2502 5714 2516 5738; x_wconf 91' lang='grc'><strong>,</strong></span> <span class='ocrx_word' id='word_1_949' title='bbox 2538 5671 2599 5724; x_wconf 72' lang='lat'><strong>2|</strong></span> <span class='ocrx_word' id='word_1_950' title='bbox 2633 5715 2648 5735; x_wconf 91' lang='lat'><strong>,</strong></span> <span class='ocrx_word' id='word_1_951' title='bbox 2678 5684 2724 5725; x_wconf 82' lang='lat' dir='ltr'><strong>et</strong></span> <span class='ocrx_word' id='word_1_952' title='bbox 2755 5672 2879 5726; x_wconf 82' lang='lat' dir='ltr'><strong>Isai.</strong></span> <span class='ocrx_word' id='word_1_953' title='bbox 2911 5689 3008 5728; x_wconf 80' lang='lat' dir='ltr'><strong>va</strong></span> <span class='ocrx_word' id='word_1_954' title='bbox 3032 5717 3048 5740; x_wconf 91' lang='lat'><strong>,</strong></span> <span class='ocrx_word' id='word_1_955' title='bbox 3093 5675 3171 5745; x_wconf 69' lang='lat'><strong>2).</strong></span> <span class='ocrx_word' id='word_1_956' title='bbox 3216 5678 3311 5732; x_wconf 82' lang='lat' dir='ltr'><strong>llic</strong></span> <span class='ocrx_word' id='word_1_957' title='bbox 3339 5695 3468 5750; x_wconf 72' lang='lat' dir='ltr'><strong>ergo</strong></span> 
     </span>
    </p>
   </div>
   <div class='ocr_carea' id='block_1_119' title="bbox 1881 5765 3462 5842">
    <p class='ocr_par' dir='ltr' id='par_1_119' title="bbox 1881 5765 3462 5842">
     <span class='ocr_line' id='line_1_119' title="bbox 1881 5765 3462 5842; baseline 0.006 -24"><span class='ocrx_word' id='word_1_958' title='bbox 1881 5779 1948 5818; x_wconf 84' lang='lat' dir='ltr'><strong>ne</strong></span> <span class='ocrx_word' id='word_1_959' title='bbox 1979 5766 2254 5834; x_wconf 87' lang='lat' dir='ltr'><strong>quisquam</strong></span> <span class='ocrx_word' id='word_1_960' title='bbox 2287 5765 2426 5820; x_wconf 87' lang='lat' dir='ltr'><strong>male</strong></span> <span class='ocrx_word' id='word_1_961' title='bbox 2456 5765 2790 5836; x_wconf 72' lang='lat' dir='ltr'><strong>intehigens,</strong></span> <span class='ocrx_word' id='word_1_962' title='bbox 2826 5767 3128 5822; x_wconf 76' lang='lat' dir='ltr'><strong>universum</strong></span> <span class='ocrx_word' id='word_1_963' title='bbox 3179 5767 3324 5827; x_wconf 81' lang='lat' dir='ltr'><strong>illum</strong></span> <span class='ocrx_word' id='word_1_964' title='bbox 3366 5786 3462 5842; x_wconf 77' lang='lat' dir='ltr'><strong>pe-</strong></span> 
     </span>
    </p>
   </div>
   <div class='ocr_carea' id='block_1_120' title="bbox 1883 5855 3466 5926">
    <p class='ocr_par' dir='ltr' id='par_1_120' title="bbox 1883 5855 3466 5926">
     <span class='ocr_line' id='line_1_120' title="bbox 1883 5855 3466 5926; baseline 0.008 -20"><span class='ocrx_word' id='word_1_965' title='bbox 1883 5855 2066 5926; x_wconf 88' lang='lat' dir='ltr'><strong>pulutn</strong></span> <span class='ocrx_word' id='word_1_966' title='bbox 2095 5855 2317 5914; x_wconf 87' lang='lat' dir='ltr'><strong>crimine</strong></span> <span class='ocrx_word' id='word_1_967' title='bbox 2347 5856 2735 5914; x_wconf 78' lang='lat' dir='ltr'><strong>incredulitatis</strong></span> <span class='ocrx_word' id='word_1_968' title='bbox 2775 5866 2830 5914; x_wconf 87' lang='lat' dir='ltr'><strong>ct</strong></span> <span class='ocrx_word' id='word_1_969' title='bbox 2855 5859 3291 5920; x_wconf 74' lang='lat' dir='ltr'><strong>contrmlictiunis</strong></span> <span class='ocrx_word' id='word_1_970' title='bbox 3326 5863 3466 5919; x_wconf 81' lang='lat' dir='ltr'><strong>arbi-</strong></span> 
     </span>
    </p>
   </div>
  </div>
