3990 6310
1785 337 1846 392 Β.
1881 337 2093 394 AUC-UE

2200 335 2261 391 ‘Il.
2289 332 2587 388 EPISCUPI
3631 333 3778 390 ιῡιᾶ.

2179 465 2390 518 corpore
2431 447 2534 512 Deo
2576 446 2788 520 (pros.
2816 463 2884 512 .n,
2916 446 3139 520 “46);
3173 448 3225 503 in
3251 463 3359 520 quo
3407 463 3633 512 cornore
3674 464 3767 502 su-

2176 556 2295 596 mus
2315 540 2418 596 lilii
2447 540 2567 609 Dei,
2612 541 2930 606 clamantes,
2956 541 3115 607 Abba,
3145 540 3301 596 Pater
3331 540 3506 614 (Rom.
3531 557 3644 606 vni,
3681 544 3769 603 t5.

490 633 576 740 ego
609 633 988 720 Israelitasum
1007 676 1069 714 ea:
1089 672 1266 730 genere
1295 651 1458 708 Israel
1481 692 1494 715 ,
1525 648 1585 703 de
1612 646 1739 701 tribu
1779 641 2066 713 Benjamin.
2176 644 2221 688 et
2245 633 2361 689 Gal.
2393 649 2468 699 tv,
2497 633 2602 706 6):
2644 634 2782 693 Abba
2821 644 3039 705 propter
3079 635 3288 705 illorum
3329 635 3581 706 linguam,
3621 634 3775 690 Ραιει-

495 728 586 815 [ita
627 757 860 814 ostendit
914 728 1329 825 quam-plebem
1383 743 1610 807 dixerit,
1661 740 1839 808 utiqu
1890 733 2070 806 populi
2178 737 2397 801 propter
2440 730 2859 796 nostram;.hoc
2902 739 2985 786 est
3020 730 3165 789 enim
3204 730 3365 797 Abba,
3393 729 3533 800 quod
3588 728 3790 783 Paton.

487 861 709 934 prioris,
743 871 900 928 quam
935 821 988 908 isi
1034 858 1197 905 totam
1230 846 1371 899 Deus
1397 837 1732 908 reprobassct
1771 842 1929 901 atque
1975 829 2070 883 da-
2173 822 2332 883 Unde
2360 822 2729 934 Dominusjqui
2753 822 2910 934 digit,
2960 821 3081 877 Non
3109 839 3220 875 sum
3245 823 3425 877 missus
3445 823 3543 878 nisi
3562 823 3633 877 ad
3660 840 3775 877 oves

1523 932 1530 934 ξ
1949 923 1962 934 α
2188 929 2292 934 -,-..
2323 914 2573 934 __-_._'-,-_-__.
2643 930 2773 934 -s,__-_
2847 915 2970 934 _u__l
2999 913 3076 934 ΙΙΙ
3103 915 3186 934 ,“L
3240 930 3306 934 -μ
3345 912 3433 934 an
3488 914 3769 934 --._#j_-__

482 372 636 426 IOII‘

484 496 648 543 tretur
684 491 802 530 esse
828 474 1165 534 damnatum,
1192 466 1445 523 continuo
1469 460 1691 531 subjecit
1719 475 1738 509 τ
1768 457 1890 510 Dico
1913 469 2027 525 ergo
2050 495 2064 515 ,

485 565 988 640 Nnntquidtrrpulit.
1021 563 1157 620 Deus
1202 558 1392 631 plebem
1431 551 1617 633 suam?
1643 550 1799 604 Absit.
1853 546 1991 601 Nam
2021 557 2068 596 et

489 923 897 1011 innassctlnon
948 946 1134 1015 utique
1176 941 1291 1011 ipse
1341 932 1534 990 Christi
1579 937 1720 985 esset
1759 923 2071 998 apostolus,

494 1047 726 1102 Israelita
781 1060 842 1098 ex
897 1037 1101 1095 semine
1150 1032 1454 1095 Abraham,
1485 1028 1551 1083 de
1610 1025 1745 1080 tribu
1777 1018 2072 1090 Beniamin.

495 1137 726 1194 Adhibet
773 1142 950 1187 autem
982 1128 1134 1182 valde
1163 1121 1520 1179 necessarium
1553 1113 1913 1171 testimonium
1935 1153 1948 1176 ,
1997 1108 2077 1167 di-

491 1207 662 1286 cens:
701 1245 720 1280 ι
757 1227 835 1281 An
889 1220 1104 1277 nescitis
1153 1217 1204 1271 in
1255 1214 1368 1270 Elia
1420 1211 1544 1282 quid
1586 1208 1712 1263 dicit
1760 1203 2072 1275 Scriptura,

495 1317 939 1390 quemadmodum
995 1309 1296 1379 interpellat
1349 1306 1516 1360 Deum
1570 1301 1824 1356 adversus
1867 1293 2078 1352 Israel?

504 1383 766 1476 Domine,
801 1405 1094 1476 Prophetas
1125 1411 1242 1456 tuos
1267 1395 1574 1451 occiderunt
1597 1435 1610 1458 ,
1643 1390 1831 1446 altaria
1860 1398 1943 1442 tua
1969 1383 2081 1442 suf-

508 1502 790 1566 foderunt,
821 1507 874 1554 et
898 1513 997 1565 ego
1027 1493 1311 1549 derelictus
1337 1503 1454 1544 sum
1509 1485 1654 1540 solus
1677 1525 1693 1550 ,
1739 1488 1794 1537 et
1834 1483 2082 1550 quaerunt

497 1595 727 1652 animum
756 1607 950 1647 meum.
996 1587 1100 1645 Sed
1145 1584 1272 1657 quid
1298 1582 1427 1638 dicit
1475 1580 1547 1639 illi
1579 1591 1893 1648 rcSponsum
1940 1572 2081 1627 divi-

499 1687 682 1742 uum‘l.
709 1679 1080 1755 IIequuimibi
1129 1685 1334 1748 septem
1383 1673 1542 1728 millia
1575 1670 1807 1723 virorum
1834 1667 1923 1737 qui
1973 1679 2080 1718 non

498 1785 849 1836 curvaverant
877 1788 1046 1844 genua
1068 1766 1368 1830 auteBaal.
1391 1765 1481 1821 Sic
1506 1778 1634 1833 ergo
1659 1770 1715 1817 et
1739 1762 1791 1815 in
1822 1760 1925 1814 hoc
1948 1766 2084 1814 tem-

503 1885 633 1942 pore
686 1868 923 1938 reliquia:
970 1879 1064 1936 per
1117 1862 1438 1918 electionem
1480 1857 1664 1928 gratiae
1714 1853 1893 1916 salvae.
1928 1852 2084 1915 facta:

503 1972 647 2019 sunt.
681 1977 700 2015 δ
729 1960 855 2015 Ista:
903 1957 1141 2028 reliquiae
1178 1961 1303 2009 sunt
1342 1967 1407 2006 ex
1452 1949 1540 2004 illa
1569 1958 1728 2020 gente
1759 1943 2085 2000 luereditatis

503 2055 630 2119 Dei;
656 2068 759 2109 non
791 2051 861 2108 illi
886 2051 952 2106 de
972 2048 1165 2120 quibus
1184 2045 1340 2117 paulo
1361 2052 1480 2114 post
1503 2041 1662 2099 dicit:
1693 2059 1710 2092 ι
1741 2037 1933 2094 Crateri
1959 2051 2085 2092 vero

507 2146 760 2207 caementi
790 2155 933 2200 sunt.
991 2160 1009 2196 ι
1063 2140 1151 2197 Sic
1177 2138 1316 2193 enim
1345 2137 1420 2195 ait
1451 2153 1464 2189 :
1503 2152 1522 2187 ‹
1573 2131 1710 2202 Quid
1737 2130 1905 2202 ergo?
1934 2128 2083 2198 Quod

507 2238 777 2310 quaerebat
799 2236 960 2292 Israel
985 2279 1000 2303 ,
1026 2234 1126 2290 hoc
1153 2247 1256 2287 non
1286 2239 1367 2286 est
1395 2237 1745 2285 consecutus:
1777 2225 1966 2280 electio
1989 2239 2090 2280 auo,

507 2345 614 2388 tem
630 2340 914 2399 consecuta
944 2339 1052 2393 est;
1083 2325 1261 2383 caeteri
1283 2339 1408 2397 vero
1431 2321 1816 2386 exea:catisunt
1848 2336 1867 2372 υ
1909 2317 2083 2391 (Rom.

511 2441 568 2480 xl
589 2467 605 2493 ,
638 2422 778 2494 1-7).
813 2425 911 2477 Ista
935 2422 1098 2492 igitur
1117 2420 1304 2475 Q1cetio
1329 2461 1344 2486 ,
1373 2417 1486 2472 ista:
1516 2414 1751 2485 reliquia:
1775 2458 1790 2481 ,
1811 2413 1908 2466 ista
1940 2411 2088 2482 plebs

510 2516 604 2572 Dei
633 2531 789 2586 quam
820 2530 922 2569 non
956 2512 1146 2584 repulit
1175 2513 1314 2566 Deus
1335 2553 1349 2578 ,
1381 2509 1664 2565 hzrreditas
1714 2506 1831 2576 ejus
1873 2504 2086 2560 dicitur.

507 2609 566 2665 In
599 2610 689 2664 illo
713 2615 889 2663 autem
917 2607 1076 2662 Israel
1120 2605 1209 2676 qui
1255 2605 1361 2658 hoc
1398 2618 1501 2657 non
1529 2611 1609 2656 est
1651 2606 2003 2664 consecutus,
2038 2596 2088 2650 in

509 2702 617 2757 illis
647 2700 854 2756 caeteris
883 2698 1192 2765 exemeatis,
1241 2713 1347 2751 non
1386 2704 1501 2750 erat
1546 2691 1655 2762 jam
1686 2690 1965 2746 Itmreditas
1994 2688 2090 2743 Dei

509 2795 578 2851 de
605 2811 706 2865 qua
734 2795 834 2849 dici
869 2803 1085 2863 posset,
1113 2801 1232 2861 post
1253 2789 1448 2845 Christi
1485 2790 1538 2842 in
1569 2787 1720 2842 emlis
1749 2783 2091 2856 glorilicatio-

509 2903 634 2944 nem
660 2931 674 2954 ,
708 2897 945 2957 tempore
971 2887 1074 2940 'l'iti
1104 2883 1458 2954 imperatoris,
1485 2881 1656 2947 Deus,
1685 2888 1918 2932 venerunt
1954 2875 2090 2931 Gen-

512 2991 584 3036 tcs
612 2981 662 3035 in
690 2980 1029 3036 [nereditatem
1055 2988 1227 3043 tuam,
1258 2987 1310 3032 et
1339 2984 1530 3031 cetera
1558 2987 1674 3044 quae
1701 2973 1766 3028 de
1812 2973 1952 3027 iliius
1997 2986 2093 3042 po-

512 3074 620 3146 puli
649 3082 708 3128 et
743 3072 925 3142 templi
970 3082 1023 3127 et
1039 3071 1273 3127 civitatis
1299 3068 1590 3124 vastatione
1617 3066 1862 3122 videntur
1890 3067 1945 3120 in
1991 3063 2091 3120 hoc

511 3166 721 3238 psalmo
745 3180 864 3220 esse
890 3164 1158 3234 prtedieta.

551 3258 648 3319 .3..
681 3255 907 3310 Proinde
934 3266 1138 3311 antea
1177 3254 1432 3314 dcbemus
1471 3252 1767 3323 intelligere
1796 3267 1915 3323 qua:
1954 3251 2090 3306 facta

511 3359 636 3406 sunt
669 3348 738 3403 ab
773 3347 890 3402 aliis
917 3346 1176 3412 hostibus,
1204 3356 1486 3415 antequam
1515 3344 1755 3400 Christus
1784 3345 2015 3400 venisset
2043 3346 2092 3398 in

509 3455 674 3496 carne
720 3439 1045 3508 (unnenitn
1087 3447 1201 3493 erat
1227 3438 1328 3493 alia
1359 3447 1486 3491 tunc
1527 3435 1809 3492 ltmreditas
1839 3436 1965 3506 Dei,
2006 3436 2094 3491 ubi

511 3542 566 3593 et
594 3531 875 3601 Propheta:
904 3531 1070 3585 sancti
1102 3539 1275 3596 erant,
1301 3527 1514 3599 quando
1550 3527 1683 3581 facta
1723 3537 1805 3582 est
1844 3529 2097 3584 trausmi-i

510 3627 778 3696 gratioin.
811 3625 1177 3696 Babyloniam,
1213 3624 1549 3693 graviterque
1594 3637 1724 3692 gens
1768 3622 1858 3678 illa
1891 3631 2130 3678 vastata:

511 3730 595 3776 est
619 3719 717 3792 [IV
749 3719 877 3791 Reg.
914 3734 1063 3785 xxtv,
1099 3715 1222 3789 ll];
1268 3725 1321 3771 et
1360 3717 1457 3772 sub
1487 3716 1751 3772 Antiocho
1787 3716 1944 3771 etiam
1984 3714 2090 3770 Ma-

513 3813 715 3866 chaba'i
745 3811 1008 3866 horrenda
1031 3810 1292 3880 perpessi,
1310 3809 1694 3880 gloriosissime
1715 3810 2109 3868 coronatisunt‘

515 3905 590 3981 [II
625 3906 860 3962 Hac/tab.
886 3903 1012 3976 vn].
1046 3905 1118 3959 Ea
1141 3904 1333 3974 quippe
1354 3903 1489 3957 dicta
1521 3912 1645 3956 sunt
1666 3902 1718 3956 in
1745 3902 1848 3957 hoc
1873 3903 2097 3972 psalmo,
2125 3947 2130 3953 .

514 4014 636 4071 qua:
661 3999 833 4052 solent
890 3997 1004 4052 ﬁeri
1041 3996 1201 4050 etiam
1250 4004 1425 4065 strage
1474 3993 1924 4065 bellorum);aut»
1956 4004 2123 4050 certe.

515 4095 562 4149 si
596 4103 716 4162 post-
759 4089 1204 4146 resurreetiouem
1235 4097 1288 4142 et
1315 4087 1679 4142 ascensionem
1711 4086 1919 4141 Domini
1957 4087 2099 4142 acci-

516 4186 707 4259 pianda
725 4192 806 4242 est
822 4184 907 4237 hic
924 4189 1335 4237 commemorata
1352 4178 1635 4235 itmreditas
1657 4179 1779 4244 Dei;
1803 4193 1863 4234 ea
1883 4188 2000 4233 sunt
2022 4179 2100 4232 in-

515 4279 795 4351 telligenda
811 4296 926 4349 qua:
943 4291 972 4331 a
985 4273 1276 4330 cultoribus
1289 4271 1548 4328 idolorum
1563 4281 1617 4326 et
1632 4270 1858 4342 inimicis
1872 4271 2101 4325 nominis

512 4371 733 4440 Christi,
758 4373 991 4428 Ecclesia
1021 4371 1138 4439 ejus
1160 4370 1208 4438 in
1235 4375 1378 4423 tanta
1405 4375 1696 4437 martyrum
1723 4365 2100 4420 numerositate

514 4481 766 4538 perpessa
794 4475 895 4520 est.
925 4464 1231 4532 Quanquam
1258 4459 1400 4513 enim
1430 4457 1610 4528 Asaph
1634 4456 1907 4528 Synagoga
1940 4455 2101 4511 inter-

516 4570 776 4630 pretetur,
800 4574 918 4628 qua:
942 4566 1022 4613 est
1043 4554 1402 4625 congregatio,
1440 4552 1597 4622 idque
1625 4566 1817 4607 nomen
1856 4550 2102 4606 usita'ius

517 4653 773 4709 insederit
798 4651 940 4722 genti
970 4649 1274 4706 Judatornm
1299 4652 1328 4714 ;'
1349 4655 1522 4701 tamen
1545 4653 1598 4700 et
1630 4642 1917 4698 Ecclesiam
1946 4643 2096 4696 istaut

517 4753 676 4808 posse
700 4738 806 4794 dici
827 4735 1313 4806 congregationem,
1342 4742 1392 4787 et
1420 4731 1564 4785 illum
1593 4738 1825 4787 veterem
1849 4727 2097 4796 populum

515 4836 715 4889 dictum
739 4847 856 4887 esse
885 4828 1197 4891 Ecclesium,
1215 4827 1322 4896 jam
1352 4827 1404 4879 in
1433 4823 1536 4878 alio
1561 4821 1768 4893 psalmo
1796 4820 1924 4875 satis
1950 4834 2104 4889 aper-

521 4941 678 4997 teque
727 4924 1137 4998 monstravimus
1162 4921 1258 4992 (α).
1309 4918 1433 4973 llaec
1479 4917 1635 4988 igitur
1678 4914 1936 4981 Ecclesia,
1991 4913 2104 4968 haec

522 5019 804 5074 hmreditas
831 5017 921 5071 Dei
951 5031 1014 5068 ex
1045 5011 1446 5068 circumcisione
1479 5017 1533 5065 et
1575 5007 1832 5079 przeputio
1876 5021 2102 5077 congre-

520 5123 639 5186 gata
668 5122 769 5178 est,
794 5113 844 5166 id
873 5119 956 5166 est
982 5127 1046 5165 ex
1076 5109 1267 5178 populo
1313 5107 1471 5160 Israel
1499 5113 1554 5159 et
1579 5119 1641 5158 ex
1677 5102 1883 5158 ueteris
1922 5101 2104 5167 Genti-

506 5194 643 5284 bus,
677 5222 781 5277 per
810 5205 1027 5274 lapidem
1062 5220 1207 5272 quem
1263 5199 1650 5272 reprobaverunt
1693 5197 2019 5262 aediﬁcantes,
2051 5204 2105 5248 et

510 5297 688 5372 factus
726 5310 799 5354 est
847 5299 898 5352 in
927 5307 1091 5366 caput.
1115 5295 1288 5367 anguli
1333 5294 1504 5363 (Psal.
1550 5307 1712 5354 exvit,
1740 5290 1871 5368 22);
1917 5290 1969 5343 in
2001 5304 2105 5357 quo

527 5398 720 5463 angulo
764 5402 1022 5460 tanquam
1055 5391 1162 5444 duo
1208 5389 1434 5459 parietes
1477 5386 1543 5440 de
1573 5385 1784 5439 diverso
1833 5380 2106 5463 venientes

527 5457 919 5555 cumularentur.
949 5468 1077 5552 Ipse
1095 5477 1168 5536 est
1208 5457 1338 5534 enim
1365 5495 1467 5552 pax
1493 5487 1686 5544 nostra,
1717 5477 1802 5547 qui
1825 5458 1940 5548 fecit
1964 5457 2102 5544 atra-

532 5573 630 5645 que
653 5576 828 5644 unum,
864 5586 916 5654 ut
943 5574 1069 5630 duo:
1098 5561 1329 5638 conderet
1370 5575 1420 5627 in
1448 5589 1502 5626 se
1529 5569 1766 5653 inuitum
1804 5585 1985 5635 novum
2014 5568 2122 5644 lto;

519 5666 736 5736 minem,
767 5661 957 5741 [ueiens
985 5682 1177 5744 pacem,
1213 5657 1626 5735 etjoadunarotI
1668 5673 1901 5731 utroriue
1926 5661 2106 5718 imuno

592 5816 606 5845 ³
638 5815 766 5872 859.,
787 5799 1112 5862 immutaret.
1225 5871 1234 5872 ί
1321 5853 1326 5858 .

597 5870 858 5940 (1.)attpra;
879 5877 924 5925 in
949 5880 1109 5935 matr.
1136 5871 1255 5923 Psal.
1279 5885 1453 5933 ματ-υ,
1481 5883 1529 5920 n.
1557 5870 1604 5920 3.

2179 929 2293 981 qua
2317 914 2573 983 perierunt
2597 913 2775 968 domus
2805 911 2970 968 Israel
2996 913 3210 984 (Matth.
3240 930 3326 980 xv,
3345 912 3458 984 24),
3482 914 3773 971 ostendens

2183 1005 2256 1061 illi
2288 1007 2428 1076 genti
2470 1007 2728 1062 redditam
2779 1007 3078 1076 prmsentia:
3120 1006 3286 1076 ipsius
3331 1007 3773 1077 promissionem;

2181 1099 2256 1152 ait
2289 1108 2463 1154 tamen
2494 1099 2600 1154 alio
2628 1098 2764 1166 loco,
2815 1097 2990 1158 Habeo
3023 1099 3152 1153 alios
3181 1115 3293 1154 oves
3312 1115 3423 1169 qua:
3446 1116 3545 1153 non
3568 1108 3688 1154 sunt
3713 1103 3775 1154 de

2185 1192 2278 1245 hoc
2319 1192 2470 1255 ovili;
2509 1201 2705 1262 oportet
2749 1209 2828 1247 me
2868 1200 2912 1246 et
2953 1192 3089 1263 ipsas
3128 1191 3396 1258 adducere,
3432 1184 3492 1244 ut
3535 1193 3601 1246 sit
3644 1208 3773 1246 unus

2184 1303 2308 1359 grex
2333 1296 2378 1339 et
2409 1303 2541 1340 unus
2572 1282 2744 1355 pastor
2769 1285 2949 1358 (Joan.
2975 1301 3030 1351 Σ,
3055 1283 3142 1355 16)
3169 1302 3180 1337 :
3214 1284 3412 1341 Gentes
3444 1284 3773 1354 significans,

2185 1395 2318 1450 quas
2343 1387 2458 1436 erat
2485 1379 2831 1446 adducturus,
2857 1393 2962 1434 non
2986 1378 3201 1450 quidem
3241 1394 3334 1448 per
3359 1393 3508 1433 suam
3537 1390 3773 1449 prtesen-

2188 1472 2314 1528 tiam
2360 1473 2748 1542 eorporalem‘,
2790 1481 2848 1528 ut
2883 1472 3008 1528 illud
3053 1488 3238 1527 verum
3285 1471 3372 1535 sit,
3426 1489 3445 1524 ε
3493 1471 3608 1526 Non
3653 1485 3772 1526 sum

2187 1563 2381 1618 missus
2419 1563 2516 1617 nisi
2557 1562 2624 1617 ad
2662 1577 2788 1617 oves
2826 1577 2946 1632 qua:
2985 1560 3256 1630 perierunt
3293 1560 3483 1615 domus
3520 1558 3713 1624 Israel;
3748 1576 3768 1610 ι

2187 1649 2290 1711 sed
2327 1664 2502 1709 tamen
2548 1669 2642 1724 per
2674 1653 3015 1723 Evangelinm
3061 1666 3235 1717 suum,
3257 1651 3396 1718 quod
3423 1659 3576 1707 erant
3600 1650 3773 1706 disse-

2189 1747 2436 1801 minaturi
2465 1765 2483 1797 ‹
2522 1745 2749 1824 speciosi
2782 1746 2943 1811 pedes
2984 1743 3405 1799 annuntiantium
3443 1759 3645 1814 pacem,
3674 1761 3771 1798 au-

2191 1841 2542 1895 nuntiantium
2568 1841 2700 1894 bona
2722 1857 2741 1890 )
2775 1838 2949 1911 (Rom.
2978 1855 3029 1904 π,
3064 1838 3148 1906 15)
3177 1857 3188 1892 :
3224 1857 3242 1890 ‹
3271 1839 3323 1904 In
3344 1853 3555 1893 omnem
3586 1857 3606 1890 ι
3629 1840 3772 1893 enim

2197 1952 2214 1985 ι
2249 1942 2444 1988 terram
2486 1933 2613 1987 exiit
2642 1946 2805 1985 sonus
2831 1945 3036 1996 eorum,
3080 1939 3133 1986 et
3181 1931 3230 1984 in
3263 1929 3391 1985 lines
3431 1930 3576 1985 orbis
3619 1939 3776 1985 terra:

2190 2018 2350 2082 verba
2388 2040 2573 2081 eorum
2608 2045 2626 2078 ι
2669 2021 2842 2094 (Paul.
2893 2039 3044 2087 xvul,
3090 2022 3168 2092 5).
3219 2021 3351 2077 Hinc
3392 2031 3445 2078 et
3487 2023 3774 2092 Apostolus

2191 2120 2286 2184 ait,
2317 2136 2334 2171 ι
2384 2119 2510 2174 Dico
2558 2132 2686 2189 ergo
2728 2114 2996 2172 Christum
3046 2114 3227 2170 Jesum
3273 2115 3568 2173 ministrum
3614 2114 3777 2172 fuisse

2192 2210 2616 2266 circumcisionis
2644 2216 2860 2280 promer
2889 2194 3163 2262 veritatem
3205 2205 3434 2270 Dei,_ad'.
3452 2203 3774 2263 conﬁrman-

2191 2303 2288 2359 das
2328 2302 2707 2373 promissiones
2749 2300 3007 2354 Patrum“:
3045 2317 3067 2350 υ
3109 2311 3234 2352 ecce
3278 2295 3418 2366 quod
3455 2306 3555 2361 est.
3594 2314 3615 2350 ι
3667 2312 3774 2354 non

2193 2413 2310 2453 sum
2333 2396 2526 2450 missus
2547 2394 2647 2450 nisi
2669 2392 2734 2449 ad
2761 2407 2888 2448 oves
2904 2407 3022 2470 qua;
3047 2391 3318 2462 perierunt
3336 2375 3525 2447 domus
3546 2389 3725 2462 Israel.
3752 2411 3770 2445 ι

2198 2490 2398 2546 Deinde
2439 2489 2710 2560 subjungit
2753 2486 3059 2558 Apostolus,
3095 2503 3114 2537 ι
3160 2484 3356 2540 Gentes
3398 2493 3572 2559 autem
3615 2501 3768 2555 super

2197 2583 2565 2655 misericordia
2611 2582 2909 2655 gloriﬁcare
2958 2581 3122 2637 Deum
3171 2599 3184 2635 :
3236 2598 3257 2633 ι
3305 2595 3430 2636 ecce
3474 2580 3615 2649 quod
3661 2591 3774 2645 est,

2203 2698 2222 2730 ε
2257 2678 2438 2748 Habeo
2463 2679 2593 2733 alias
2611 2692 2736 2732 oves
2750 2692 2870 2748 quae
2895 2692 2999 2732 non
3022 2685 3145 2730 sunt
3162 2676 3230 2731 de
3256 2675 3357 2730 hoc
3375 2675 3536 2741 owiii;
3567 2688 3778 2747 oportet

2198 2787 2284 2826 me
2313 2771 2540 2847 etipsas
2583 2769 2870 2836 adducere,
2898 2778 2956 2822 ut
2983 2770 3052 2824 sit
3091 2784 3226 2823 unus
3267 2783 3396 2838 grex
3437 2778 3488 2822 et
3517 2784 3652 2823 entts
3683 2784 3777 2838 βε-

2198 2874 2329 2918 stor.
2357 2884 2375 2916 ι
2399 2862 2548 2931 Quod
2576 2850 2858 2932 utrumque
2885 2860 3119 2917 breviter
3143 2859 3338 2915 dictum
3365 2867 3448 2915 est
3475 2859 3612 2914 ineo
3633 2860 3776 2930 quod

2199 2958 2267 3013 de
2289 2958 2543 3029 propheta
2573 2957 2711 3019 idem
2749 2957 3020 3027 apostolus
3040 2965 3456 3017 commemorat:
3489 2955 3775 3022 Lwtomini,

2199 3051 2404 3118 Gentes,
2443 3067 2558 3105 cum
2601 3051 2741 3122 plebe
2783 3051 2894 3121 ejus
2937 3047 3113 3119 (Rom.
3155 3064 3243 3113 xv,
3287 3046 3466 3116 8-l0).
3511 3047 3615 3106 Iste
3650 3062 3779 3119 ergo

2201 3159 2340 3199 unus
2365 3159 2499 3214 grex
2531 3143 2631 3197 sub
2673 3149 2887 3212 pastore
2926 3155 3051 3206 uno,
3083 3138 3363 3194 luereditas
3410 3139 3500 3194 Dei
3545 3147 3646 3203 est.
3673 3155 3778 3194 non

2203 3239 2376 3313 so!um
2415 3237 2606 3301 Patris,
2635 3237 2727 3291 sed
2753 3235 2911 3292 etiam
2937 3232 3078 3299 Filii.
3106 3232 3237 3289 Nam
3263 3231 3378 3286 Filii
3407 3248 3507 3286 vox
3541 3240 3642 3295 est,
3667 3229 3780 3287 Fu-

2203 3329 2602 3390 nesceciderunt
2623 3329 2746 3382 mihi
2775 3329 2826 3381 in
2860 3326 3136 3396 praetoris,
3170 3325 3350 3380 etenim
3383 3324 3648 3378 bcreditas
3671 3341 3781 3378 mea

2208 3411 2454 3494 prteclara
2488 3432 2561 3478 est
2599 3421 2723 3476 mihi
2751 3418 2923 3492 (Psal.
2952 3433 3076 3484 cxv,
3117 3416 3172 3489 6)
3200 3435 3216 3472 :
3247 3425 3302 3472 et
3343 3416 3508 3488 ipsius
3550 3407 3780 3471 haeredi-

2207 3518 2329 3573 tatis
2358 3530 2456 3571 vox
2488 3522 2574 3570 est
2599 3512 2740 3583 apud
2782 3511 3124 3583 prophetam,
3155 3509 3372 3566 Domine
3418 3506 3555 3561 Deus
3592 3517 3779 3574 noster,

2208 3608 2406 3679 posside
2430 3624 2523 3662 nos
2553 3605 2703 3678 (Iani.
2731 3619 2881 3668 xxvi,
2907 3604 2994 3667 15,
3024 3617 3125 3656 sec.
3148 3599 3344 3670 LXX).
3363 3599 3519 3655 Hanc
3561 3599 3784 3655 hmredi-

2208 3711 2369 3770 tatem
2383 3714 2494 3774 (non
2518 3699 2751 3767 moriens
2768 3697 2925 3752 Pater
2940 3694 3071 3750 Filio
3092 3694 3334 3772 reliquit;
3364 3691 3456 3748 sed
3483 3693 3596 3763 ipse
3620 3692 3783 3750 Filius

2208 3808 2327 3848 eam
2353 3807 2449 3846 sua
2496 3799 2668 3848 morte
2692 3788 3008 3843 mirabiliter
3044 3785 3339 3857 acquisivit,
3366 3800 3522 3855 quam
3550 3800 3784 3839 resurre-

2208 3887 2384 3949 ctione
2413 3883 2667 3956 possedit.

2278 3980 2331 4034 4.
2372 3978 2425 4034 Si
2452 3992 2580 4047 ergo
2599 3976 2666 4032 de
2696 3976 2797 4030 hac
2825 3971 3226 4040 intelligendum
3252 3979 3333 4026 est
3353 3969 3491 4040 quod
3517 3969 3566 4022 in
3596 3967 3781 4038 psalmi

2209 4071 2364 4140 hujus
2385 4069 2660 4141 prophetia
2689 4067 2913 4130 canitur,
2953 4064 3110 4127 Deus,
3137 4071 3375 4117 uenerunt
3404 4059 3583 4115 Gentes
3605 4061 3656 4113 in
3678 4061 3786 4114 Ita:—

2205 4160 2466 4218 rcditatem
2490 4171 2651 4225 luant,
2682 4167 2738 4214 ut
2769 4160 2977 4212 Venissc
3011 4144 3208 4212 Gentes
3251 4152 3570 4223 accipiamus
3600 4153 3652 4207 in
3685 4152 3784 4207 Εε-
3828 4220 3831 4222 ι

2206 4256 2443 4320 clesiam,
2477 4269 2580 4308 non
2607 4249 2895 4314 credendo,
2927 4248 3020 4304 sed
3047 4245 3431 4318 persequendo,
3456 4244 3507 4299 id
3533 4255 3643 4303 est.
3668 4259 3784 4299 eam

2208 4349 2466 4405 invasisse
2505 4346 2774 4400 voluntate
2809 4341 3020 4407 delendi
3060 4351 3219 4410 atque
3253 4325 3470 4394 omnino
3511 4329 3784 4406 perdendi,

2205 4445 2342 4499 sicut
2373 4449 2450 4495 tot
2473 4438 2898 4510 persecutionum
2926 4433 3165 4501 exempla
3196 4439 3594 4493 monstrarunt;
3631 4443 3784 4497 opor-

2207 4545 2282 4591 tet
2325 4542 2384 4587 ut
2427 4529 2569 4602 quod
2620 4529 2878 4598 sequitur,
2927 4523 3227 4578 Polluerunt
3275 4519 3513 4591 templum
3561 4531 3788 4572 sanetum

2208 4637 2367 4689 tuum,
2399 4640 2502 4678 non
2549 4623 2601 4677 in
2634 4621 2790 4691 lignis
2821 4631 2874 4673 et
2910 4616 3190 4688 lapidibus,
3219 4614 3310 4668 sed
3340 4613 3390 4667 in
3435 4612 3562 4681 ipsis
3591 4611 3787 4667 intelli-

2206 4729 2360 4789 gatur
2391 4711 2796 4777 hominibus,de
2823 4709 3036 4780 quibus,
3067 4714 3318 4773 tanquam
3349 4701 3609 4772 lapidibus
3637 4703 3787 4762 vivis,

2207 4807 2443 4864 construi
2488 4806 2612 4861 dicit
2641 4802 2916 4874 apostolus
2954 4800 3142 4854 Petrus
3171 4799 3386 4852 domum
3431 4795 3521 4850 Dei
3551 4795 3600 4867 (Ι
3648 4792 3787 4847 Petr.

2207 4919 2267 4966 ιι,
2302 4901 2378 4972 5).
2413 4898 2560 4955 Unde
2604 4907 2658 4951 et
2703 4894 2979 4965 apostolus
3027 4890 3220 4945 Paulus
3264 4887 3600 4959 apertiSsime
3642 4885 3787 4951 dicit,

2208 4991 2474 5062 Templum
2518 4989 2612 5042 Dei
2641 4997 2868 5042 sanctum
2899 4993 2989 5050 est,
3028 4982 3167 5054 quod
3203 4981 3321 5036 estis
3359 4995 3443 5034 vos
3471 4977 3522 5052 (Ι
3556 4978 3673 5033 Cor.
3713 4993 3786 5041 tu,

2210 5087 2319 5158 l7).
2354 5086 2465 5140 lloc
2493 5086 2670 5154 itaque
2702 5081 2955 5151 templum
2985 5087 3351 5149 persecutores
3391 5076 3442 5130 in
3490 5075 3575 5129 his
3611 5073 3790 5140 utique

2211 5180 2531 5251 polluerunt,
2564 5191 2698 5249 quos
2748 5175 2820 5230 ad
2859 5171 3156 5244 negandum
3206 5168 3496 5230 Christum,
3543 5167 3790 5223 terrendo

2211 5276 2289 5329 vel
2317 5273 2607 5329 cruciando
2630 5276 2939 5340 coegerunt,
2971 5275 3130 5336 atque
3155 5272 3211 5318 ut
3233 5262 3386 5317 idolis
3415 5261 3785 5332 supplicarent,

2210 5368 2556 5421 vehementer
2595 5360 2840 5416 instando
2881 5359 3158 5413 fecerunt:
3191 5369 3414 5424 quorum
3458 5353 3652 5406 multos
3676 5366 3789 5419 pre-

2211 5461 2429 5516 nitentia
2469 5455 2749 5527 reparavit,
2777 5462 2934 5523 atque
2960 5451 3027 5506 ab
3065 5450 3149 5504 illa
3181 5447 3540 5517 inquinatione
3569 5442 3789 5500 munda-

2211 5559 2304 5611 vit.
2351 5551 2662 5611 Ptenitcntis
2708 5547 2850 5603 enim
2890 5560 2998 5606 vos
3043 5553 3161 5598 est:
3192 5560 3211 5594 ι
3261 5541 3326 5620 Et
3362 5556 3390 5593 a
3434 5538 3628 5595 delicto
3675 5553 3790 5592 meo

2207 5648 2558 5709 mandante;
2596 5662 2614 5696 ι
2647 5623 2721 5717 et,
2756 5659 2776 5692 ε
2808 5640 2917 5695 Cor
2954 5635 3212 5692 mundum
3242 5649 3363 5690 crea
3403 5633 3455 5687 in
3495 5647 3600 5696 me,
3631 5631 3784 5693 Deus,

2213 5753 2266 5798 et
2292 5740 2534 5810 spiritum
2564 5742 2766 5791 rectum
2797 5719 2987 5788 innova
3017 5729 3071 5783 in
3096 5725 3388 5782 visceribus
3413 5725 3544 5782 meis
3575 5742 3595 5777 ι
3623 5721 3788 5796 (Poet.

2277 5861 2302 5891 ⁸
2329 5855 2514 5918 Aliquot
2533 5856 2660 5913 μεθ,
2685 5859 2771 5914 per
2796 5859 2845 5900 se
2868 5839 3124 5913 primarium
3149 5837 3403 5905 corporali.
