3990 6342
293 329 430 388 1013

295 461 344 504 1,,
378 447 432 512 4,
468 445 577 515 12).
600 442 716 500 Jam
740 439 1022 512 veroquod
1052 439 1311 510 sequitur,
1341 456 1360 490 t
1397 438 1697 492 Posuerunt
1725 432 1882 488 Jeru-

296 538 465 592 salem
497 537 550 590 in
575 551 851 605 pomorum
879 533 1174 590 custodiam
1201 549 1213 586 :
1255 551 1274 585 ι
1309 540 1362 587 ει
1389 531 1501 600 ipsa
1529 527 1764 591 Ecclesia
1789 526 1890 580 hoc

297 629 514 683 nomine
542 609 714 683 recte.
745 627 1071 697 intelligitur,
1094 619 1119 675 ἰ
1155 622 1450 680 Jerusalem
1496 621 1684 687 libera,
1718 625 1892 673 mater

296 702 501 783 nostra,
536 717 602 776 de
635 734 735 788 qua
763 719 1019 788 scriptum
1045 726 1145 781 est,
1177 715 1380 771 Laztare
1408 714 1604 769 sterilis
1633 727 1751 784 qua:
1778 724 1887 766 non

299 809 460 885 paris,
495 826 718 880 erumpe
760 820 815 865 et
855 811 1116 878 exclama,
1146 825 1264 879 qua:
1309 824 1414 864 non
1455 805 1718 877 parturis;
1751 818 1886 874 quo-

297 899 439 957 niam
478 903 628 968 multi
655 903 746 957 lilii
777 888 1025 968 desertae,
1059 902 1225 972 magis
1254 916 1410 970 quam
1436 899 1551 969 ejus
1579 913 1698 969 qua:
1723 895 1885 951 habet

295 995 470 1049 virum
499 1012 519 1051 ι
538 993 682 1066 (Gal.
703 1010 774 1060 iv,
791 993 882 1062 26,
905 1004 950 1048 et
977 991 1104 1048 lsai.
1130 1008 1234 1056 LIV,
1259 990 1333 1066 1).
1356 1010 1374 1044 ‹
1403 990 1459 1045 In
1476 988 1769 1046 custodiam
1792 1001 1888 1057 po-

299 1103 534 1155 morum,
567 1108 587 1142 »
620 1087 759 1159 quod
790 1088 988 1143 dictum
1034 1096 1136 1154 est,
1173 1085 1532 1141 desertionem
1577 1081 1882 1150 intelligen-

296 1179 420 1236 dam
463 1181 710 1236 existimo
746 1196 905 1251 quam
943 1178 1071 1234 fecit
1112 1178 1328 1232 vastitas
1369 1175 1796 1248 persecutionis:
1829 1172 1882 1228 id

299 1280 402 1336 est,
435 1271 580 1327 velut
605 1271 902 1326 custodiam
947 1284 1259 1340 pomorum;
1292 1267 1413 1337 quia
1442 1265 1762 1322 deseruntur
1790 1277 1882 1333 po-
1917 1335 1924 1342 _

297 1355 514 1422 morum.
556 1362 845 1430 custodim,
883 1376 1004 1416 cum
1054 1375 1208 1431 poma
1255 1357 1579 1413 transierint.
1627 1356 1691 1410 Et
1736 1363 1882 1409 certe

294 1457 509 1529 quando
553 1457 850 1513 Gentilibus
908 1454 1344 1527 persequentibus
1390 1450 1626 1507 Ecclesia
1669 1449 1880 1504 deserta

211 1590 213 1592 -
291 1551 407 1626 iisa
453 1558 554 1618 est,
604 1551 653 1603 in
685 1534 965 1609 caelestem
1011 1562 1249 1602 mensam
1298 1546 1514 1615 spiritus
1565 1551 1875 1612 martyrum,

292 1653 545 1713 tanquam
588 1641 658 1699 de
707 1641 862 1696 horto
908 1639 1177 1696 dominico
1223 1639 1419 1696 multa‘
1465 1646 1522 1693 et
1566 1634 1880 1692 suavissima

295 1753 475 1808 poma,
509 1737 855 1792 transierunt.

364 1829 418 1884 5.
461 1827 620 1902 [vers.
651 1827 745 1902 2.].
772 1826 1081 1895 Posucrunt,
1106 1827 1294 1898 inquit,
1325 1825 1589 1880 morticina
1623 1839 1881 1880 servorum

293 1913 494 1977 tuantm
523 1939 661 1978 escas
690 1923 975 1977 volatilibus
1000 1923 1132 1990 cwli,
1161 1937 1336 1975 carnes
1359 1929 1651 1974 sanctorum
1675 1927 1876 1972 tuorum

294 2013 464 2072 bestiis
495 2025 661 2071 terrm.
694 2013 845 2082 Quod
872 2014 1069 2069 dictum
1101 2022 1203 2079 est,
1237 2012 1521 2077 morticina,
1546 2010 1649 2066 hoc
1683 2009 1882 2079 repeti.

293 2120 401 2166 tum
431 2117 530 2175 est,
563 2123 776 2173 carnes;
817 2119 867 2163 et
897 2107 1038 2178 quod
1083 2106 1282 2162 dictum
1331 2113 1434 2169 est,
1464 2120 1719 2160 servorum
1758 2113 1876 2156 tuo-

292 2217 444 2268 rum,
490 2200 594 2256 hoc
642 2199 924 2271 repetitum
975 2208 1088 2265 est,
1137 2207 1429 2252 sanctorum
1478 2206 1720 2250 tuorum:
1751 2191 1877 2247 illud

292 2281 659 2347 tantummbdo
708 2290 970 2346 variatum
1013 2298 1111 2355 est,
1143 2289 1431 2343 volatilibus
1464 2288 1596 2354 cazli,
1628 2296 1680 2341 et
1711 2286 1879 2340 bestiis

291 2395 458 2439 terrm.
487 2383 668 2440 Melius
699 2389 828 2438 Sane
856 2383 1188 2452 interpretati
1214 2389 1340 2436 sunt
1367 2382 1454 2452 qui
1487 2380 1753 2434 morticina
1782 2394 1879 2448 po-

290 2485 716 2555 suerunt,quam
748 2476 885 2530 sicut
912 2475 1125 2546 quidam
1155 2474 1408 2529 mortalia.
1437 2473 1707 2528 Morticina
1732 2472 1876 2528 enim

287 2584 398 2623 non
428 2557 679 2623 dicuntur
713 2567 814 2623 nisi
854 2576 1222 2630 mortuorum;
1270 2565 1511 2620 mortalia
1551 2578 1678 2619 vero
1715 2564 1875 2617 etiam

288 2663 535 2716 vivorum
563 2674 846 2731 corporum
875 2673 1067 2714 nomen
1096 2666 1198 2714 est.
1222 2657 1353 2713 Cum
1385 2670 1533 2727 ergo.
1565 2655 1702 2710 sicut
1741 2655 1873 2718 dixi,

290 2755 359 2808 ad
405 2752 694 2824 agricolam
741 2767 896 2808 suum
942 2750 1158 2823 spiritus
1198 2745 1490 2822 martyrum
1531 2748 1676 2804 velut
1721 2763 1875 2818 poma

291 2839 629 2913 transissent,
662 2844 940 2900 morticina
988 2859 1172 2901 eorum
1221 2852 1275 2901 et
1311 2858 1502 2900 carnes
1544 2858 1728 2899 eorum
1779 2858 1875 2912 po-

289 2948 515 2997 sitorum
541 2935 847 2995 volatilibus
872 2937 1015 3006 cceli,
1038 2947 1092 2994 et
1119 2937 1306 2993 bestiis
1328 2947 1516 2993 teme:
1545 2937 1693 3008 quasi
1726 2935 1875 3005 quid-

288 3046 449 3102 quam
474 3045 658 3088 eorum
692 3029 1068 3086 resurrectioni
1111 3029 1402 3100 deperiret,
1432 3044 1498 3085 ex
1527 3028 1752 3086 occultis
1783 3044 1877 3083 na-

291 3131 426 3177 tunc
463 3121 672 3178 sinibus
710 3131 876 3178 totum
920 3121 1344 3192 redintegratum
1367 3121 1479 3190 illo,
1505 3120 1591 3176 cui
1619 3129 1674 3176 et
1701 3120 1876 3191 capilli

289 3215 463 3272 nostri
491 3219 752 3273 numerati
780 3224 906 3272 sunt
933 3215 1147 3286 (Matth.
1171 3232 1225 3282 χ,
1254 3213 1366 3289 50).

362 3307 415 3362 6.
433 3307 581 3380 [πη.
596 3305 676 3389 3.]
698 3291 1000 3376 Effuderunt
1015 3308 1309 3378 sanguinem
1329 3324 1500 3360 eorum
1517 3307 1645 3362 sicut
1664 3324 1870 3379 aquam,

289 3399 343 3454 id
381 3407 484 3465 est,
514 3400 846 3456 abundanter
887 3409 939 3457 et
967 3400 1144 3455 viliter
1174 3419 1187 3455 :
1216 3400 1267 3454 in
1312 3400 1523 3453 circuitu
1563 3398 1870 3464 Jerusalem.

288 3493 347 3550 Si
378 3492 670 3549 Jerusalem
712 3503 975 3549 terrenam
1007 3493 1192 3548 urbem
1221 3492 1304 3547 hic
1333 3492 1641 3560 accipimus,
1681 3507 1864 3548 eorum

287 3586 604 3658 sanguinem
637 3586 980 3657 intelligimus
1009 3583 1234 3641 elIusum
1259 3585 1310 3640 in
1337 3585 1558 3639 circuitu
1582 3584 1716 3655 ejus,
1736 3599 1872 3653 quos

289 3679 476 3752 hostes
498 3690 647 3755 extra
669 3693 850 3734 muros
873 3679 1109 3749 reperire
1131 3688 1433 3750 potuerunt.
1451 3676 1505 3730 Si
1528 3684 1702 3730 autem
1724 3675 1877 3730 leru-

290 3771 457 3849 salem
485 3772 626 3844 illam
651 3760 1017 3841 intelligimus,
1036 3769 1105 3826 de
1128 3786 1230 3841 qua
1253 3770 1448 3824 dictum
1472 3778 1574 3835 est,
1593 3767 1747 3823 Multi
1774 3769 1869 3836 ﬁlii

290 3865 520 3931 deserta,
536 3865 696 3936 magis
711 3880 861 3935 quant
879 3865 986 3934 ejus
1002 3879 1113 3934 qua:
1132 3861 1277 3917 habet
1297 3862 1477 3925 virum,
1491 3861 1742 3916 circuitos
1761 3860 1877 3930 ejus

289 3965 378 4012 est
426 3971 522 4026 per
566 3957 866 4011 universam
917 3964 1112 4009 terram
1147 3971 1161 4008 :
1193 3953 1246 4009 in
1295 3967 1358 4008 ea
1402 3953 1600 4023 quippe
1647 3952 1877 4007 lectione

291 4045 623 4119 prophetica,
648 4046 733 4103 ubi
759 4046 1016 4116 scriptum
1038 4052 1142 4111 est,
1163 4043 1319 4098 Multi
1339 4043 1439 4114 ﬁlii
1463 4043 1690 4108 deserta,
1716 4043 1878 4113 magis

289 4157 442 4211 quam
469 4141 576 4212 ejus
605 4155 720 4211 quae
747 4137 892 4193 habet
921 4138 1105 4204 virum,
1146 4136 1304 4207 paulo
1333 4143 1455 4206 post
1488 4136 1538 4191 ei
1563 4134 1776 4200 dicitur,
1811 4134 1876 4190 Et

289 4233 380 4305 qui
404 4233 532 4289 eruit
558 4241 625 4296 te,
649 4231 788 4286 Deus
808 4229 976 4286 Israel
1003 4230 1254 4285 universa:
1279 4237 1426 4282 terra:
1444 4226 1697 4280 vocabitur
1724 4225 1872 4296 (lsai.

290 4310 398 4390 iw,
433 4325 484 4389 1,
526 4323 606 4394 5).
651 4322 918 4378 Circuitus
961 4334 1088 4392 ergo
1133 4319 1289 4390 hujus
1332 4317 1728 4395 Jerusaleniin
1775 4316 1877 4375 hoc

285 4418 499 4493 psalmo
527 4415 905 4487 intelligendus
930 4423 1015 4470 est
1038 4427 1315 4485 quousque
1344 4403 1665 4476 tunc‘luerat
1690 4411 1875 4466 eadem

290 4509 534 4575 Ecclesia
561 4506 799 4572 dilatata,
835 4506 1163 4563 lructilicans
1191 4512 1245 4559 et
1273 4517 1522 4558 crescens
1549 4503 1600 4556 in
1630 4503 1876 4558 universo

286 4601 514 4670 mundo,
536 4601 748 4673 quando
775 4602 826 4655 in
853 4600 997 4655 omni
1029 4607 1177 4670 parte
1209 4596 1327 4666 ejus
1357 4595 1655 4666 persecutio
1683 4593 1874 4651 szcvic-

291 4696 516 4764 hauet
568 4701 860 4765 martyrum
911 4701 1166 4765 Stragem,
1211 4705 1435 4761 quorum
1484 4687 1700 4758 sanguis
1741 4688 1876 4742 sicut

290 4800 430 4857 aqua
457 4784 846 4855 effundebatur,
875 4799 996 4840 cum
1045 4781 1252 4853 magnis
1301 4780 1462 4836 lucris
1506 4779 1874 4834 thesaurorum

292 4876 597 4935 caelestium
625 4875 869 4930 faciebat.
893 4873 1043 4943 Quod
1071 4888 1199 4929 vero
1222 4871 1527 4942 adjunctum
1549 4879 1650 4936 est,
1687 4870 1749 4924 Et
1775 4887 1877 4924 non

288 4957 398 5023 erat
426 4968 513 5038 qui
560 4967 836 5041 sepeliret:
863 4975 954 5020 aut
1001 4980 1106 5023 non
1154 4963 1466 5020 incredibile
1511 4963 1670 5018 debet
1709 4962 1876 5017 videri

292 5072 399 5116 tam
442 5076 693 5132 magnum
744 5059 797 5114 in
846 5058 1110 5129 aliquibus
1139 5056 1273 5113 locis
1320 5056 1480 5118 fuisse
1510 5065 1790 5125 terrorem,
1822 5063 1878 5109 ut

291 5152 594 5227 sepoltores
629 5160 935 5206 sanctorum
961 5164 1244 5219 corporum
1277 5149 1406 5204 nulli
1445 5163 1662 5218 prorsus
1684 5136 1879 5204 eiuste-

291 5256 446 5312 rent;
478 5253 568 5301 aut
595 5253 742 5300 certe
768 5239 898 5315 quia
921 5241 1186 5313 insepulta
1210 5240 1466 5297 cadavera
1498 5240 1550 5293 in
1580 5239 1758 5292 multis
1799 5238 1879 5294 lo-

290 5339 370 5393 cis
394 5336 484 5392 diu
511 5336 696 5407 jacere
738 5342 1045 5409 potuerunt,
1073 5333 1244 5389 donec
1269 5349 1298 5387 a
1330 5331 1589 5404 religiosis
1622 5330 1878 5402 quodam-

293 5431 455 5502 modo
486 5430 657 5485 iurata
686 5429 1064 5498 sepelirentur.

365 5523 418 5580 7.
450 5520 599 5595 iners.
629 5518 709 5594 4.]
737 5519 883 5576 Facti
908 5536 1104 5588 sumus,
1135 5519 1322 5590 inquit,
1352 5518 1677 5589 opprobrium
1706 5517 1879 5573 vicinis

294 5602 500 5680 nostris.
533 5612 655 5669 Ideo
692 5612 921 5684 pretiosa
943 5654 958 5679 ,
985 5627 1089 5668 non
1119 5612 1172 5667 in
1203 5621 1490 5681 conspectu
1520 5609 1819 5674 hominum,
1849 5625 1879 5662 a

287 5694 490 5781 Quibus
515 5704 615 5762 hoc
640 5715 754 5761 erat
773 5691 1136 5776 opprobrium,
1160 5702 1255 5758 sed
1281 5703 1332 5756 in
1358 5711 1642 5772 conspectu
1668 5701 1873 5757 Domini

277 5860 281 5864 α
363 5833 379 5864 ⁸
405 5827 621 5881 Nonnulli
639 5829 802 5892 probae
821 5835 948 5880 natae
970 5833 1099 5890 uss,
1127 5824 1318 5878 Domini
1337 5823 1594 5879 cumulata.

1321 317 1714 376 ENARRATIO
1751 316 1816 372 IN
1855 315 2174 374 PSALMUM
2213 321 2489 378 LXXVI".
2547 359 2551 362 -

3468 336 3590 394 1018

1997 449 2144 492 mors
2169 447 2471 496 sanctorum
2501 441 2616 510 ejus
2643 440 2662 510 (
2685 440 2828 497 Psal.
2855 456 2979 509 cxv,
3004 443 3130 514 l5).
3161 443 3579 513 Subsaanatioet

1995 527 2159 610 irrisio
2184 542 2204 582 :
2229 528 2335 593 vel,
2366 537 2425 584 ut
2459 531 2673 600 quidam
2705 528 3034 604 interpretati
3070 522 3229 604 sunt,
3269 536 3440 592 illusio
3459 578 3475 602 ,
3503 541 3586 594 eis

1994 622 2076 689 qui
2097 618 2147 673 in
2168 620 2380 680 circuitu
2408 629 2579 677 nostra
2611 635 2746 678 sunt.
2777 625 3040 698 Repetitio
3070 621 3152 685 est
3175 613 3457 693 sententis:
3483 649 3575 689 su-

1993 712 2254 782 perioris:
2285 728 2405 768 nam
2434 713 2576 783 quod
2605 730 2764 785 supra
2804 717 3000 785 dictum
3045 729 3162 787 est,
3209 701 3534 794 opprobrium
3557 767 3573 792 ,

1995 804 2097 861 hoc
2123 807 2406 878 repetitum
2438 816 2540 875 est,
2564 810 2888 882 subsannatio
2921 822 2966 868 el
2988 806 3199 882 irrisio;
3224 827 3280 873 et
3307 812 3449 889 quod
3477 835 3573 876 su-

1991 911 2083 966 pra
2109 897 2306 954 dictum
2339 906 2454 969 est,
2485 899 2660 956 vicinis
2680 903 2893 970 nostris,
2926 903 3025 960 hoc
3048 904 3328 977 repetitum
3356 919 3468 975 est,
3501 912 3573 964 eis

1988 992 2074 1061 qui
2101 992 2154 1045 in
2175 992 2384 1047 circuitu
2411 1004 2583 1048 nostro
2603 1003 2742 1050 sunt.
2774 995 3006 1053 Proinde
3037 1001 3324 1056 secundum
3349 1002 3572 1058 Jerusa-

1989 1083 2093 1138 lem
2123 1093 2388 1142 terrenam
2409 1086 2592 1151 vicini,
2621 1095 2677 1141 et
2705 1087 2756 1142 in
2783 1088 3008 1144 circuitu
3028 1090 3205 1163 gentis
3230 1092 3364 1161 ejus,
3390 1094 3574 1163 utiqne'

1987 1177 2105 1231 aliae
2130 1186 2318 1248 gentes
2338 1178 2704 1250 intelliguntur
2725 1198 2739 1235 :
2763 1181 3056 1237 secundum
3078 1163 3254 1240 autem
3274 1184 3567 1241 Jerusalem

1986 1269 2206 1324 liberam
2237 1281 2461 1327 matrem
2503 1284 2774 1346 nostram,
2804 1273 2964 1333 vicini
2993 1285 3118 1331 sunt
3155 1285 3210 1333 et
3252 1277 3305 1332 in
3350 1278 3571 1335 circuitu

1985 1363 2121 1435 ejus,
2153 1353 2291 1421 inter
2319 1379 2454 1435 quos
2477 1366 2721 1423 inimicos
2747 1382 2873 1426 suos
2895 1367 3098 1424 habitat
3122 1370 3361 1427 Ecclesia
3386 1371 3439 1431 in
3467 1371 3568 1429 cir-

1985 1455 2302 1525 cuituprbis
2333 1464 2621 1515 terrarum.
2714 1477 2721 1483 ·
3389 1530 3394 1535 _

2055 1545 2110 1602 8.
2139 1544 2306 1619 [vers.
2331 1545 2422 1622 5.]
2465 1547 2663 1606 Deinde
2685 1548 2796 1621 jam
2829 1550 3162 1608 manifestam
3203 1569 3415 1625 precem
3449 1553 3569 1609 lun-

1983 1640 2136 1702 dens,
2170 1639 2311 1697 unde
2342 1641 2664 1714 intelligatur
2691 1645 2983 1714 superioris
3002 1634 3307 1705 al'llictionis
3325 1629 3569 1706 comme-

1985 1731 2212 1786 moratio
2258 1747 2364 1788 non
2407 1748 2528 1789 esse
2563 1735 2715 1805 quasi
2754 1735 3041 1806 iudicatio,
3087 1739 3184 1794 sed
3228 1719 3567 1810 deploratio:

1989 1821 2273 1896 Usquequo,
2293 1824 2486 1896 inquit,
2505 1825 2742 1896 Domine,
2764 1828 2997 1886 irasceris
3020 1831 3073 1884 in
3090 1832 3265 1902 ﬁnem,
3283 1818 3572 1906 exardescet

1983 1915 2115 1972 velut
2138 1917 2268 1989 ignis
2293 1919 2433 1973 zelus
2458 1921 2610 1978 tuus?
2636 1907 2809 1993 Rogat
2836 1923 3020 1993 utique
3047 1941 3114 1981 ne
3144 1927 3286 1982 Deus
3317 1915 3487 2000 usque
3514 1931 3569 1993 in

1984 2004 2146 2063 linem
2177 2008 2458 2076 irascatur,
2490 2009 2540 2066 id
2566 2020 2670 2079 est,
2701 2028 2771 2068 ne
2800 2012 2886 2067 illa
2919 2021 3064 2070 tanta
3092 2031 3361 2087 pressura,
3390 2029 3444 2074 et
3469 2021 3569 2076 tri.

1984 2099 2218 2166 bulatio,
2260 2109 2420 2171 atque
2460 2103 2687 2158 vastatio
2734 2120 2902 2174 usque
2930 2106 2984 2162 in
3022 2105 3184 2163 linem
3223 2121 3565 2179 perseveret:

1982 2190 2076 2246 sed
2117 2199 2377 2262 temperet
2418 2195 2815 2266 correptionem
2858 2213 3007 2254 suam
3032 2240 3047 2264 ,
3101 2201 3392 2261 secundum
3439 2193 3567 2261 illud

1981 2283 2120 2352 quod
2149 2284 2200 2339 in
2230 2284 2338 2339 alio
2375 2286 2580 2355 psalmo
2607 2286 2839 2344 dicitur:
2872 2289 3068 2345 Cibabis
3096 2309 3188 2346 nos
3231 2310 3363 2364 pane
3390 2282 3566 2367 lacry-
3619 2323 3624 2328 -

1983 2392 2178 2428 marum
2199 2417 2215 2442 ,
2255 2385 2303 2431 et
2331 2377 2527 2448 potabis
2553 2394 2644 2432 nos
2672 2379 2724 2434 in
2752 2380 2989 2452 lacrumis
3025 2383 3079 2436 in
3115 2400 3348 2439 mensura
3373 2385 3392 2455 (
3418 2385 3564 2442 Psal.

1983 2485 2166 2533 Lxxtx,
2195 2468 2450 2540 6).Nam,
2477 2489 2752 2543 quousque,
2776 2472 3012 2540 Domine,
3036 2477 3266 2533 irasceris
3292 2479 3344 2533 in
3372 2480 3524 2549 finem
3541 2483 3568 2535 ?

1981 2560 2052 2615 ita
2080 2561 2280 2616 dictum
2312 2573 2393 2618 est
2412 2605 2428 2628 ,
2459 2578 2523 2620 ac
2547 2564 2591 2618 si
2622 2565 2910 2632 diceretur,
2936 2567 3090 2634 Noli,
3120 2568 3372 2640 Domine,
3406 2571 3565 2629 irasci

1983 2653 2036 2708 in
2085 2652 2265 2708 linem.
2295 2654 2362 2710 Et
2403 2654 2456 2710 in
2498 2669 2564 2711 eo
2591 2657 3034 2728 quodssequitur,
3082 2659 3390 2718 Exardescet
3431 2665 3566 2722 velut

1981 2744 2110 2815 ignis
2147 2745 2286 2799 zelus
2331 2755 2477 2812 tuus,
2527 2756 2808 2819 utrumque
2853 2750 3273 2807 subaudiendum
3316 2763 3428 2822 est,
3476 2765 3560 2820 et,

1980 2851 2253 2907 quousque,
2286 2843 2360 2904 et,
2388 2835 2442 2890 in
2470 2836 2656 2913 ﬁnem;
2682 2854 2745 2896 ac
2771 2839 2815 2895 si
2844 2839 3130 2909 diceretur,
3154 2842 3438 2915 Quousque
3457 2861 3564 2914 Vex-

1982 2926 2225 2982 ardescet
2247 2927 2390 2982 velut
2423 2928 2558 3000 ignis
2588 2930 2882 2999 zelustuus
2911 2933 2963 2987 in
2996 2933 3154 2990 linem
3173 2934 3195 2988 ?
3217 2934 3346 2990 Nam
3376 2937 3443 2990 ita
3473 2936 3561 2992 hic

1980 3017 2087 3072 duo
2113 3019 2212 3074 ista
2239 3019 2600 3077 subaudienda
2628 3017 2771 3088 sunt,
2803 3023 2936 3080 sicut
2965 3014 3210 3094 superius
3239 3043 3403 3083 unum
3429 3029 3559 3098 illud

1979 3109 2120 3181 quod
2151 3110 2349 3166 dictum
2375 3123 2490 3179 cst,
2519 3125 2835 3185 posuerunt:
2858 3131 2978 3171 nam
3019 3132 3139 3173 cum
3181 3117 3375 3176 habeat
3419 3121 3565 3190 prior

1981 3205 2268 3271 sententia,
2298 3203 2586 3272 Posuerunt
2614 3208 2880 3264 morticina
2902 3227 3160 3266 servorum
3193 3222 3394 3268 tuorum
3421 3233 3562 3275 escas

1979 3298 2263 3354 volatilibus
2288 3300 2419 3367 caeli,
2451 3300 2553 3356 hoc
2579 3302 2800 3357 verbum
2830 3305 3094 3373 posterior
3122 3323 3226 3371 non
3256 3307 3434 3376 habet,
3467 3309 3556 3364 ubi

1979 3391 2179 3446 dictum
2210 3401 2326 3459 est,
2358 3392 2546 3450 Comes
2590 3406 2879 3451 sanctorum
2921 3390 3122 3454 tuorum
3163 3401 3332 3456 bestiis
3378 3413 3559 3469 terrw;

1980 3484 2074 3540 sed
2100 3485 2415 3541 subauditur
2435 3488 2616 3557 utique
2638 3489 2777 3559 quod
2801 3488 2963 3545 habet
2981 3493 3240 3560 superior,
3265 3506 3555 3564 posuerunt.

1983 3575 2060 3632 Ira
2091 3587 2338 3647 porro‘et
2367 3579 2514 3634 zelus
2545 3579 2661 3647 Dei,
2690 3595 2795 3635 non
2826 3590 2953 3636 sunt
2980 3583 3408 3651 perturbationes
3440 3587 3553 3654 Dei,

1979 3668 2118 3743 sicut
2164 3670 2402 3724 nonnulli
2453 3669 2753 3740 Scripturas
2805 3688 2937 3743 quas
2977 3664 3082 3729 non
3126 3674 3428 3745 intelligunt
3469 3693 3559 3732 ar-

1978 3769 2145 3831 guunt
2164 3761 2238 3834 (a)
2259 3778 2272 3814 :
2296 3762 2388 3817 sed
2408 3765 2623 3818 nomine
2636 3763 2728 3818 ira:
2745 3765 3054 3836 intelligitur
3070 3766 3294 3822 vindicta
3311 3768 3528 3839 iniquita
3540 3800 3561 3810 -

1983 3856 2082 3920 tis;
2112 3845 2324 3933 nomine
2366 3856 2469 3912 zeli
2511 3857 2719 3912 exactio
2748 3859 3040 3923 castitatis,
3071 3875 3138 3914 ne
3166 3861 3344 3914 anima
3383 3861 3554 3931 legem

1985 3948 2188 4004 Domini
2215 3935 2295 4004 Sui
2318 3935 2642 4018 contemnat,
2665 3960 2714 4006 et
2733 3966 2762 4004 a
2784 3952 2892 4007 Deo
2906 3966 3002 4008 suo
3023 3951 3335 4010 fornicando
3352 3953 3562 4025 disper-

1981 4052 2093 4099 eat.
2141 4042 2268 4098 Haec
2303 4058 2432 4114 ergo
2463 4043 2580 4114 ipso
2608 4043 2800 4102 effectu
2825 4045 2844 4077 ⁸
2874 4045 2927 4099 in
2957 4045 3232 4101 hominum
3266 4046 3557 4118 alliictione

1981 4146 2103 4193 sunt
2129 4135 2464 4203 turbulenta;
2498 4137 2550 4191 in
2584 4137 2677 4201 Dei
2700 4146 2876 4193 autem
2907 4138 3254 4209 dispositione
3282 4131 3562 4210 tranquilla

1981 4237 2125 4295 sunt,
2143 4227 2225 4283 cui
2241 4227 2442 4284 dictum
2468 4237 2587 4284 est:
2613 4227 2691 4283 Tu
2712 4241 2900 4298 autent,
2926 4229 3139 4285 Domine
3164 4232 3419 4295 virtutum,
3445 4248 3564 4285 cum

1947 4309 1957 4319 ’
1982 4321 2345 4392 tranquillitate
2358 4357 2369 4364 -
2373 4320 2580 4391 judicas
2615 4319 2781 4395 (Sap.
2812 4337 2916 4389 xu,
2948 4320 3078 4394 18).
3109 4322 3250 4378 Satis
3275 4324 3450 4378 autem
3480 4324 3566 4380 his

1981 4414 2278 4469 ostenditur
2303 4414 2484 4468 verbis
2506 4455 2521 4478 ,
2552 4421 2773 4483 proliter
2812 4424 3030 4484 peccata
3075 4414 3412 4482 hominibus,
3439 4414 3564 4471 licet

1982 4505 2246 4572 ﬁdelibus,
2281 4505 2379 4565 bas
2401 4505 2519 4561 ﬁeri
2553 4507 2953 4572 tribulationes;
2986 4509 3226 4577 quamvis
3253 4507 3376 4563 hinc
3401 4506 3561 4565 ﬂore;

1981 4609 2094 4656 seat
2123 4608 2416 4670 martyrum
2441 4599 2605 4669 gloria
2637 4598 2828 4652 merito
2857 4598 3142 4667 patientiae,
3170 4607 3224 4652 et
3246 4600 3327 4666 pie
3352 4609 3564 4654 susten—

1983 4701 2092 4746 tato
2120 4692 2170 4746 in
2200 4690 2405 4761 ﬂagello
2434 4687 2639 4746 Domini
2667 4692 2688 4721 '
2718 4689 3084 4745 moderamine
3107 4689 3420 4761 disciplima.
3450 4691 3564 4748 llnc

1982 4782 2276 4838 Machaba-i
2315 4783 2456 4836 inter
2485 4787 2622 4835 εαξη
2651 4786 2916 4835 tormenta
2963 4778 3048 4849 (ll
3086 4778 3259 4835 nacti.
3287 4797 3360 4838 vn
3383 4781 3423 4853 ),
3460 4782 3571 4838 boe-

1982 4887 2091 4932 tres
2121 4877 2220 4931 viri
2249 4876 2389 4932 inter
2415 4875 2660 4944 innoxias
2688 4874 2929 4929 ﬂammas
2969 4872 3146 4948 (Dan.
3176 4890 3268 4943 ιιι,
3301 4874 3366 4930 21
3393 4873 3437 4943 ),
3462 4876 3565 4931 hoc

1981 4969 2263 5040 Propheta;
2308 4967 2478 5024 sancti
2524 4965 2576 5020 in
2627 4965 2934 5038 captivitate
2986 4974 3266 5021 testantur.
3309 4966 3563 5036 Quamvis

1979 5063 2120 5127 enim
2152 5071 2425 5133 paternam
2469 5057 2860 5130 correptidnem
2908 5057 3197 5114 fortissime
3235 5067 3290 5115 et
3328 5059 3564 5130 piissime

1982 5155 2286 5228 perferant;
2337 5168 2441 5208 non
2489 5159 2666 5207 tamen
2714 5153 2892 5206 tacent
2939 5151 3053 5206 haec
3090 5135 3335 5208 accidere
3360 5153 3566 5209 meritis

1982 5257 2318 5319 peccatorum
2348 5260 2364 5301 :
2392 5243 2582 5300 borum
2634 5244 2775 5299 enim
2826 5260 2930 5298 vox
2972 5251 3055 5298 est
3099 5252 3156 5298 et
3203 5243 3253 5297 in
3302 5243 3560 5307 Psalmis,

1982 5340 2274 5396 Emendans
2293 5321 2572 5394 emendavit
2595 5351 2672 5390 me
2698 5335 2962 5401 Dominus,
2987 5346 3033 5388 et
3051 5333 3205 5409 morti
3229 5350 3329 5398 non
3354 5334 3566 5390 tradidit

1980 5452 2058 5490 me
2088 5433 2267 5506 (Psal.
2294 5448 2468 5499 cxvu,
2510 5430 2576 5486 18
2603 5429 2642 5502 ).
2674 5429 2931 5499 Flagellat
2969 5427 3112 5484 enim
3150 5437 3364 5483 omnem
3396 5427 3564 5484 lilium

1981 5543 2137 5598 quem
2157 5526 2346 5597 recipit
2364 5543 2377 5579 :
2396 5518 2450 5580 et
2474 5523 2592 5594 quis
2614 5533 2696 5578 est
2717 5521 2855 5576 lilius
2876 5521 2966 5575 cui
2991 5524 3093 5576 non
3115 5519 3211 5577 det
3229 5519 3565 5592 disciplinam

2045 5634 2062 5665 ί
2083 5634 2155 5683 sic
2176 5629 2407 5681 meliores
2419 5635 2528 5680 uss.
2554 5625 2761 5688 utadd,
2785 5622 2975 5691 παρείη.
3078 5693 3081 5694 ν
3152 5686 3175 5694 _
3273 5685 3300 5694 __
3484 5689 3488 5694 .
3537 5684 3546 5692 _

2043 5699 2072 5764 '_
2090 5694 2255 5743 Plures
2290 5694 2468 5764 probae
2501 5696 2630 5742 none
2666 5685 2772 5742 uss.
2791 5685 3112 5753 ,"sttstenlato
3139 5685 3330 5755 ﬂagello
3357 5685 3563 5746 nuntiati,

1981 5760 2154 5808 omissa
2179 5754 2426 5819 particula,
2450 5754 2519 5806 in.

2047 5823 2118 5882 (tt)
2153 5818 2403 5869 iéaaicbzci.
