3990 6308
446 361 583 419 1015

448 489 597 552 pater
621 476 736 546 ejus
763 470 946 547 (Hebr.
980 484 1073 533 su,
1104 465 1158 531 6,
1183 461 1281 534 7)?

519 573 575 628 9.
604 567 754 642 [eam
877 560 1028 633 Quod
1057 573 1182 612 vero
1208 551 1468 624 adjungit,
1499 546 1719 614 E/Tunde
1742 545 1872 598 iram
1897 551 2036 647 tuam

446 667 502 722 in
522 673 692 736 gentes
717 674 831 731 qua:
856 666 904 711 te
931 672 1033 710 non
1061 655 1327 713 noverunt,
1349 653 1397 700 et
1425 645 1477 697 in
1506 657 1661 714 regna
1683 655 1797 736 qua:
1826 654 1925 736 non
1955 645 2039 689 in.

453 728 752 813 vocaverunt
791 763 972 805 nomen
1002 755 1178 808 tuum,
1210 739 1372 797 etiam
1405 736 1504 793 ista
1546 728 1882 803 prophetatio
1921 736 2038 793 est,

1648 340 1704 395 S.
1740 333 2104 394 AUGUSTiNl
2147 335 2449 392 EPISCOPI

3589 339 3719 395 i0l6

2142 449 2415 517 debuisse,
2439 464 2545 506 non
2571 451 2768 506 locum.
2797 450 2902 507 Sed
2933 465 3215 522 possumus
3236 452 3477 522 accipere
3505 467 3603 522 pro
3627 470 3722 507 nu-

2144 557 2295 599 mero
2337 543 2526 614 plurali
2570 559 2849 599 numerum
2878 543 3213 615 singularem
3261 545 3490 616 positum
3517 590 3529 610 ,
3585 547 3723 602 sicut

2143 643 2347 692 vestem
2376 650 2473 707 pro
2493 636 2748 702 vestibus,
2773 636 2996 692 militem
3024 652 3120 708 pro
3144 637 3420 706 militibus,
3437 653 3601 709 pecus
3627 654 3726 710 pro

2147 726 2430 799 pecoribus
2460 746 2475 784 :
2504 728 2671 784 multa
2699 729 2840 785 enim
2869 728 3169 801 lmjusmodi
3193 731 3358 785 moris
3375 741 3456 787 est
3479 730 3606 798 dici,
3630 748 3728 788 nec

455 862 563 905 non
607 845 834 918 optatio.
875 840 992 897 Non
1033 831 1425 893 malevolentia:
1466 837 1588 883 voto
1628 826 1727 879 ista
1771 824 2040 884 dicuntur,
2131 820 2319 878 solum
2348 820 2510 892 vulgo
2535 819 2897 890 loquentium,
2927 836 3113 918 verum
3143 820 3301 876 etiam
3341 822 3727 877 disertissimo-

457 939 554 997 ειιά
591 914 784 1008 spiritu
826 931 1052 1005 prmvisa
1081 925 1478 998 prmdicuntur;
1509 919 1646 973 sicut
1685 917 1752 970 de
1776 914 1909 971 Juda
1939 922 2046 966 tra-

455 1035 655 1098 ditore,
686 1045 807 1101 quas
837 1025 976 1083 mala
1004 1022 1080 1077 illi
1106 1020 1316 1075 fuerant
1345 1030 1442 1086 pro
1462 1012 1573 1069 suis
1597 1009 1800 1065 meritis
1825 1015 2047 1101 eventu-

459 1143 540 1192 ra,
558 1126 629 1180 ita
656 1098 969 1193 prepbetata
999 1123 1138 1178 sunt,
1166 1109 1314 1180 quasi
1335 1115 1512 1177 optata
1541 1104 1666 1158 sint.
1690 1098 2047 1193 Quemadmo.

459 1189 587 1272 dum
616 1189 773 1270 enim.
793 1210 1058 1277 Propheta
1109 1218 1214 1257 non
1264 1202 1491 1270 imperat
1517 1193 1730 1249 Christo
1753 1235 1769 1259 ,
1800 1189 2046 1262 quamvis

461 1307 623 1365 modo
670 1301 984 1374 imperativo
1029 1292 1337 1367 prorumtiet
1378 1288 1520 1360 quod
1563 1285 1726 1350 dicit,
1779 1280 2050 1350 Accingere

461 1400 684 1473 gladium
711 1406 852 1449 tuum
885 1393 1020 1446 circa
1048 1393 1232 1460 femur,
1260 1379 1640 1455 potentissime;
1669 1375 1836 1444 specie
1863 1384 1969 1473 tuna,
2001 1381 2048 1424 et

461 1463 838 1563 pulchritudine
880 1495 1001 1547 tua,
1049 1486 1096 1534 et
1137 1476 1358 1538 intende,
1394 1481 1442 1525 et
1464 1483 1702 1540 prospere
1728 1463 1972 1563 procede,
2001 1472 2050 1515 et

460 1557 617 1654 regna
637 1577 808 1654 (Psai.
836 1590 980 1634 (ην,
1005 1576 1034 1627 Δ
1052 1580 1099 1627 et
1117 1569 1208 1639 5):
1235 1568 1307 1620 ita
1330 1580 1436 1619 non
1459 1570 1625 1632 optat,
1649 1559 1742 1614 sed
1771 1557 2052 1628 prophetat

462 1677 552 1746 qui
567 1672 722 1736 dicit,
745 1665 964 1735 Eﬂ'unde
991 1665 1123 1717 iram
1147 1671 1284 1715 luant
1306 1659 1356 1711 in
1377 1664 1544 1727 gentes
1571 1667 1682 1723 qua:
1701 1660 1747 1704 te
1771 1665 1873 1703 non
1899 1663 2050 1701 nove-

463 1774 602 1822 runt.
625 1761 777 1833 Quod
808 1773 957 1814 more
981 1772 1081 1811 suo
1106 1754 1320 1822 repetit,
1347 1749 1554 1812 dicens,
1585 1745 1648 1799 Et
1677 1746 1729 1798 in
1758 1759 1913 1814 regna
1939 1748 2054 1811 qua?

464 1875 567 1913 non
595 1858 946 1911 invocaverunt
974 1863 1152 1903 nomen
1193 1856 1336 1899 tuum
1365 1857 1385 1896 :
1411 1855 1536 1895 nam
1564 1845 1749 1909 gentes
1771 1851 1866 1905 per
1889 1847 2052 1905 regna

469 1949 713 2021 repetita:
741 1954 898 2007 sunt;
931 1953 985 1997 et
1026 1939 1317 2011 quodcum
1355 1949 1462 1989 non
1507 1938 1803 1994 noverunt,
1832 1942 1926 1996 per
1951 1927 2054 2021 lioc

467 2018 754 2114 repetitum
782 2045 899 2102 est,
940 2032 1082 2105 quod
1125 2045 1231 2085 non
1279 2029 1661 2082 invocaverunt
1689 2035 1884 2074 nomen
1914 2018 2050 2086 ejus.

471 2133 752 2205 Quomodo
779 2146 908 2200 ergo
937 2121 1341 2196 intelligendum
1381 2127 1464 2174 est
1505 2116 1645 2188 quod
1686 2115 1761 2169 ait
1801 2114 2054 2167 Dominus

469 2230 524 2283 in
553 2225 870 2296 Evangelio,
901 2221 1089 2277 Servus
1113 2217 1199 2287 qui
1224 2213 1379 2269 nescit
1409 2212 1714 2265 voluntatem
1743 2206 1934 2260 domini
1955 2205 2051 2267 sui,

469 2329 517 2374 et
542 2321 663 2391 facit
691 2317 846 2387 digna
868 2312 1051 2385 plagis,
1076 2305 1334 2378 vapulabit
1361 2303 1567 2374 paucis;
1594 2317 1761 2353 servus
1784 2309 1946 2391 autem
1973 2297 2054 2364 qui

471 2390 566 2466 scit
594 2410 900 2464 voluntatem
931 2401 1122 2456 domini
1147 2400 1245 2461 sui,
1275 2405 1320 2450 et
1347 2396 1469 2468 facit
1494 2394 1649 2464 digna
1682 2390 1865 2460 plagis,
1894 2405 2056 2457 eapu-

477 2501 596 2556 labit
625 2500 794 2553 multis
821 2495 970 2570 (Luc.
1003 2509 1072 2547 xu
1097 2533 1111 2556 ,
1144 2491 1232 2552 48,
1262 2485 1377 2558 Π),
1402 2486 1448 2541 si
1479 2483 1652 2552 major
1679 2483 1753 2534 ira
1785 2482 1874 2534 Dei
1903 2492 1982 2533 est
2007 2481 2056 2533 in

473 2605 659 2668 gentes
680 2606 799 2663 qua:
823 2588 1100 2643 Dominmn
1127 2598 1230 2638 non
1260 2577 1659 2651 cognoverunt?
1692 2575 1748 2629 ln
1777 2589 1841 2668 eo
1865 2575 2059 2668 quippe

475 2665 617 2760 quod
639 2686 733 2749 ait,
764 2680 987 2749 Eﬂ'unde
1004 2678 1132 2730 iram
1157 2686 1319 2738 tuam,
1347 2669 1478 2725 satis
1505 2669 1606 2722 hoc
1624 2667 1791 2721 verbo
1812 2665 2063 2718 indicavit.

475 2757 637 2852 quam
665 2776 884 2832 multam
906 2774 1039 2826 iram
1067 2766 1294 2821 voluerit
1320 2762 1543 2832 intelligi
1575 2779 1588 2815 :
1612 2758 1756 2814 unde
1776 2767 1958 2852 postea
1983 2757 2063 2809 di-

476 2875 571 2940 cit,
605 2869 778 2925 Redde
803 2866 978 2920 uicinis
1007 2861 1190 2916 nostris
1213 2858 1397 2927 septies
1424 2863 1638 2909 tantum.
1666 2855 1744 2905 An
1770 2851 1893 2922 quia
1922 2852 2059 2904 mul-

480 2977 591 3020 tum
623 2965 851 3018 interest
875 2958 1011 3011 inter
1035 2966 1236 3015 servos,
1269 2948 1361 3021 qui
1391 2947 1518 3002 licet
1551 2945 1791 2999 nesciant
1821 2942 2064 2996 volunta-

481 3069 589 3115 tem
631 3052 840 3111 Domini
888 3050 1005 3114 sui,
1054 3056 1234 3100 tamen
1279 3043 1528 3097 invocant
1571 3051 1765 3092 nomen
1814 3034 1968 3103 ejus,
2011 3041 2067 3085 ct

478 3153 686 3208 alienos
714 3164 744 3202 a
773 3144 972 3201 familia
995 3139 1126 3196 tanti
1154 3132 1574 3208 patrisfamilias,
1597 3131 1685 3200 qui
1711 3129 1791 3183 sic
1818 3127 2067 3198 ignorant

478 3248 650 3306 Deum
673 3283 689 3308 ,
721 3251 779 3296 ut
802 3254 902 3294 nec
927 3238 1177 3292 invocent
1201 3227 1409 3286 Deum?
1429 3223 1684 3282 [avocant
1710 3221 1850 3276 enim
1881 3235 1978 3288 pro
2000 3232 2067 3272 eo

478 3338 568 3393 vel
598 3335 878 3393 simulacra
900 3371 916 3396 ,
943 3327 1027 3385 vel
1065 3323 1326 3382 daemonia
1349 3361 1364 3385 ,
1407 3319 1492 3374 vel
1532 3314 1825 3387 quamlibet
1851 3319 2065 3366 creatu-

477 3444 632 3494 ram;
665 3441 770 3482 non
799 3422 1143 3485 Creatorem,
1167 3415 1259 3486 qui
1296 3421 1378 3467 est
1407 3407 1718 3464 benedictus
1759 3405 1812 3458 in
1845 3401 2064 3457 StCCUla.

481 3523 664 3594 Neque
689 3519 832 3575 enim
863 3515 1016 3576 istos,
1045 3510 1113 3565 de
1137 3506 1328 3578 quibus
1359 3503 1469 3557 hoc
1495 3497 1779 3571 prephetat
1798 3533 1815 3563 ,
1859 3495 1929 3548 ita
1977 3507 2070 3547 ne-

482 3617 718 3672 scientes
741 3604 1012 3679 signiticet
1045 3597 1254 3656 Domini
1285 3595 1365 3650 sui
1397 3593 1729 3647 voluntatem
1757 3630 1772 3653 ,
1801 3598 1864 3679 ut
1890 3597 2066 3679 tamen

483 3708 658 3779 ipsum
700 3677 980 3757 Dominum
1012 3693 1266 3754 timeant;
1313 3684 1407 3742 sed
1451 3685 1524 3739 ita
1569 3683 1752 3779 ipsum.
1786 3677 2070 3779 Dominum

488 3766 810 3855 nescientes,
843 3799 898 3842 ut
928 3801 1027 3840 nec
1055 3783 1309 3837 invocent
1337 3791 1457 3830 eum
1480 3815 1497 3840 ,
1525 3782 1580 3827 et
1608 3770 1808 3826 inimici
1840 3766 2070 3822 nominis

486 3889 605 3960 ejus
630 3884 882 3940 existant.
908 3877 1130 3932 Multum
1162 3885 1290 3941 ergo
1319 3869 1480 3922 distat
1504 3865 1643 3919 inter
1667 3876 1853 3917 servos
1880 3861 2071 3960 volun-

487 3951 654 4038 tatem
685 3974 886 4032 domini
910 3972 991 4027 sui
1024 3968 1344 4029 nescientes,
1371 3966 1426 4015 et
1451 3969 1629 4014 tamen
1662 3957 1714 4010 in
1740 3951 1934 4008 familia
1955 3952 2073 4021 ejus

487 4083 650 4145 atque
671 4071 722 4124 in
748 4067 908 4122 domo
931 4064 1190 4122 viventes,
1214 4065 1270 4112 et
1301 4052 1545 4108 inimicos
1569 4063 1674 4102 non
1697 4045 1870 4101 solum
1900 4044 2071 4145 ipsum

487 4137 764 4222 dominum
791 4157 930 4214 scire
951 4153 1212 4213 nolentes,
1237 4145 1332 4202 sed
1357 4152 1411 4201 et
1431 4159 1539 4199 non
1564 4141 1682 4211 ejus
1701 4154 1894 4194 nomen
1927 4137 2074 4190 invo-

489 4266 694 4320 cantes,
719 4262 879 4323 atque
907 4250 959 4303 iu
989 4244 1161 4301 servis
1183 4243 1201 4273 ί
1230 4241 1449 4306 insuper
1473 4239 1859 4305 oppugnantes.

566 4349 654 4406 10.
683 4320 848 4420 [νώ.
883 4337 971 4412 7.]
1005 4335 1238 4404 Denique
1280 4328 1562 4420 sequitur}
1596 4323 1730 4420 Qui.
1756 4320 2074 4420 comederunt

487 4443 653 4501 Iacob
673 4416 707 4508 ξ
719 4447 768 4494 et
796 4437 963 4491 locum
989 4433 1098 4502 ejus
1121 4425 1488 4482 desolaverunt.
1518 4417 1682 4474 Jacob
1713 4416 1908 4487 quippe
1940 4417 2075 4484 ligu-

491 4552 604 4595 ram
632 4529 861 4606 gestavit
887 4522 1163 4586 Ecclesiae,
1185 4519 1324 4573 sicut
1342 4513 1486 4570 Esau
1515 4508 2072 4606 voterisSgpagogm;

491 4601 863 4688 undevdictum
889 4627 975 4677 est
1003 4636 1017 4673 :
1050 4615 1117 4670 Et
1139 4613 1305 4683 major
1330 4609 1507 4665 seruiet
1546 4605 1727 4659 minori
1758 4601 1912 4674 (Gen.
1944 4616 2073 4663 xxv,

490 4725 605 4793 εδ).
635 4721 816 4776 Potest
841 4715 894 4769 in
923 4711 1026 4766 hoc
1049 4706 1266 4762 nomine
1296 4699 1515 4771 intelligi
1540 4713 1603 4753 ea
1622 4739 1637 4763 ,
1665 4695 1733 4750 de
1759 4709 1858 4763 qua
1888 4694 2075 4764 Inque.

491 4787 703 4878 bamur,
744 4803 1030 4866 hazreditas
1074 4800 1204 4862 Dei,
1250 4797 1304 4851 in
1347 4807 1506 4864 quam
1537 4787 1890 4844 invadendam
1921 4797 2081 4858 atque

492 4905 804 4963 vastandam
828 4905 953 4971 post
986 4887 1431 4949 resurrectionem
1466 4891 1524 4939 et
1558 4882 1930 4937 ascensionem
1971 4879 2081 4933 Do-

496 5002 625 5058 mini
647 4997 846 5056 Gentes
867 4982 1236 5061 persequendo
1257 4984 1538 5034 venerunt.
1561 4973 1693 5042 Sed,
1710 4977 1874 5030 locum
1893 4971 2077 5039 Iacob,

493 5088 765 5165 quomodo
807 5086 1110 5139 intueamur
1156 5069 1560 5143 intelligendum
1604 5079 1706 5126 est.
1747 5067 1910 5138 Magis
1934 5066 2078 5122 enim

496 5161 641 5244 locus
667 5179 834 5238 Iacob
856 5175 943 5231 illa
969 5171 1156 5227 civitas
1181 5166 1357 5237 putari
1397 5171 1603 5236 potest,
1644 5161 1699 5216 in
1738 5175 1839 5230 qua
1879 5166 1999 5214 erat
2027 5165 2081 5212 et

497 5275 753 5345 templum
779 5283 887 5340 quo
912 5265 1215 5321 universam
1245 5260 1388 5314 illam
1410 5266 1642 5328 gentem,
1672 5251 2004 5308 sacriﬁcandi
2026 5259 2083 5306 et

495 5365 754 5427 adorandi
780 5375 941 5418 causa
964 5367 1018 5412 et
1049 5353 1254 5412 Pascha
1293 5347 1630 5415 celebrandi,
1667 5345 1921 5400 Dominus
1946 5358 2082 5412 pra:-

499 5470 714 5532 ceperat
749 5452 1060 5514 convenire.
1089 5448 1219 5506 Nam
1258 5447 1304 5502 si
1333 5443 1757 5502 Christianorum
1781 5447 2080 5532 conventus

498 5527 793 5610 ittitibitos'
824 5553 983 5616 atque
1013 5552 1354 5611 compressos
1395 5552 1428 5590 a
1473 5530 1907 5603 persecutoribus
1951 5527 2084 5583 Pro-

503 5645 663 5720 pheta
706 5641 870 5697 veilet
903 5635 1160 5708 intelligi,
1190 5633 1303 5687 loca
1331 5627 1570 5684 desolata
1605 5624 1874 5680 videretur
1899 5620 2081 5676 dicere

564 5783 578 5811 ι
605 5779 676 5827 sic
694 5783 805 5828 uss.
829 5782 881 5825 At
902 5772 1036 5838 ΒΜ..
1060 5778 1202 5834 atque
1224 5780 1395 5838 sentis.
1474 5824 1486 5838 .
1719 5837 1745 5838 η
1765 5821 1796 5838 λ.

563 5845 584 5875 .
608 5819 1145 5892 annisannis
1166 5819 1238 5882 ετ.
1263 5839 1314 5881 et
1330 5819 2078 5889 ωηίηιιίυίιοεννοιιίηίιηθίτοε·

2150 926 2268 966 rum
2305 921 2585 967 auctorum
2612 911 2950 983 eloquentiae.
2978 910 3089 968 Nec
3130 912 3197 968 ab
3238 911 3348 983 ipsa
3379 912 3556 967 divina
3582 913 3729 969 Scri-

2153 1012 2306 1075 ptura
2334 1005 2435 1060 ltoc
2463 1020 2630 1076 genus
2656 1005 2939 1060 locutionis
2964 1005 3196 1061 alienum
3223 1016 3341 1062 est:
3375 1007 3551 1077 posuit
3588 1007 3728 1061 enim

2151 1106 2206 1153 et
2233 1097 2345 1167 ipsa
2375 1113 2559 1152 ranam
2590 1113 2691 1168 pro
2716 1099 2880 1164 ranis,
2909 1098 3165 1152 locustam
3195 1113 3292 1168 pro
3319 1098 3538 1154 locustis
3561 1097 3732 1168 (I’sal.

2152 1203 2356 1255 uxvu,
2386 1188 2501 1257 45),
2530 1196 2585 1242 et
2609 1189 3010 1244 innumerabilia
3035 1190 3180 1243 talia.
3201 1188 3352 1258 Quod
3377 1205 3504 1245 vero
3532 1189 3733 1244 dictum

2152 1289 2267 1345 est,
2312 1279 2646 1334 Comederunt
2687 1278 2878 1340 Iacob.
2911 1279 3011 1334 hoc
3050 1281 3186 1336 bene
3223 1279 3558 1352 intelligitur,
3592 1281 3735 1351 quod

2153 1371 2354 1426 nmltos
2392 1371 2444 1426 in
2485 1385 2641 1426 suum
2686 1370 2976 1441 malignum
3003 1386 3198 1442 corpus
3219 1415 3232 1436 ,
3262 1372 3363 1425 ltoc
3390 1382 3467 1426 est
3502 1371 3553 1426 in
3584 1386 3734 1427 suam

2154 1462 2485 1527 societatem,
2516 1462 2764 1517 terrendo
2793 1463 3018 1517 transire
3044 1472 3350 1533 coegerunt.

2230 1555 2315 1609 ll.
2347 1552 2498 1628 [νει-ε.
2519 1553 2601 1628 8.]
2632 1555 2868 1610 Meminit
2895 1571 3024 1610 sane
3044 1597 3058 1621 ,
3089 1557 3328 1626 quamvis
3358 1555 3461 1611 illis
3501 1571 3598 1626 pro
3624 1573 3736 1612 me—

2156 1645 2261 1699 rito
2289 1645 2538 1716 pessima:
2577 1646 2866 1702 voluntatis
2904 1661 2971 1702 ex
3013 1647 3088 1702 ira
3135 1647 3228 1701 Dei
3272 1647 3426 1718 digna
3467 1648 3740 1703 reddenda

2157 1737 2296 1802 sint,
2342 1754 2450 1793 non
2499 1748 2676 1795 tamen
2724 1754 2818 1795 eos
2857 1739 3055 1810 aliquid
3083 1741 3344 1796 adversus
3375 1741 3741 1798 lizercditatcm

2157 1831 2273 1900 ejus
2304 1833 2482 1888 valere
2509 1832 2765 1903 potuisse,
2798 1833 2898 1888 nisi
2925 1849 3043 1888 eam
3070 1835 3327 1890 voluisset
3354 1835 3466 1905 ipse
3495 1850 3592 1904 pro
3619 1851 3743 1905 pec-

2157 1922 2290 1976 catis
2312 1921 2428 1992 ejus
2459 1922 2778 1993 ﬂagellando
2807 1922 3116 1978 emendare.
3149 1923 3301 1980 Unde
3325 1923 3595 1994 subiungit
3619 1943 3634 1980 :
3661 1923 3746 1980 Ne

2158 2014 2440 2068 memineris
2469 2015 2793 2084 iniquitatum
2819 2024 3109 2069 nostrarum
3144 2015 3477 2085 antiquarum.
3507 2015 3625 2070 Non
3670 2018 3744 2070 ait

2160 2108 2551 2178 praeteritarum
2573 2150 2586 2174 ,
2616 2123 2734 2178 quae
2765 2119 2984 2178 possent
3027 2121 3147 2162 esse
3184 2108 3341 2163 etiam
3385 2109 3742 2174 recentiores;

2161 2200 2253 2256 sed
2299 2201 2618 2270 antiquarum
2640 2244 2654 2266 ,
2703 2199 2804 2255 hoc
2833 2209 2914 2255 est
2957 2216 2986 2254 a
3039 2200 3346 2269 parentibus
3374 2200 3699 2255 venientium
3730 2219 3744 2254 :

2165 2294 2360 2347 talibus
2391 2295 2585 2362 quippe
2633 2292 2997 2363 iniquitatibus
3025 2291 3318 2357 damnatio,
3348 2307 3451 2346 noa
3481 2293 3749 2360 correptio

2163 2384 2405 2439 debetur.
2438 2382 2549 2438 Cito
2584 2385 2857 2453 antiripent
2886 2399 2977 2437 nos
3001 2383 3363 2438 misericordia
3395 2394 3511 2436 tua'.
3541 2383 3747 2438 Antici-

2165 2485 2291 2546 pent
2317 2477 2496 2546 utique
2517 2476 2580 2530 ad
2603 2476 2858 2546 judicium
2888 2485 3032 2528 tuum
3060 2492 3071 2527 :
3100 2475 3457 2544 Superexaltat
3483 2475 3625 2528 enim
3649 2475 3747 2528 mi-

2166 2570 2439 2624 sericordia
2481 2569 2533 2623 in
2559 2569 2757 2640 judicio
2782 2569 2795 2599 ¹
2819 2585 2833 2633 ;
2853 2568 3105 2638 judicium
3131 2576 3306 2622 autem
3339 2566 3444 2621 sine
3465 2568 3750 2621 misericor—

2167 2664 2274 2728 dia,
2305 2664 2396 2719 sed
2428 2664 2473 2718 ei
2500 2665 2586 2727 qui
2613 2680 2709 2716 nou
2739 2662 2855 2733 fecit
2883 2660 3276 2715 misericordiam
3309 2659 3514 2731 (Jacobi
3539 2677 3595 2722 tt,
3637 2661 3740 2729 l5).

2168 2756 2319 2824 Quod
2338 2765 2512 2810 autem
2532 2755 2786 2826 adjuugit,
2810 2753 2943 2822 Quia
2963 2769 3208 2824 pauperes
3233 2753 3354 2823 facti
3376 2770 3547 2806 sumus
3575 2754 3749 2821 nimis,

2170 2851 2235 2904 ad
2272 2851 2371 2904 hoc
2401 2851 2511 2903 vult
2538 2849 2757 2919 intelligi
2778 2848 3072 2917 anticipare
3097 2863 3196 2901 nos
3218 2847 3612 2903 misericordias
3632 2849 3747 2914 Dei,

2169 2950 2230 2995 ut
2259 2951 2438 2994 nostra
2471 2948 2785 3010 paupertas,
2821 2938 2871 2993 id
2903 2947 2984 2992 est
3011 2937 3325 3004 infirmitas,
3361 2954 3426 2994 eo
3461 2939 3750 2994 miserante

2172 3032 2452 3101 adjuvetur
2479 3031 2545 3086 ad
2571 3033 2687 3100 ejus
2717 3039 2978 3101 prtecepta
3006 3029 3245 3086 facienda
3267 3072 3283 3098 ,
3313 3044 3381 3085 ne
3406 3030 3472 3085 ad
3494 3031 3751 3100 judicium

2171 3123 2285 3192 ejus
2311 3121 2595 3176 damnandi
2622 3120 2916 3177 veniamus.

2247 3214 2331 3267 12.
2363 3212 2509 3287 [vers
2535 3211 2618 3286 9.]
2648 3213 2772 3269 ideo
2797 3213 3073 3285 sequitur:
3098 3213 3298 3286 Adjuva
3322 3230 3433 3280 nos,
3462 3213 3596 3269 Deus
3612 3216 3755 3268 soln-

2173 3307 2296 3359 turis
2324 3316 2510 3359 noster.
2541 3306 2650 3360 Hoc
2679 3305 2840 3359 verbo
2860 3305 3000 3375 quod
3016 3305 3109 3370 ait,
3135 3305 3390 3360 Salutaris
3416 3318 3599 3369 noster,
3625 3308 3754 3362 satis

2173 3397 2394 3465 exponit
2439 3412 2594 3467 quam
2642 3396 2869 3450 voluerit
2915 3404 3281 3466 paupertatem
3333 3396 3550 3464 intelligi
3592 3396 3644 3450 iu
3688 3413 3754 3452 eo

2173 3488 2314 3558 quod
2353 3489 2593 3551 dixerat,
2639 3487 2888 3553 Quoniam
2931 3503 3173 3560 pauperes
3201 3489 3325 3560 facti
3357 3505 3529 3543 sanius
3565 3490 3754 3544 nimis:

2178 3581 2287 3650 ipsa
2319 3590 2399 3634 est
2429 3580 2625 3650 quippe
2652 3579 2931 3633 infirmitas
2955 3621 2970 3646 ,
3001 3579 3087 3634 cui
3118 3577 3373 3634 Salutaris
3397 3588 3480 3636 est
3507 3595 3755 3635 necessa-

2176 3675 2306 3727 rius.
2343 3671 2476 3726 Cum
2509 3686 2636 3726 vero
2679 3671 2915 3740 adjuvari
2963 3685 3062 3725 nos
3101 3670 3248 3736 vult,
3280 3685 3381 3727 nec
3409 3671 3646 3741 ingratus
3675 3682 3756 3725 est

2176 3765 2382 3835 gratim,
2415 3777 2512 3818 nec
2541 3763 2677 3817 tollit
2709 3763 2931 3817 liberum
2963 3762 3242 3817 arbitrium
3271 3780 3286 3816 :
3315 3763 3402 3833 qui
3429 3763 3570 3815 enim
3601 3762 3755 3830 adju-

2178 3864 2353 3921 vatur,
2385 3854 2545 3909 etiam
2578 3867 2675 3922 per
2701 3851 2938 3922 seipsum
2964 3852 3159 3922 aliquid
3180 3853 3307 3922 agit.
3331 3851 3549 3906 Addidit
3571 3852 3752 3916 etiam,

2170 3943 2399 4015 Propter
2417 3942 2631 4015 gloriam
2657 3943 2875 3998 nominis
2898 3944 2990 4008 tui,
3018 3942 3254 4005 Domine,
3277 3942 3432 4000 libera
3458 3959 3569 4014 nos,
3585 3953 3642 4001 ut
3670 3949 3758 4017 qni

2176 4037 2457 4108 gloriatur,
2507 4051 2612 4092 non
2658 4036 2712 4092 in
2756 4037 2955 4107 seipso,
2995 4036 3094 4094 sed
3137 4036 3191 4095 in
3239 4041 3460 4096 Domino
3505 4042 3761 4111 glorietur

2180 4128 2223 4199 (i
2249 4128 2367 4183 Cor.
2390 4144 2429 4194 ι,
2458 4128 2570 4199 5i).
2599 4126 2664 4181 Et
2691 4128 2939 4198 prapitius
2962 4137 3086 4196 esto,
3120 4132 3309 4202 inquit,
3337 4132 3552 4202 peccatis
3577 4134 3760 4187 nostris

2182 4231 2385 4290 propter
2405 4235 2584 4272 nomen
2607 4228 2750 4275 tuum
2773 4239 2793 4276 :
2812 4237 2918 4276 non
2945 4231 3159 4292 prepter
3179 4237 3308 4289 nos;
3335 4236 3456 4277 nam
3473 4222 3595 4293 quid
3616 4223 3759 4277 aliud

2184 4323 2456 4370 merentur
2486 4328 2703 4382 peccata
2737 4325 2917 4372 nostra
2935 4356 2951 4380 ,
2974 4300 3138 4386 quam
3163 4315 3338 4370 debita
3367 4323 3422 4371 et
3446 4315 3603 4387 digna
3632 4330 3760 4385 sup-

2182 4408 2335 4479 plicia
2353 4407 2492 4470 Ksed
2513 4410 2761 4480 propitius
2784 4418 2889 4464 esto
2917 4409 3130 4478 peccatis
3158 4409 3339 4462 nostris
3359 4418 3563 4480 propter
3584 4425 3762 4463 nomen

2182 4511 2347 4554 tuum.
2375 4501 2465 4557 Sic
2494 4517 2622 4571 ergo
2644 4516 2740 4555 nos
2771 4500 2989 4565 liberas,
3013 4499 3065 4554 id
3094 4509 3198 4566 est,
3228 4499 3371 4554 eruis
3389 4513 3419 4552 a
3443 4499 3619 4564 malis,
3643 4516 3761 4554 cmn

2183 4601 2239 4650 et
2266 4593 2485 4662 adjuvas
2513 4607 2610 4645 nos
2636 4592 2700 4646 ad
2725 4589 3021 4646 faciendam
3043 4590 3324 4660 justitiam,
3348 4597 3403 4645 et
3425 4589 3682 4660 pmpitius
3707 4607 3764 4644 es

2184 4684 2418 4754 peccatis
2444 4683 2660 4747 nostris,
2689 4684 2807 4736 sine
2833 4682 3026 4752 quibus
3053 4683 3105 4735 in
3141 4681 3240 4736 hac
3267 4680 3371 4735 vita
3399 4695 3504 4735 non
3532 4695 3719 4736 sumus
3748 4700 3763 4738 :

2188 4775 2440 4841 Quoniam
2467 4792 2567 4827 non
2586 4774 2947 4845 justiﬁcabitur
2973 4772 3026 4826 in
3059 4780 3325 4840 conspectu
3365 4780 3453 4824 tuo
3492 4772 3656 4826 omnis
3688 4771 3765 4827 ui-

2183 4883 2299 4920 uens
2329 4867 2347 4936 (
2372 4865 2513 4920 Psal.
2542 4881 2678 4920 cxw
2702 4908 2716 4930 ,
2758 4861 2855 4935 2).
2885 4848 3158 4916 Peccatum
3207 4871 3383 4918 autem
3424 4862 3663 4932 iniquitas
3697 4874 3764 4917 est

2186 4961 2226 5029 (I
2254 4960 2407 5013 Juan.
2439 4974 2514 5025 ut,
2540 4960 2631 5028 4);
2657 4967 2711 5013 et
2736 4958 2778 5011 si
2800 4956 3083 5028 iniquitates
3111 4955 3460 5020 observaveris,
3487 4956 3598 5027 quis
3617 4958 3768 5011 susti-

2185 5053 2315 5107 nebit
2343 5051 2517 5123 (Psal.
2541 5066 2733 5115 enix,
2767 5049 2864 5118 '5)?

2257 5147 2345 5201 15.
2373 5142 2523 5218 [rem
2549 5141 2661 5215 10.]
2685 5141 2837 5210 Quod
2866 5148 3046 5195 autem
3081 5138 3341 5210 adjungit,
3374 5136 3663 5209 Nequando
3685 5140 3759 5191 di-

2185 5247 2300 5291 cant
2325 5237 2377 5290 in
2398 5232 2656 5296 Gentibus,
2688 5231 2787 5287 Ubi
2813 5243 2886 5285 est
2912 5230 3050 5285 Deus
3075 5231 3289 5285 eorum?
3314 5231 3480 5300 magis
3507 5244 3603 5300 pro
3637 5230 3767 5299 ipsis

2185 5329 2444 5387 Gentibus
2470 5337 2552 5382 est
2577 5325 2967 5396 accipiendum.
2995 5323 3130 5378 Male
3155 5322 3297 5378 enim
3330 5331 3552 5392 pereunt
3585 5324 3673 5394 qui
3701 5325 3767 5377 de

2189 5423 2298 5477 Deo
2321 5436 2451 5475 vero
2476 5418 2876 5488 desperaverim
2899 5458 2917 5484 ,
2944 5425 3191 5487 putantes
3217 5431 3339 5471 eum
3368 5417 3450 5471 vel
3480 5431 3588 5471 non
3613 5432 3763 5482 esse,

2185 5515 2269 5570 vel
2315 5529 2439 5569 suos
2477 5527 2579 5565 non
2608 5511 2888 5580 adjuvare,
2919 5524 3018 5564 nec
3046 5508 3125 5564 eis
3153 5523 3274 5563 esse
3309 5507 3611 5578 propitium.
3637 5507 3765 5563 illud

2185 5621 2311 5662 vero
2341 5603 2483 5676 quod
2514 5604 2771 5672 sequitur,
2803 5599 2863 5654 Et
2890 5603 3164 5654 innotescat
3199 5601 3252 5652 in
3290 5598 3572 5654 nationibus
3595 5615 3764 5652 coram

2187 5700 2344 5754 oculis
2387 5698 2569 5751 nostris
2611 5696 2831 5749 vindicta
2875 5694 3136 5765 sanguinis
3173 5709 3427 5747 servorum
3456 5703 3653 5746 tuorum
3680 5693 3764 5764 qui

2254 5826 2264 5846 ι
2303 5813 2470 5864 Plures
2495 5818 2616 5873 uss,
2640 5805 2973 5860 misericordia
2984 5804 3259 5870 judicium;
3280 5808 3475 5868 omisso,
3496 5805 3565 5860 in.
