3990 6320
210 360 350 420 1017

209 475 402 544 effusus
430 485 520 540 est,
555 475 638 532 vel
669 476 744 533 sic
772 475 1102 547 intelligitur,
1130 489 1250 530 cum
1279 474 1501 529 credunt
1528 473 1580 526 in
1612 485 1793 526 verum

211 569 402 634 Deum,
434 569 523 640 qui
550 569 1003 640 persequebantur
1029 569 1144 639 ejus
1173 567 1570 633 ttmreditalem;
1600 568 1718 638 quia
1741 577 1795 621 ct

211 665 328 734 ipsa
371 663 599 718 vindicta
644 673 726 717 est
750 704 764 727 ,
794 680 895 734 qua
930 664 1209 735 perimitur
1236 679 1375 718 szeva
1409 663 1656 734 iniquitas
1695 677 1792 719 eo-

215 773 332 812 rum
358 755 534 828 gladio
559 757 704 813 verbi
735 757 849 825 Dei,
875 759 944 813 de
972 773 1079 829 quo
1106 757 1308 812 dictum
1355 769 1438 813 est
1459 801 1475 824 ,
1521 758 1794 829 Accingere

213 847 441 919 gladium
469 857 610 902 tuum
634 847 806 918 (Psal.
831 865 972 912 xuv,
1001 849 1097 918 4);
1129 848 1214 905 vel
1239 865 1359 903 cum
1392 861 1793 918 perseverantes

217 937 420 994 inimici
452 940 503 994 in
535 939 639 995 fine
672 940 985 1010 puniuntur.
1007 939 1138 995 Nam
1183 941 1320 995 mala
1349 941 1644 1010 corporalia
1673 957 1793 1011 qua:

213 1030 266 1084 in
300 1030 403 1085 hoc
429 1030 629 1085 saeculo
675 1033 967 1101 patiuntur,
991 1033 1294 1087 communia
1340 1020 1559 1103 possunt
1599 1033 1794 1089 habere

212 1137 336 1176 cum
369 1123 542 1176 bonis.
566 1122 664 1178 Est
685 1131 738 1178 ct
761 1122 907 1178 aliud
929 1121 1176 1180 vindictae
1199 1139 1387 1195 genus,
1411 1141 1517 1195 quo
1539 1124 1789 1180 ECCICSIJB

211 1210 580 1267 dilatatioucm
602 1224 656 1268 et
681 1214 1054 1270 fecunditatem
1077 1215 1129 1270 in
1161 1216 1264 1271 hoc
1284 1217 1503 1284 smculo,
1533 1227 1653 1287 po...t
1676 1229 1793 1272 tan-

212 1311 295 1358 tas
318 1305 713 1382 persecutiones
736 1306 923 1376 quibus
946 1322 1064 1361 eam
1085 1306 1306 1362 omnino
1331 1309 1617 1376 perituram
1643 1319 1794 1379 puta-

211 1394 361 1465 bant,
394 1405 659 1468 peccator,
677 1406 732 1455 et
757 1399 1081 1463 incredulus,
1103 1409 1157 1456 et
1185 1399 1428 1456 inimicus
1443 1401 1586 1457 videt
1609 1411 1663 1456 et
1690 1402 1792 1456 ira-

211 1489 400 1557 scitur,
419 1490 663 1546 dentibus
684 1492 795 1547 suis
812 1493 1017 1549 frendet
1038 1503 1090 1548 et
1115 1495 1350 1550 tabescet
1372 1493 1657 1565 (Psat.cxt,
1678 1497 1791 1568 10):

210 1583 335 1654 quis
375 1585 517 1639 enim
562 1601 760 1656 negare
803 1587 997 1642 audeat
1040 1587 1177 1643 hanc
1207 1589 1368 1644 etiam
1398 1604 1516 1645 esse
1544 1591 1793 1662 gravis-sio

213 1690 356 1730 mam
382 1677 636 1745 paruam?
663 1676 769 1734 Sed
799 1679 980 1734 nescio
1003 1691 1180 1736 utrum
1209 1687 1339 1736 satis
1363 1681 1634 1754 eleganter
1652 1684 1792 1740 acci-

213 1769 389 1840 piatur
404 1771 545 1840 quod
567 1771 661 1838 ait,
684 1783 802 1826 ante
821 1773 992 1827 oculos
1007 1783 1223 1841 nostros,
1245 1775 1291 1829 si
1313 1773 1414 1831 hoc
1437 1791 1606 1845 ptenze
1627 1792 1795 1848 genus

213 1861 572 1931 intelligamus
599 1863 738 1934 quod
767 1864 817 1918 in
849 1865 1050 1919 inlimis
1072 1865 1251 1922 cordis
1275 1866 1474 1938 agitur,
1499 1875 1553 1923 et
1583 1877 1794 1939 torquet

211 1954 375 2009 etiam
401 1953 523 2009 illos
545 1955 634 2025 qui
660 1955 818 2012 nobis
841 1956 1123 2012 adulanter
1142 1957 1422 2026 arrident,
1455 1974 1555 2015 nec
1580 1975 1608 2012 a
1641 1960 1795 2015 nobis

211 2044 380 2100 videri
407 2053 584 2116 potest
602 2046 729 2117 quid
753 2047 803 2102 in
829 2046 1048 2102 homine
1073 2048 1325 2104 interiore
1352 2051 1638 2121 patiantur.
1663 2051 1793 2107 lllud

211 2145 391 2193 autem
418 2138 561 2210 quod
585 2137 698 2194 sive
727 2140 806 2196 eis
830 2140 1176 2197 credentibus
1203 2141 1452 2214 iniquitas
1478 2160 1662 2199 eorum
1705 2147 1792 2200 in-

213 2231 506 2300 terimitur,
537 2233 651 2289 sive
673 2235 724 2289 in
751 2235 1082 2306 malignitate
1110 2238 1571 2306 perseverantibus
1595 2241 1796 2310 suppli-

211 2322 355 2380 cium
383 2325 732 2380 novissimum
764 2326 1026 2389 redditur.
1050 2328 1168 2384 sine
1193 2330 1446 2401 scrupulo
1479 2332 1794 2401 qumstionis

211 2415 528 2488 Intelligitur
553 2416 775 2486 dictum,
807 2417 1098 2474 lnaotescat
1119 2430 1239 2475 ante
1265 2422 1440 2476 oculos
1464 2433 1661 2478 nostros
1686 2424 1795 2478 vin-

211 2509 352 2562 dicta
376 2509 427 2561 in
453 2509 756 2563 nationibus.

283 2601 373 2656 Η.
415 2601 479 2656 Ει
506 2601 618 2656 lucc
645 2601 883 2673 quidem,
926 2611 982 2658 ut
1028 2603 1280 2670 diximus,
1325 2604 1661 2676 preplietatio
1687 2615 1791 2670 est,

210 2707 318 2748 non
360 2693 563 2764 optatio
596 2711 611 2747 :
638 2693 733 2750 sed
759 2704 978 2766 propter
1015 2695 1140 2750 illud
1178 2696 1318 2767 quod
1348 2699 1604 2768 scriptum
1635 2700 1794 2754 estin

210 2785 553 2858 Apocalypsi,
585 2787 686 2842 sub
712 2803 803 2842 ara
834 2787 927 2844 Dei
955 2796 1221 2864 martyres
1258 2790 1326 2844 ad
1365 2791 1531 2846 Deum
1561 2793 1794 2848 clamare

209 2887 265 2931 ct
292 2878 489 2943 dicere,
517 2879 801 2952 Quousque,
828 2881 1066 2947 Domine,
1094 2899 1196 2938 non
1216 2885 1232 2916 ⁸
1255 2885 1477 2939 vindicas
1498 2887 1795 2958 sanguinem

209 2980 440 3024 nostrum
467 2969 666 3046 (Apoc.
712 2989 768 3028 vr
788 3017 802 3037 ,
834 2975 868 3029 9
887 3018 902 3039 ,
941 2975 1082 3047 l0)?
1109 2993 1213 3032 non
1254 2986 1338 3032 est
1367 2980 1792 3048 prmtercundum

208 3060 660 3132 quemadmodum
708 3066 875 3138 accipi
910 3078 1191 3136 Oporteat;
1226 3086 1294 3126 ue
1331 3081 1552 3141 propter
1577 3082 1792 3126 exsatu-

210 3156 438 3211 randum
457 3157 637 3213 odium
663 3158 951 3214 credantur
969 3161 1140 3216 sancti
1171 3161 1474 3218 desiderare
1487 3162 1790 3229 vindictam,

211 3250 354 3319 quod
405 3251 474 3306 ab
509 3266 696 3307 eorum
742 3252 1068 3322 perfectione
1113 3255 1270 3327 longe
1313 3256 1488 3311 abest.
1521 3257 1588 3312 Et
1616 3267 1791 3313 tamen

211 3340 466 3412 scriptum
497 3352 598 3410 est,
631 3363 651 3397 ι
679 3343 969 3401 Laetabitur
1004 3346 1201 3417 justus,
1233 3362 1354 3402 cum
1382 3348 1574 3403 viderit
1619 3348 1790 3404 vindi-

211 3443 352 3490 ctam
381 3435 697 3506 impiorum;
729 3453 919 3494 manus
943 3454 1067 3494 suas
1089 3440 1283 3496 lavabit
1309 3441 1360 3496 iu
1389 3443 1646 3510 sanguine
1662 3458 1791 3515 pec-

211 3529 412 3584 caloris
444 3547 464 3582 ι
495 3527 682 3601 (Psal.
717 3547 840 3599 Lvu,
873 3533 930 3588 ll
959 3532 978 3595 l
1028 3551 1042 3587 :
1088 3543 1143 3589 et
1171 3535 1460 3605 Apostolus
1497 3536 1589 3602 ait,
1623 3553 1643 3589 t
1676 3536 1793 3592 Non

211 3635 310 3674 vos
332 3621 473 3686 ipsos
501 3623 849 3688 vindicantes,
872 3623 1191 3693 citarissitni,
1215 3626 1311 3683 sed
1335 3627 1457 3684 date
1477 3626 1650 3683 locum
1678 3629 1791 3697 irai;

211 3712 470 3781 scriptum
492 3724 575 3769 est
594 3715 760 3782 enim,
793 3715 916 3770 Mihi
949 3716 1258 3782 vindictam,
1278 3727 1333 3774 et
1356 3734 1457 3790 ego
1482 3721 1792 3788 retribuam,

212 3803 345 3859 dicit
375 3795 628 3861 Dominus
666 3825 685 3860 ι
723 3807 897 3878 (Rom.
926 3825 1023 3876 xu,
1051 3809 1158 3882 l9).
1187 3809 1297 3866 Nec
1325 3811 1438 3883 ipse
1467 3812 1642 3883 itaque
1670 3827 1796 3882 prre-

215 3895 346 3967 cipit
372 3907 427 3952 ut
455 3899 624 3954 nolint
643 3900 917 3966 vindicari,
948 3902 1042 3957 sed
1069 3913 1124 3956 ut
1151 3918 1256 3957 non
1301 3917 1360 3958 se
1387 3901 1485 3974 ipsi
1518 3903 1795 3959 vindican-

217 3998 299 4044 tes
329 3989 454 4045 dent
480 3990 647 4045 locum
674 3992 765 4046 irte
807 3992 898 4048 Dei
942 3993 1031 4062 qui
1076 3993 1234 4062 dixit,
1279 3993 1411 4049 Mihi
1437 3996 1728 4063 vindictam,
1751 4006 1798 4051 et

214 4096 308 4152 ego
336 4083 628 4137 retribuam.
661 4083 726 4138 Et
755 4083 1018 4140 Dominus
1047 4084 1100 4139 in
1122 4085 1411 4157 Evangelia
1440 4086 1647 4142 viduam
1676 4102 1798 4158 pro-

217 4173 370 4244 ponit
390 4174 442 4230 in
469 4175 891 4242 similitudinem,
915 4192 1035 4246 qute
1063 4176 1317 4232 vindicari
1347 4177 1681 4245 desiderans,
1707 4181 1797 4249 ju-

215 4268 389 4324 dicem
431 4269 804 4338 interpellabat
851 4270 1104 4339 iniustum
1127 4311 1141 4333 ,
1167 4270 1257 4341 qui
1305 4282 1422 4326 eam
1459 4273 1669 4326 tandem
1696 4273 1795 4327 ali-

215 4360 433 4432 quando
471 4377 576 4416 non
618 4361 821 4432 justitia
853 4362 1065 4429 ductus,
1097 4362 1190 4418 sed
1220 4363 1375 4418 taedio
1396 4364 1576 4439 victus
1601 4366 1801 4421 audivit

217 4451 238 4521 (
270 4449 394 4506 Luc.
414 4467 568 4516 xvut,
599 4451 692 4508 5-5
717 4450 739 4527 )
772 4472 785 4508 :
817 4452 918 4510 hoc
941 4464 1120 4510 autem
1151 4455 1402 4511 Dominus
1427 4459 1720 4527 proposuit,
1742 4467 1802 4513 ιιι

217 4543 528 4600 ostenderet
558 4546 727 4600 multo
749 4545 917 4616 magis
962 4545 1126 4601 Deum
1165 4547 1365 4617 juswm
1406 4548 1513 4602 cito
1538 4549 1796 4603 facturum

215 4635 474 4709 judicium
513 4638 803 4694 electorum
830 4655 1069 4705 suorum,
1092 4641 1180 4711 qui
1210 4641 1276 4695 ad
1312 4656 1434 4696 eum
1460 4643 1687 4697 clamant
1715 4641 1800 4696 die

217 4743 285 4783 ac
310 4739 486 4785 nocte.
511 4729 639 4784 lude
659 4739 741 4785 est
782 4741 836 4785 ct
879 4731 964 4786 ille
990 4731 1091 4786 sub
1127 4747 1216 4786 ara
1239 4732 1329 4787 Dei
1370 4741 1659 4803 martyrum
1688 4733 1802 4786 cla-

219 4836 360 4887 mor,
385 4832 443 4875 ut
471 4821 565 4876 Dei
604 4821 807 4891 judicio
831 4823 1182 4878 vindicentur.
1233 4821 1331 4880 Ubi
1373 4833 1456 4880 est
1493 4840 1621 4895 ergo
1648 4825 1798 4891 illud,

226 4930 247 4963 ι
289 4911 496 4984 Diligite
545 4911 788 4968 inimicos
835 4923 1064 4980 vestros,
1113 4916 1407 4970 benefacite
1457 4916 1536 4971 eis
1580 4917 1667 4985 qui
1709 4932 1802 4969 vos

219 5002 467 5072 oderunt,
485 5012 540 5060 et
555 5015 702 5059 orate
719 5020 814 5076 pro
829 5005 907 5060 eis
922 5007 1008 5077 qui
1026 5022 1119 5059 vos
1135 5017 1520 5076 persequuntur
1549 5027 1566 5061 ι
1591 5009 1800 5081 (Matth.

221 5093 433 5170 7,“)?
462 5096 549 5151 ubi
589 5106 671 5153 est
699 5106 754 5152 et
788 5097 940 5164 illud,
972 5117 991 5151 ι
1027 5098 1141 5153 Non
1177 5087 1465 5156 reddentes
1486 5102 1678 5155 malum
1711 5118 1804 5171 pro

220 5187 384 5255 malo,
415 5203 514 5243 nec
539 5189 878 5243 maledictum
928 5205 1024 5260 pro
1072 5191 1356 5245 maledicto
1394 5211 1412 5243 ι
1447 5193 1465 5264 (
1496 5193 1512 5246 l
1551 5192 1689 5247 I’etr.
1723 5210 1802 5260 nt,

221 5280 254 5335 9
284 5278 303 5350 )
331 5295 346 5345 ;
383 5288 456 5346 et,
494 5298 514 5332 t
548 5279 691 5335 Nulli
717 5282 913 5336 malum
944 5297 1041 5352 pro
1062 5284 1201 5338 mala
1231 5283 1514 5339 reddentes
1548 5303 1567 5337 ι
1600 5283 1620 5358 (
1651 5284 1800 5339 Rom.

223 5386 320 5437 sn,
352 5371 483 5441 l7)?
508 5369 563 5425 Si
589 5371 730 5425 enim
759 5372 956 5426 malum
989 5388 1086 5443 pro
1117 5373 1257 5428 malo
1305 5391 1408 5429 non
1454 5385 1536 5431 est
1559 5377 1804 5447 cuiquam

220 5463 582 5529 reddendum,
639 5479 744 5519 non
796 5465 967 5519 solum
1021 5465 1216 5520 factum
1271 5467 1468 5522 malum
1526 5484 1622 5538 pro
1671 5470 1808 5524 facto

220 5559 363 5614 malo
383 5599 397 5622 ,
447 5558 539 5613 sed
569 5573 668 5613 nec
695 5567 878 5611 votum
908 5558 1106 5613 malum
1137 5558 1463 5614 reddendum
1495 5569 1577 5615 est
1603 5577 1700 5630 pro
1730 5559 1805 5615 fa-

222 5660 311 5706 cto
337 5649 417 5706 vel
445 5660 566 5707 voto
593 5649 755 5704 malo.
793 5650 986 5707 Reddit
1027 5663 1205 5706 autem
1249 5661 1430 5707 votum
1467 5651 1686 5720 malum,
1717 5655 1803 5724 qui

288 5847 307 5881 I
337 5842 528 5912 Aliquot
546 5852 670 5912 Μελ,
695 5860 786 5900 non
795 5847 993 5912 judico:
1009 5854 1054 5901 ct
1077 5847 1307 5903 vindicas.

1278 359 1670 416 ENARRATll)
1713 357 1774 412 IN
1819 357 2133 414 I’S‘ALMUM
2175 361 2451 420 LXXVIII.

3352 377 3485 430 1018

1907 471 2114 526 etiamsi
2147 490 2250 527 non
2284 475 2395 544 ipse
2436 477 2699 548 vindicat,
2739 489 2914 537 tamen
2965 492 3023 538 ut
3064 483 3181 554 ejus
3211 485 3484 543 inimicum

1907 566 2044 620 Deus
2068 566 2269 636 puniat,
2314 580 2585 638 exspectat
2609 581 2768 643 atque
2805 584 2973 643 Optat.
2997 575 3332 648 Quapropter
3357 591 3478 634 cum

1906 666 1960 712 ct
1988 657 2147 712 homo
2161 658 2335 730 justus
2357 673 2410 714 et
2437 663 2593 716 homo
2620 664 2788 720 malus
2813 666 2883 721 de
2915 668 3143 724 inimicis
3171 671 3283 724 suis
3314 671 3479 726 velint

1905 766 1933 803 a
1964 751 2191 806 Domino
2215 752 2488 819 vindicari,
2518 756 2657 810 unde
2683 757 3050 814 discernentur
3069 803 3085 828 ,
3114 760 3218 816 nisi
3242 762 3363 832 quia
3389 762 3478 830 ju-

1905 855 2019 900 stus
2047 854 2103 900 et
2132 847 2297 917 magis
2325 849 2466 918 cupit
2495 849 2764 904 inimicum
2791 865 2942 906 suum
2973 854 3164 925 corrigi
3193 871 3351 926 quam
3378 867 3469 925 pu-

1908 940 2006 993 niri
2032 956 2049 1006 ;
2079 949 2130 995 et
2158 955 2278 996 cmn
2311 944 2360 994 in
2404 958 2523 996 eum
2562 943 2705 997 videt
2741 958 2767 995 a
2811 944 3034 999 Domino
3069 948 3344 1014 vindicari,
3375 962 3481 1002 non

1905 1031 2021 1100 ejus
2048 1032 2342 1087 delectatur
2363 1048 2540 1102 pinna.
2570 1037 2687 1104 quia
2733 1051 2842 1089 non
2885 1051 3004 1090 eum
3032 1037 3161 1103 odit,
3191 1040 3279 1092 sed
3304 1041 3480 1092 divina

1899 1121 2127 1190 justitia,
2155 1124 2274 1191 quia
2320 1124 2480 1178 Deum
2519 1123 2725 1194 diligit?
2752 1125 2990 1195 Denique
3014 1127 3058 1180 si
3091 1128 3140 1181 in
3165 1127 3267 1182 hoc
3289 1129 3484 1184 seculo

1907 1215 1954 1268 iu
1983 1231 2102 1270 eum
2125 1216 2437 1284 vindicatur,
2469 1221 2547 1274 vel
2584 1235 2678 1288 pro
2709 1219 2799 1273 illo
2825 1219 2983 1275 etiam
3014 1221 3223 1274 lzctatur
3245 1263 3261 1286 ,
3291 1222 3333 1275 si
3357 1237 3480 1276 cor-

1906 1307 2120 1378 rigitur;
2155 1310 2234 1363 vel
2284 1319 2428 1365 certe
2457 1327 2550 1380 pro
2577 1312 2725 1375 aliis,
2757 1321 2816 1366 ut
2851 1327 2972 1366 cum
3006 1312 3225 1367 timeant
3268 1313 3480 1368 imitari.

1905 1399 2020 1467 Ipse
2049 1416 2257 1472 quoque
2287 1402 2344 1455 lit
2385 1403 2592 1469 melior,
2626 1419 2728 1457 non
2760 1404 3018 1473 supplicio
3044 1405 3184 1458 illius
3221 1406 3341 1459 odia
3385 1420 3481 1459 sua

1903 1492 2166 1561 pascendo
2186 1533 2199 1557 ,
2228 1493 2320 1547 sed
2348 1504 2521 1548 errata
2547 1494 2897 1550 emendando.
2929 1496 3006 1550 Ac
3025 1511 3121 1566 per
3147 1495 3249 1550 hoc
3273 1496 3340 1550 de
3383 1495 3480 1549 lie-

1902 1585 2220 1652 ucvolentia,
2255 1600 2359 1640 non
2394 1586 2461 1640 de
2499 1587 2692 1642 malitia
2735 1597 2815 1642 est
2863 1586 3002 1657 quod
3047 1587 3256 1642 Iactatur
3282 1587 3477 1656 justus,

1899 1692 2019 1731 cum
2069 1677 2208 1732 videt
2240 1679 2544 1744 vindictam,
2576 1690 2628 1733 ct
2667 1695 2852 1734 manus
2903 1695 3027 1734 suas
3079 1679 3236 1745 lavat,
3285 1678 3336 1733 id
3373 1689 3478 1744 est,

1899 1786 2061 1838 opera
2089 1771 2361 1827 mundiora
2393 1770 2556 1827 efﬁcit
2585 1773 2634 1827 in
2665 1773 2921 1844 sanguine
2940 1814 2956 1837 ,
2998 1772 3100 1828 ltoc
3126 1781 3210 1828 est
3239 1773 3288 1826 in
3316 1772 3482 1828 exitio

1899 1861 2225 1932 peccatoris;
2256 1878 2473 1918 sumens
2523 1862 2646 1919 inde
2693 1881 2796 1917 non
2844 1864 2968 1918 mali
3000 1863 3162 1919 alieni
3205 1863 3478 1934 gaudium,

1901 1955 1993 2012 sed
2022 1956 2214 2012 divinae
2243 1957 2622 2013 admonitionis
2660 1958 2982 2027 exemplum.
3019 1957 3073 2012 Si
3102 1967 3279 2012 autem
3315 1956 3366 2010 in
3398 1957 3481 2011 fu-

1902 2057 2020 2104 ture
2064 2049 2283 2113 saeculo,
2327 2049 2512 2103 ultimo
2560 2047 2652 2104 Dei
2689 2049 2891 2121 judicio
2919 2049 3236 2112 vindicatur,
3294 2049 3397 2103 hoc
3430 2047 3481 2104 ei

1901 2141 2075 2211 placet
2101 2142 2240 2212 quod
2265 2141 2410 2208 Deo;
2445 2157 2512 2195 ne
2540 2142 2674 2196 bene
2701 2141 2771 2197 sit
2800 2141 2978 2207 malis,
3016 2158 3082 2197 uc
3109 2143 3312 2213 piorum
3339 2157 3480 2211 pra:-

1900 2235 2020 2290 miis
2046 2235 2204 2289 etiam
2232 2235 2376 2304 impii
2403 2234 2743 2304 perfruantur
2775 2252 2790 2289 :
2817 2234 2958 2305 quod
3005 2235 3184 2305 utique
3227 2235 3478 2304 injnsttun

1897 2338 1999 2394 est,
2030 2339 2083 2384 et
2107 2344 2135 2382 a
2159 2335 2336 2399 regula
2361 2328 2613 2392 veritatis,
2640 2344 2798 2398 quam
2820 2329 2994 2396 justus
3011 2330 3196 2398 diligit,
3225 2328 3477 2382 alienum.

1898 2423 2028 2475 Cum
2055 2421 2196 2475 enim
2228 2436 2324 2475 ιιος
2366 2419 2431 2475 ad
2465 2420 2760 2489 diligendus
2805 2420 3048 2474 inimicos
3077 2420 3332 2474 Dominus
3358 2419 3482 2472 lior-

1898 2523 2120 2580 taretur,
2149 2514 2447 2583 exemplum
2477 2513 2748 2584 proposuit
2777 2511 2946 2566 Patris
2970 2511 3134 2565 nostri
3165 2510 3251 2581 qui
3279 2511 3331 2564 in
3366 2527 3477 2566 etn-

1899 2606 1965 2662 lis
1989 2617 2088 2674 est,
2113 2609 2199 2680 qui
2219 2609 2342 2678 facit
2363 2607 2520 2662 solem
2544 2623 2692 2660 suum
2719 2607 2843 2659 oriri
2869 2623 3019 2676 super
3043 2606 3199 2660 bonos
3229 2615 3274 2660 et
3297 2606 3477 2670 malos,

1897 2710 1942 2752 et
1973 2700 2101 2766 pluit
2127 2713 2279 2768 super
2296 2700 2466 2768 justas
2485 2708 2531 2751 et
2557 2699 2771 2766 injustas
2802 2697 2820 2768 (
2843 2697 3028 2751 Matth.
3061 2714 3114 2763 v,
3146 2698 3214 2753 i5
3244 2698 3297 2766 );
3330 2714 3483 2752 luun-

1897 2789 2022 2861 quid
2051 2799 2225 2845 tamen
2256 2789 2378 2844 ideo
2403 2788 2484 2843 vel
2517 2787 2897 2859 temporalibus
2925 2788 3348 2857 cnrreptiouilius
3375 2802 3478 2840 non

1897 2883 2163 2946 emendat,
2193 2882 2273 2938 vel
2296 2882 2636 2953 pertinaciter
2662 2879 2826 2934 duros
2876 2881 2928 2934 in
2960 2881 3063 2934 line
3091 2895 3196 2933 non
3227 2877 3482 2931 damnat?

1897 2975 1988 3031 Sic
2014 2990 2142 3046 ergo
2181 2975 2428 3034 inimicus
2451 2973 2718 3044 diligatur,
2748 2983 2807 3027 ut
2832 2988 2937 3028 nou
2964 2971 3236 3041 displiceat
3271 2971 3479 3026 Domini

1892 3068 2094 3138 iustitia
2115 3085 2215 3138 qua
2236 3068 2482 3138 punitur:
2510 3067 2651 3123 etsie
2675 3067 2874 3136 placeat
2897 3065 3100 3135 justitia
3119 3081 3219 3135 qua
3245 3066 3476 3134 punitur,

1897 3174 1951 3216 ut
1970 3177 2071 3216 non
2089 3164 2154 3217 de
2166 3163 2303 3216 malo
2319 3159 2557 3230 ejus,setl
2572 3159 2639 3215 de
2661 3158 2983 3229 bonojudice
2996 3158 3305 3229 gaudeatur.
3320 3157 3369 3213 Μ
3404 3157 3481 3212 le-

1898 3253 2045 3308 vulus
2062 3270 2186 3308 vero
2212 3255 2419 3307 animus
2447 3253 2808 3317 contristatur,
2831 3252 2874 3305 si
2897 3252 3010 3319 ejus
3029 3251 3274 3304 inimicus
3298 3265 3481 3306 corre-

1896 3357 2013 3401 ctus
2026 3344 2250 3400 evaserit
2269 3359 2475 3414 pmnam
2493 3352 2573 3398 :et
2587 3359 2706 3396 cum
2730 3344 3032 3412 puuirieum
3051 3343 3209 3405 videt,
3224 3342 3476 3397 vindicari

1897 3451 1956 3492 se
1982 3437 2051 3491 ita
2078 3436 2271 3504 gaudet
2295 3477 2310 3501 ,
2342 3443 2397 3489 ut
2425 3450 2528 3489 non
2567 3434 2772 3502 justitia
2816 3434 2906 3489 Dei
2954 3450 3110 3504 quem
3152 3450 3256 3488 non
3287 3433 3476 3504 diligit,

1897 3529 1990 3584 sed
2014 3529 2154 3584 illius
2181 3544 2336 3599 quem
2365 3527 2510 3592 odit,
2541 3527 2748 3580 miseria
2780 3526 3071 3580 delectetur
3098 3543 3111 3578 :
3141 3534 3336 3580 etcum
3372 3525 3481 3579 Deo

1896 3622 2111 3677 dimittit
2138 3611 2414 3690 iudicium,
2445 3630 2498 3674 ut
2526 3618 2642 3690 plus
2673 3627 2862 3674 noceat
2896 3619 3032 3674 Deus
3056 3633 3212 3689 quam
3245 3620 3357 3687 ipse
3385 3633 3481 3671 no-

1897 3729 2024 3771 cere
2053 3723 2230 3785 posset
2253 3723 2468 3784 exoptat
2500 3732 2514 3766 :
2540 3722 2595 3768 et
2629 3727 2749 3768 eum
2777 3710 2868 3766 dat
2895 3711 3072 3768 cibum
3105 3710 3318 3766 inimico
3359 3725 3483 3765 esu-

1895 3808 2077 3876 rienti,
2109 3817 2396 3879 potumque
2423 3807 2638 3873 sitienti,
2665 3805 2928 3861 malitiose
2970 3804 3109 3874 sapit
3161 3803 3301 3874 quod
3343 3804 3482 3859 scri-

1899 3912 2046 3974 ptum
2092 3908 2212 3968 est,
2255 3899 2366 3955 Hoc
2419 3900 2553 3955 enim
2575 3899 2766 3969 faciens
2812 3897 3053 3952 carbones
3088 3897 3219 3970 ignis
3247 3911 3484 3968 congere:

1900 4008 2051 4063 super
2077 4000 2228 4064 caput
2247 3993 2378 4064 ejus.
2405 3991 2526 4061 Agit
2551 3990 2693 4045 enim
2720 3998 2776 4043 ut
2801 3987 3028 4060 amplius
3061 3995 3326 4059 aggravet,
3355 3996 3409 4040 et
3432 3986 3483 4041 ci

1901 4085 2095 4142 excitet
2121 4084 2534 4154 indignationem
2564 4081 2679 4147 Dei,
2709 4096 2867 4152 quam
2893 4079 3210 4135 carbonibus
3239 4078 3375 4149 ignis
3402 4077 3479 4132 si-

1901 4176 2136 4248 gnificari
2164 4185 2344 4247 putat;
2378 4190 2482 4229 non
2507 4174 2810 4242 intelligens
2841 4173 2986 4227 illum
3016 4172 3190 4244 ignem
3219 4187 3337 4226 esse
3367 4185 3482 4239 pa:-

1903 4270 2139 4326 nitentite
2168 4278 2411 4324 urentem
2437 4267 2739 4335 dolorem‘,
2759 4280 3036 4335 quousque
3065 4273 3219 4333 eaput
3245 4272 3481 4318 erectum

1902 4362 2173 4432 superbia,
2204 4360 2477 4416 beneliciis
2501 4357 2699 4413 inimici
2728 4357 2794 4412 ad
2820 4356 3168 4410 humilitatem
3217 4354 3483 4407 salubrem

1902 4454 2217 4523 deponitur,
2256 4452 2389 4506 etin
2435 4449 2574 4505 bono
2624 4448 2762 4504 illius
2807 4448 2960 4518 hujus
3001 4446 3195 4500 malum
3235 4443 3482 4497 vincitur.

1907 4544 2055 4601 Unde
2073 4542 2359 4613 Awstuius
2389 4540 2669 4611 vigilanter
2695 4537 2956 4607 adjunxit,
2980 4535 3104 4590 Noli
3126 4535 3251 4589 vinci
3272 4550 3301 4586 a
3328 4534 3481 4598 malo,

1905 4637 1992 4690 sed
2021 4636 2159 4689 vince
2183 4635 2233 4687 in
2261 4634 2389 4687 bono
2411 4631 2598 4685 nmium
2629 4630 2805 4694 (Rom.
2833 4645 2928 4693 xu,
2950 4628 3040 4691 9.0,
3070 4626 3184 4695 2|).
3210 4624 3487 4693 Quomodo

1906 4739 2079 4783 autem
2134 4737 2306 4797 potest
2346 4726 2559 4779 vincere
2603 4724 2656 4777 iu
2696 4722 2836 4777 bono
2865 4722 3060 4775 tnalnm
3105 4719 3158 4772 in
3206 4717 3486 4787 supcrlicie

1909 4821 2097 4882 bonus,
2129 4826 2183 4872 ct
2209 4819 2260 4872 in
2299 4818 2406 4871 alto
2434 4818 2454 4848 ³
2477 4816 2682 4878 malus;
2711 4814 2798 4884 qui
2829 4828 2988 4883 apere
3021 4811 3206 4880 parcit,
3245 4818 3299 4864 et
3327 4808 3488 4865 corde
3515 4835 3518 4838 ~

1907 4927 1934 4966 s
1953 4913 2091 4976 rvit;
2125 4927 2285 4966 tnanu
2317 4910 2479 4975 milis,
2505 4912 2770 4964 voluntate
2799 4903 3062 4960 crudelis?
3091 4903 3179 4960 Sic
3203 4917 3329 4972 ergo
3361 4916 3487 4970 spe.

1907 5008 1987 5061 cie
2016 5004 2281 5075 poscentis
2323 5005 2372 5058 in
2406 5002 2507 5057 hoc
2535 5001 2741 5072 psalmo
2766 5001 2936 5055 l'utura
2964 4999 3014 5053 in
3042 4997 3232 5066 impios
3262 4994 3489 5049 vindicta

1911 5098 2273 5169 prophetatur,
2329 5105 2386 5150 ut
2436 5094 2791 5165 iutelliganms
2839 5102 3051 5147 sanctos
3107 5089 3349 5144 homines
3395 5086 3488 5140 Dei

1909 5205 2036 5245 suos
2087 5190 2333 5248 inimicos
2360 5188 2632 5255 dilexisse,
2678 5201 2778 5242 nec
2819 5186 3062 5255 cuiquam
3109 5183 3340 5237 voluisse
3391 5178 3492 5233 nisi

1912 5285 2130 5348 bonum,
2157 5280 2298 5352 quod
2341 5291 2423 5336 est
2466 5281 2632 5351 pietas
2661 5279 2713 5333 in
2759 5277 2861 5332 hoc
2897 5275 3114 5343 saeculo,
3145 5271 3412 5329 aeternitas
3440 5270 3491 5324 in

1912 5377 2090 5431 futuro
2123 5393 2135 5427 :
2169 5374 2219 5428 in
2252 5373 2423 5443 paruis
2443 5381 2620 5427 autem
2652 5371 2930 5432 malorum,
2965 5381 3068 5421 non
3100 5364 3250 5418 malis
3280 5377 3487 5425 carum,

1913 5469 2005 5524 sed
2038 5469 2130 5524 Dei
2157 5468 2310 5523 bouis
2332 5467 2542 5536 judiciis
2569 5465 2731 5519 fuisse
2758 5463 3072 5523 delectatos;
3095 5467 3148 5514 et
3177 5457 3495 5526 ubicumque

1915 5563 1966 5617 in
1985 5561 2273 5632 Scripturis
2294 5559 2491 5614 sanctis
2510 5559 2756 5628 leguntur
2782 5555 2832 5609 in
2863 5552 3105 5608 homines
3138 5549 3258 5605 odia
3284 5562 3492 5609 eorum.

1914 5653 2034 5710 odia
2063 5651 2224 5707 fuisse
2255 5651 2521 5713 vitiorum,
2549 5665 2667 5719 qua:
2687 5649 2796 5718 ipse
2816 5647 2973 5701 etiam
3005 5641 3362 5716 unusquisque
3391 5638 3493 5694 lto-

1984 5792 2000 5824 ·
2038 5788 2171 5848 ΡΜ..
2200 5788 2380 5840 dolore.
2404 5797 2454 5836 Al.
2476 5787 2658 5850 aliquot
2677 5793 2813 5846 3155.,
2842 5783 3075 5835 dolorem.

1982 5854 2004 5886 ι
2034 5853 2106 5904 sic
2149 5860 2248 5903 uas.
2270 5860 2323 5903 ,ιι
2347 5851 2478 5916 sua,
2505 5848 2684 5901 αιίιιιιο.
