3990 6348
538 305 682 363 1019
1112 362 1115 363 ν

539 419 743 473 mittunt
776 409 954 467 oderit-
969 417 1177 479 oportet
1212 408 1264 462 in
1295 422 1375 474 sc,
1397 405 1443 460 si
1471 401 1644 474 diligit
1668 415 1748 458 se.

1784 281 1845 345 s.
1887 285 2249 374 attonsum
2290 290 2589 351 srtseort

3697 302 3824 361 11120

2246 416 2319 461 trs
2340 406 2407 479 (ll
2438 407 2556 463 Cor.
2586 424 2661 476 Vt,
2692 410 2795 482 l0).
2828 410 3043 470 Vicinos
3067 411 3196 470 dicit
3217 454 3231 480 ,
3256 413 3381 485 quia
3407 413 3552 471 inter
3581 415 3705 472 illos
3737 418 3821 472 b.1-

538 538 539 543 η
609 507 700 572 l5,
728 502 883 580 (vers.
915 496 1029 577 η]
1053 500 1170 557 Jam
1197 514 1328 555 vero
1353 496 1495 571 quod
1520 494 1763 565 wquitur
1781 536 1799 562 ,
1829 490 1991 548 Intret
2021 502 2139 547 ante
2245 498 2379 555 bitat
2408 501 2645 559 Ecclesia
2673 520 2839 576 usque
2865 506 2916 562 iu
2948 506 3091 562 diem
3116 508 3472 580 separatiouis
3498 526 3515 565 :
3548 525 3657 565 non
3685 512 3817 566 enim

526 606 857 674 conspectum
880 608 1042 661 tuum,
1069 594 1150 650 vel
1177 593 1318 649 sicut
1338 591 1432 646 alii
1450 587 1665 646 codices
1696 585 1917 653 habent,
1940 585 1993 641 in
2012 601 2137 641 eon-

540 704 710 761 spectu
755 699 842 745 tuo
886 688 1098 761 gemitus
1138 683 1540 756 compeditornm
1578 695 1598 734 :
1626 694 1733 735 non
1778 678 1931 734 facile
1982 678 2133 750 quis-

538 798 700 853 quam
728 782 926 853 reperit
949 779 1224 848 cnnjectos
1253 775 1307 830 in
1327 770 1617 843 compedes
1636 785 1668 823 a
1694 768 2134 841 mrsecuteribus

528 886 794 941 sanctos;
826 885 880 929 tu
909 872 955 929 si
996 870 1191 927 accidit
1217 868 1270 923 in
1311 857 1420 923 tam
1448 878 1639 933 magna
1667 860 1829 933 atque
1855 859 2133 931 multiplici

539 969 797 1037 varietate
826 980 1130 1037 pinnarum,
1156 972 1265 1036 tam
1294 974 1417 1017 raro
1445 956 1658 1025 accidit,
1688 966 1745 1012 ut
1780 970 1887 1012 non
1914 956 1987 1012 sit
2008 969 2131 1012 ere-

537 1062 770 1119 tlcndum
798 1060 901 1113 hoc
926 1059 979 1112 in
1004 1058 1104 1110 isto
1139 1068 1295 1110 versu
1323 1051 1463 1124 quod
1492 1056 1943 1107 commemoraret
1968 1047 2132 1120 potis-

535 1157 730 1227 simum
764 1150 995 1230 .clegiSse
1028 1148 1371 1220 Propltetam.
1415 1145 1520 1203 Sed
1550 1144 1803 1200 nimirum
1843 1141 2132 1213 compedes

535 1258 662 1304 sunt
709 1247 1010 1309 infirmitas,
1040 1254 1096 1300 et
1140 1239 1552 1311 corruptibilitas
1588 1236 1850 1307 corporis,
1876 1248 1997 1306 quae
2038 1248 2133 1304 ag-

534 1352 760 1412 gravant
804 1340 1056 1393 animam.
1088 1336 1191 1392 Per
1211 1333 1344 1404 .ejus
1375 1331 1519 1385 enim
1574 1328 1913 1399 fragilitatem
1934 1367 1950 1393 ,
1978 1324 2131 1382 velut

508 1432 887 1504 quorumdam
916 1430 1163 1496 dolorum
1193 1425 1687 1493 .tnolestiartunque
1726 1420 2029 1487 materiam,
2060 1418 2127 1475 ad

531 1524 860 1593 impietatem
872 1531 1084 1597 poterat
1097 1518 1422 1591 compellere
1442 1524 1775 1587 persecutor.
1785 1512 1866 1569 Ab
1881 1513 1966 1569 his
1980 1526 2130 1568 com-

532 1617 756 1688 pedibus
776 1607 1430 1686 concupiscebat‘dlssolvi
1462 1608 1770 1680 Apostolus,
1789 1614 1843 1661 ct
1869 1619 1988 1661 esse
2002 1618 2125 1659 cum

529 1708 764 1774 Christo,
798 1703 1218 1764 manereautem'
1237 1704 1291 1759 in
1321 1694 1485 1759 Carne
1522 1694 1886 1758 necessarium
1909 1705 2129 1770 propter

530 1800 654 1856 litos
690 1800 883 1872 quibus
908 1794 1615 1871 Evangeliumministrabat
1645 1792 1904 1867 (Philipp.
1928 1792 1977 1859 ‘t,
2004 1790 2121 1862 25),

531 1893 713 1951 Donec
733 1909 859 1964 ergo
884 1885 1231 1966 corruptibile
1246 1888 1350 1945 huc
1363 1875 1547 1943 induat
1573 1886 2051 1956 incorruptionem,
2069 1893 2145 1940 et.

529 1981 755 2044 mortale
773 1987 874 2043 hoc
888 1968 1532 2041 induatimtnortalitatem
1548 1978 1590 2053 (Ι
1601 1978 1721 2037 Cor.
1740 1991 1831 2046 xv,
1843 1976 1961 2051 53),
1977 1977 2126 2034 velut

526 2077 876 2150 compedibus
898 2090 1024 2133 caro
1049 2071 1257 2131 intlrm'a
1285 2070 1590 2144 promptum
1616 2069 1835 2142 impedit
1850 2068 2118 2142 spiritum.

528 2169 639 2228 llas
672 2164 803 2242 ergo
820 2167 1109 2239 compedes
1138 2182 1244 2222 non
1283 2163 1544 2232 sentiunt,
1568 2164 1691 2219 nisi
1720 2164 1809 2236 qui
1837 2162 1890 2218 in
1921 2168 2122 2219 semet-

526 2260 658 2329 ipsis
676 2259 1034 2333 ingemiscant
1055 2256 1256 2331 gravati
1282 2254 1305 2332 (
1327 2253 1373 2312 ll
1400 2254 1521 2311 Cor.
1546 2270 1602 2323 ν,
1633 2251 1735 2336 ),
1762 2252 2119 2310 habitaculum

524 2349 671 2421 quod
693 2350 762 2407 de
786 2349 931 2421 etnlo
950 2358 1036 2407 est
1066 2346 1377 2421 superindui
1414 2345 1714 2421 cupientes,
1743 2345 1865 2417 quia
1892 2354 1947 2401 et
1974 2359 2121 2402 mors

524 2420 735 2499 horrori
759 2451 862 2510 est,
902 2420 972 2499 et
1020 2440 1239 2498 maerori
1269 2440 1376 2496 vita
1419 2420 1682 2497 mortalis:
1723 2420 1831 2496 Pro
1857 2435 1943 2493 his
1989 2430 2122 2494 Pro-
2194 2492 2197 2493 ν

525 2532 682 2603 pheta
709 2531 1046 2604 gementibus
1075 2517 1322 2603 ingemit,
1358 2538 1417 2586 ut
1438 2529 1603 2584 intret
1626 2529 1681 2584 in
1706 2536 1995 2609 conspectu
2025 2527 2119 2584 Dei

523 2623 756 2695 gemitus
780 2636 989 2680 eorum.
1008 2623 1240 2680 Possunt
1262 2630 1319 2679 et
1337 2621 1412 2678 illi
1440 2620 1661 2693 intelligi
1687 2618 1997 2691 compediti,
2026 2619 2118 2693 qui

518 2714 814 2789 .prteceptis
831 2714 1106 2786 sapientia:
1126 2712 1367 2786 colligati
1392 2720 1547 2779 sunt,
1570 2726 1690 2784 qua:
1710 2710 1977 2782 patienter
1993 2725 2118 2766 sns-

525 2817 725 2864 tcntata
754 2808 807 2864 in
852 2820 1167 2864 ornamenta
1207 2814 1522 2872 vertuntur;
1549 2803 1696 2863 unde
1719 2804 1977 2877 scriptum
1998 2812 2113 2859 est:

406 2911 416 2963 ‘_
523 2898 690 2973 Injiee
712 2898 891 2973 pedem
919 2902 1142 2955 tnunttn
1167 2897 1434 2983 compedes
1469 2898 1580 2971 cjtts
1610 2893 1815 2968 (Eccli.
1856 2910 1908 2950 vt
1933 2936 1948 2961 ,
1977 2894 2049 2952 25
2074 2896 2112 2963 )t

504 2991 816 3051 'Secundttnt
840 2992 1257 3065 magnitudinem,
1288 2979 1491 3063 inquit.
1520 2990 1719 3047 brachii
1747 2988 1842 3055 tut,
1869 2990 2039 3063 recipe
2060 2990 2117 3047 in

521 3085 848 3157 adoptionem
880 3082 1486 3156 ﬁb’os'ntortiﬁratornnt,
1514 3081 1601 3139 vel
1625 3082 1763 3139 sicut
1791 3082 1847 3138 in
1874 3081 1997 3138 aliis
2022 3095 2116 3138 co-

521 3178 731 3236 dicibus
770 3178 981 3251 legitur,
1002 3176 1228 3249 posside
1262 3177 1399 3247 ﬁlios
1437 3185 1599 3234 morte
1622 3169 1917 3249 punitorum
1938 3177 1977 3229 ⁸.
2006 3174 2114 3233 libi

523 3271 654 3327 tatis
683 3270 813 3350 mihi
854 3268 1067 3327 videtur
1093 3269 1397 3350 ostendisse
1440 3268 1753 3347 scriptura,
1795 3268 1913 3338 quis
1955 3268 2114 3324 fuerit

520 3363 750 3436 gemitus
772 3346 1229 3434 compeditorum,
1251 3362 1343 3434 qni
1378 3348 1732 3433 pronomine
1753 3358 1954 3417 Christi
1984 3373 2109 3430 per-

519 3456 823 3513 sccutioues
851 3449 1195 3528 gravissimas
1225 3452 1581 3526 pertulerunt,
1609 3468 1730 3526 qua:
1757 3452 1811 3509 in
1840 3453 1943 3508 isto
1964 3451 2109 3523 psal-

518 3562 611 3604 mo
652 3546 993 3618 apertissime
1032 3544 1442 3618 prephetantur.
1472 3544 1528 3600 In
1568 3543 1796 3601 diversk
1818 3542 1960 3599 enim
1988 3556 2113 3614 pas-

518 3638 757 3696 sionibus
780 3638 1056 3699 constituti
1074 3638 1301 3697 orabant
1326 3653 1430 3709 pro:
1443 3636 1705 3702 Ecclesia,
1726 3649 1802 3695 ne
1819 3635 2113 3692 infructuo-

515 3746 612 3790 sus
631 3715 775 3788 essm
803 3730 1035 3809 posteris
1050 3728 1269 3802 sanguis
1294 3728 1540 3796 illorum;
1561 3737 1619 3784 ut
1637 3728 1902 3784 dominica
1929 3742 2106 3799 seges,

514 3821 668 3881 unde
694 3816 897 3880 inimici
928 3837 1060 3887 eam.
1077 3816 1337 3896 putabant
1364 3823 1651 3894 perituram
1673 3866 1688 3888 ,
1729 3822 1854 3880 inde
1880 3821 2109 3878 feracius

511 3915 825 3989 pullularet.
856 3907 1237 3989 Filiasqnippe
1257 3915 1677 3986 mortiﬁcatorutn
1703 3916 1853 3982 dicit.
1884 3917 1973 3989 qui
1998 3932 2107 3973 non

516 3992 692 4067 solum
730 4016 840 4065 non
881 4017 1015 4067 sunt
1053 4006 1225 4065 territi
1270 4007 1684 4080 prtecedentinm
1733 4008 2102 4081 passionibus,

516 4100 612 4158 sed
636 4100 693 4173 in
716 4115 842 4157 eum
877 4114 979 4172 pro
1001 4099 1155 4171 cujus
1194 4100 1414 4157 nomine
1461 4110 1647 4173 passos“
1675 4115 1769 4157 eos
1810 4111 2102 4168 noverant,

516 4192 835 4252 exhortante
859 4192 1071 4249 illorum
1099 4192 1265 4266 gloria
1304 4192 1370 4249 ad
1396 4192 1710 4248 imitandum
1736 4193 1986 4261 accensi,
2012 4209 2106 4250 co-

514 4286 830 4359 piosissimis
854 4285 1155 4359 agminibus
1173 4276 1539 4342 crediderunt.
1568 4285 1695 4365 Ideo
1717 4285 1872 4350 dixit.
1898 4286 2107 4344 Secum

514 4378 638 4433 dum
679 4376 1079 4450 magnitudinem
1118 4376 1311 4432 brachii
1338 4376 1433 4431 tui.
1465 4376 1575 4433 Res
1602 4378 1748 4433 enim
1775 4386 1884 4432 tam
1912 4393 2101 4449 magna

512 4476 697 4525 secuta
725 4476 811 4525 est
837 4467 891 4523 in
918 4467 1131 4539 populis
1156 4467 1493 4533 Christianis,
1532 4477 1592 4524 ut
1631 4476 1750 4524 eam
1796 4468 1887 4539 qui
1915 4484 1977 4525 se
2004 4470 2104 4524 ali-

512 4559 641 4632 quid
688 4558 1058 4631 persequendo
1101 4558 1363 4632 proiicere
1408 4559 1703 4631 putabant,
1749 4560 1899 4615 nullo
1940 4559 2101 4616 modo

513 4651 798 4708 crederent
827 4660 1153 4708 secuturam.

586 4741 674 4798 16.
708 4738 862 4815 [κη.
890 4739 1004 4816 12]
1032 4740 1209 4798 Redde
1227 4782 1243 4807 .
1268 4741 1471 4815 inquit,
1497 4742 1673 4799 vicinis
1699 4743 1885 4799 nostris
1914 4737 2116 4815 septies

510 4840 707 4888 tantum
724 4832 935 4890 insinua
958 4849 1148 4888 eorum.
1165 4818 1282 4909 Non
1312 4834 1449 4889 mala
1471 4842 1651 4905 optat;
1676 4833 1770 4889 sed
1792 4833 1935 4905 iusta
1961 4850 2098 4905 prte-

512 4924 761 4992 trttntiat,
809 4933 867 4981 et
912 4926 1174 4981 ventura'
1218 4924 1518 4996 prophetat.
1561 4923 1876 4999 Septenario
1918 4918 2097 4982 autem

512 5029 772 5082 numero,
802 5018 853 5074 id
882 5028 967 5080 est
991 5019 1237 5090 scptupla
1280 5008 1631 5075 retributione
1649 5062 1665 5085 ,
1716 5019 2095 5091 perfectionem

510 5123 686 5180 pana:
706 5109 823 5164 vult
847 5108 1091 5182 intelligi.
1113 5111 1237 5182 quia
1266 5110 1367 5167 isto
1392 5126 1615 5177 numero
1642 5104 1916 5180 plenitudo
1935 5113 2100 5184 signi-

510 5200 663 5276 ﬁcari
682 5200 839 5257 solet.
859 5200 1011 5256 Unde
1035 5209 1089 5257 et
1117 5200 1247 5257 illud
1267 5209 1351 5257 est
1373 5200 1429 5257 in
1444 5200 1626 5269 bonis,
1648 5202 1871 5276 Accipiet
1886 5203 1909 5249 Ρ
1933 5203 1985 5258 in
2003 5203 2099 5258 hoc

509 5274 697 5347 saeclo
716 5292 900 5363 septies
927 5301 1122 5347 tantum
1145 5277 1339 5363 (Marc.
1360 5308 1415 5358 ι,
1439 5289 1535 5373 50)
1560 5293 1736 5365 :quo'd
1764 5274 2099 5373 positum'cst

510 5396 609 5454 pro
634 5385 916 5453 omnibus;
952 5384 1109 5453 Quasi
1128 5372 1539 5453 autumatis,
1558 5387 1617 5443 ἐι
1642 5387 1815 5443 omnia
1833 5372 2098 5460 possiden-

2243 590 2404 647 modo
2445 593 2504 647 tit
2539 593 2798 650 discessio
2837 597 3152 669 corporalis.
3183 597 3249 653 In
3274 599 3415 653 sinus
3446 615 3630 655 eorum
3665 601 3817 667 dicit,

2244 685 2427 755 utique
2455 699 2597 741 nunc
2626 686 2679 741 in
2709 687 2968 754 occultis;
2998 697 3059 745 ut
3086 691 3315 763 vindicta
3354 706 3475 762 qua
3514 692 3569 746 in
3596 692 3701 748 hac
3723 693 3819 747 vita

2242 775 2416 847 agitur
2457 776 2512 832 in
2550 777 2762 833 occulto
2785 819 2801 844 ,
2849 790 2971 851 post
3007 781 3284 837 innotescat
3311 798 3366 837 tn
3393 782 3679 838 nationibus
3714 792 3823 838 ante

2241 866 2416 922 oculos
2440 877 2659 925 nostros.
2685 868 2856 925 Homo
2884 887 3112 944 namque
3131 887 3253 928 cum
3278 872 3436 930 datur
3463 874 3515 929 in
3542 874 3820 946 reprobutn

2240 970 2491 1024 sensum,
2517 960 2585 1016 in
2602 960 2859 1018 interiore
2886 962 3008 1018 sinu
3033 963 3228 1035 accipit
3255 965 3641 1036 suppliciorum
3668 965 3821 1023 meri.

2240 1055 2353 1105 tum
2382 1048 2699 1108 futurorum.
2729 1051 3072 1125 Opprobritttn
3091 1072 3297 1123 eorum,
3322 1055 3462 1125 quod
3486 1056 3821 1128 exprobrave-

2237 1149 2355 1196 rttnt
2384 1142 2494 1211 tibi,
2524 1142 2760 1199 Domine.
2793 1145 2912 1202 Hoc
2933 1145 3013 1202 eis
3040 1144 3205 1203 redde
3228 1148 3531 1219 septuplum
3577 1147 3631 1203 in
3675 1149 3819 1207 sinus

2236 1246 2445 1300 eorum,
2477 1234 2530 1291 id
2558 1246 2671 1304 cst,
2700 1252 2797 1309 pro
2827 1239 2931 1294 isto
2958 1239 3251 1310 approbrio
3272 1255 3371 1296 eos
3394 1241 3451 1296 iu
3474 1240 3705 1298 occultis
3727 1257 3817 1298 eo~

2234 1340 2357 1381 rum
2400 1325 2711 1396 plenissime
2754 1329 3003 1399 reprobo.
3048 1327 3124 1385 lbi
3172 1329 3316 1387 enim
3367 1332 3817 1402 cxprobravcrunt

2233 1429 2429 1472 nomen
2460 1426 2607 1472 tuum
2634 1462 2650 1485 ,
2676 1427 2729 1475 te
2753 1418 3082 1476 arbitrantes
3119 1420 3173 1476 in
3198 1422 3373 1480 servis
3411 1423 3516 1481 tuis
3544 1423 3727 1480 delere
3754 1423 3818 1483 de

2234 1517 2375 1563 terra
2384 1549 2399 1564 .
3022 1561 3027 1565 ,

2305 1600 2393 1655 17.
2422 1599 2573 1676 [rem
2608 1603 2723 1677 {3.1
2750 1601 2861 1658 Nos
2888 1613 3056 1660 autem
3080 1606 3298 1678 populus
3330 1617 3447 1662 tuus
3465 1610 3817 1679 :gcncralitcr

2200 1691 2600 1763 accipiendum
2652 1694 2721 1752 de
2763 1696 2906 1751 omni
2971 1711 3169 1767 genere
3217 1697 3422 1769 piorum
3470 1708 3525 1755 et
3569 1715 3816 1759 verorum

2228 1785 2665 1843 christianorum.
2702 1786 2813 1844 Nos
2837 1804 2969 1861 ergo
2988 1804 3123 1861 quos
3144 1790 3372 1861 perdere
3397 1806 3455 1847 se
3481 1807 3640 1862 posse
3660 1804 3815 1864 puta-

2230 1885 2441 1942 verunt,
2462 1878 2682 1950 populus
2699 1889 2832 1946 tuus,
2850 1890 2898 1935 et
2919 1895 3033 1936 ones
3056 1881 3221 1953 gregis
3242 1882 3336 1950 tni,
3358 1891 3416 1938 ut
3429 1885 3518 1955 qui
3540 1883 3815 1955 gloriatur,

2229 1968 2281 2023 in
2313 1969 2540 2025 Domino
2567 1971 2825 2042 glorietur
2851 1972 2903 2045 (l
2936 1970 3137 2039 Con-1,
3180 1974 3297 2043 51),
3342 1976 3696 2045 conﬁtebimur
3731 1979 3816 2033 tibi

2226 2052 2279 2108 in
2307 2053 2567 2109 amentum.
2607 2056 2708 2111 Alii
2738 2066 2918 2112 autem
2946 2056 3161 2115 codices
3194 2056 3429 2128 habent,
3468 2062 3815 2132 conﬁtebimur

2225 2145 2316 2201 tibi
2340 2147 2396 2202 in
2421 2156 2685 2203 internum.
2720 2149 2799 2205 Ex
2823 2150 3074 2222 ambiguo
3112 2166 3288 2224 graeco
3330 2152 3469 2210 facta
3496 2164 3585 2211 est
3611 2155 3710 2212 ista
3736 2157 3815 2213 di-

2223 2240 2450 2307 versitas
2475 2259 2492 2296 :
2516 2241 2660 2312 quod
2685 2242 2829 2299 enim
2856 2243 3017 2300 habet
3038 2260 3266 2315 graecus.
3296 2256 3362 2310 αις
3386 2257 3465 2304 τὸν
3489 2258 3663 2314 eum,
3686 2252 3814 2307 etin

2219 2341 2485 2399 atomum,
2511 2331 2649 2388 etin
2687 2334 2927 2389 siccatum
2971 2334 3310 2407 interpretari
3348 2348 3551 2410 potest;
3588 2340 3688 2399 sed
3717 2338 3812 2415 pro

2224 2421 2342 2478 loco
2378 2422 2777 2495 intelligendum
2825 2425 2955 2497 quid
2992 2429 3183 2485 melius
3212 2429 3671 2502 interpretandum
3718 2436 3811 2491 sit.

2222 2514 2425 2594 Sensus
2449 2530 2581 2589 ergo
2605 2515 2765 2588 hujus
2793 2518 2897 2573 loci
2928 2520 3095 2590 magis
3124 2519 3254 2577 mihi
3280 2521 3486 2580 videtur
3499 2524 3806 2596 ostendere,

2220 2606 2278 2680 in
2312 2607 2553 2663 malum
2590 2607 2694 2664 dici
2734 2622 3003 2680 oportere,
3038 2610 3088 2666 εει
3119 2622 3201 2670 est
3227 2628 3393 2687 usque
3418 2614 3472 2670 in
3503 2614 3663 2672 tinem
3707 2632 3813 2674 sae-

2221 2700 2347 2775 culi.
2403 2699 2652 2772 Sequens
2695 2714 2873 2759 autem
2931 2719 3118 2763 versus
3168 2722 3322 2764 more
3371 2708 3805 2780 Scripturarutn,

2212 2792 2561 2867 maximeque
2603 2795 2939 2855 Psaltnorum
2963 2839 2980 2867 ,
3014 2800 3259 2872 repetitio
3293 2804 3585 2873 superioris
3609 2815 3693 2863 est
3719 2823 3809 2862 or-

2218 2886 2343 2943 dine
2365 2896 2715 2959 commutato,
2745 2890 2893 2962 prius
2917 2890 3121 2950 habens
3138 2892 3284 2966 quod
3310 2893 3379 2951 ibi
3406 2906 3487 2954 est
3520 2899 3806 2969 posterius,

2178 3022 2185 3026 -
2215 2994 2273 3040 et
2294 2986 2569 3057 posterius
2593 2985 2736 3058 quod
2764 2987 2837 3044 ibi
2865 2996 2949 3044 est
2982 2988 3150 3060 prius.
3178 2989 3312 3046 Nam
3338 2990 3480 3063 quod
3511 2993 3581 3050 ibi
3605 2992 3803 3051 dict-tn

2218 3085 2317 3143 cst,
2349 3075 2700 3147 conﬁtebimur
2727 3078 2837 3148 tibi,
2868 3095 2966 3152 pro
2994 3079 3112 3153 ipso
3136 3080 3225 3139 hic
3249 3082 3451 3140 dictum
3473 3094 3576 3151 est,
3600 3101 3805 3143 unan-

2214 3166 2449 3241 tiebitntts
2476 3168 2681 3226 tandem
2707 3180 2864 3226 tuam.
2898 3172 3054 3241 Quod
3080 3172 3260 3245 itaque
3289 3174 3361 3231 ibi
3390 3175 3593 3233 dictum
3618 3187 3724 3245 est,
3748 3177 3805 3234 in

2213 3260 2475 3329 eternium,
2509 3276 2610 3333 pro
2644 3262 2761 3335 ipso
2788 3262 2879 3321 hic
2904 3264 3104 3321 dictum
3138 3274 3245 3334 est,
3271 3267 3325 3322 in
3358 3269 3734 3343 generationem
3754 3281 3804 3328 et

2214 3356 2605 3427 generationem.
2636 3355 2740 3413 Ista
2769 3357 2966 3430 quippe
3000 3359 3362 3431 generationis
3399 3350 3649 3434 repetitio
3670 3378 3801 3434 per-

2214 3449 2523 3519 petuitatem
2558 3449 2825 3521 signiﬁcat
2854 3467 2869 3507 :
2899 3451 3038 3519 sive,
3082 3461 3141 3509 ut
3179 3452 3426 3510 nonnulli
3458 3453 3802 3528 intelligunt.

2211 3544 2336 3611 quia
2365 3542 2486 3599 duae
2513 3552 2639 3600 sunt
2664 3545 3071 3617 generationes,
3118 3532 3274 3603 vetuti
3320 3555 3377 3603 et
3423 3560 3583 3605 nova.
3606 3530 3803 3606 Sedit:

2212 3632 2314 3690 hoc
2351 3635 2412 3690 tit
2455 3635 2655 3692 saeculo
2693 3644 2920 3707 utraque
2951 3653 2968 3694 :
3018 3636 3271 3709 quoniam
3315 3637 3407 3711 qui
3444 3654 3555 3697 non
3585 3648 3803 3697 renatus

2210 3723 2373 3782 fuerit
2396 3742 2467 3782 ex
2495 3742 2633 3799 aqua
2658 3735 2715 3784 et
2739 3726 2961 3799 Spiritu,
2990 3743 3095 3785 non
3124 3728 3346 3788 intrabit
3364 3731 3417 3787 iu
3447 3748 3670 3803 regnum
3690 3749 3801 3791 ee-
3832 3766 3837 3770 ~

2210 3816 2385 3873 lorum
2424 3817 2601 3890 (lacn.
2647 3818 2853 3892 Ill,‘5);
2897 3819 3241 3893 deindcqnis
3269 3821 3322 3878 in
3352 3822 3455 3879 isto
3477 3823 3675 3881 Samio
3702 3840 3801 3879 as—

2211 3908 2483 3964 nuntiatur
2508 3909 2626 3965 laus
2655 3909 2773 3978 Dei,
2800 3925 2924 3967 nam
2956 3910 3010 3967 in
3049 3910 3229 3968 futuro
3269 3913 3468 3970 stecttlo
3490 3925 3611 3970 cum
3647 3914 3803 3972 vide-

2208 4000 2384 4057 bimus
2425 4016 2547 4057 eum
2591 4001 2747 4058 sicuti
2785 4012 2870 4061 est
2910 4000 2962 4075 (ι
2994 4000 3261 4077 Joan._tn.
3293 4003 3376 4079 2),
3420 4005 3506 4062 cui
3544 4005 3800 4081 deinceps

2206 4094 2574 4163 annuntietur,
2604 4094 2860 4169 nouerit.
2882 4093 2999 4152 Nos
3025 4098 3420 4172 ergogpopultts
3444 4108 3580 4167 tatus,
3604 4109 3655 4154 et
3678 4115 3797 4157 om

2206 4188 2374 4260 gregis
2397 4188 2492 4256 tsi,
2520 4203 2654 4262 quas
2684 4188 3054 4265 persequendo
3089 4189 3164 4246 illi
3194 4188 3608 4248 credideruntse
3632 4205 3795 4264 posse

2205 4298 2523 4341 consumere
2544 4325 2562 4350 ,
2589 4279 2936 4347 conﬁtebimur
2959 4283 3048 4339 tibi
3078 4283 3137 4339 in
3160 4282 3796 4356 Wouwer-manente

2205 4375 2387 4445 utique
2416 4374 2652 4431 Ecclesia
2681 4388 2850 4445 usque
2883 4373 2938 4429 in
2969 4373 3127 4451 tinem
3147 4391 3353 4447 ,qnam
3385 4376 3460 4432 illi
3484 4376 3668 4434 delere
3700 4393 3796 4435 co-

2158 4484 2163 4489 "
2204 4464 2315 4521 nati
2342 4474 2469 4527 sunt
2497 4483 2513 4524 :
2538 4466 2592 4522 in
2620 4466 2989 4539 generationem
3009 4476 3055 4522 et
3075 4468 3446 4539 generationem
3465 4469 3771 4524 annuntiobi

2201 4574 2316 4613 mus
2349 4557 2551 4613 laudent
2592 4569 2770 4625 tuam;
2795 4573 2915 4629 qua:
2942 4558 3058 4615 laus
3081 4567 3140 4615 ut
3168 4569 3451 4623 taceretur.
3499 4576 3598 4617 nos
3638 4562 3794 4619 linire

2201 4650 2380 4706 conati
2418 4636 2970 4712 sunt._biultis'antcm
2991 4650 3102 4720 jam
3143 4650 3276 4707 locis
3316 4661 3617 4717 sanctarum
3646 4652 3800 4720 Seria

2201 4755 2475 4813 pturarum
2509 4741 2893 4798 insinuavimus
2911 4740 3302 4813 confessionem
3328 4744 3486 4800 etiam
3513 4757 3611 4814 pro
3634 4742 3794 4800 laude

2202 4833 2325 4905 poni
2345 4851 2360 4889 :
2378 4833 2533 4891 sicuti
2561 4842 2651 4891 est.
2666 4832 2816 4900 illud,
2846 4832 2976 4889 Haec
3001 4834 3176 4890 dicetis
3195 4834 3246 4889 in
3266 4834 3594 4907 confessione,
3620 4834 3793 4908 Opaa

2200 4923 2407 4979 Domini
2427 4925 2660 4979 univa'sa
2676 4925 2917 4997 quoniam
2936 4926 3065 4981 bona
3084 4926 3231 4982 valde
3258 4926 3445 4999 (Eccli.
3463 4944 3646 4997 sxnx,
3671 4929 3788 5001 59};

2201 5017 2537 5090 maximeque
2579 5016 2712 5071 illud
2737 5016 2880 5088 quod
2916 5018 2990 5073 ait
3027 5018 3143 5089 ipse
3166 5018 3431 5080 Salvator.
3460 5020 3553 5091 qui
3578 5020 3789 5087 nulan

2200 5107 2430 5189 habebat
2456 5111 2675 5166 omnino
2716 5119 2991 5181 peccatum
3031 5110 3174 5183 quod
3216 5112 3522 5184 panitendo
3565 5112 3791 5171 conﬁte-

2200 5202 2390 5262 retur:
2410 5200 2665 5272 Conﬁteor
2690 5202 2799 5269 tibi,
2822 5204 2981 5259 Pater
3003 5246 3019 5271 ,
3042 5203 3260 5261 Domine
3278 5206 3394 5262 casti
3412 5217 3460 5262 et
3478 5217 3646 5273 terra,
3669 5208 3792 5278 quia

2199 5295 2504 5352 abscondisti
2534 5297 2642 5353 lucc
2667 5314 2700 5351 a
2722 5298 3029 5368 sapientibus
3049 5309 3097 5353 et
3118 5288 3537 5368 prudentibus,“
3555 5303 3791 5358 "celaui

2199 5404 2260 5442 ea
2285 5388 2508 5458 parvulis
2537 5387 2749 5459 (Matth.
2781 5404 2861 5456 st,
2889 5389 3007 5461 25).
3038 5390 3150 5446 lloc
3172 5389 3308 5471 dixi,
3336 5401 3393 5447 ut
3428 5393 3667 5463 apertius
3707 5394 3792 5449 in-

2082 5508 2083 5511 η
2202 5478 2485 5549 telligatur,
2528 5477 2580 5532 id
2620 5493 2741 5534 esse
2780 5480 3065 5551 repetitum
3093 5480 3143 5536 in
3170 5496 3238 5537 eo
3261 5481 3403 5553 quod
3433 5483 3633 5539 dictum
3656 5495 3739 5541 est
3769 5528 3785 5554 ,

572 5578 607 5649 ξ
623 5584 972 5649 Omncsnosu'i
996 5591 1123 5649 stas,
1140 5576 1549 5649 mortiﬁcatarant.

572 5642 595 5710 ξ
626 5643 761 5704 Edd.,
784 5645 965 5710 futura.
990 5642 1364 5710 Flet-tune
1388 5642 1753 5710 vera,Quidam,
1787 5655 1997 5700 ventura.

509 5702 603 5823 In;
624 5702 1076 5820 εὲἰέξηξιίοτεδρἰει
1103 5702 1157 5775 si
1179 5708 1314 5773 Edd.,
1334 5702 1389 5761 in
1409 5702 1929 5777 bonis‘acct'pt'cndunt,
1966 5720 2018 5764 Et
2042 5709 2093 5763 in

601 5801 618 5831 ο

2197 5568 2609 5625 annuntiabinttts
2660 5569 2862 5643 tandem
2909 5582 3068 5642 tuam,
3120 5572 3261 5645 quod
3304 5575 3555 5649 superius
3586 5576 3788 5637 dictum

2198 5670 2334 5727 erat,
2365 5658 2716 5733 conﬁtebimur
2738 5661 2844 5718 tibi.
