  <div class='ocr_page' id='page_1' title='image "/cluster/home/n/w/nwhite01/storage/ocr_20150623/36/umn.319510024773307/520.png"; bbox 0 0 3990 6314; ppageno 0'>
   <div class='ocr_carea' id='block_1_1' title="bbox 143 351 372 423">
    <p class='ocr_par' dir='ltr' id='par_1_1' title="bbox 143 351 372 423">
     <span class='ocr_line' id='line_1_1' title="bbox 143 351 372 423; baseline -0.004 -3"><span class='ocrx_word' id='word_1_1' title='bbox 143 351 372 423; x_wconf 65' lang='grc' dir='ltr'><strong>κιθει</strong></span> 
     </span>
    </p>
   </div>
   <div class='ocr_carea' id='block_1_2' title="bbox 596 539 1452 619">
    <p class='ocr_par' dir='ltr' id='par_1_2' title="bbox 596 539 1452 619">
     <span class='ocr_line' id='line_1_2' title="bbox 596 539 1452 619; baseline -0.001 -15"><span class='ocrx_word' id='word_1_2' title='bbox 596 539 710 609; x_wconf 82' lang='lat' dir='ltr'><strong>.lN</strong></span> <span class='ocrx_word' id='word_1_3' title='bbox 753 545 1131 616; x_wconf 78' lang='lat' dir='ltr'><strong>PSALMUM</strong></span> <span class='ocrx_word' id='word_1_4' title='bbox 1171 542 1452 619; x_wconf 72' lang='lat' dir='ltr'><strong>LXXIX</strong></span> 
     </span>
    </p>
   </div>
   <div class='ocr_carea' id='block_1_3' title="bbox 815 664 1229 724">
    <p class='ocr_par' dir='ltr' id='par_1_3' title="bbox 815 664 1229 724">
     <span class='ocr_line' id='line_1_3' title="bbox 815 664 1229 724; baseline -0.007 -1"><span class='ocrx_word' id='word_1_5' title='bbox 815 664 1229 724; x_wconf 65' lang='lat' dir='ltr'><strong>ENARRA&#39;HO.</strong></span> 
     </span>
    </p>
   </div>
   <div class='ocr_carea' id='block_1_4' title="bbox 873 776 1174 851">
    <p class='ocr_par' dir='ltr' id='par_1_4' title="bbox 873 776 1174 851">
     <span class='ocr_line' id='line_1_4' title="bbox 873 776 1174 851; baseline -0.01 -15"><span class='ocrx_word' id='word_1_6' title='bbox 873 776 1044 836; x_wconf 65' lang='lat' dir='ltr'><strong>senio</strong></span> <span class='ocrx_word' id='word_1_7' title='bbox 1074 778 1174 851; x_wconf 78' lang='grc' dir='ltr'><strong>(α).</strong></span> 
     </span>
    </p>
   </div>
   <div class='ocr_carea' id='block_1_5' title="bbox 305 883 1810 971">
    <p class='ocr_par' dir='ltr' id='par_1_5' title="bbox 305 883 1810 971">
     <span class='ocr_line' id='line_1_5' title="bbox 305 883 1810 971; baseline -0.004 -19"><span class='ocrx_word' id='word_1_8' title='bbox 305 898 356 952; x_wconf 78' lang='grc'><strong>1.</strong></span> <span class='ocrx_word' id='word_1_9' title='bbox 386 894 535 971; x_wconf 81' lang='lat' dir='ltr'><strong>[rers.</strong></span> <span class='ocrx_word' id='word_1_10' title='bbox 566 894 645 969; x_wconf 77' lang='grc'><strong>1.]</strong></span> <span class='ocrx_word' id='word_1_11' title='bbox 672 892 786 950; x_wconf 83' lang='lat' dir='ltr'><strong>Non</strong></span> <span class='ocrx_word' id='word_1_12' title='bbox 812 893 946 948; x_wconf 84' lang='lat' dir='ltr'><strong>adeo</strong></span> <span class='ocrx_word' id='word_1_13' title='bbox 973 883 1133 948; x_wconf 81' lang='lat' dir='ltr'><strong>multa</strong></span> <span class='ocrx_word' id='word_1_14' title='bbox 1162 892 1286 946; x_wconf 68' lang='lat' dir='ltr'><strong>Sunt</strong></span> <span class='ocrx_word' id='word_1_15' title='bbox 1321 891 1374 947; x_wconf 93' lang='lat' dir='ltr'><strong>in</strong></span> <span class='ocrx_word' id='word_1_16' title='bbox 1417 887 1517 946; x_wconf 85' lang='lat' dir='ltr'><strong>hoc</strong></span> <span class='ocrx_word' id='word_1_17' title='bbox 1541 891 1745 963; x_wconf 86' lang='lat' dir='ltr'><strong>psalmo</strong></span> <span class='ocrx_word' id='word_1_18' title='bbox 1772 893 1810 955; x_wconf 83' lang='grc'><strong>¹,</strong></span> 
     </span>
    </p>
   </div>
   <div class='ocr_carea' id='block_1_6' title="bbox 233 981 1813 1060">
    <p class='ocr_par' dir='ltr' id='par_1_6' title="bbox 233 981 1813 1060">
     <span class='ocr_line' id='line_1_6' title="bbox 233 981 1813 1060; baseline -0.003 -17"><span class='ocrx_word' id='word_1_19' title='bbox 233 988 287 1044; x_wconf 84' lang='lat' dir='ltr'><strong>i&#39;n</strong></span> <span class='ocrx_word' id='word_1_20' title='bbox 315 989 508 1060; x_wconf 80' lang='lat' dir='ltr'><strong>quibus</strong></span> <span class='ocrx_word' id='word_1_21' title='bbox 536 1001 714 1042; x_wconf 88' lang='lat' dir='ltr'><strong>sermo</strong></span> <span class='ocrx_word' id='word_1_22' title='bbox 742 995 926 1042; x_wconf 78' lang='lat' dir='ltr'><strong>noster</strong></span> <span class='ocrx_word' id='word_1_23' title='bbox 949 986 1178 1056; x_wconf 88' lang='lat' dir='ltr'><strong>patiatur</strong></span> <span class='ocrx_word' id='word_1_24' title='bbox 1200 983 1582 1048; x_wconf 71' lang='lat' dir='ltr'><strong>difﬁcultatem,</strong></span> <span class='ocrx_word' id='word_1_25' title='bbox 1615 981 1813 1038; x_wconf 84' lang='lat' dir='ltr'><strong>vel‘in-</strong></span> 
     </span>
    </p>
   </div>
   <div class='ocr_carea' id='block_1_7' title="bbox 233 1072 1816 1151">
    <p class='ocr_par' dir='ltr' id='par_1_7' title="bbox 233 1072 1816 1151">
     <span class='ocr_line' id='line_1_7' title="bbox 233 1072 1816 1151; baseline -0.004 -12"><span class='ocrx_word' id='word_1_26' title='bbox 233 1083 398 1139; x_wconf 90' lang='lat' dir='ltr'><strong>tcntio</strong></span> <span class='ocrx_word' id='word_1_27' title='bbox 422 1081 723 1137; x_wconf 85' lang='lat' dir='ltr'><strong>auditorum</strong></span> <span class='ocrx_word' id='word_1_28' title='bbox 753 1072 1074 1151; x_wconf 87' lang='lat' dir='ltr'><strong>intelligendi</strong></span> <span class='ocrx_word' id='word_1_29' title='bbox 1100 1076 1558 1148; x_wconf 74' lang='lat' dir='ltr'><strong>impedimentum.</strong></span> <span class='ocrx_word' id='word_1_30' title='bbox 1586 1076 1816 1132; x_wconf 77' lang='lat' dir='ltr'><strong>Proinde</strong></span> 
     </span>
    </p>
   </div>
   <div class='ocr_carea' id='block_1_8' title="bbox 229 1167 1810 1248">
    <p class='ocr_par' dir='ltr' id='par_1_8' title="bbox 229 1167 1810 1248">
     <span class='ocr_line' id='line_1_8' title="bbox 229 1167 1810 1248; baseline -0.006 -16"><span class='ocrx_word' id='word_1_31' title='bbox 229 1167 514 1248; x_wconf 80' lang='lat' dir='ltr'><strong>adjuvante</strong></span> <span class='ocrx_word' id='word_1_32' title='bbox 528 1174 775 1242; x_wconf 87' lang='lat' dir='ltr'><strong>Domino,</strong></span> <span class='ocrx_word' id='word_1_33' title='bbox 795 1189 914 1228; x_wconf 91' lang='lat' dir='ltr'><strong>cum</strong></span> <span class='ocrx_word' id='word_1_34' title='bbox 932 1171 1122 1227; x_wconf 80' lang='lat' dir='ltr'><strong>aﬂ&#39;ectu</strong></span> <span class='ocrx_word' id='word_1_35' title='bbox 1143 1169 1390 1227; x_wconf 86' lang='lat' dir='ltr'><strong>audiendi</strong></span> <span class='ocrx_word' id='word_1_36' title='bbox 1408 1178 1462 1225; x_wconf 93' lang='lat' dir='ltr'><strong>et</strong></span> <span class='ocrx_word' id='word_1_37' title='bbox 1482 1167 1690 1224; x_wconf 86' lang='lat' dir='ltr'><strong>videndi</strong></span> <span class='ocrx_word' id='word_1_38' title='bbox 1704 1168 1810 1237; x_wconf 77' lang='lat' dir='ltr'><strong>]am</strong></span> 
     </span>
    </p>
   </div>
   <div class='ocr_carea' id='block_1_9' title="bbox 229 1262 1812 1342">
    <p class='ocr_par' dir='ltr' id='par_1_9' title="bbox 229 1262 1812 1342">
     <span class='ocr_line' id='line_1_9' title="bbox 229 1262 1812 1342; baseline -0.003 -20"><span class='ocrx_word' id='word_1_39' title='bbox 229 1287 349 1342; x_wconf 69' lang='lat' dir='ltr'><strong>qua!</strong></span> <span class='ocrx_word' id='word_1_40' title='bbox 374 1270 684 1342; x_wconf 83' lang='lat' dir='ltr'><strong>prophetata</strong></span> <span class='ocrx_word' id='word_1_41' title='bbox 714 1275 769 1322; x_wconf 88' lang='lat' dir='ltr'><strong>et</strong></span> <span class='ocrx_word' id='word_1_42' title='bbox 805 1263 1055 1338; x_wconf 63' lang='lat' dir='ltr'><strong>praedicta</strong></span> <span class='ocrx_word' id='word_1_43' title='bbox 1092 1271 1237 1332; x_wconf 85' lang='lat' dir='ltr'><strong>sunt,</strong></span> <span class='ocrx_word' id='word_1_44' title='bbox 1263 1269 1515 1334; x_wconf 91' lang='lat' dir='ltr'><strong>tanquam</strong></span> <span class='ocrx_word' id='word_1_45' title='bbox 1541 1262 1731 1317; x_wconf 89' lang='lat' dir='ltr'><strong>eruditi</strong></span> <span class='ocrx_word' id='word_1_46' title='bbox 1760 1262 1812 1317; x_wconf 87' lang='lat' dir='ltr'><strong>in</strong></span> 
     </span>
    </p>
   </div>
   <div class='ocr_carea' id='block_1_10' title="bbox 228 1347 1810 1426">
    <p class='ocr_par' dir='ltr' id='par_1_10' title="bbox 228 1347 1810 1426">
     <span class='ocr_line' id='line_1_10' title="bbox 228 1347 1810 1426; baseline -0.007 -10"><span class='ocrx_word' id='word_1_47' title='bbox 228 1359 410 1417; x_wconf 83' lang='lat' dir='ltr'><strong>schola</strong></span> <span class='ocrx_word' id='word_1_48' title='bbox 435 1347 658 1426; x_wconf 77' lang='lat' dir='ltr'><strong>Christi,</strong></span> <span class='ocrx_word' id='word_1_49' title='bbox 685 1372 901 1414; x_wconf 89' lang='lat' dir='ltr'><strong>currere</strong></span> <span class='ocrx_word' id='word_1_50' title='bbox 925 1355 1179 1412; x_wconf 86' lang='lat' dir='ltr'><strong>debemus</strong></span> <span class='ocrx_word' id='word_1_51' title='bbox 1198 1369 1318 1426; x_wconf 73' lang='lat' dir='ltr'><strong>qua:</strong></span> <span class='ocrx_word' id='word_1_52' title='bbox 1340 1354 1493 1424; x_wconf 82' lang='lat' dir='ltr'><strong>plana</strong></span> <span class='ocrx_word' id='word_1_53' title='bbox 1514 1361 1666 1417; x_wconf 88' lang='lat' dir='ltr'><strong>sunt;</strong></span> <span class='ocrx_word' id='word_1_54' title='bbox 1691 1360 1747 1406; x_wconf 93' lang='lat' dir='ltr'><strong>ut</strong></span> <span class='ocrx_word' id='word_1_55' title='bbox 1766 1352 1810 1406; x_wconf 88' lang='lat' dir='ltr'><strong>si</strong></span> 
     </span>
    </p>
   </div>
   <div class='ocr_carea' id='block_1_11' title="bbox 228 1443 1813 1520">
    <p class='ocr_par' dir='ltr' id='par_1_11' title="bbox 228 1443 1813 1520">
     <span class='ocr_line' id='line_1_11' title="bbox 228 1443 1813 1520; baseline -0.006 -12"><span class='ocrx_word' id='word_1_56' title='bbox 228 1453 366 1509; x_wconf 76' lang='lat' dir='ltr'><strong>forte</strong></span> <span class='ocrx_word' id='word_1_57' title='bbox 403 1453 629 1508; x_wconf 89' lang='lat' dir='ltr'><strong>obscura</strong></span> <span class='ocrx_word' id='word_1_58' title='bbox 665 1451 879 1520; x_wconf 76' lang='lat' dir='ltr'><strong>exigunt</strong></span> <span class='ocrx_word' id='word_1_59' title='bbox 909 1446 1140 1502; x_wconf 77' lang='lat' dir='ltr'><strong>ofﬁcium</strong></span> <span class='ocrx_word' id='word_1_60' title='bbox 1175 1443 1579 1514; x_wconf 71' lang='lat' dir='ltr'><strong>interpretandi.</strong></span> <span class='ocrx_word' id='word_1_61' title='bbox 1610 1459 1673 1498; x_wconf 88' lang='lat' dir='ltr'><strong>ea</strong></span> <span class='ocrx_word' id='word_1_62' title='bbox 1693 1457 1813 1515; x_wconf 63' lang='lat' dir='ltr'><strong>qua:</strong></span> 
     </span>
    </p>
   </div>
   <div class='ocr_carea' id='block_1_12' title="bbox 180 1534 1807 1620">
    <p class='ocr_par' dir='ltr' id='par_1_12' title="bbox 180 1534 1807 1620">
     <span class='ocr_line' id='line_1_12' title="bbox 180 1534 1807 1620; baseline -0.009 -17"><span class='ocrx_word' id='word_1_63' title='bbox 180 1602 183 1603; x_wconf 30' lang='grc' dir='ltr'><em>ν</em></span> <span class='ocrx_word' id='word_1_64' title='bbox 228 1549 384 1620; x_wconf 86' lang='lat' dir='ltr'><strong>plana</strong></span> <span class='ocrx_word' id='word_1_65' title='bbox 431 1555 556 1601; x_wconf 86' lang='lat' dir='ltr'><strong>sunt</strong></span> <span class='ocrx_word' id='word_1_66' title='bbox 602 1543 809 1612; x_wconf 81' lang='lat' dir='ltr'><strong>legendi</strong></span> <span class='ocrx_word' id='word_1_67' title='bbox 839 1539 1072 1597; x_wconf 81' lang='lat' dir='ltr'><strong>officium</strong></span> <span class='ocrx_word' id='word_1_68' title='bbox 1103 1554 1132 1594; x_wconf 92' lang='lat' dir='ltr'><strong>a</strong></span> <span class='ocrx_word' id='word_1_69' title='bbox 1160 1553 1247 1594; x_wconf 90' lang='lat' dir='ltr'><strong>me</strong></span> <span class='ocrx_word' id='word_1_70' title='bbox 1275 1535 1509 1616; x_wconf 85' lang='lat' dir='ltr'><strong>debeant</strong></span> <span class='ocrx_word' id='word_1_71' title='bbox 1547 1534 1807 1613; x_wconf 81' lang='lat' dir='ltr'><strong>ﬂagitare.</strong></span> 
     </span>
    </p>
   </div>
   <div class='ocr_carea' id='block_1_13' title="bbox 227 1625 1812 1695">
    <p class='ocr_par' dir='ltr' id='par_1_13' title="bbox 227 1625 1812 1695">
     <span class='ocr_line' id='line_1_13' title="bbox 227 1625 1812 1695; baseline -0.009 -1"><span class='ocrx_word' id='word_1_72' title='bbox 227 1640 487 1694; x_wconf 80' lang='lat' dir='ltr'><strong>Cantatur</strong></span> <span class='ocrx_word' id='word_1_73' title='bbox 530 1636 617 1692; x_wconf 91' lang='lat' dir='ltr'><strong>hic</strong></span> <span class='ocrx_word' id='word_1_74' title='bbox 643 1635 710 1691; x_wconf 85' lang='lat' dir='ltr'><strong>de</strong></span> <span class='ocrx_word' id='word_1_75' title='bbox 737 1640 966 1689; x_wconf 85' lang='lat' dir='ltr'><strong>adventu</strong></span> <span class='ocrx_word' id='word_1_76' title='bbox 997 1629 1206 1689; x_wconf 88' lang='lat' dir='ltr'><strong>Domini</strong></span> <span class='ocrx_word' id='word_1_77' title='bbox 1235 1637 1290 1685; x_wconf 89' lang='lat' dir='ltr'><strong>et</strong></span> <span class='ocrx_word' id='word_1_78' title='bbox 1317 1626 1608 1684; x_wconf 86' lang='lat' dir='ltr'><strong>Salvatoris</strong></span> <span class='ocrx_word' id='word_1_79' title='bbox 1645 1625 1812 1695; x_wconf 89' lang='lat' dir='ltr'><strong>nostri</strong></span> 
     </span>
    </p>
   </div>
   <div class='ocr_carea' id='block_1_14' title="bbox 227 1719 1808 1797">
    <p class='ocr_par' dir='ltr' id='par_1_14' title="bbox 227 1719 1808 1797">
     <span class='ocr_line' id='line_1_14' title="bbox 227 1719 1808 1797; baseline -0.01 -9"><span class='ocrx_word' id='word_1_80' title='bbox 227 1732 352 1788; x_wconf 78' lang='lat' dir='ltr'><strong>Jesu</strong></span> <span class='ocrx_word' id='word_1_81' title='bbox 378 1729 595 1797; x_wconf 90' lang='lat' dir='ltr'><strong>Christi,</strong></span> <span class='ocrx_word' id='word_1_82' title='bbox 627 1739 680 1784; x_wconf 88' lang='lat' dir='ltr'><strong>ct</strong></span> <span class='ocrx_word' id='word_1_83' title='bbox 703 1726 770 1784; x_wconf 91' lang='lat' dir='ltr'><strong>de</strong></span> <span class='ocrx_word' id='word_1_84' title='bbox 798 1726 947 1782; x_wconf 83' lang='lat' dir='ltr'><strong>vinea</strong></span> <span class='ocrx_word' id='word_1_85' title='bbox 979 1725 1112 1794; x_wconf 79' lang='lat' dir='ltr'><strong>ejus.</strong></span> <span class='ocrx_word' id='word_1_86' title='bbox 1135 1722 1240 1780; x_wconf 88' lang='lat' dir='ltr'><strong>Sed</strong></span> <span class='ocrx_word' id='word_1_87' title='bbox 1265 1731 1441 1778; x_wconf 81' lang='lat' dir='ltr'><strong>cantat</strong></span> <span class='ocrx_word' id='word_1_88' title='bbox 1469 1720 1557 1776; x_wconf 91' lang='lat' dir='ltr'><strong>ille</strong></span> <span class='ocrx_word' id='word_1_89' title='bbox 1606 1719 1808 1792; x_wconf 80' lang='lat' dir='ltr'><strong>Asaph,</strong></span> 
     </span>
    </p>
   </div>
   <div class='ocr_carea' id='block_1_15' title="bbox 224 1800 1812 1897">
    <p class='ocr_par' dir='ltr' id='par_1_15' title="bbox 224 1800 1812 1897">
     <span class='ocr_line' id='line_1_15' title="bbox 224 1800 1812 1897; baseline -0.009 -17"><span class='ocrx_word' id='word_1_90' title='bbox 224 1833 483 1897; x_wconf 87' lang='lat' dir='ltr'><strong>quantum</strong></span> <span class='ocrx_word' id='word_1_91' title='bbox 522 1830 762 1892; x_wconf 82' lang='lat' dir='ltr'><strong>apparet,</strong></span> <span class='ocrx_word' id='word_1_92' title='bbox 797 1817 1123 1874; x_wconf 88' lang='lat' dir='ltr'><strong>illuminatus</strong></span> <span class='ocrx_word' id='word_1_93' title='bbox 1159 1823 1317 1886; x_wconf 88' lang='lat' dir='ltr'><strong>atque</strong></span> <span class='ocrx_word' id='word_1_94' title='bbox 1340 1824 1630 1897; x_wconf 84' lang='lat' dir='ltr'><strong>correctus,</strong></span> <span class='ocrx_word' id='word_1_95' title='bbox 1661 1800 1812 1880; x_wconf 70' lang='lat' dir='ltr'><strong>cuius</strong></span> 
     </span>
    </p>
   </div>
   <div class='ocr_carea' id='block_1_16' title="bbox 229 1893 1811 1984">
    <p class='ocr_par' dir='ltr' id='par_1_16' title="bbox 229 1893 1811 1984">
     <span class='ocr_line' id='line_1_16' title="bbox 229 1893 1811 1984; baseline -0.008 -12"><span class='ocrx_word' id='word_1_96' title='bbox 229 1893 444 1973; x_wconf 84' lang='lat' dir='ltr'><strong>nomine</strong></span> <span class='ocrx_word' id='word_1_97' title='bbox 472 1915 637 1971; x_wconf 88' lang='lat' dir='ltr'><strong>nostis</strong></span> <span class='ocrx_word' id='word_1_98' title='bbox 665 1912 948 1984; x_wconf 81' lang='lat' dir='ltr'><strong>signiﬁcari</strong></span> <span class='ocrx_word' id='word_1_99' title='bbox 977 1898 1329 1981; x_wconf 80' lang='lat' dir='ltr'><strong>Synagogam.</strong></span> <span class='ocrx_word' id='word_1_100' title='bbox 1360 1893 1595 1976; x_wconf 79' lang='lat' dir='ltr'><strong>Denique</strong></span> <span class='ocrx_word' id='word_1_101' title='bbox 1631 1905 1811 1959; x_wconf 89' lang='lat' dir='ltr'><strong>titulus</strong></span> 
     </span>
    </p>
   </div>
   <div class='ocr_carea' id='block_1_17' title="bbox 227 1996 1813 2080">
    <p class='ocr_par' dir='ltr' id='par_1_17' title="bbox 227 1996 1813 2080">
     <span class='ocr_line' id='line_1_17' title="bbox 227 1996 1813 2080; baseline -0.008 -13"><span class='ocrx_word' id='word_1_102' title='bbox 227 2009 423 2067; x_wconf 80' lang='lat' dir='ltr'><strong>Psalmi</strong></span> <span class='ocrx_word' id='word_1_103' title='bbox 443 2017 546 2074; x_wconf 87' lang='lat' dir='ltr'><strong>est,</strong></span> <span class='ocrx_word' id='word_1_104' title='bbox 569 2006 633 2064; x_wconf 90' lang='lat' dir='ltr'><strong>In</strong></span> <span class='ocrx_word' id='word_1_105' title='bbox 655 2007 807 2078; x_wconf 71' lang='lat' dir='ltr'><strong>ﬁnem</strong></span> <span class='ocrx_word' id='word_1_106' title='bbox 835 2022 927 2076; x_wconf 82' lang='lat' dir='ltr'><strong>pro</strong></span> <span class='ocrx_word' id='word_1_107' title='bbox 957 2004 1036 2059; x_wconf 87' lang='lat' dir='ltr'><strong>his</strong></span> <span class='ocrx_word' id='word_1_108' title='bbox 1062 2003 1148 2072; x_wconf 85' lang='lat' dir='ltr'><strong>qui</strong></span> <span class='ocrx_word' id='word_1_109' title='bbox 1173 1996 1566 2080; x_wconf 62' lang='lat' dir='ltr'><strong>immutal‘iunmr</strong></span> <span class='ocrx_word' id='word_1_110' title='bbox 1594 2014 1615 2054; x_wconf 87' lang='lat'><strong><em>:</em></strong></span> <span class='ocrx_word' id='word_1_111' title='bbox 1635 1998 1813 2068; x_wconf 85' lang='lat' dir='ltr'><strong>utique</strong></span> 
     </span>
    </p>
   </div>
   <div class='ocr_carea' id='block_1_18' title="bbox 226 2089 1812 2173">
    <p class='ocr_par' dir='ltr' id='par_1_18' title="bbox 226 2089 1812 2173">
     <span class='ocr_line' id='line_1_18' title="bbox 226 2089 1812 2173; baseline -0.01 -13"><span class='ocrx_word' id='word_1_112' title='bbox 226 2105 280 2159; x_wconf 91' lang='lat' dir='ltr'><strong>in</strong></span> <span class='ocrx_word' id='word_1_113' title='bbox 299 2101 508 2168; x_wconf 85' lang='lat' dir='ltr'><strong>melius,</strong></span> <span class='ocrx_word' id='word_1_114' title='bbox 530 2095 1036 2173; x_wconf 78' lang='lat' dir='ltr'><strong>quoniam&#39;Christus</strong></span> <span class='ocrx_word' id='word_1_115' title='bbox 1053 2095 1170 2150; x_wconf 88' lang='lat' dir='ltr'><strong>linis</strong></span> <span class='ocrx_word' id='word_1_116' title='bbox 1191 2091 1347 2164; x_wconf 84' lang='lat' dir='ltr'><strong>chis</strong></span> <span class='ocrx_word' id='word_1_117' title='bbox 1365 2091 1541 2164; x_wconf 83' lang='lat' dir='ltr'><strong>(Rom.</strong></span> <span class='ocrx_word' id='word_1_118' title='bbox 1559 2091 1669 2162; x_wconf 62' lang='lat' dir='ltr'><strong>v.4)</strong></span> <span class='ocrx_word' id='word_1_119' title='bbox 1695 2089 1812 2145; x_wconf 91' lang='lat' dir='ltr'><strong>ideo</strong></span> 
     </span>
    </p>
   </div>
   <div class='ocr_carea' id='block_1_19' title="bbox 225 2183 1858 2263">
    <p class='ocr_par' dir='ltr' id='par_1_19' title="bbox 225 2183 1858 2263">
     <span class='ocr_line' id='line_1_19' title="bbox 225 2183 1858 2263; baseline -0.014 -10"><span class='ocrx_word' id='word_1_120' title='bbox 225 2199 392 2263; x_wconf 82' lang='lat' dir='ltr'><strong>venit,</strong></span> <span class='ocrx_word' id='word_1_121' title='bbox 436 2183 502 2251; x_wconf 84' lang='lat' dir='ltr'><strong>ut</strong></span> <span class='ocrx_word' id='word_1_122' title='bbox 533 2195 776 2251; x_wconf 88' lang='lat' dir='ltr'><strong>immutet</strong></span> <span class='ocrx_word' id='word_1_123' title='bbox 821 2191 874 2247; x_wconf 92' lang='lat' dir='ltr'><strong>in</strong></span> <span class='ocrx_word' id='word_1_124' title='bbox 921 2188 1136 2245; x_wconf 85' lang='lat' dir='ltr'><strong>melius.</strong></span> <span class='ocrx_word' id='word_1_125' title='bbox 1169 2187 1237 2243; x_wconf 88' lang='lat' dir='ltr'><strong>Et</strong></span> <span class='ocrx_word' id='word_1_126' title='bbox 1275 2185 1445 2253; x_wconf 87' lang='lat' dir='ltr'><strong>addit,</strong></span> <span class='ocrx_word' id='word_1_127' title='bbox 1473 2183 1812 2239; x_wconf 85' lang='lat' dir='ltr'><strong>testimonium</strong></span> <span class='ocrx_word' id='word_1_128' title='bbox 1855 2227 1858 2230; x_wconf 83' lang='lat'><strong>.</strong></span> 
     </span>
    </p>
   </div>
   <div class='ocr_carea' id='block_1_20' title="bbox 225 2278 1813 2362">
    <p class='ocr_par' dir='ltr' id='par_1_20' title="bbox 225 2278 1813 2362">
     <span class='ocr_line' id='line_1_20' title="bbox 225 2278 1813 2362; baseline -0.008 -16"><span class='ocrx_word' id='word_1_129' title='bbox 225 2289 326 2362; x_wconf 86' lang='lat' dir='ltr'><strong>ipsi</strong></span> <span class='ocrx_word' id='word_1_130' title='bbox 349 2293 373 2325; x_wconf 76' lang='grc'><em>³</em></span> <span class='ocrx_word' id='word_1_131' title='bbox 401 2289 577 2361; x_wconf 78' lang='lat' dir='ltr'><strong>Asaph</strong></span> <span class='ocrx_word' id='word_1_132' title='bbox 599 2306 619 2344; x_wconf 91' lang='lat'><strong><em>:</em></strong></span> <span class='ocrx_word' id='word_1_133' title='bbox 643 2287 840 2344; x_wconf 86' lang='lat' dir='ltr'><strong>bonum</strong></span> <span class='ocrx_word' id='word_1_134' title='bbox 869 2283 1231 2341; x_wconf 88' lang='lat' dir='ltr'><strong>testimonium</strong></span> <span class='ocrx_word' id='word_1_135' title='bbox 1279 2280 1535 2338; x_wconf 82' lang='lat' dir='ltr'><strong>veritatis.</strong></span> <span class='ocrx_word' id='word_1_136' title='bbox 1575 2278 1813 2349; x_wconf 83' lang='lat' dir='ltr'><strong>Denique</strong></span> 
     </span>
    </p>
   </div>
   <div class='ocr_carea' id='block_1_21' title="bbox 226 2364 1807 2454">
    <p class='ocr_par' dir='ltr' id='par_1_21' title="bbox 226 2364 1807 2454">
     <span class='ocr_line' id='line_1_21' title="bbox 226 2364 1807 2454; baseline -0.011 -12"><span class='ocrx_word' id='word_1_137' title='bbox 226 2385 330 2442; x_wconf 80' lang='lat' dir='ltr'><strong>hoc</strong></span> <span class='ocrx_word' id='word_1_138' title='bbox 357 2383 717 2441; x_wconf 86' lang='lat' dir='ltr'><strong>testimonium</strong></span> <span class='ocrx_word' id='word_1_139' title='bbox 753 2388 809 2437; x_wconf 86' lang='lat' dir='ltr'><strong>et</strong></span> <span class='ocrx_word' id='word_1_140' title='bbox 852 2378 1122 2448; x_wconf 84' lang='lat' dir='ltr'><strong>Christum</strong></span> <span class='ocrx_word' id='word_1_141' title='bbox 1166 2384 1221 2431; x_wconf 93' lang='lat' dir='ltr'><strong>et</strong></span> <span class='ocrx_word' id='word_1_142' title='bbox 1258 2375 1462 2441; x_wconf 84' lang='lat' dir='ltr'><strong>vineam</strong></span> <span class='ocrx_word' id='word_1_143' title='bbox 1491 2364 1807 2454; x_wconf 79' lang='lat' dir='ltr'><strong>confitetur;</strong></span> 
     </span>
    </p>
   </div>
   <div class='ocr_carea' id='block_1_22' title="bbox 227 2465 1809 2548">
    <p class='ocr_par' dir='ltr' id='par_1_22' title="bbox 227 2465 1809 2548">
     <span class='ocr_line' id='line_1_22' title="bbox 227 2465 1809 2548; baseline -0.009 -13"><span class='ocrx_word' id='word_1_144' title='bbox 227 2468 330 2536; x_wconf 75' lang='lat' dir='ltr'><strong>hoc</strong></span> <span class='ocrx_word' id='word_1_145' title='bbox 366 2485 449 2535; x_wconf 89' lang='lat' dir='ltr'><strong>est</strong></span> <span class='ocrx_word' id='word_1_146' title='bbox 471 2484 632 2548; x_wconf 83' lang='lat' dir='ltr'><strong>caput</strong></span> <span class='ocrx_word' id='word_1_147' title='bbox 661 2482 718 2531; x_wconf 86' lang='lat' dir='ltr'><strong>et</strong></span> <span class='ocrx_word' id='word_1_148' title='bbox 744 2485 957 2544; x_wconf 84' lang='lat' dir='ltr'><strong>corpus,</strong></span> <span class='ocrx_word' id='word_1_149' title='bbox 990 2485 1169 2542; x_wconf 85' lang='lat' dir='ltr'><strong>regem</strong></span> <span class='ocrx_word' id='word_1_150' title='bbox 1199 2477 1251 2524; x_wconf 91' lang='lat' dir='ltr'><strong>et</strong></span> <span class='ocrx_word' id='word_1_151' title='bbox 1280 2465 1508 2538; x_wconf 84' lang='lat' dir='ltr'><strong>plebem,</strong></span> <span class='ocrx_word' id='word_1_152' title='bbox 1543 2476 1809 2536; x_wconf 69' lang='lat' dir='ltr'><strong>pastorem</strong></span> 
     </span>
    </p>
   </div>
   <div class='ocr_carea' id='block_1_23' title="bbox 152 2555 1809 2643">
    <p class='ocr_par' dir='ltr' id='par_1_23' title="bbox 152 2555 1809 2643">
     <span class='ocr_line' id='line_1_23' title="bbox 152 2555 1809 2643; baseline -0.011 -16"><span class='ocrx_word' id='word_1_153' title='bbox 152 2614 167 2634; x_wconf 81' lang='grc'><strong>,.</strong></span> <span class='ocrx_word' id='word_1_154' title='bbox 224 2580 278 2626; x_wconf 89' lang='lat' dir='ltr'><strong>et</strong></span> <span class='ocrx_word' id='word_1_155' title='bbox 303 2558 539 2643; x_wconf 83' lang='lat' dir='ltr'><strong>gregem,</strong></span> <span class='ocrx_word' id='word_1_156' title='bbox 563 2568 618 2623; x_wconf 88' lang='lat' dir='ltr'><strong>el</strong></span> <span class='ocrx_word' id='word_1_157' title='bbox 639 2574 804 2621; x_wconf 89' lang='lat' dir='ltr'><strong>totum</strong></span> <span class='ocrx_word' id='word_1_158' title='bbox 827 2563 1062 2618; x_wconf 86' lang='lat' dir='ltr'><strong>omnium</strong></span> <span class='ocrx_word' id='word_1_159' title='bbox 1084 2559 1476 2630; x_wconf 86' lang='lat' dir='ltr'><strong>Scripturarum</strong></span> <span class='ocrx_word' id='word_1_160' title='bbox 1499 2555 1809 2628; x_wconf 81' lang='lat' dir='ltr'><strong>mysterium</strong></span> 
     </span>
    </p>
   </div>
   <div class='ocr_carea' id='block_1_24' title="bbox 211 2647 1806 2735">
    <p class='ocr_par' dir='ltr' id='par_1_24' title="bbox 211 2647 1806 2735">
     <span class='ocr_line' id='line_1_24' title="bbox 211 2647 1806 2735; baseline -0.011 -17"><span class='ocrx_word' id='word_1_161' title='bbox 211 2654 496 2735; x_wconf 58' lang='lat' dir='ltr'><strong>“Christum</strong></span> <span class='ocrx_word' id='word_1_162' title='bbox 517 2669 570 2714; x_wconf 92' lang='lat' dir='ltr'><strong>et</strong></span> <span class='ocrx_word' id='word_1_163' title='bbox 590 2653 1183 2714; x_wconf 86' lang='lat' dir='ltr'><strong>Ecclesiam.Ccncludit</strong></span> <span class='ocrx_word' id='word_1_164' title='bbox 1200 2661 1375 2707; x_wconf 90' lang='lat' dir='ltr'><strong>autem</strong></span> <span class='ocrx_word' id='word_1_165' title='bbox 1395 2648 1578 2704; x_wconf 87' lang='lat' dir='ltr'><strong>titulus</strong></span> <span class='ocrx_word' id='word_1_166' title='bbox 1592 2647 1806 2714; x_wconf 81' lang='lat' dir='ltr'><strong>Psalmi,</strong></span> 
     </span>
    </p>
   </div>
   <div class='ocr_carea' id='block_1_25' title="bbox 227 2739 1808 2828">
    <p class='ocr_par' dir='ltr' id='par_1_25' title="bbox 227 2739 1808 2828">
     <span class='ocr_line' id='line_1_25' title="bbox 227 2739 1808 2828; baseline -0.011 -16"><span class='ocrx_word' id='word_1_167' title='bbox 227 2739 594 2828; x_wconf 39' lang='lat' dir='ltr'><strong>pro&#39;Assyriis.</strong></span> <span class='ocrx_word' id='word_1_168' title='bbox 639 2748 842 2822; x_wconf 81' lang='lat' dir='ltr'><strong>Assyrii</strong></span> <span class='ocrx_word' id='word_1_169' title='bbox 884 2747 1318 2817; x_wconf 88' lang='lat' dir='ltr'><strong>interpretantur,</strong></span> <span class='ocrx_word' id='word_1_170' title='bbox 1348 2741 1664 2812; x_wconf 87' lang='lat' dir='ltr'><strong>Dirigentes.</strong></span> <span class='ocrx_word' id='word_1_171' title='bbox 1693 2739 1808 2794; x_wconf 88' lang='lat' dir='ltr'><strong>Jam</strong></span> 
     </span>
    </p>
   </div>
   <div class='ocr_carea' id='block_1_26' title="bbox 225 2832 1809 2919">
    <p class='ocr_par' dir='ltr' id='par_1_26' title="bbox 225 2832 1809 2919">
     <span class='ocr_line' id='line_1_26' title="bbox 225 2832 1809 2919; baseline -0.011 -15"><span class='ocrx_word' id='word_1_172' title='bbox 225 2849 355 2919; x_wconf 84' lang='lat' dir='ltr'><strong>ergo</strong></span> <span class='ocrx_word' id='word_1_173' title='bbox 394 2860 501 2901; x_wconf 92' lang='lat' dir='ltr'><strong>non</strong></span> <span class='ocrx_word' id='word_1_174' title='bbox 534 2843 604 2899; x_wconf 87' lang='lat' dir='ltr'><strong>sit</strong></span> <span class='ocrx_word' id='word_1_175' title='bbox 638 2838 913 2914; x_wconf 84' lang='lat' dir='ltr'><strong>generatio</strong></span> <span class='ocrx_word' id='word_1_176' title='bbox 959 2852 1080 2910; x_wconf 69' lang='lat' dir='ltr'><strong>qua:</strong></span> <span class='ocrx_word' id='word_1_177' title='bbox 1126 2851 1220 2892; x_wconf 91' lang='lat' dir='ltr'><strong>cor</strong></span> <span class='ocrx_word' id='word_1_178' title='bbox 1266 2849 1370 2890; x_wconf 91' lang='lat' dir='ltr'><strong>non</strong></span> <span class='ocrx_word' id='word_1_179' title='bbox 1413 2832 1608 2890; x_wconf 79' lang='lat' dir='ltr'><strong>direxit</strong></span> <span class='ocrx_word' id='word_1_180' title='bbox 1655 2846 1809 2888; x_wconf 88' lang='lat' dir='ltr'><strong>suum</strong></span> 
     </span>
    </p>
   </div>
   <div class='ocr_carea' id='block_1_27' title="bbox 226 2923 1837 3017">
    <p class='ocr_par' dir='ltr' id='par_1_27' title="bbox 226 2923 1837 3017">
     <span class='ocr_line' id='line_1_27' title="bbox 226 2923 1837 3017; baseline -0.007 -23"><span class='ocrx_word' id='word_1_181' title='bbox 226 2936 400 3017; x_wconf 74' lang='lat' dir='ltr'><strong>(Psal.</strong></span> <span class='ocrx_word' id='word_1_182' title='bbox 445 2952 642 3002; x_wconf 76' lang='lat' dir='ltr'><strong>Lxxvu,</strong></span> <span class='ocrx_word' id='word_1_183' title='bbox 687 2933 765 3006; x_wconf 87' lang='lat'><strong>8),</strong></span> <span class='ocrx_word' id='word_1_184' title='bbox 810 2931 904 2988; x_wconf 89' lang='lat' dir='ltr'><strong>sed</strong></span> <span class='ocrx_word' id='word_1_185' title='bbox 945 2929 1219 3001; x_wconf 84' lang='lat' dir='ltr'><strong>generatio</strong></span> <span class='ocrx_word' id='word_1_186' title='bbox 1249 2927 1359 3017; x_wconf 72' lang='lat' dir='ltr'><strong>jam</strong></span> <span class='ocrx_word' id='word_1_187' title='bbox 1385 2925 1640 2998; x_wconf 89' lang='lat' dir='ltr'><strong>dirigens.</strong></span> <span class='ocrx_word' id='word_1_188' title='bbox 1671 2923 1837 2998; x_wconf 43' lang='lat' dir='ltr'><strong>Ergo,</strong></span> 
     </span>
    </p>
   </div>
   <div class='ocr_carea' id='block_1_28' title="bbox 123 3019 1381 3099">
    <p class='ocr_par' dir='ltr' id='par_1_28' title="bbox 123 3019 1381 3099">
     <span class='ocr_line' id='line_1_28' title="bbox 123 3019 1381 3099; baseline -0.016 -7"><span class='ocrx_word' id='word_1_189' title='bbox 123 3090 127 3094; x_wconf 76' lang='grc'><strong>,</strong></span> <span class='ocrx_word' id='word_1_190' title='bbox 224 3019 505 3089; x_wconf 80' lang='lat' dir='ltr'><strong>audiamus</strong></span> <span class='ocrx_word' id='word_1_191' title='bbox 527 3027 651 3099; x_wconf 91' lang='lat' dir='ltr'><strong>quid</strong></span> <span class='ocrx_word' id='word_1_192' title='bbox 673 3025 814 3082; x_wconf 90' lang='lat' dir='ltr'><strong>dicat</strong></span> <span class='ocrx_word' id='word_1_193' title='bbox 844 3024 896 3079; x_wconf 89' lang='lat' dir='ltr'><strong>iu</strong></span> <span class='ocrx_word' id='word_1_194' title='bbox 929 3022 1028 3078; x_wconf 88' lang='lat' dir='ltr'><strong>hoc</strong></span> <span class='ocrx_word' id='word_1_195' title='bbox 1055 3020 1381 3077; x_wconf 90' lang='lat' dir='ltr'><strong>testimonio.</strong></span> 
     </span>
    </p>
   </div>
   <div class='ocr_carea' id='block_1_29' title="bbox 295 3109 1808 3196">
    <p class='ocr_par' dir='ltr' id='par_1_29' title="bbox 295 3109 1808 3196">
     <span class='ocr_line' id='line_1_29' title="bbox 295 3109 1808 3196; baseline -0.011 -18"><span class='ocrx_word' id='word_1_196' title='bbox 295 3122 352 3180; x_wconf 97' lang='lat'><strong>2.</strong></span> <span class='ocrx_word' id='word_1_197' title='bbox 383 3120 532 3196; x_wconf 56' lang='lat' dir='ltr'><strong>[verm</strong></span> <span class='ocrx_word' id='word_1_198' title='bbox 560 3115 644 3192; x_wconf 88' lang='lat'><strong>2.]</strong></span> <span class='ocrx_word' id='word_1_199' title='bbox 673 3116 775 3186; x_wconf 84' lang='lat' dir='ltr'><strong>Qui</strong></span> <span class='ocrx_word' id='word_1_200' title='bbox 813 3113 979 3187; x_wconf 80' lang='lat' dir='ltr'><strong>pascis</strong></span> <span class='ocrx_word' id='word_1_201' title='bbox 1016 3110 1202 3180; x_wconf 84' lang='lat' dir='ltr'><strong>Israel,</strong></span> <span class='ocrx_word' id='word_1_202' title='bbox 1250 3109 1468 3165; x_wconf 77' lang='lat' dir='ltr'><strong>intende.</strong></span> <span class='ocrx_word' id='word_1_203' title='bbox 1511 3109 1645 3178; x_wconf 88' lang='lat' dir='ltr'><strong>Quid</strong></span> <span class='ocrx_word' id='word_1_204' title='bbox 1689 3119 1770 3165; x_wconf 88' lang='lat' dir='ltr'><strong>est</strong></span> <span class='ocrx_word' id='word_1_205' title='bbox 1793 3151 1808 3175; x_wconf 93' lang='lat'><strong>,</strong></span> 
     </span>
    </p>
   </div>
   <div class='ocr_carea' id='block_1_30' title="bbox 229 3201 1809 3285">
    <p class='ocr_par' dir='ltr' id='par_1_30' title="bbox 229 3201 1809 3285">
     <span class='ocr_line' id='line_1_30' title="bbox 229 3201 1809 3285; baseline -0.012 -11"><span class='ocrx_word' id='word_1_206' title='bbox 229 3217 332 3283; x_wconf 78' lang='lat' dir='ltr'><strong>Qui</strong></span> <span class='ocrx_word' id='word_1_207' title='bbox 383 3214 548 3285; x_wconf 69' lang='lat' dir='ltr'><strong>pascis</strong></span> <span class='ocrx_word' id='word_1_208' title='bbox 587 3207 786 3284; x_wconf 77' lang='lat' dir='ltr'><strong>Israel,</strong></span> <span class='ocrx_word' id='word_1_209' title='bbox 828 3207 1048 3273; x_wconf 81' lang='lat' dir='ltr'><strong>intende,</strong></span> <span class='ocrx_word' id='word_1_210' title='bbox 1081 3205 1166 3273; x_wconf 86' lang='lat' dir='ltr'><strong>qui</strong></span> <span class='ocrx_word' id='word_1_211' title='bbox 1195 3203 1400 3258; x_wconf 85' lang='lat' dir='ltr'><strong>deducis</strong></span> <span class='ocrx_word' id='word_1_212' title='bbox 1424 3202 1554 3259; x_wconf 81' lang='lat' dir='ltr'><strong>velut</strong></span> <span class='ocrx_word' id='word_1_213' title='bbox 1579 3219 1693 3257; x_wconf 84' lang='lat' dir='ltr'><strong>oves</strong></span> <span class='ocrx_word' id='word_1_214' title='bbox 1710 3201 1809 3256; x_wconf 81' lang='lat' dir='ltr'><strong>Jo-</strong></span> 
     </span>
    </p>
   </div>
   <div class='ocr_carea' id='block_1_31' title="bbox 224 3293 1810 3381">
    <p class='ocr_par' dir='ltr' id='par_1_31' title="bbox 224 3293 1810 3381">
     <span class='ocr_line' id='line_1_31' title="bbox 224 3293 1810 3381; baseline -0.013 -15"><span class='ocrx_word' id='word_1_215' title='bbox 224 3309 381 3381; x_wconf 67' lang='grc' dir='ltr'><strong>ιερΙιῖ</strong></span> <span class='ocrx_word' id='word_1_216' title='bbox 405 3305 684 3363; x_wconf 80' lang='lat' dir='ltr'><strong>lnvocatur</strong></span> <span class='ocrx_word' id='word_1_217' title='bbox 709 3310 767 3358; x_wconf 90' lang='lat' dir='ltr'><strong>ut</strong></span> <span class='ocrx_word' id='word_1_218' title='bbox 789 3300 990 3365; x_wconf 79' lang='lat' dir='ltr'><strong>veniat,</strong></span> <span class='ocrx_word' id='word_1_219' title='bbox 1012 3305 1351 3366; x_wconf 78' lang='lat' dir='ltr'><strong>exspectatur</strong></span> <span class='ocrx_word' id='word_1_220' title='bbox 1375 3303 1433 3349; x_wconf 90' lang='lat' dir='ltr'><strong>ut</strong></span> <span class='ocrx_word' id='word_1_221' title='bbox 1449 3293 1644 3378; x_wconf 78' lang='lat' dir='ltr'><strong>veniat,</strong></span> <span class='ocrx_word' id='word_1_222' title='bbox 1668 3293 1810 3347; x_wconf 75' lang='lat' dir='ltr'><strong>desu-</strong></span> 
     </span>
    </p>
   </div>
   <div class='ocr_carea' id='block_1_32' title="bbox 151 3383 1807 3463">
    <p class='ocr_par' dir='ltr' id='par_1_32' title="bbox 151 3383 1807 3463">
     <span class='ocr_line' id='line_1_32' title="bbox 151 3383 1807 3463; baseline -0.011 -7"><span class='ocrx_word' id='word_1_223' title='bbox 151 3451 155 3456; x_wconf 86' lang='lat'><strong>.</strong></span> <span class='ocrx_word' id='word_1_224' title='bbox 225 3384 444 3458; x_wconf 81' lang='lat' dir='ltr'><strong>deratur</strong></span> <span class='ocrx_word' id='word_1_225' title='bbox 468 3405 525 3453; x_wconf 87' lang='lat' dir='ltr'><strong>ut</strong></span> <span class='ocrx_word' id='word_1_226' title='bbox 550 3394 746 3451; x_wconf 87' lang='lat' dir='ltr'><strong>veniat.</strong></span> <span class='ocrx_word' id='word_1_227' title='bbox 790 3392 932 3463; x_wconf 86' lang='lat' dir='ltr'><strong>Ergo</strong></span> <span class='ocrx_word' id='word_1_228' title='bbox 957 3387 1246 3458; x_wconf 82' lang='lat' dir='ltr'><strong>dirigentes</strong></span> <span class='ocrx_word' id='word_1_229' title='bbox 1270 3384 1502 3441; x_wconf 83' lang='lat' dir='ltr'><strong>inveniat</strong></span> <span class='ocrx_word' id='word_1_230' title='bbox 1534 3401 1548 3438; x_wconf 88' lang='lat'><strong>:</strong></span> <span class='ocrx_word' id='word_1_231' title='bbox 1581 3383 1682 3451; x_wconf 87' lang='lat' dir='ltr'><strong>Qui</strong></span> <span class='ocrx_word' id='word_1_232' title='bbox 1719 3383 1807 3438; x_wconf 80' lang='lat' dir='ltr'><strong>de-</strong></span> 
     </span>
    </p>
   </div>
   <div class='ocr_carea' id='block_1_33' title="bbox 225 3472 1837 3565">
    <p class='ocr_par' dir='ltr' id='par_1_33' title="bbox 225 3472 1837 3565">
     <span class='ocr_line' id='line_1_33' title="bbox 225 3472 1837 3565; baseline -0.013 -13"><span class='ocrx_word' id='word_1_233' title='bbox 225 3494 394 3565; x_wconf 72' lang='lat' dir='ltr'><strong>ducis,</strong></span> <span class='ocrx_word' id='word_1_234' title='bbox 418 3480 606 3562; x_wconf 86' lang='lat' dir='ltr'><strong>inquit,</strong></span> <span class='ocrx_word' id='word_1_235' title='bbox 640 3487 770 3545; x_wconf 79' lang='lat' dir='ltr'><strong>velut</strong></span> <span class='ocrx_word' id='word_1_236' title='bbox 796 3492 924 3543; x_wconf 82' lang='lat' dir='ltr'><strong>joves</strong></span> <span class='ocrx_word' id='word_1_237' title='bbox 961 3481 1159 3553; x_wconf 72' lang='lat' dir='ltr'><strong>Ioseph</strong></span> <span class='ocrx_word' id='word_1_238' title='bbox 1185 3496 1205 3535; x_wconf 92' lang='lat'><strong><em>:</em></strong></span> <span class='ocrx_word' id='word_1_239' title='bbox 1234 3479 1405 3552; x_wconf 89' lang='lat' dir='ltr'><strong>ipsum</strong></span> <span class='ocrx_word' id='word_1_240' title='bbox 1445 3472 1643 3549; x_wconf 80' lang='lat' dir='ltr'><strong>Juseph</strong></span> <span class='ocrx_word' id='word_1_241' title='bbox 1671 3477 1837 3548; x_wconf 23' lang='lat' dir='ltr'><strong>velut.</strong></span> 
     </span>
    </p>
   </div>
   <div class='ocr_carea' id='block_1_34' title="bbox 225 3575 1808 3660">
    <p class='ocr_par' dir='ltr' id='par_1_34' title="bbox 225 3575 1808 3660">
     <span class='ocr_line' id='line_1_34' title="bbox 225 3575 1808 3660; baseline -0.013 -12"><span class='ocrx_word' id='word_1_242' title='bbox 225 3605 377 3648; x_wconf 84' lang='lat' dir='ltr'><strong>oves.</strong></span> <span class='ocrx_word' id='word_1_243' title='bbox 409 3583 526 3660; x_wconf 84' lang='lat' dir='ltr'><strong>ipse</strong></span> <span class='ocrx_word' id='word_1_244' title='bbox 552 3585 757 3657; x_wconf 5' lang='lat' dir='ltr'><strong>.Igoscph,</strong></span> <span class='ocrx_word' id='word_1_245' title='bbox 777 3595 909 3638; x_wconf 86' lang='lat' dir='ltr'><strong>oves</strong></span> <span class='ocrx_word' id='word_1_246' title='bbox 929 3587 1073 3644; x_wconf 88' lang='lat' dir='ltr'><strong>sunt,</strong></span> <span class='ocrx_word' id='word_1_247' title='bbox 1097 3587 1152 3633; x_wconf 91' lang='lat' dir='ltr'><strong>et</strong></span> <span class='ocrx_word' id='word_1_248' title='bbox 1180 3577 1294 3647; x_wconf 91' lang='lat' dir='ltr'><strong>ipse</strong></span> <span class='ocrx_word' id='word_1_249' title='bbox 1321 3575 1515 3647; x_wconf 87' lang='lat' dir='ltr'><strong>Joseph</strong></span> <span class='ocrx_word' id='word_1_250' title='bbox 1550 3575 1668 3631; x_wconf 89' lang='lat' dir='ltr'><strong>ovis</strong></span> <span class='ocrx_word' id='word_1_251' title='bbox 1705 3582 1808 3659; x_wconf 85' lang='lat' dir='ltr'><strong>est.</strong></span> 
     </span>
    </p>
   </div>
   <div class='ocr_carea' id='block_1_35' title="bbox 227 3667 1816 3749">
    <p class='ocr_par' dir='ltr' id='par_1_35' title="bbox 227 3667 1816 3749">
     <span class='ocr_line' id='line_1_35' title="bbox 227 3667 1816 3749; baseline -0.014 -6"><span class='ocrx_word' id='word_1_252' title='bbox 227 3669 426 3742; x_wconf 78' lang='lat' dir='ltr'><strong>Audito</strong></span> <span class='ocrx_word' id='word_1_253' title='bbox 449 3677 670 3749; x_wconf 85' lang='lat' dir='ltr'><strong>Joseph,</strong></span> <span class='ocrx_word' id='word_1_254' title='bbox 698 3689 1000 3747; x_wconf 86' lang='lat' dir='ltr'><strong>quanquam</strong></span> <span class='ocrx_word' id='word_1_255' title='bbox 1027 3681 1084 3728; x_wconf 90' lang='lat' dir='ltr'><strong>et</strong></span> <span class='ocrx_word' id='word_1_256' title='bbox 1109 3669 1476 3740; x_wconf 85' lang='lat' dir='ltr'><strong>interpretatio</strong></span> <span class='ocrx_word' id='word_1_257' title='bbox 1499 3668 1616 3743; x_wconf 87' lang='lat' dir='ltr'><strong>ejus</strong></span> <span class='ocrx_word' id='word_1_258' title='bbox 1637 3667 1816 3740; x_wconf 42' lang='lat' dir='ltr'><strong>nomi:</strong></span> 
     </span>
    </p>
   </div>
   <div class='ocr_carea' id='block_1_36' title="bbox 167 3753 1812 3840">
    <p class='ocr_par' dir='ltr' id='par_1_36' title="bbox 167 3753 1812 3840">
     <span class='ocr_line' id='line_1_36' title="bbox 167 3753 1812 3840; baseline -0.012 -6"><span class='ocrx_word' id='word_1_259' title='bbox 167 3753 171 3757; x_wconf 16' lang='grc' dir='ltr'><strong>ε</strong></span> <span class='ocrx_word' id='word_1_260' title='bbox 228 3778 313 3833; x_wconf 90' lang='lat' dir='ltr'><strong>uis</strong></span> <span class='ocrx_word' id='word_1_261' title='bbox 342 3756 564 3832; x_wconf 85' lang='lat' dir='ltr'><strong>multum</strong></span> <span class='ocrx_word' id='word_1_262' title='bbox 605 3772 790 3840; x_wconf 84' lang='lat' dir='ltr'><strong>juvet;</strong></span> <span class='ocrx_word' id='word_1_263' title='bbox 836 3767 1098 3837; x_wconf 76' lang='lat' dir='ltr'><strong>signiﬁcat</strong></span> <span class='ocrx_word' id='word_1_264' title='bbox 1139 3764 1289 3834; x_wconf 24' lang='lat' dir='ltr'><strong>enim,</strong></span> <span class='ocrx_word' id='word_1_265' title='bbox 1329 3763 1709 3836; x_wconf 80' lang='lat' dir='ltr'><strong>Augmenttun.</strong></span> <span class='ocrx_word' id='word_1_266' title='bbox 1757 3769 1812 3816; x_wconf 88' lang='lat' dir='ltr'><strong>et</strong></span> 
     </span>
    </p>
   </div>
   <div class='ocr_carea' id='block_1_37' title="bbox 226 3849 1812 3944">
    <p class='ocr_par' dir='ltr' id='par_1_37' title="bbox 226 3849 1812 3944">
     <span class='ocr_line' id='line_1_37' title="bbox 226 3849 1812 3944; baseline -0.014 -16"><span class='ocrx_word' id='word_1_267' title='bbox 226 3870 352 3928; x_wconf 78' lang='lat' dir='ltr'><strong>ideo</strong></span> <span class='ocrx_word' id='word_1_268' title='bbox 376 3849 562 3944; x_wconf 79' lang='lat' dir='ltr'><strong>utique</strong></span> <span class='ocrx_word' id='word_1_269' title='bbox 589 3862 874 3944; x_wconf 78' lang='lat' dir='ltr'><strong>vcnitille,</strong></span> <span class='ocrx_word' id='word_1_270' title='bbox 894 3869 956 3942; x_wconf 78' lang='lat' dir='ltr'><strong>ut</strong></span> <span class='ocrx_word' id='word_1_271' title='bbox 980 3857 1359 3940; x_wconf 81' lang='lat' dir='ltr'><strong>mortilicatum</strong></span> <span class='ocrx_word' id='word_1_272' title='bbox 1380 3849 1608 3928; x_wconf 87' lang='lat' dir='ltr'><strong>granum</strong></span> <span class='ocrx_word' id='word_1_273' title='bbox 1629 3854 1812 3910; x_wconf 85' lang='lat' dir='ltr'><strong>multi-</strong></span> 
     </span>
    </p>
   </div>
   <div class='ocr_carea' id='block_1_38' title="bbox 227 3938 1813 4038">
    <p class='ocr_par' dir='ltr' id='par_1_38' title="bbox 227 3938 1813 4038">
     <span class='ocr_line' id='line_1_38' title="bbox 227 3938 1813 4038; baseline -0.011 -19"><span class='ocrx_word' id='word_1_274' title='bbox 227 3963 440 4038; x_wconf 79' lang='lat' dir='ltr'><strong>pliciter</strong></span> <span class='ocrx_word' id='word_1_275' title='bbox 465 3938 722 4030; x_wconf 23' lang='lat' dir='ltr'><strong>“surgeret</strong></span> <span class='ocrx_word' id='word_1_276' title='bbox 744 3938 940 4030; x_wconf 23' lang='lat' dir='ltr'><strong>.(Joan.</strong></span> <span class='ocrx_word' id='word_1_277' title='bbox 973 3969 1069 4020; x_wconf 87' lang='lat' dir='ltr'><strong>xu,</strong></span> <span class='ocrx_word' id='word_1_278' title='bbox 1097 3938 1214 4022; x_wconf 81' lang='lat'><strong>25),</strong></span> <span class='ocrx_word' id='word_1_279' title='bbox 1242 3950 1346 4006; x_wconf 86' lang='lat' dir='ltr'><strong>hoc</strong></span> <span class='ocrx_word' id='word_1_280' title='bbox 1384 3958 1468 4007; x_wconf 89' lang='lat' dir='ltr'><strong>est</strong></span> <span class='ocrx_word' id='word_1_281' title='bbox 1486 3991 1502 4017; x_wconf 92' lang='lat'><strong>,</strong></span> <span class='ocrx_word' id='word_1_282' title='bbox 1531 3959 1813 4021; x_wconf 84' lang='lat' dir='ltr'><strong>augeretur</strong></span> 
     </span>
    </p>
   </div>
   <div class='ocr_carea' id='block_1_39' title="bbox 229 4034 1813 4136">
    <p class='ocr_par' dir='ltr' id='par_1_39' title="bbox 229 4034 1813 4136">
     <span class='ocr_line' id='line_1_39' title="bbox 229 4034 1813 4136; baseline -0.01 -26"><span class='ocrx_word' id='word_1_283' title='bbox 229 4034 456 4136; x_wconf 68' lang='lat' dir='ltr'><strong>populus</strong></span> <span class='ocrx_word' id='word_1_284' title='bbox 491 4052 582 4108; x_wconf 90' lang='lat' dir='ltr'><strong>Dei</strong></span> <span class='ocrx_word' id='word_1_285' title='bbox 610 4068 624 4104; x_wconf 91' lang='lat'><strong>:</strong></span> <span class='ocrx_word' id='word_1_286' title='bbox 654 4059 830 4131; x_wconf 85' lang='lat' dir='ltr'><strong>tamen</strong></span> <span class='ocrx_word' id='word_1_287' title='bbox 857 4038 924 4102; x_wconf 78' lang='lat' dir='ltr'><strong>ex</strong></span> <span class='ocrx_word' id='word_1_288' title='bbox 949 4059 1014 4100; x_wconf 92' lang='lat' dir='ltr'><strong>eo</strong></span> <span class='ocrx_word' id='word_1_289' title='bbox 1039 4042 1180 4121; x_wconf 86' lang='lat' dir='ltr'><strong>quod</strong></span> <span class='ocrx_word' id='word_1_290' title='bbox 1199 4042 1311 4111; x_wconf 87' lang='lat' dir='ltr'><strong>jam</strong></span> <span class='ocrx_word' id='word_1_291' title='bbox 1337 4041 1505 4098; x_wconf 87' lang='lat' dir='ltr'><strong>nostis</strong></span> <span class='ocrx_word' id='word_1_292' title='bbox 1527 4040 1813 4111; x_wconf 78' lang='lat' dir='ltr'><strong>contigisse</strong></span> 
     </span>
    </p>
   </div>
   <div class='ocr_carea' id='block_1_40' title="bbox 225 4134 1814 4221">
    <p class='ocr_par' dir='ltr' id='par_1_40' title="bbox 225 4134 1814 4221">
     <span class='ocr_line' id='line_1_40' title="bbox 225 4134 1814 4221; baseline -0.011 -16"><span class='ocrx_word' id='word_1_293' title='bbox 225 4134 452 4219; x_wconf 67' lang='lat' dir='ltr'><strong>Ioseph,</strong></span> <span class='ocrx_word' id='word_1_294' title='bbox 483 4142 740 4221; x_wconf 82' lang='lat' dir='ltr'><strong>veniatin</strong></span> <span class='ocrx_word' id='word_1_295' title='bbox 767 4146 1002 4198; x_wconf 88' lang='lat' dir='ltr'><strong>mentem</strong></span> <span class='ocrx_word' id='word_1_296' title='bbox 1021 4151 1052 4203; x_wconf 82' lang='lat' dir='ltr'><strong>a</strong></span> <span class='ocrx_word' id='word_1_297' title='bbox 1079 4136 1333 4218; x_wconf 80' lang='lat' dir='ltr'><strong>fratribus</strong></span> <span class='ocrx_word' id='word_1_298' title='bbox 1351 4134 1618 4213; x_wconf 83' lang='lat' dir='ltr'><strong>venditus,</strong></span> <span class='ocrx_word' id='word_1_299' title='bbox 1634 4134 1814 4190; x_wconf 81' lang='lat' dir='ltr'><strong>veniat</strong></span> 
     </span>
    </p>
   </div>
   <div class='ocr_carea' id='block_1_41' title="bbox 145 4225 1810 4311">
    <p class='ocr_par' dir='ltr' id='par_1_41' title="bbox 145 4225 1810 4311">
     <span class='ocr_line' id='line_1_41' title="bbox 145 4225 1810 4311; baseline -0.01 -14"><span class='ocrx_word' id='word_1_300' title='bbox 145 4258 148 4260; x_wconf 66' lang='lat'><em>‘</em></span> <span class='ocrx_word' id='word_1_301' title='bbox 227 4259 259 4296; x_wconf 87' lang='lat' dir='ltr'><strong>a</strong></span> <span class='ocrx_word' id='word_1_302' title='bbox 285 4241 397 4296; x_wconf 89' lang='lat' dir='ltr'><strong>suis</strong></span> <span class='ocrx_word' id='word_1_303' title='bbox 430 4236 823 4298; x_wconf 73' lang='lat' dir='ltr'><strong>exhonoratus;</strong></span> <span class='ocrx_word' id='word_1_304' title='bbox 851 4229 990 4301; x_wconf 85' lang='lat' dir='ltr'><strong>apud</strong></span> <span class='ocrx_word' id='word_1_305' title='bbox 1009 4228 1344 4311; x_wconf 76' lang='lat' dir='ltr'><strong>alienigenas</strong></span> <span class='ocrx_word' id='word_1_306' title='bbox 1367 4228 1632 4298; x_wconf 76' lang='lat' dir='ltr'><strong>exaltatus</strong></span> <span class='ocrx_word' id='word_1_307' title='bbox 1660 4225 1810 4303; x_wconf 83' lang='lat' dir='ltr'><strong>(Gen.</strong></span> 
     </span>
    </p>
   </div>
   <div class='ocr_carea' id='block_1_42' title="bbox 228 4317 1814 4396">
    <p class='ocr_par' dir='ltr' id='par_1_42' title="bbox 228 4317 1814 4396">
     <span class='ocr_line' id='line_1_42' title="bbox 228 4317 1814 4396; baseline -0.011 -6"><span class='ocrx_word' id='word_1_308' title='bbox 228 4317 430 4392; x_wconf 79' lang='lat' dir='ltr'><strong>xxxvu,</strong></span> <span class='ocrx_word' id='word_1_309' title='bbox 468 4327 563 4395; x_wconf 93' lang='lat'><strong>28,</strong></span> <span class='ocrx_word' id='word_1_310' title='bbox 599 4336 648 4381; x_wconf 82' lang='lat' dir='ltr'><strong>et</strong></span> <span class='ocrx_word' id='word_1_311' title='bbox 691 4341 800 4390; x_wconf 75' lang='lat' dir='ltr'><strong>xta,</strong></span> <span class='ocrx_word' id='word_1_312' title='bbox 827 4320 1026 4394; x_wconf 66' lang='lat' dir='ltr'><strong>40),,et</strong></span> <span class='ocrx_word' id='word_1_313' title='bbox 1056 4318 1368 4396; x_wconf 77' lang='lat' dir='ltr'><strong>intelligetis</strong></span> <span class='ocrx_word' id='word_1_314' title='bbox 1397 4319 1452 4373; x_wconf 91' lang='lat' dir='ltr'><strong>in</strong></span> <span class='ocrx_word' id='word_1_315' title='bbox 1480 4317 1630 4388; x_wconf 84' lang='lat' dir='ltr'><strong>cujus</strong></span> <span class='ocrx_word' id='word_1_316' title='bbox 1653 4331 1814 4388; x_wconf 84' lang='lat' dir='ltr'><strong>grege</strong></span> 
     </span>
    </p>
   </div>
   <div class='ocr_carea' id='block_1_43' title="bbox 230 4398 1816 4492">
    <p class='ocr_par' dir='ltr' id='par_1_43' title="bbox 230 4398 1816 4492">
     <span class='ocr_line' id='line_1_43' title="bbox 230 4398 1816 4492; baseline -0.009 -12"><span class='ocrx_word' id='word_1_317' title='bbox 230 4438 354 4480; x_wconf 85' lang='lat' dir='ltr'><strong>esse</strong></span> <span class='ocrx_word' id='word_1_318' title='bbox 379 4405 691 4484; x_wconf 78' lang='lat' dir='ltr'><strong>debeamus,</strong></span> <span class='ocrx_word' id='word_1_319' title='bbox 722 4415 882 4492; x_wconf 77' lang='lat' dir='ltr'><strong>simul</strong></span> <span class='ocrx_word' id='word_1_320' title='bbox 903 4429 1024 4469; x_wconf 91' lang='lat' dir='ltr'><strong>cum</strong></span> <span class='ocrx_word' id='word_1_321' title='bbox 1051 4412 1156 4468; x_wconf 89' lang='lat' dir='ltr'><strong>illis</strong></span> <span class='ocrx_word' id='word_1_322' title='bbox 1183 4411 1271 4482; x_wconf 87' lang='lat' dir='ltr'><strong>qui</strong></span> <span class='ocrx_word' id='word_1_323' title='bbox 1311 4403 1420 4481; x_wconf 91' lang='lat' dir='ltr'><strong>]am</strong></span> <span class='ocrx_word' id='word_1_324' title='bbox 1461 4398 1692 4481; x_wconf 79' lang='lat' dir='ltr'><strong>dirigunt</strong></span> <span class='ocrx_word' id='word_1_325' title='bbox 1721 4400 1816 4465; x_wconf 88' lang='lat' dir='ltr'><strong>eor</strong></span> 
     </span>
    </p>
   </div>
   <div class='ocr_carea' id='block_1_44' title="bbox 228 4498 1816 4582">
    <p class='ocr_par' dir='ltr' id='par_1_44' title="bbox 228 4498 1816 4582">
     <span class='ocr_line' id='line_1_44' title="bbox 228 4498 1816 4582; baseline -0.011 -10"><span class='ocrx_word' id='word_1_326' title='bbox 228 4502 411 4581; x_wconf 73' lang='lat' dir='ltr'><strong>suum,</strong></span> <span class='ocrx_word' id='word_1_327' title='bbox 433 4522 490 4568; x_wconf 89' lang='lat' dir='ltr'><strong>ut</strong></span> <span class='ocrx_word' id='word_1_328' title='bbox 514 4510 650 4582; x_wconf 86' lang='lat' dir='ltr'><strong>lapis</strong></span> <span class='ocrx_word' id='word_1_329' title='bbox 676 4507 995 4579; x_wconf 89' lang='lat' dir='ltr'><strong>reprobatus</strong></span> <span class='ocrx_word' id='word_1_330' title='bbox 1031 4503 1099 4560; x_wconf 89' lang='lat' dir='ltr'><strong>ab</strong></span> <span class='ocrx_word' id='word_1_331' title='bbox 1123 4498 1505 4559; x_wconf 76' lang='lat' dir='ltr'><strong>:edilicantibus</strong></span> <span class='ocrx_word' id='word_1_332' title='bbox 1534 4502 1624 4556; x_wconf 79' lang='lat' dir='ltr'><strong>fiat</strong></span> <span class='ocrx_word' id='word_1_333' title='bbox 1647 4501 1699 4556; x_wconf 93' lang='lat' dir='ltr'><strong>in</strong></span> <span class='ocrx_word' id='word_1_334' title='bbox 1725 4515 1816 4556; x_wconf 90' lang='lat' dir='ltr'><strong>ca-</strong></span> 
     </span>
    </p>
   </div>
   <div class='ocr_carea' id='block_1_45' title="bbox 229 4587 1814 4681">
    <p class='ocr_par' dir='ltr' id='par_1_45' title="bbox 229 4587 1814 4681">
     <span class='ocr_line' id='line_1_45' title="bbox 229 4587 1814 4681; baseline -0.008 -22"><span class='ocrx_word' id='word_1_335' title='bbox 229 4617 327 4681; x_wconf 78' lang='lat' dir='ltr'><strong>put</strong></span> <span class='ocrx_word' id='word_1_336' title='bbox 352 4606 528 4678; x_wconf 87' lang='lat' dir='ltr'><strong>anguli</strong></span> <span class='ocrx_word' id='word_1_337' title='bbox 556 4601 768 4675; x_wconf 72' lang='lat' dir='ltr'><strong>(Matth.</strong></span> <span class='ocrx_word' id='word_1_338' title='bbox 786 4616 897 4665; x_wconf 69' lang='grc' dir='ltr'><strong>ιιι,</strong></span> <span class='ocrx_word' id='word_1_339' title='bbox 925 4599 1016 4665; x_wconf 66' lang='lat'><strong>42,</strong></span> <span class='ocrx_word' id='word_1_340' title='bbox 1039 4606 1085 4652; x_wconf 81' lang='lat' dir='ltr'><strong>et</strong></span> <span class='ocrx_word' id='word_1_341' title='bbox 1114 4587 1255 4650; x_wconf 77' lang='lat' dir='ltr'><strong>Psal.</strong></span> <span class='ocrx_word' id='word_1_342' title='bbox 1287 4609 1449 4656; x_wconf 87' lang='lat' dir='ltr'><strong>cxvu,</strong></span> <span class='ocrx_word' id='word_1_343' title='bbox 1483 4591 1600 4664; x_wconf 73' lang='lat'><strong>2‘2).</strong></span> <span class='ocrx_word' id='word_1_344' title='bbox 1627 4601 1814 4650; x_wconf 83' lang='lat' dir='ltr'><strong>tenens</strong></span> 
     </span>
    </p>
   </div>
   <div class='ocr_carea' id='block_1_46' title="bbox 232 4685 1816 4769">
    <p class='ocr_par' dir='ltr' id='par_1_46' title="bbox 232 4685 1816 4769">
     <span class='ocr_line' id='line_1_46' title="bbox 232 4685 1816 4769; baseline -0.013 -13"><span class='ocrx_word' id='word_1_345' title='bbox 232 4702 373 4756; x_wconf 89' lang='lat' dir='ltr'><strong>duos</strong></span> <span class='ocrx_word' id='word_1_346' title='bbox 411 4696 642 4769; x_wconf 86' lang='lat' dir='ltr'><strong>parietes</strong></span> <span class='ocrx_word' id='word_1_347' title='bbox 685 4692 753 4749; x_wconf 90' lang='lat' dir='ltr'><strong>de</strong></span> <span class='ocrx_word' id='word_1_348' title='bbox 786 4693 1000 4747; x_wconf 89' lang='lat' dir='ltr'><strong>diverso</strong></span> <span class='ocrx_word' id='word_1_349' title='bbox 1039 4689 1346 4756; x_wconf 84' lang='lat' dir='ltr'><strong>venientes,</strong></span> <span class='ocrx_word' id='word_1_350' title='bbox 1397 4685 1490 4740; x_wconf 89' lang='lat' dir='ltr'><strong>sed</strong></span> <span class='ocrx_word' id='word_1_351' title='bbox 1538 4685 1591 4739; x_wconf 90' lang='lat' dir='ltr'><strong>in</strong></span> <span class='ocrx_word' id='word_1_352' title='bbox 1619 4685 1816 4756; x_wconf 81' lang='lat' dir='ltr'><strong>angulo</strong></span> 
     </span>
    </p>
   </div>
   <div class='ocr_carea' id='block_1_47' title="bbox 227 4775 1812 4852">
    <p class='ocr_par' dir='ltr' id='par_1_47' title="bbox 227 4775 1812 4852">
     <span class='ocr_line' id='line_1_47' title="bbox 227 4775 1812 4852; baseline -0.01 -3"><span class='ocrx_word' id='word_1_353' title='bbox 227 4775 637 4848; x_wconf 82' lang='lat' dir='ltr'><strong>concordantes.</strong></span> <span class='ocrx_word' id='word_1_354' title='bbox 681 4785 783 4852; x_wconf 82' lang='lat' dir='ltr'><strong>Qui</strong></span> <span class='ocrx_word' id='word_1_355' title='bbox 819 4784 961 4839; x_wconf 86' lang='lat' dir='ltr'><strong>sedes</strong></span> <span class='ocrx_word' id='word_1_356' title='bbox 1007 4798 1159 4850; x_wconf 77' lang='lat' dir='ltr'><strong>super</strong></span> <span class='ocrx_word' id='word_1_357' title='bbox 1201 4778 1485 4834; x_wconf 68' lang='lat' dir='ltr'><strong>Cherubim.</strong></span> <span class='ocrx_word' id='word_1_358' title='bbox 1523 4777 1812 4834; x_wconf 88' lang='lat' dir='ltr'><strong>Cherubim</strong></span> 
     </span>
    </p>
   </div>
   <div class='ocr_carea' id='block_1_48' title="bbox 183 4859 1816 4953">
    <p class='ocr_par' dir='ltr' id='par_1_48' title="bbox 183 4859 1816 4953">
     <span class='ocr_line' id='line_1_48' title="bbox 183 4859 1816 4953; baseline -0.011 -11"><span class='ocrx_word' id='word_1_359' title='bbox 183 4871 203 4890; x_wconf 49' lang='grc'><strong>⁴’</strong></span> <span class='ocrx_word' id='word_1_360' title='bbox 230 4883 391 4942; x_wconf 73' lang='lat' dir='ltr'><strong>Sedes</strong></span> <span class='ocrx_word' id='word_1_361' title='bbox 416 4869 498 4938; x_wconf 70' lang='grc' dir='ltr'><strong>εει</strong></span> <span class='ocrx_word' id='word_1_362' title='bbox 523 4879 705 4953; x_wconf 78' lang='lat' dir='ltr'><strong>gloria:</strong></span> <span class='ocrx_word' id='word_1_363' title='bbox 730 4864 842 4938; x_wconf 88' lang='lat' dir='ltr'><strong>Dei,</strong></span> <span class='ocrx_word' id='word_1_364' title='bbox 865 4883 920 4929; x_wconf 83' lang='lat' dir='ltr'><strong>et</strong></span> <span class='ocrx_word' id='word_1_365' title='bbox 950 4859 1328 4943; x_wconf 82' lang='lat' dir='ltr'><strong>interpretatur</strong></span> <span class='ocrx_word' id='word_1_366' title='bbox 1351 4868 1816 4926; x_wconf 83' lang='lat' dir='ltr'><strong>Plcnitudoseien-</strong></span> 
     </span>
    </p>
   </div>
   <div class='ocr_carea' id='block_1_49' title="bbox 232 4953 1817 5045">
    <p class='ocr_par' dir='ltr' id='par_1_49' title="bbox 232 4953 1817 5045">
     <span class='ocr_line' id='line_1_49' title="bbox 232 4953 1817 5045; baseline -0.011 -11"><span class='ocrx_word' id='word_1_367' title='bbox 232 4981 341 5035; x_wconf 73' lang='lat' dir='ltr'><strong>the.</strong></span> <span class='ocrx_word' id='word_1_368' title='bbox 374 4977 448 5033; x_wconf 88' lang='lat' dir='ltr'><strong>lbi</strong></span> <span class='ocrx_word' id='word_1_369' title='bbox 475 4973 627 5031; x_wconf 85' lang='lat' dir='ltr'><strong>sedet</strong></span> <span class='ocrx_word' id='word_1_370' title='bbox 654 4953 794 5027; x_wconf 86' lang='lat' dir='ltr'><strong>Deus</strong></span> <span class='ocrx_word' id='word_1_371' title='bbox 825 4970 874 5025; x_wconf 93' lang='lat' dir='ltr'><strong>in</strong></span> <span class='ocrx_word' id='word_1_372' title='bbox 903 4966 1227 5045; x_wconf 85' lang='lat' dir='ltr'><strong>plenitudine</strong></span> <span class='ocrx_word' id='word_1_373' title='bbox 1251 4963 1508 5020; x_wconf 67' lang='lat' dir='ltr'><strong>scientiae.</strong></span> <span class='ocrx_word' id='word_1_374' title='bbox 1551 4962 1699 5019; x_wconf 88' lang='lat' dir='ltr'><strong>Licet</strong></span> <span class='ocrx_word' id='word_1_375' title='bbox 1737 4963 1817 5036; x_wconf 87' lang='lat' dir='ltr'><strong>in-</strong></span> 
     </span>
    </p>
   </div>
   <div class='ocr_carea' id='block_1_50' title="bbox 233 5055 1818 5141">
    <p class='ocr_par' dir='ltr' id='par_1_50' title="bbox 233 5055 1818 5141">
     <span class='ocr_line' id='line_1_50' title="bbox 233 5055 1818 5141; baseline -0.012 -14"><span class='ocrx_word' id='word_1_376' title='bbox 233 5070 534 5141; x_wconf 79' lang='lat' dir='ltr'><strong>telligamus</strong></span> <span class='ocrx_word' id='word_1_377' title='bbox 553 5061 840 5120; x_wconf 79' lang='lat' dir='ltr'><strong>Cherubim</strong></span> <span class='ocrx_word' id='word_1_378' title='bbox 875 5058 1134 5114; x_wconf 84' lang='lat' dir='ltr'><strong>sublimes</strong></span> <span class='ocrx_word' id='word_1_379' title='bbox 1159 5071 1280 5113; x_wconf 86' lang='lat' dir='ltr'><strong>esse</strong></span> <span class='ocrx_word' id='word_1_380' title='bbox 1298 5055 1554 5114; x_wconf 59' lang='lat' dir='ltr'><strong>caelorum</strong></span> <span class='ocrx_word' id='word_1_381' title='bbox 1583 5063 1818 5126; x_wconf 78' lang='lat' dir='ltr'><strong>potesta-</strong></span> 
     </span>
    </p>
   </div>
   <div class='ocr_carea' id='block_1_51' title="bbox 234 5143 1814 5230">
    <p class='ocr_par' dir='ltr' id='par_1_51' title="bbox 234 5143 1814 5230">
     <span class='ocr_line' id='line_1_51' title="bbox 234 5143 1814 5230; baseline -0.011 -14"><span class='ocrx_word' id='word_1_382' title='bbox 234 5172 315 5219; x_wconf 86' lang='lat' dir='ltr'><strong>tes</strong></span> <span class='ocrx_word' id='word_1_383' title='bbox 343 5169 502 5230; x_wconf 88' lang='lat' dir='ltr'><strong>atque</strong></span> <span class='ocrx_word' id='word_1_384' title='bbox 540 5156 795 5211; x_wconf 85' lang='lat' dir='ltr'><strong>virtutes:</strong></span> <span class='ocrx_word' id='word_1_385' title='bbox 833 5161 1008 5205; x_wconf 89' lang='lat' dir='ltr'><strong>tamen</strong></span> <span class='ocrx_word' id='word_1_386' title='bbox 1049 5148 1095 5204; x_wconf 88' lang='lat' dir='ltr'><strong>si</strong></span> <span class='ocrx_word' id='word_1_387' title='bbox 1136 5148 1235 5210; x_wconf 88' lang='lat' dir='ltr'><strong>vis,</strong></span> <span class='ocrx_word' id='word_1_388' title='bbox 1271 5147 1380 5202; x_wconf 91' lang='lat' dir='ltr'><strong>eris</strong></span> <span class='ocrx_word' id='word_1_389' title='bbox 1410 5144 1716 5202; x_wconf 81' lang='lat' dir='ltr'><strong>Cherubim.</strong></span> <span class='ocrx_word' id='word_1_390' title='bbox 1759 5143 1814 5200; x_wconf 87' lang='lat' dir='ltr'><strong>Si</strong></span> 
     </span>
    </p>
   </div>
   <div class='ocr_carea' id='block_1_52' title="bbox 232 5236 1816 5322">
    <p class='ocr_par' dir='ltr' id='par_1_52' title="bbox 232 5236 1816 5322">
     <span class='ocr_line' id='line_1_52' title="bbox 232 5236 1816 5322; baseline -0.014 -10"><span class='ocrx_word' id='word_1_391' title='bbox 232 5253 376 5312; x_wconf 85' lang='lat' dir='ltr'><strong>enim</strong></span> <span class='ocrx_word' id='word_1_392' title='bbox 406 5248 694 5322; x_wconf 84' lang='lat' dir='ltr'><strong>Cherubim</strong></span> <span class='ocrx_word' id='word_1_393' title='bbox 724 5245 879 5300; x_wconf 86' lang='lat' dir='ltr'><strong>sedes</strong></span> <span class='ocrx_word' id='word_1_394' title='bbox 907 5251 988 5297; x_wconf 90' lang='lat' dir='ltr'><strong>est</strong></span> <span class='ocrx_word' id='word_1_395' title='bbox 1017 5240 1142 5304; x_wconf 88' lang='lat' dir='ltr'><strong>Dei,</strong></span> <span class='ocrx_word' id='word_1_396' title='bbox 1173 5239 1294 5293; x_wconf 89' lang='lat' dir='ltr'><strong>audi</strong></span> <span class='ocrx_word' id='word_1_397' title='bbox 1337 5237 1462 5308; x_wconf 91' lang='lat' dir='ltr'><strong>quid</strong></span> <span class='ocrx_word' id='word_1_398' title='bbox 1503 5236 1645 5292; x_wconf 88' lang='lat' dir='ltr'><strong>dicat</strong></span> <span class='ocrx_word' id='word_1_399' title='bbox 1671 5236 1816 5310; x_wconf 83' lang='lat' dir='ltr'><strong>Scri-</strong></span> 
     </span>
    </p>
   </div>
   <div class='ocr_carea' id='block_1_53' title="bbox 236 5323 1814 5420">
    <p class='ocr_par' dir='ltr' id='par_1_53' title="bbox 236 5323 1814 5420">
     <span class='ocr_line' id='line_1_53' title="bbox 236 5323 1814 5420; baseline -0.012 -17"><span class='ocrx_word' id='word_1_400' title='bbox 236 5359 389 5420; x_wconf 87' lang='lat' dir='ltr'><strong>ptura</strong></span> <span class='ocrx_word' id='word_1_401' title='bbox 421 5362 436 5400; x_wconf 91' lang='lat'><strong>:</strong></span> <span class='ocrx_word' id='word_1_402' title='bbox 469 5323 816 5404; x_wconf 13' lang='lat' dir='ltr'><strong>Animaliusti</strong></span> <span class='ocrx_word' id='word_1_403' title='bbox 863 5335 1006 5392; x_wconf 84' lang='lat' dir='ltr'><strong>sedes</strong></span> <span class='ocrx_word' id='word_1_404' title='bbox 1049 5343 1123 5389; x_wconf 85' lang='lat' dir='ltr'><strong>est</strong></span> <span class='ocrx_word' id='word_1_405' title='bbox 1167 5331 1429 5401; x_wconf 67' lang='lat' dir='ltr'><strong>sapientiae</strong></span> <span class='ocrx_word' id='word_1_406' title='bbox 1475 5328 1644 5405; x_wconf 86' lang='lat' dir='ltr'><strong>(Sap.</strong></span> <span class='ocrx_word' id='word_1_407' title='bbox 1679 5330 1814 5399; x_wconf 77' lang='lat' dir='ltr'><strong>&#39;vn).</strong></span> 
     </span>
    </p>
   </div>
   <div class='ocr_carea' id='block_1_54' title="bbox 205 5420 1819 5508">
    <p class='ocr_par' dir='ltr' id='par_1_54' title="bbox 205 5420 1819 5508">
     <span class='ocr_line' id='line_1_54' title="bbox 205 5420 1819 5508; baseline -0.012 -14"><span class='ocrx_word' id='word_1_408' title='bbox 205 5435 211 5440; x_wconf 84' lang='grc'><strong>’</strong></span> <span class='ocrx_word' id='word_1_409' title='bbox 237 5435 552 5508; x_wconf 84' lang='lat' dir='ltr'><strong>Quomodo,</strong></span> <span class='ocrx_word' id='word_1_410' title='bbox 596 5431 807 5502; x_wconf 80' lang='lat' dir='ltr'><strong>inquis,</strong></span> <span class='ocrx_word' id='word_1_411' title='bbox 849 5441 943 5484; x_wconf 90' lang='lat' dir='ltr'><strong>ero</strong></span> <span class='ocrx_word' id='word_1_412' title='bbox 971 5423 1240 5497; x_wconf 87' lang='lat' dir='ltr'><strong>plenitudo</strong></span> <span class='ocrx_word' id='word_1_413' title='bbox 1272 5421 1542 5477; x_wconf 61' lang='lat' dir='ltr'><strong>scientia}?</strong></span> <span class='ocrx_word' id='word_1_414' title='bbox 1566 5420 1688 5492; x_wconf 85' lang='lat' dir='ltr'><strong>quis</strong></span> <span class='ocrx_word' id='word_1_415' title='bbox 1717 5420 1819 5475; x_wconf 89' lang='lat' dir='ltr'><strong>hoc</strong></span> 
     </span>
    </p>
   </div>
   <div class='ocr_carea' id='block_1_55' title="bbox 237 5511 1817 5602">
    <p class='ocr_par' dir='ltr' id='par_1_55' title="bbox 237 5511 1817 5602">
     <span class='ocr_line' id='line_1_55' title="bbox 237 5511 1817 5602; baseline -0.015 -14"><span class='ocrx_word' id='word_1_416' title='bbox 237 5522 460 5602; x_wconf 76' lang='lat' dir='ltr'><strong>implet?</strong></span> <span class='ocrx_word' id='word_1_417' title='bbox 500 5515 671 5582; x_wconf 75' lang='lat' dir='ltr'><strong>[labes</strong></span> <span class='ocrx_word' id='word_1_418' title='bbox 701 5522 840 5577; x_wconf 84' lang='lat' dir='ltr'><strong>unde</strong></span> <span class='ocrx_word' id='word_1_419' title='bbox 869 5521 958 5586; x_wconf 82' lang='lat' dir='ltr'><strong>itm</strong></span> <span class='ocrx_word' id='word_1_420' title='bbox 979 5519 1090 5575; x_wconf 91' lang='lat' dir='ltr'><strong>leas</strong></span> <span class='ocrx_word' id='word_1_421' title='bbox 1123 5534 1138 5573; x_wconf 86' lang='lat'><strong>:</strong></span> <span class='ocrx_word' id='word_1_422' title='bbox 1173 5513 1443 5572; x_wconf 78' lang='lat' dir='ltr'><strong>Plenitudo</strong></span> <span class='ocrx_word' id='word_1_423' title='bbox 1471 5511 1619 5584; x_wconf 79' lang='lat' dir='ltr'><strong>Legis</strong></span> <span class='ocrx_word' id='word_1_424' title='bbox 1646 5513 1817 5567; x_wconf 72' lang='lat' dir='ltr'><strong>altari-</strong></span> 
     </span>
    </p>
   </div>
   <div class='ocr_carea' id='block_1_56' title="bbox 304 5603 1821 5684">
    <p class='ocr_par' dir='ltr' id='par_1_56' title="bbox 304 5603 1821 5684">
     <span class='ocr_line' id='line_1_56' title="bbox 304 5603 1821 5684; baseline -0.011 -11"><span class='ocrx_word' id='word_1_425' title='bbox 304 5623 324 5658; x_wconf 78' lang='grc'>⁸</span> <span class='ocrx_word' id='word_1_426' title='bbox 356 5621 580 5684; x_wconf 79' lang='lat' dir='ltr'><strong>Plerique</strong></span> <span class='ocrx_word' id='word_1_427' title='bbox 603 5624 655 5667; x_wconf 90' lang='lat' dir='ltr'><strong>et</strong></span> <span class='ocrx_word' id='word_1_428' title='bbox 671 5615 903 5666; x_wconf 81' lang='lat' dir='ltr'><strong>meliores</strong></span> <span class='ocrx_word' id='word_1_429' title='bbox 923 5618 1031 5663; x_wconf 70' lang='lat' dir='ltr'><strong>Mss.</strong></span> <span class='ocrx_word' id='word_1_430' title='bbox 1047 5621 1140 5662; x_wconf 81' lang='lat' dir='ltr'><strong>non</strong></span> <span class='ocrx_word' id='word_1_431' title='bbox 1157 5608 1280 5659; x_wconf 86' lang='lat' dir='ltr'><strong>adeo</strong></span> <span class='ocrx_word' id='word_1_432' title='bbox 1302 5611 1413 5658; x_wconf 83' lang='lat' dir='ltr'><strong>sunt</strong></span> <span class='ocrx_word' id='word_1_433' title='bbox 1437 5603 1488 5654; x_wconf 89' lang='lat' dir='ltr'><strong>in</strong></span> <span class='ocrx_word' id='word_1_434' title='bbox 1505 5603 1592 5656; x_wconf 83' lang='lat' dir='ltr'><strong>hoc</strong></span> <span class='ocrx_word' id='word_1_435' title='bbox 1609 5603 1790 5669; x_wconf 77' lang='lat' dir='ltr'><strong>psalmo</strong></span> <span class='ocrx_word' id='word_1_436' title='bbox 1801 5619 1821 5668; x_wconf 87' lang='lat'><strong><em>;</em></strong></span> 
     </span>
    </p>
   </div>
   <div class='ocr_carea' id='block_1_57' title="bbox 237 5680 1365 5747">
    <p class='ocr_par' dir='ltr' id='par_1_57' title="bbox 237 5680 1365 5747">
     <span class='ocr_line' id='line_1_57' title="bbox 237 5680 1365 5747; baseline -0.001 0"><span class='ocrx_word' id='word_1_437' title='bbox 237 5680 634 5747; x_wconf 65' lang='grc' dir='ltr'><strong>οωιειοιηῖζιιιᾳ·</strong></span> <span class='ocrx_word' id='word_1_438' title='bbox 807 5740 819 5747; x_wconf 88' lang='grc'><strong>.</strong></span> <span class='ocrx_word' id='word_1_439' title='bbox 867 5745 900 5747; x_wconf 42' lang='grc' dir='ltr'>η</span> <span class='ocrx_word' id='word_1_440' title='bbox 1053 5741 1094 5747; x_wconf 84' lang='grc'><strong>,-</strong></span> <span class='ocrx_word' id='word_1_441' title='bbox 1353 5731 1365 5746; x_wconf 91' lang='grc'><strong>.</strong></span> 
     </span>
    </p>
   </div>
   <div class='ocr_carea' id='block_1_58' title="bbox 303 5735 1726 5808">
    <p class='ocr_par' dir='ltr' id='par_1_58' title="bbox 303 5735 1726 5808">
     <span class='ocr_line' id='line_1_58' title="bbox 303 5735 1726 5808; baseline -0.003 4"><span class='ocrx_word' id='word_1_442' title='bbox 514 5741 663 5808; x_wconf 58' lang='lat' dir='ltr'><strong>invite</strong></span> <span class='ocrx_word' id='word_1_443' title='bbox 677 5735 1034 5808; x_wconf 61' lang='grc' dir='ltr'><strong>λωριειιοιίιιε</strong></span> <span class='ocrx_word' id='word_1_444' title='bbox 1052 5741 1182 5808; x_wconf 55' lang='lat' dir='ltr'><strong>vss.</strong></span> <span class='ocrx_word' id='word_1_445' title='bbox 1203 5735 1328 5808; x_wconf 51' lang='lat' dir='ltr'><strong>ipso</strong></span> <span class='ocrx_word' id='word_1_446' title='bbox 1348 5735 1493 5808; x_wconf 58' lang='lat' dir='ltr'><strong>ius</strong></span> <span class='ocrx_word' id='word_1_447' title='bbox 1509 5736 1652 5808; x_wconf 55' lang='grc' dir='ltr'><strong>ιδξο.</strong></span> 
     </span>
    </p>
   </div>
   <div class='ocr_carea' id='block_1_59' title="bbox 301 5792 1821 5872">
    <p class='ocr_par' dir='ltr' id='par_1_59' title="bbox 301 5792 1821 5872">
     <span class='ocr_line' id='line_1_59' title="bbox 301 5792 1821 5872; baseline -0.014 -13"><span class='ocrx_word' id='word_1_448' title='bbox 301 5792 737 5872; x_wconf 53' lang='grc' dir='ltr'><strong>(ἀῖῖιῦίιιῖιιιιιιιιιιι</strong></span> <span class='ocrx_word' id='word_1_449' title='bbox 749 5792 1066 5865; x_wconf 75' lang='lat' dir='ltr'><strong>tiabituspost</strong></span> <span class='ocrx_word' id='word_1_450' title='bbox 1090 5792 1360 5860; x_wconf 55' lang='lat' dir='ltr'><strong>expositum</strong></span> <span class='ocrx_word' id='word_1_451' title='bbox 1383 5792 1619 5845; x_wconf 76' lang='lat' dir='ltr'><strong>vsaluuun</strong></span> <span class='ocrx_word' id='word_1_452' title='bbox 1638 5795 1821 5854; x_wconf 74' lang='lat' dir='ltr'><strong>LXXIII,</strong></span> 
     </span>
    </p>
   </div>
   <div class='ocr_carea' id='block_1_60' title="bbox 241 5866 754 5940">
    <p class='ocr_par' dir='ltr' id='par_1_60' title="bbox 241 5866 754 5940">
     <span class='ocr_line' id='line_1_60' title="bbox 241 5866 754 5940; baseline -0.021 -13"><span class='ocrx_word' id='word_1_453' title='bbox 241 5866 426 5940; x_wconf 67' lang='lat' dir='ltr'><strong>dequo</strong></span> <span class='ocrx_word' id='word_1_454' title='bbox 443 5866 583 5934; x_wconf 63' lang='lat' dir='ltr'><strong>inira,</strong></span> <span class='ocrx_word' id='word_1_455' title='bbox 609 5881 655 5918; x_wconf 87' lang='grc' dir='ltr'><strong>ιι.</strong></span> <span class='ocrx_word' id='word_1_456' title='bbox 684 5866 754 5918; x_wconf 79' lang='lat' dir='ltr'><strong>to.</strong></span> 
     </span>
    </p>
   </div>
   <div class='ocr_carea' id='block_1_61' title="bbox 1298 347 2423 418">
    <p class='ocr_par' dir='ltr' id='par_1_61' title="bbox 1298 347 2423 418">
     <span class='ocr_line' id='line_1_61' title="bbox 1298 347 2423 418; baseline 0.005 -15"><span class='ocrx_word' id='word_1_457' title='bbox 1298 347 1687 418; x_wconf 56' lang='grc' dir='ltr'><strong>ΕΝΛΒΙῌΉΟ</strong></span> <span class='ocrx_word' id='word_1_458' title='bbox 1723 347 1789 413; x_wconf 69' lang='lat' dir='ltr'><strong>IN</strong></span> <span class='ocrx_word' id='word_1_459' title='bbox 1831 349 2164 414; x_wconf 64' lang='lat' dir='ltr'><strong>PSALMUS‘I’</strong></span> <span class='ocrx_word' id='word_1_460' title='bbox 2188 353 2423 410; x_wconf 72' lang='lat' dir='ltr'><strong>LXXIX.</strong></span> 
     </span>
    </p>
   </div>
   <div class='ocr_carea' id='block_1_62' title="bbox 3377 365 3514 424">
    <p class='ocr_par' dir='ltr' id='par_1_62' title="bbox 3377 365 3514 424">
     <span class='ocr_line' id='line_1_62' title="bbox 3377 365 3514 424; baseline 0.022 -4"><span class='ocrx_word' id='word_1_461' title='bbox 3377 365 3514 424; x_wconf 62' lang='lat' dir='ltr'><strong>i022</strong></span> 
     </span>
    </p>
   </div>
   <div class='ocr_carea' id='block_1_63' title="bbox 1930 473 3554 559">
    <p class='ocr_par' dir='ltr' id='par_1_63' title="bbox 1930 473 3554 559">
     <span class='ocr_line' id='line_1_63' title="bbox 1930 473 3554 559; baseline 0.012 -37"><span class='ocrx_word' id='word_1_462' title='bbox 1930 474 2052 538; x_wconf 68' lang='grc' dir='ltr'><strong>θαι(</strong></span> <span class='ocrx_word' id='word_1_463' title='bbox 2065 473 2212 529; x_wconf 77' lang='lat' dir='ltr'><strong>Rern.</strong></span> <span class='ocrx_word' id='word_1_464' title='bbox 2247 490 2358 538; x_wconf 83' lang='lat' dir='ltr'><strong>xm,</strong></span> <span class='ocrx_word' id='word_1_465' title='bbox 2393 475 2503 547; x_wconf 76' lang='lat'><strong>.10).</strong></span> <span class='ocrx_word' id='word_1_466' title='bbox 2535 477 2651 532; x_wconf 78' lang='lat' dir='ltr'><strong>Noli</strong></span> <span class='ocrx_word' id='word_1_467' title='bbox 2677 480 2948 548; x_wconf 74' lang='lat' dir='ltr'><strong>permulta</strong></span> <span class='ocrx_word' id='word_1_468' title='bbox 2974 481 3224 554; x_wconf 79' lang='lat' dir='ltr'><strong>irealque</strong></span> <span class='ocrx_word' id='word_1_469' title='bbox 3248 483 3505 541; x_wconf 75' lang='lat' dir='ltr'><strong>distendi.</strong></span> <span class='ocrx_word' id='word_1_470' title='bbox 3549 555 3554 559; x_wconf 89' lang='lat'>_</span> 
     </span>
    </p>
   </div>
   <div class='ocr_carea' id='block_1_64' title="bbox 1921 565 3501 648">
    <p class='ocr_par' dir='ltr' id='par_1_64' title="bbox 1921 565 3501 648">
     <span class='ocr_line' id='line_1_64' title="bbox 1921 565 3501 648; baseline 0.011 -28"><span class='ocrx_word' id='word_1_471' title='bbox 1921 565 2120 623; x_wconf 84' lang='lat' dir='ltr'><strong>Terret.</strong></span> <span class='ocrx_word' id='word_1_472' title='bbox 2158 578 2210 624; x_wconf 88' lang='lat' dir='ltr'><strong>te</strong></span> <span class='ocrx_word' id='word_1_473' title='bbox 2261 583 2528 624; x_wconf 83' lang='lat' dir='ltr'><strong>ramorum</strong></span> <span class='ocrx_word' id='word_1_474' title='bbox 2575 571 2815 640; x_wconf 77' lang='lat' dir='ltr'><strong>diffusio;</strong></span> <span class='ocrx_word' id='word_1_475' title='bbox 2867 575 3102 648; x_wconf 73' lang='lat' dir='ltr'><strong>radicem</strong></span> <span class='ocrx_word' id='word_1_476' title='bbox 3154 587 3300 644; x_wconf 78' lang='lat' dir='ltr'><strong>tene,</strong></span> <span class='ocrx_word' id='word_1_477' title='bbox 3340 580 3501 637; x_wconf 84' lang='lat' dir='ltr'><strong>etde</strong></span> 
     </span>
    </p>
   </div>
   <div class='ocr_carea' id='block_1_65' title="bbox 1921 660 3500 738">
    <p class='ocr_par' dir='ltr' id='par_1_65' title="bbox 1921 660 3500 738">
     <span class='ocr_line' id='line_1_65' title="bbox 1921 660 3500 738; baseline 0.008 -24"><span class='ocrx_word' id='word_1_478' title='bbox 1921 660 2280 731; x_wconf 82' lang='lat' dir='ltr'><strong>magnitudine</strong></span> <span class='ocrx_word' id='word_1_479' title='bbox 2309 662 2516 718; x_wconf 90' lang='lat' dir='ltr'><strong>arboris</strong></span> <span class='ocrx_word' id='word_1_480' title='bbox 2544 665 2649 719; x_wconf 87' lang='lat' dir='ltr'><strong>noli</strong></span> <span class='ocrx_word' id='word_1_481' title='bbox 2678 668 2927 738; x_wconf 82' lang='lat' dir='ltr'><strong>cogitare.</strong></span> <span class='ocrx_word' id='word_1_482' title='bbox 2952 669 3038 725; x_wconf 81' lang='lat' dir='ltr'><strong>Sit</strong></span> <span class='ocrx_word' id='word_1_483' title='bbox 3067 671 3120 726; x_wconf 88' lang='lat' dir='ltr'><strong>in</strong></span> <span class='ocrx_word' id='word_1_484' title='bbox 3151 680 3202 728; x_wconf 90' lang='lat' dir='ltr'><strong>te</strong></span> <span class='ocrx_word' id='word_1_485' title='bbox 3222 673 3457 728; x_wconf 82' lang='lat' dir='ltr'><strong>ebaritas</strong></span> <span class='ocrx_word' id='word_1_486' title='bbox 3483 712 3500 736; x_wconf 84' lang='lat'><strong>,</strong></span> 
     </span>
    </p>
   </div>
   <div class='ocr_carea' id='block_1_66' title="bbox 1921 755 3610 834">
    <p class='ocr_par' dir='ltr' id='par_1_66' title="bbox 1921 755 3610 834">
     <span class='ocr_line' id='line_1_66' title="bbox 1921 755 3610 834; baseline 0.009 -29"><span class='ocrx_word' id='word_1_487' title='bbox 1921 760 1976 806; x_wconf 91' lang='lat' dir='ltr'><strong>et</strong></span> <span class='ocrx_word' id='word_1_488' title='bbox 2003 767 2222 809; x_wconf 83' lang='lat' dir='ltr'><strong>necesse</strong></span> <span class='ocrx_word' id='word_1_489' title='bbox 2245 762 2334 810; x_wconf 84' lang='lat' dir='ltr'><strong>est</strong></span> <span class='ocrx_word' id='word_1_490' title='bbox 2361 755 2632 826; x_wconf 90' lang='lat' dir='ltr'><strong>plenitudo</strong></span> <span class='ocrx_word' id='word_1_491' title='bbox 2670 759 2904 816; x_wconf 76' lang='lat' dir='ltr'><strong>scientize</strong></span> <span class='ocrx_word' id='word_1_492' title='bbox 2952 775 3329 832; x_wconf 74' lang='lat' dir='ltr'><strong>consequatur.</strong></span> <span class='ocrx_word' id='word_1_493' title='bbox 3369 765 3505 834; x_wconf 84' lang='lat' dir='ltr'><strong>Quid</strong></span> <span class='ocrx_word' id='word_1_494' title='bbox 3603 814 3610 820; x_wconf 93' lang='lat'><strong>.</strong></span> 
     </span>
    </p>
   </div>
   <div class='ocr_carea' id='block_1_67' title="bbox 1919 843 3502 924">
    <p class='ocr_par' dir='ltr' id='par_1_67' title="bbox 1919 843 3502 924">
     <span class='ocr_line' id='line_1_67' title="bbox 1919 843 3502 924; baseline 0.008 -26"><span class='ocrx_word' id='word_1_495' title='bbox 1919 843 2062 898; x_wconf 88' lang='lat' dir='ltr'><strong>enim</strong></span> <span class='ocrx_word' id='word_1_496' title='bbox 2089 844 2258 900; x_wconf 88' lang='lat' dir='ltr'><strong>nescit</strong></span> <span class='ocrx_word' id='word_1_497' title='bbox 2277 845 2366 915; x_wconf 87' lang='lat' dir='ltr'><strong>qui</strong></span> <span class='ocrx_word' id='word_1_498' title='bbox 2389 845 2703 902; x_wconf 88' lang='lat' dir='ltr'><strong>eharitatem</strong></span> <span class='ocrx_word' id='word_1_499' title='bbox 2725 850 2842 912; x_wconf 90' lang='lat' dir='ltr'><strong>scit,</strong></span> <span class='ocrx_word' id='word_1_500' title='bbox 2859 853 3281 924; x_wconf 86' lang='lat' dir='ltr'><strong>quandoquidem</strong></span> <span class='ocrx_word' id='word_1_501' title='bbox 3304 844 3502 910; x_wconf 84' lang='lat' dir='ltr'><strong>dictum</strong></span> 
     </span>
    </p>
   </div>
   <div class='ocr_carea' id='block_1_68' title="bbox 1919 934 3033 1014">
    <p class='ocr_par' dir='ltr' id='par_1_68' title="bbox 1919 934 3033 1014">
     <span class='ocr_line' id='line_1_68' title="bbox 1919 934 3033 1014; baseline 0.004 -22"><span class='ocrx_word' id='word_1_502' title='bbox 1919 945 2002 992; x_wconf 87' lang='lat' dir='ltr'><strong>est</strong></span> <span class='ocrx_word' id='word_1_503' title='bbox 2035 952 2049 988; x_wconf 91' lang='lat'>:</span> <span class='ocrx_word' id='word_1_504' title='bbox 2077 934 2217 992; x_wconf 86' lang='lat' dir='ltr'><strong>Deus</strong></span> <span class='ocrx_word' id='word_1_505' title='bbox 2236 938 2461 993; x_wconf 62' lang='lat' dir='ltr'><strong>clamitas</strong></span> <span class='ocrx_word' id='word_1_506' title='bbox 2485 947 2557 994; x_wconf 81' lang='lat' dir='ltr'><strong>est</strong></span> <span class='ocrx_word' id='word_1_507' title='bbox 2587 939 2642 1011; x_wconf 89' lang='lat' dir='ltr'><strong>(l</strong></span> <span class='ocrx_word' id='word_1_508' title='bbox 2667 941 2825 996; x_wconf 82' lang='lat' dir='ltr'><strong>Joan.</strong></span> <span class='ocrx_word' id='word_1_509' title='bbox 2849 957 2922 1008; x_wconf 83' lang='lat' dir='ltr'><strong>tv,</strong></span> <span class='ocrx_word' id='word_1_510' title='bbox 2954 941 3033 1014; x_wconf 85' lang='lat'><strong>8).</strong></span> 
     </span>
    </p>
   </div>
   <div class='ocr_carea' id='block_1_69' title="bbox 1990 1026 3500 1108">
    <p class='ocr_par' dir='ltr' id='par_1_69' title="bbox 1990 1026 3500 1108">
     <span class='ocr_line' id='line_1_69' title="bbox 1990 1026 3500 1108; baseline 0.005 -24"><span class='ocrx_word' id='word_1_511' title='bbox 1990 1027 2044 1084; x_wconf 78' lang='lat'><strong>3.</strong></span> <span class='ocrx_word' id='word_1_512' title='bbox 2087 1026 2247 1102; x_wconf 75' lang='lat' dir='ltr'><strong>(vers.</strong></span> <span class='ocrx_word' id='word_1_513' title='bbox 2291 1029 2384 1104; x_wconf 76' lang='grc'><strong>5.]</strong></span> <span class='ocrx_word' id='word_1_514' title='bbox 2431 1029 2532 1096; x_wconf 85' lang='lat' dir='ltr'><strong>Qui</strong></span> <span class='ocrx_word' id='word_1_515' title='bbox 2558 1033 2700 1088; x_wconf 80' lang='lat' dir='ltr'><strong>sedes</strong></span> <span class='ocrx_word' id='word_1_516' title='bbox 2737 1049 2891 1104; x_wconf 76' lang='lat' dir='ltr'><strong>super</strong></span> <span class='ocrx_word' id='word_1_517' title='bbox 2933 1032 3238 1108; x_wconf 65' lang='lat' dir='ltr'><strong>Cha-ultim,</strong></span> <span class='ocrx_word' id='word_1_518' title='bbox 3285 1055 3500 1108; x_wconf 67' lang='lat' dir='ltr'><strong>appara.</strong></span> 
     </span>
    </p>
   </div>
   <div class='ocr_carea' id='block_1_70' title="bbox 1921 1114 3504 1197">
    <p class='ocr_par' dir='ltr' id='par_1_70' title="bbox 1921 1114 3504 1197">
     <span class='ocr_line' id='line_1_70' title="bbox 1921 1114 3504 1197; baseline 0.005 -22"><span class='ocrx_word' id='word_1_519' title='bbox 1921 1119 2045 1178; x_wconf 81' lang='lat' dir='ltr'><strong>ideo</strong></span> <span class='ocrx_word' id='word_1_520' title='bbox 2070 1121 2213 1177; x_wconf 87' lang='lat' dir='ltr'><strong>enim</strong></span> <span class='ocrx_word' id='word_1_521' title='bbox 2233 1114 2580 1192; x_wconf 77' lang='lat' dir='ltr'><strong>erravimus,</strong></span> <span class='ocrx_word' id='word_1_522' title='bbox 2629 1126 2752 1196; x_wconf 87' lang='lat' dir='ltr'><strong>quia</strong></span> <span class='ocrx_word' id='word_1_523' title='bbox 2801 1142 2908 1180; x_wconf 86' lang='lat' dir='ltr'><strong>non</strong></span> <span class='ocrx_word' id='word_1_524' title='bbox 2957 1117 3273 1197; x_wconf 69' lang='lat' dir='ltr'><strong>apparabas.</strong></span> <span class='ocrx_word' id='word_1_525' title='bbox 3320 1127 3504 1184; x_wconf 79' lang='lat' dir='ltr'><strong>Coram</strong></span> 
     </span>
    </p>
   </div>
   <div class='ocr_carea' id='block_1_71' title="bbox 1918 1212 3509 1290">
    <p class='ocr_par' dir='ltr' id='par_1_71' title="bbox 1918 1212 3509 1290">
     <span class='ocr_line' id='line_1_71' title="bbox 1918 1212 3509 1290; baseline 0.006 -23"><span class='ocrx_word' id='word_1_526' title='bbox 1918 1212 2184 1286; x_wconf 70' lang='lat' dir='ltr'><strong>Epkm‘m,</strong></span> <span class='ocrx_word' id='word_1_527' title='bbox 2209 1224 2259 1270; x_wconf 84' lang='lat' dir='ltr'><strong>et</strong></span> <span class='ocrx_word' id='word_1_528' title='bbox 2293 1215 2581 1289; x_wconf 77' lang='lat' dir='ltr'><strong>Benjamin,</strong></span> <span class='ocrx_word' id='word_1_529' title='bbox 2608 1226 2656 1272; x_wconf 79' lang='lat' dir='ltr'><strong>et</strong></span> <span class='ocrx_word' id='word_1_530' title='bbox 2679 1215 2938 1273; x_wconf 59' lang='lat' dir='ltr'><strong>Manus».</strong></span> <span class='ocrx_word' id='word_1_531' title='bbox 2974 1213 3208 1288; x_wconf 77' lang='lat' dir='ltr'><strong>Appare,</strong></span> <span class='ocrx_word' id='word_1_532' title='bbox 3244 1221 3455 1290; x_wconf 82' lang='lat' dir='ltr'><strong>inquam</strong></span> <span class='ocrx_word' id='word_1_533' title='bbox 3485 1264 3509 1284; x_wconf 79' lang='lat'><strong>,.</strong></span> 
     </span>
    </p>
   </div>
   <div class='ocr_carea' id='block_1_72' title="bbox 1917 1307 3397 1380">
    <p class='ocr_par' dir='ltr' id='par_1_72' title="bbox 1917 1307 3397 1380">
     <span class='ocr_line' id='line_1_72' title="bbox 1917 1307 3397 1380; baseline 0.003 -17"><span class='ocrx_word' id='word_1_534' title='bbox 1917 1321 2097 1363; x_wconf 86' lang='lat' dir='ltr'><strong>coram</strong></span> <span class='ocrx_word' id='word_1_535' title='bbox 2148 1319 2306 1378; x_wconf 78' lang='lat' dir='ltr'><strong>gente</strong></span> <span class='ocrx_word' id='word_1_536' title='bbox 2342 1307 2681 1374; x_wconf 67' lang='lat' dir='ltr'><strong>indm-rum,</strong></span> <span class='ocrx_word' id='word_1_537' title='bbox 2723 1324 2902 1364; x_wconf 87' lang='lat' dir='ltr'><strong>coram</strong></span> <span class='ocrx_word' id='word_1_538' title='bbox 2951 1311 3150 1380; x_wconf 85' lang='lat' dir='ltr'><strong>populo</strong></span> <span class='ocrx_word' id='word_1_539' title='bbox 3191 1312 3347 1366; x_wconf 83' lang='lat' dir='ltr'><strong>Israel</strong></span> <span class='ocrx_word' id='word_1_540' title='bbox 3383 1331 3397 1367; x_wconf 91' lang='lat'><strong><em>:</em></strong></span> 
     </span>
    </p>
   </div>
   <div class='ocr_carea' id='block_1_73' title="bbox 1915 1398 3506 1471">
    <p class='ocr_par' dir='ltr' id='par_1_73' title="bbox 1915 1398 3506 1471">
     <span class='ocr_line' id='line_1_73' title="bbox 1915 1398 3506 1471; baseline 0.003 -17"><span class='ocrx_word' id='word_1_541' title='bbox 1915 1398 2058 1454; x_wconf 88' lang='lat' dir='ltr'><strong>enim</strong></span> <span class='ocrx_word' id='word_1_542' title='bbox 2090 1398 2364 1470; x_wconf 71' lang='lat' dir='ltr'><strong>Ephrzem,</strong></span> <span class='ocrx_word' id='word_1_543' title='bbox 2390 1399 2461 1454; x_wconf 91' lang='lat' dir='ltr'><strong>ibi</strong></span> <span class='ocrx_word' id='word_1_544' title='bbox 2484 1399 2781 1466; x_wconf 76' lang='lat' dir='ltr'><strong>.lianasses,</strong></span> <span class='ocrx_word' id='word_1_545' title='bbox 2833 1400 2904 1456; x_wconf 88' lang='lat' dir='ltr'><strong>ibi</strong></span> <span class='ocrx_word' id='word_1_546' title='bbox 2953 1401 3249 1471; x_wconf 81' lang='lat' dir='ltr'><strong>Benjamin.</strong></span> <span class='ocrx_word' id='word_1_547' title='bbox 3287 1401 3392 1457; x_wconf 77' lang='lat' dir='ltr'><strong>Sed</strong></span> <span class='ocrx_word' id='word_1_548' title='bbox 3420 1407 3506 1458; x_wconf 80' lang='lat' dir='ltr'><strong>iu—</strong></span> 
     </span>
    </p>
   </div>
   <div class='ocr_carea' id='block_1_74' title="bbox 1917 1487 3500 1562">
    <p class='ocr_par' dir='ltr' id='par_1_74' title="bbox 1917 1487 3500 1562">
     <span class='ocr_line' id='line_1_74' title="bbox 1917 1487 3500 1562; baseline 0.001 -15"><span class='ocrx_word' id='word_1_549' title='bbox 1917 1487 2349 1562; x_wconf 64' lang='lat' dir='ltr'><strong>wrpretationem</strong></span> <span class='ocrx_word' id='word_1_550' title='bbox 2379 1491 2655 1549; x_wconf 83' lang='lat' dir='ltr'><strong>videamus</strong></span> <span class='ocrx_word' id='word_1_551' title='bbox 2697 1531 2712 1546; x_wconf 95' lang='lat'><strong>.</strong></span> <span class='ocrx_word' id='word_1_552' title='bbox 2765 1492 3049 1562; x_wconf 76' lang='lat' dir='ltr'><strong>Ephrzem,</strong></span> <span class='ocrx_word' id='word_1_553' title='bbox 3098 1491 3500 1561; x_wconf 73' lang='lat' dir='ltr'><strong>Frucu&#39;lieatio;</strong></span> 
     </span>
    </p>
   </div>
   <div class='ocr_carea' id='block_1_75' title="bbox 1915 1583 3498 1664">
    <p class='ocr_par' dir='ltr' id='par_1_75' title="bbox 1915 1583 3498 1664">
     <span class='ocr_line' id='line_1_75' title="bbox 1915 1583 3498 1664; baseline 0.003 -26"><span class='ocrx_word' id='word_1_554' title='bbox 1915 1583 2212 1654; x_wconf 63' lang='lat' dir='ltr'><strong>Beniamin,</strong></span> <span class='ocrx_word' id='word_1_555' title='bbox 2245 1583 2700 1664; x_wconf 71' lang='lat' dir='ltr'><strong>FiliuS&#39;dexterar;</strong></span> <span class='ocrx_word' id='word_1_556' title='bbox 2729 1584 3019 1651; x_wconf 79' lang='lat' dir='ltr'><strong>Mauasses,</strong></span> <span class='ocrx_word' id='word_1_557' title='bbox 3044 1583 3268 1641; x_wconf 88' lang='lat' dir='ltr'><strong>Oblitus.</strong></span> <span class='ocrx_word' id='word_1_558' title='bbox 3286 1587 3498 1657; x_wconf 71' lang='lat' dir='ltr'><strong>Appare</strong></span> 
     </span>
    </p>
   </div>
   <div class='ocr_carea' id='block_1_76' title="bbox 1914 1674 3499 1747">
    <p class='ocr_par' dir='ltr' id='par_1_76' title="bbox 1914 1674 3499 1747">
     <span class='ocr_line' id='line_1_76' title="bbox 1914 1674 3499 1747; baseline 0.001 -17"><span class='ocrx_word' id='word_1_559' title='bbox 1914 1675 2056 1730; x_wconf 88' lang='lat' dir='ltr'><strong>enim</strong></span> <span class='ocrx_word' id='word_1_560' title='bbox 2085 1674 2264 1732; x_wconf 80' lang='lat' dir='ltr'><strong>coram</strong></span> <span class='ocrx_word' id='word_1_561' title='bbox 2292 1674 2628 1741; x_wconf 84' lang='lat' dir='ltr'><strong>fructilicato,</strong></span> <span class='ocrx_word' id='word_1_562' title='bbox 2657 1691 2836 1732; x_wconf 88' lang='lat' dir='ltr'><strong>coram</strong></span> <span class='ocrx_word' id='word_1_563' title='bbox 2875 1676 2982 1731; x_wconf 86' lang='lat' dir='ltr'><strong>lilio</strong></span> <span class='ocrx_word' id='word_1_564' title='bbox 3011 1675 3282 1742; x_wconf 70' lang='lat' dir='ltr'><strong>dexterae,</strong></span> <span class='ocrx_word' id='word_1_565' title='bbox 3301 1692 3499 1747; x_wconf 76' lang='lat' dir='ltr'><strong>apparo</strong></span> 
     </span>
    </p>
   </div>
   <div class='ocr_carea' id='block_1_77' title="bbox 1915 1767 3605 1840">
    <p class='ocr_par' dir='ltr' id='par_1_77' title="bbox 1915 1767 3605 1840">
     <span class='ocr_line' id='line_1_77' title="bbox 1915 1767 3605 1840; baseline 0.004 -19"><span class='ocrx_word' id='word_1_566' title='bbox 1915 1781 2096 1823; x_wconf 75' lang='lat' dir='ltr'><strong>comm</strong></span> <span class='ocrx_word' id='word_1_567' title='bbox 2126 1767 2333 1835; x_wconf 78' lang='lat' dir='ltr'><strong>oblito,</strong></span> <span class='ocrx_word' id='word_1_568' title='bbox 2375 1781 2432 1824; x_wconf 89' lang='lat' dir='ltr'><strong>ut</strong></span> <span class='ocrx_word' id='word_1_569' title='bbox 2453 1768 2568 1840; x_wconf 83' lang='lat' dir='ltr'><strong>jam</strong></span> <span class='ocrx_word' id='word_1_570' title='bbox 2595 1787 2702 1824; x_wconf 88' lang='lat' dir='ltr'><strong>non</strong></span> <span class='ocrx_word' id='word_1_571' title='bbox 2727 1772 2796 1826; x_wconf 86' lang='lat' dir='ltr'><strong>sit</strong></span> <span class='ocrx_word' id='word_1_572' title='bbox 2826 1767 3047 1834; x_wconf 88' lang='lat' dir='ltr'><strong>oblitus,</strong></span> <span class='ocrx_word' id='word_1_573' title='bbox 3081 1767 3392 1828; x_wconf 66' lang='lat' dir='ltr'><strong>sedveuins</strong></span> <span class='ocrx_word' id='word_1_574' title='bbox 3422 1768 3499 1823; x_wconf 83' lang='lat' dir='ltr'><strong>illi</strong></span> <span class='ocrx_word' id='word_1_575' title='bbox 3603 1782 3605 1784; x_wconf 76' lang='grc'><strong><em>’</em></strong></span> 
     </span>
    </p>
   </div>
   <div class='ocr_carea' id='block_1_78' title="bbox 1915 1860 3500 1934">
    <p class='ocr_par' dir='ltr' id='par_1_78' title="bbox 1915 1860 3500 1934">
     <span class='ocr_line' id='line_1_78' title="bbox 1915 1860 3500 1934; baseline 0 -19"><span class='ocrx_word' id='word_1_576' title='bbox 1915 1860 1968 1916; x_wconf 90' lang='lat' dir='ltr'><strong>in</strong></span> <span class='ocrx_word' id='word_1_577' title='bbox 1996 1869 2226 1917; x_wconf 81' lang='lat' dir='ltr'><strong>mentem</strong></span> <span class='ocrx_word' id='word_1_578' title='bbox 2247 1862 2616 1934; x_wconf 80' lang='lat' dir='ltr'><strong>quiliberasti.</strong></span> <span class='ocrx_word' id='word_1_579' title='bbox 2639 1861 2693 1918; x_wconf 88' lang='lat' dir='ltr'><strong>Si</strong></span> <span class='ocrx_word' id='word_1_580' title='bbox 2717 1862 2859 1918; x_wconf 90' lang='lat' dir='ltr'><strong>enim</strong></span> <span class='ocrx_word' id='word_1_581' title='bbox 2884 1861 3083 1919; x_wconf 83' lang='lat' dir='ltr'><strong>Gentes</strong></span> <span class='ocrx_word' id='word_1_582' title='bbox 3109 1875 3500 1917; x_wconf 60' lang='lat' dir='ltr'><strong>commemora-s</strong></span> 
     </span>
    </p>
   </div>
   <div class='ocr_carea' id='block_1_79' title="bbox 1915 1951 3610 2032">
    <p class='ocr_par' dir='ltr' id='par_1_79' title="bbox 1915 1951 3610 2032">
     <span class='ocr_line' id='line_1_79' title="bbox 1915 1951 3610 2032; baseline 0.002 -24"><span class='ocrx_word' id='word_1_583' title='bbox 1915 1952 2132 2018; x_wconf 87' lang='lat' dir='ltr'><strong>buntur,</strong></span> <span class='ocrx_word' id='word_1_584' title='bbox 2161 1963 2213 2011; x_wconf 87' lang='lat' dir='ltr'><strong>et</strong></span> <span class='ocrx_word' id='word_1_585' title='bbox 2247 1965 2623 2011; x_wconf 80' lang='lat' dir='ltr'><strong>convertentur</strong></span> <span class='ocrx_word' id='word_1_586' title='bbox 2649 1955 2716 2012; x_wconf 83' lang='lat' dir='ltr'><strong>ad</strong></span> <span class='ocrx_word' id='word_1_587' title='bbox 2759 1956 3040 2032; x_wconf 85' lang='lat' dir='ltr'><strong>Dominum</strong></span> <span class='ocrx_word' id='word_1_588' title='bbox 3059 1955 3336 2010; x_wconf 65' lang='lat' dir='ltr'><strong>universae</strong></span> <span class='ocrx_word' id='word_1_589' title='bbox 3361 1955 3523 2010; x_wconf 72' lang='lat' dir='ltr'><strong>ﬁnes</strong></span> <span class='ocrx_word' id='word_1_590' title='bbox 3604 1951 3610 1957; x_wconf 82' lang='grc'><em>’</em></span> 
     </span>
    </p>
   </div>
   <div class='ocr_carea' id='block_1_80' title="bbox 1917 2044 3492 2120">
    <p class='ocr_par' dir='ltr' id='par_1_80' title="bbox 1917 2044 3492 2120">
     <span class='ocr_line' id='line_1_80' title="bbox 1917 2044 3492 2120; baseline 0.001 -21"><span class='ocrx_word' id='word_1_591' title='bbox 1917 2057 2072 2101; x_wconf 66' lang='grc' dir='ltr'><strong>ιρι-ιω</strong></span> <span class='ocrx_word' id='word_1_592' title='bbox 2099 2044 2267 2114; x_wconf 85' lang='lat' dir='ltr'><strong>(Psal.</strong></span> <span class='ocrx_word' id='word_1_593' title='bbox 2297 2063 2406 2114; x_wconf 75' lang='grc' dir='ltr'><strong>ιιι,</strong></span> <span class='ocrx_word' id='word_1_594' title='bbox 2429 2045 2558 2120; x_wconf 77' lang='lat'><strong>28);</strong></span> <span class='ocrx_word' id='word_1_595' title='bbox 2586 2047 2814 2118; x_wconf 86' lang='lat' dir='ltr'><strong>populus</strong></span> <span class='ocrx_word' id='word_1_596' title='bbox 2859 2047 2974 2116; x_wconf 82' lang='lat' dir='ltr'><strong>ipse</strong></span> <span class='ocrx_word' id='word_1_597' title='bbox 3005 2046 3075 2105; x_wconf 88' lang='lat' dir='ltr'><strong>de</strong></span> <span class='ocrx_word' id='word_1_598' title='bbox 3106 2046 3372 2102; x_wconf 83' lang='lat' dir='ltr'><strong>Abraham</strong></span> <span class='ocrx_word' id='word_1_599' title='bbox 3403 2062 3492 2101; x_wconf 87' lang='lat' dir='ltr'><strong>ve-</strong></span> 
     </span>
    </p>
   </div>
   <div class='ocr_carea' id='block_1_81' title="bbox 1917 2138 3495 2209">
    <p class='ocr_par' dir='ltr' id='par_1_81' title="bbox 1917 2138 3495 2209">
     <span class='ocr_line' id='line_1_81' title="bbox 1917 2138 3495 2209; baseline 0.003 -19"><span class='ocrx_word' id='word_1_600' title='bbox 1917 2140 2088 2204; x_wconf 84' lang='lat' dir='ltr'><strong>niens,</strong></span> <span class='ocrx_word' id='word_1_601' title='bbox 2135 2153 2240 2194; x_wconf 91' lang='lat' dir='ltr'><strong>non</strong></span> <span class='ocrx_word' id='word_1_602' title='bbox 2285 2138 2466 2194; x_wconf 82' lang='lat' dir='ltr'><strong>habuit</strong></span> <span class='ocrx_word' id='word_1_603' title='bbox 2515 2140 2769 2207; x_wconf 83' lang='lat' dir='ltr'><strong>parietem</strong></span> <span class='ocrx_word' id='word_1_604' title='bbox 2821 2155 2978 2194; x_wconf 84' lang='lat' dir='ltr'><strong>suum</strong></span> <span class='ocrx_word' id='word_1_605' title='bbox 3027 2138 3115 2209; x_wconf 88' lang='lat' dir='ltr'><strong>qui</strong></span> <span class='ocrx_word' id='word_1_606' title='bbox 3164 2138 3390 2209; x_wconf 81' lang='lat' dir='ltr'><strong>gaudeat</strong></span> <span class='ocrx_word' id='word_1_607' title='bbox 3439 2139 3495 2194; x_wconf 87' lang='lat' dir='ltr'><strong>in</strong></span> 
     </span>
    </p>
   </div>
   <div class='ocr_carea' id='block_1_82' title="bbox 1913 2230 3490 2302">
    <p class='ocr_par' dir='ltr' id='par_1_82' title="bbox 1913 2230 3490 2302">
     <span class='ocr_line' id='line_1_82' title="bbox 1913 2230 3490 2302; baseline 0.001 -18"><span class='ocrx_word' id='word_1_608' title='bbox 1913 2231 2128 2301; x_wconf 86' lang='lat' dir='ltr'><strong>angulo,</strong></span> <span class='ocrx_word' id='word_1_609' title='bbox 2159 2246 2278 2285; x_wconf 92' lang='lat' dir='ltr'><strong>cum</strong></span> <span class='ocrx_word' id='word_1_610' title='bbox 2310 2232 2564 2302; x_wconf 87' lang='lat' dir='ltr'><strong>scriptum</strong></span> <span class='ocrx_word' id='word_1_611' title='bbox 2593 2233 2682 2297; x_wconf 90' lang='lat' dir='ltr'><strong>sit,</strong></span> <span class='ocrx_word' id='word_1_612' title='bbox 2711 2230 2959 2301; x_wconf 63' lang='lat' dir='ltr'><strong>Reliquiae</strong></span> <span class='ocrx_word' id='word_1_613' title='bbox 2984 2231 3139 2285; x_wconf 68' lang='lat' dir='ltr'><strong>salem</strong></span> <span class='ocrx_word' id='word_1_614' title='bbox 3162 2233 3280 2300; x_wconf 80' lang='lat' dir='ltr'><strong>ﬁent</strong></span> <span class='ocrx_word' id='word_1_615' title='bbox 3311 2230 3328 2289; x_wconf 82' lang='lat' dir='ltr'><strong>l</strong></span> <span class='ocrx_word' id='word_1_616' title='bbox 3336 2231 3490 2286; x_wconf 81' lang='lat' dir='ltr'><strong>Rom.</strong></span> 
     </span>
    </p>
   </div>
   <div class='ocr_carea' id='block_1_83' title="bbox 1913 2323 3493 2396">
    <p class='ocr_par' dir='ltr' id='par_1_83' title="bbox 1913 2323 3493 2396">
     <span class='ocr_line' id='line_1_83' title="bbox 1913 2323 3493 2396; baseline 0.004 -19"><span class='ocrx_word' id='word_1_617' title='bbox 1913 2338 1989 2391; x_wconf 84' lang='lat' dir='ltr'><strong>Ix,</strong></span> <span class='ocrx_word' id='word_1_618' title='bbox 2025 2323 2161 2394; x_wconf 79' lang='lat'><strong>27)?</strong></span> <span class='ocrx_word' id='word_1_619' title='bbox 2199 2324 2392 2380; x_wconf 40' lang='lat' dir='ltr'><strong>Excita‘</strong></span> <span class='ocrx_word' id='word_1_620' title='bbox 2411 2326 2687 2396; x_wconf 80' lang='lat' dir='ltr'><strong>potentiam</strong></span> <span class='ocrx_word' id='word_1_621' title='bbox 2711 2336 2867 2379; x_wconf 80' lang='lat' dir='ltr'><strong>luant.</strong></span> <span class='ocrx_word' id='word_1_622' title='bbox 2901 2325 3030 2380; x_wconf 83' lang='lat' dir='ltr'><strong>Nam</strong></span> <span class='ocrx_word' id='word_1_623' title='bbox 3065 2325 3306 2382; x_wconf 79' lang='lat' dir='ltr'><strong>inﬁrmus</strong></span> <span class='ocrx_word' id='word_1_624' title='bbox 3335 2342 3454 2383; x_wconf 83' lang='lat' dir='ltr'><strong>eras</strong></span> <span class='ocrx_word' id='word_1_625' title='bbox 3478 2369 3493 2391; x_wconf 89' lang='lat'><strong>,</strong></span> 
     </span>
    </p>
   </div>
   <div class='ocr_carea' id='block_1_84' title="bbox 1913 2398 3494 2488">
    <p class='ocr_par' dir='ltr' id='par_1_84' title="bbox 1913 2398 3494 2488">
     <span class='ocr_line' id='line_1_84' title="bbox 1913 2398 3494 2488; baseline 0.003 -20"><span class='ocrx_word' id='word_1_626' title='bbox 1913 2417 2126 2488; x_wconf 83' lang='lat' dir='ltr'><strong>quando</strong></span> <span class='ocrx_word' id='word_1_627' title='bbox 2155 2417 2428 2472; x_wconf 55' lang='lat' dir='ltr'><strong>dicebatur</strong></span> <span class='ocrx_word' id='word_1_628' title='bbox 2509 2417 2571 2472; x_wconf 87' lang='lat' dir='ltr'><strong>Si</strong></span> <span class='ocrx_word' id='word_1_629' title='bbox 2621 2417 2759 2485; x_wconf 80' lang='lat' dir='ltr'><strong>ﬁlius</strong></span> <span class='ocrx_word' id='word_1_630' title='bbox 2811 2415 2909 2472; x_wconf 87' lang='lat' dir='ltr'><strong>Dei</strong></span> <span class='ocrx_word' id='word_1_631' title='bbox 2956 2428 3068 2484; x_wconf 82' lang='lat' dir='ltr'><strong>est,</strong></span> <span class='ocrx_word' id='word_1_632' title='bbox 3114 2417 3386 2474; x_wconf 71' lang='lat' dir='ltr'><strong>descendat</strong></span> <span class='ocrx_word' id='word_1_633' title='bbox 3431 2420 3494 2473; x_wconf 83' lang='lat' dir='ltr'><strong>de</strong></span> 
     </span>
    </p>
   </div>
   <div class='ocr_carea' id='block_1_85' title="bbox 1912 2507 3494 2581">
    <p class='ocr_par' dir='ltr' id='par_1_85' title="bbox 1912 2507 3494 2581">
     <span class='ocr_line' id='line_1_85' title="bbox 1912 2507 3494 2581; baseline -0.001 -18"><span class='ocrx_word' id='word_1_634' title='bbox 1912 2525 2059 2563; x_wconf 77' lang='lat' dir='ltr'><strong>crure</strong></span> <span class='ocrx_word' id='word_1_635' title='bbox 2081 2507 2292 2581; x_wconf 78' lang='lat' dir='ltr'><strong>(Matth.</strong></span> <span class='ocrx_word' id='word_1_636' title='bbox 2328 2525 2487 2572; x_wconf 76' lang='lat' dir='ltr'><strong>xxvu,</strong></span> <span class='ocrx_word' id='word_1_637' title='bbox 2511 2508 2624 2578; x_wconf 76' lang='grc'><strong>40).</strong></span> <span class='ocrx_word' id='word_1_638' title='bbox 2651 2508 2789 2577; x_wconf 78' lang='lat' dir='ltr'><strong>Nihil</strong></span> <span class='ocrx_word' id='word_1_639' title='bbox 2808 2509 2985 2563; x_wconf 88' lang='lat' dir='ltr'><strong>valere</strong></span> <span class='ocrx_word' id='word_1_640' title='bbox 3011 2508 3278 2565; x_wconf 83' lang='lat' dir='ltr'><strong>videbaris</strong></span> <span class='ocrx_word' id='word_1_641' title='bbox 3307 2528 3322 2566; x_wconf 87' lang='lat'><strong>:</strong></span> <span class='ocrx_word' id='word_1_642' title='bbox 3355 2526 3494 2580; x_wconf 67' lang='lat' dir='ltr'><strong>prm-</strong></span> 
     </span>
    </p>
   </div>
   <div class='ocr_carea' id='block_1_86' title="bbox 1915 2601 3494 2672">
    <p class='ocr_par' dir='ltr' id='par_1_86' title="bbox 1915 2601 3494 2672">
     <span class='ocr_line' id='line_1_86' title="bbox 1915 2601 3494 2672; baseline -0.001 -16"><span class='ocrx_word' id='word_1_643' title='bbox 1915 2601 2077 2657; x_wconf 83' lang='lat' dir='ltr'><strong>valuit</strong></span> <span class='ocrx_word' id='word_1_644' title='bbox 2106 2616 2265 2672; x_wconf 82' lang='lat' dir='ltr'><strong>Super</strong></span> <span class='ocrx_word' id='word_1_645' title='bbox 2295 2613 2345 2656; x_wconf 91' lang='lat' dir='ltr'><strong>te</strong></span> <span class='ocrx_word' id='word_1_646' title='bbox 2373 2611 2788 2672; x_wconf 84' lang='lat' dir='ltr'><strong>persccutor;et</strong></span> <span class='ocrx_word' id='word_1_647' title='bbox 2803 2602 3179 2657; x_wconf 84' lang='lat' dir='ltr'><strong>demonstrasti</strong></span> <span class='ocrx_word' id='word_1_648' title='bbox 3195 2601 3298 2658; x_wconf 87' lang='lat' dir='ltr'><strong>hoc</strong></span> <span class='ocrx_word' id='word_1_649' title='bbox 3316 2613 3494 2665; x_wconf 85' lang='lat' dir='ltr'><strong>antea,</strong></span> 
     </span>
    </p>
   </div>
   <div class='ocr_carea' id='block_1_87' title="bbox 1914 2687 3493 2766">
    <p class='ocr_par' dir='ltr' id='par_1_87' title="bbox 1914 2687 3493 2766">
     <span class='ocr_line' id='line_1_87' title="bbox 1914 2687 3493 2766; baseline -0.002 -19"><span class='ocrx_word' id='word_1_650' title='bbox 1914 2695 2036 2766; x_wconf 83' lang='lat' dir='ltr'><strong>quia</strong></span> <span class='ocrx_word' id='word_1_651' title='bbox 2080 2704 2135 2750; x_wconf 86' lang='lat' dir='ltr'><strong>et</strong></span> <span class='ocrx_word' id='word_1_652' title='bbox 2171 2687 2339 2749; x_wconf 83' lang='lat' dir='ltr'><strong>Jacob</strong></span> <span class='ocrx_word' id='word_1_653' title='bbox 2365 2695 2478 2765; x_wconf 88' lang='lat' dir='ltr'><strong>ipse</strong></span> <span class='ocrx_word' id='word_1_654' title='bbox 2506 2694 2779 2764; x_wconf 75' lang='lat' dir='ltr'><strong>prnzvaluit</strong></span> <span class='ocrx_word' id='word_1_655' title='bbox 2808 2693 2870 2746; x_wconf 82' lang='lat' dir='ltr'><strong>iu‘</strong></span> <span class='ocrx_word' id='word_1_656' title='bbox 2891 2693 3052 2759; x_wconf 87' lang='lat' dir='ltr'><strong>lucta,</strong></span> <span class='ocrx_word' id='word_1_657' title='bbox 3085 2692 3493 2764; x_wconf 77' lang='lat' dir='ltr'><strong>homoAngelu.</strong></span> 
     </span>
    </p>
   </div>
   <div class='ocr_carea' id='block_1_88' title="bbox 1913 2778 3496 2856">
    <p class='ocr_par' dir='ltr' id='par_1_88' title="bbox 1913 2778 3496 2856">
     <span class='ocr_line' id='line_1_88' title="bbox 1913 2778 3496 2856; baseline -0.001 -15"><span class='ocrx_word' id='word_1_658' title='bbox 1913 2786 2164 2855; x_wconf 65' lang='lat' dir='ltr'><strong>Quando,</strong></span> <span class='ocrx_word' id='word_1_659' title='bbox 2198 2789 2318 2842; x_wconf 80' lang='lat' dir='ltr'><strong>nisi</strong></span> <span class='ocrx_word' id='word_1_660' title='bbox 2341 2786 2500 2843; x_wconf 79' lang='lat' dir='ltr'><strong>vellet</strong></span> <span class='ocrx_word' id='word_1_661' title='bbox 2535 2779 2810 2856; x_wconf 67' lang='lat' dir='ltr'><strong>Angelus?</strong></span> <span class='ocrx_word' id='word_1_662' title='bbox 2834 2794 2888 2840; x_wconf 89' lang='lat' dir='ltr'><strong>et</strong></span> <span class='ocrx_word' id='word_1_663' title='bbox 2911 2778 3200 2855; x_wconf 68' lang='lat' dir='ltr'><strong>praevaluit</strong></span> <span class='ocrx_word' id='word_1_664' title='bbox 3221 2786 3381 2840; x_wconf 85' lang='lat' dir='ltr'><strong>homo</strong></span> <span class='ocrx_word' id='word_1_665' title='bbox 3401 2825 3415 2850; x_wconf 91' lang='lat'><strong>,</strong></span> <span class='ocrx_word' id='word_1_666' title='bbox 3441 2795 3496 2840; x_wconf 84' lang='lat' dir='ltr'><strong>et</strong></span> 
     </span>
    </p>
   </div>
   <div class='ocr_carea' id='block_1_89' title="bbox 1913 2859 3498 2950">
    <p class='ocr_par' dir='ltr' id='par_1_89' title="bbox 1913 2859 3498 2950">
     <span class='ocr_line' id='line_1_89' title="bbox 1913 2859 3498 2950; baseline 0 -18"><span class='ocrx_word' id='word_1_667' title='bbox 1913 2881 2084 2935; x_wconf 80' lang='lat' dir='ltr'><strong>victus</strong></span> <span class='ocrx_word' id='word_1_668' title='bbox 2104 2887 2186 2935; x_wconf 90' lang='lat' dir='ltr'><strong>est</strong></span> <span class='ocrx_word' id='word_1_669' title='bbox 2210 2878 2470 2950; x_wconf 83' lang='lat' dir='ltr'><strong>Angelus;</strong></span> <span class='ocrx_word' id='word_1_670' title='bbox 2498 2887 2555 2934; x_wconf 85' lang='lat' dir='ltr'><strong>et</strong></span> <span class='ocrx_word' id='word_1_671' title='bbox 2579 2877 2746 2933; x_wconf 89' lang='lat' dir='ltr'><strong>victor</strong></span> <span class='ocrx_word' id='word_1_672' title='bbox 2774 2876 2933 2932; x_wconf 88' lang='lat' dir='ltr'><strong>homo</strong></span> <span class='ocrx_word' id='word_1_673' title='bbox 2958 2859 3383 2947; x_wconf 68' lang='lat' dir='ltr'><strong>tenetjtngelum</strong></span> <span class='ocrx_word' id='word_1_674' title='bbox 3404 2919 3419 2944; x_wconf 89' lang='lat'><strong>,</strong></span> <span class='ocrx_word' id='word_1_675' title='bbox 3441 2887 3498 2934; x_wconf 89' lang='lat' dir='ltr'><strong>et</strong></span> 
     </span>
    </p>
   </div>
   <div class='ocr_carea' id='block_1_90' title="bbox 1913 2969 3494 3041">
    <p class='ocr_par' dir='ltr' id='par_1_90' title="bbox 1913 2969 3494 3041">
     <span class='ocr_line' id='line_1_90' title="bbox 1913 2969 3494 3041; baseline -0.002 -14"><span class='ocrx_word' id='word_1_676' title='bbox 1913 2970 2043 3027; x_wconf 87' lang='lat' dir='ltr'><strong>dicit</strong></span> <span class='ocrx_word' id='word_1_677' title='bbox 2087 2987 2101 3024; x_wconf 84' lang='lat'><strong>:</strong></span> <span class='ocrx_word' id='word_1_678' title='bbox 2136 2969 2258 3025; x_wconf 82' lang='lat' dir='ltr'><strong>Non</strong></span> <span class='ocrx_word' id='word_1_679' title='bbox 2294 2970 2542 3024; x_wconf 78' lang='lat' dir='ltr'><strong>dimittam</strong></span> <span class='ocrx_word' id='word_1_680' title='bbox 2563 2978 2633 3037; x_wconf 79' lang='lat' dir='ltr'><strong>te,</strong></span> <span class='ocrx_word' id='word_1_681' title='bbox 2667 2969 2763 3024; x_wconf 81' lang='lat' dir='ltr'><strong>nisi</strong></span> <span class='ocrx_word' id='word_1_682' title='bbox 2791 2969 3099 3036; x_wconf 61' lang='lat' dir='ltr'><strong>bencdigreris</strong></span> <span class='ocrx_word' id='word_1_683' title='bbox 3123 2985 3222 3023; x_wconf 85' lang='lat' dir='ltr'><strong>me.</strong></span> <span class='ocrx_word' id='word_1_684' title='bbox 3250 2969 3494 3041; x_wconf 82' lang='lat' dir='ltr'><strong>Magnum</strong></span> 
     </span>
    </p>
   </div>
   <div class='ocr_carea' id='block_1_91' title="bbox 1914 3061 3492 3129">
    <p class='ocr_par' dir='ltr' id='par_1_91' title="bbox 1914 3061 3492 3129">
     <span class='ocr_line' id='line_1_91' title="bbox 1914 3061 3492 3129; baseline 0.002 -10"><span class='ocrx_word' id='word_1_685' title='bbox 1914 3065 2346 3121; x_wconf 82' lang='lat' dir='ltr'><strong>sacramentum!</strong></span> <span class='ocrx_word' id='word_1_686' title='bbox 2371 3063 2436 3118; x_wconf 83' lang='lat' dir='ltr'><strong>Et</strong></span> <span class='ocrx_word' id='word_1_687' title='bbox 2462 3063 2778 3129; x_wconf 70' lang='lat' dir='ltr'><strong>statvietus,</strong></span> <span class='ocrx_word' id='word_1_688' title='bbox 2814 3071 2868 3117; x_wconf 88' lang='lat' dir='ltr'><strong>et</strong></span> <span class='ocrx_word' id='word_1_689' title='bbox 2901 3061 3166 3118; x_wconf 80' lang='lat' dir='ltr'><strong>benedicit</strong></span> <span class='ocrx_word' id='word_1_690' title='bbox 3192 3063 3444 3119; x_wconf 77' lang='lat' dir='ltr'><strong>victorem</strong></span> <span class='ocrx_word' id='word_1_691' title='bbox 3473 3080 3492 3122; x_wconf 85' lang='lat'><strong>:</strong></span> 
     </span>
    </p>
   </div>
   <div class='ocr_carea' id='block_1_92' title="bbox 1914 3141 3491 3227">
    <p class='ocr_par' dir='ltr' id='par_1_92' title="bbox 1914 3141 3491 3227">
     <span class='ocr_line' id='line_1_92' title="bbox 1914 3141 3491 3227; baseline 0 -18"><span class='ocrx_word' id='word_1_692' title='bbox 1914 3157 2101 3222; x_wconf 81' lang='lat' dir='ltr'><strong>victus,</strong></span> <span class='ocrx_word' id='word_1_693' title='bbox 2131 3156 2252 3227; x_wconf 89' lang='lat' dir='ltr'><strong>quia</strong></span> <span class='ocrx_word' id='word_1_694' title='bbox 2285 3156 2479 3222; x_wconf 75' lang='lat' dir='ltr'><strong>voluit;</strong></span> <span class='ocrx_word' id='word_1_695' title='bbox 2503 3169 2667 3210; x_wconf 85' lang='lat' dir='ltr'><strong>carne</strong></span> <span class='ocrx_word' id='word_1_696' title='bbox 2703 3153 2984 3221; x_wconf 71' lang='lat' dir='ltr'><strong>infirmus,</strong></span> <span class='ocrx_word' id='word_1_697' title='bbox 3013 3154 3288 3226; x_wconf 69' lang='lat' dir='ltr'><strong>majestate</strong></span> <span class='ocrx_word' id='word_1_698' title='bbox 3318 3141 3491 3210; x_wconf 68' lang='lat' dir='ltr'><strong>fortis.</strong></span> 
     </span>
    </p>
   </div>
   <div class='ocr_carea' id='block_1_93' title="bbox 1916 3245 3494 3323">
    <p class='ocr_par' dir='ltr' id='par_1_93' title="bbox 1916 3245 3494 3323">
     <span class='ocr_line' id='line_1_93' title="bbox 1916 3245 3494 3323; baseline -0.003 -19"><span class='ocrx_word' id='word_1_699' title='bbox 1916 3250 1979 3304; x_wconf 85' lang='lat' dir='ltr'><strong>Et</strong></span> <span class='ocrx_word' id='word_1_700' title='bbox 2008 3249 2278 3304; x_wconf 76' lang='lat' dir='ltr'><strong>benedixit</strong></span> <span class='ocrx_word' id='word_1_701' title='bbox 2303 3265 2316 3298; x_wconf 90' lang='lat'><strong>:</strong></span> <span class='ocrx_word' id='word_1_702' title='bbox 2346 3245 2630 3323; x_wconf 82' lang='lat' dir='ltr'><strong>Vocaberis,</strong></span> <span class='ocrx_word' id='word_1_703' title='bbox 2662 3245 2850 3316; x_wconf 84' lang='lat' dir='ltr'><strong>inquit,</strong></span> <span class='ocrx_word' id='word_1_704' title='bbox 2877 3245 3061 3302; x_wconf 82' lang='lat' dir='ltr'><strong>Israel.</strong></span> <span class='ocrx_word' id='word_1_705' title='bbox 3087 3246 3286 3317; x_wconf 76' lang='lat' dir='ltr'><strong>Tetigit</strong></span> <span class='ocrx_word' id='word_1_706' title='bbox 3312 3250 3494 3302; x_wconf 79' lang='lat' dir='ltr'><strong>tamen</strong></span> 
     </span>
    </p>
   </div>
   <div class='ocr_carea' id='block_1_94' title="bbox 1913 3338 3492 3410">
    <p class='ocr_par' dir='ltr' id='par_1_94' title="bbox 1913 3338 3492 3410">
     <span class='ocr_line' id='line_1_94' title="bbox 1913 3338 3492 3410; baseline -0.003 -11"><span class='ocrx_word' id='word_1_707' title='bbox 1913 3352 1968 3399; x_wconf 88' lang='lat' dir='ltr'><strong>ct</strong></span> <span class='ocrx_word' id='word_1_708' title='bbox 2014 3342 2227 3398; x_wconf 85' lang='lat' dir='ltr'><strong>femoris</strong></span> <span class='ocrx_word' id='word_1_709' title='bbox 2270 3339 2618 3399; x_wconf 84' lang='lat' dir='ltr'><strong>latitudinem.</strong></span> <span class='ocrx_word' id='word_1_710' title='bbox 2647 3350 2706 3395; x_wconf 88' lang='lat' dir='ltr'><strong>et</strong></span> <span class='ocrx_word' id='word_1_711' title='bbox 2732 3340 2890 3403; x_wconf 80' lang='lat' dir='ltr'><strong>omit,</strong></span> <span class='ocrx_word' id='word_1_712' title='bbox 2935 3339 3288 3410; x_wconf 79' lang='lat' dir='ltr'><strong>eurndemque</strong></span> <span class='ocrx_word' id='word_1_713' title='bbox 3315 3338 3492 3394; x_wconf 87' lang='lat' dir='ltr'><strong>homi-</strong></span> 
     </span>
    </p>
   </div>
   <div class='ocr_carea' id='block_1_95' title="bbox 1914 3429 3533 3505">
    <p class='ocr_par' dir='ltr' id='par_1_95' title="bbox 1914 3429 3533 3505">
     <span class='ocr_line' id='line_1_95' title="bbox 1914 3429 3533 3505; baseline -0.001 -15"><span class='ocrx_word' id='word_1_714' title='bbox 1914 3452 2036 3491; x_wconf 89' lang='lat' dir='ltr'><strong>nem</strong></span> <span class='ocrx_word' id='word_1_715' title='bbox 2084 3448 2248 3490; x_wconf 90' lang='lat' dir='ltr'><strong>unum</strong></span> <span class='ocrx_word' id='word_1_716' title='bbox 2293 3433 2418 3489; x_wconf 85' lang='lat' dir='ltr'><strong>fecit</strong></span> <span class='ocrx_word' id='word_1_717' title='bbox 2461 3443 2516 3488; x_wconf 89' lang='lat' dir='ltr'><strong>et</strong></span> <span class='ocrx_word' id='word_1_718' title='bbox 2556 3432 2890 3489; x_wconf 87' lang='lat' dir='ltr'><strong>benedictum</strong></span> <span class='ocrx_word' id='word_1_719' title='bbox 2942 3441 2996 3488; x_wconf 88' lang='lat' dir='ltr'><strong>et</strong></span> <span class='ocrx_word' id='word_1_720' title='bbox 3036 3431 3280 3488; x_wconf 78' lang='lat' dir='ltr'><strong>claudum</strong></span> <span class='ocrx_word' id='word_1_721' title='bbox 3333 3429 3488 3505; x_wconf 75' lang='lat' dir='ltr'><strong>(Gen.</strong></span> <span class='ocrx_word' id='word_1_722' title='bbox 3526 3450 3533 3472; x_wconf 83' lang='lat'><em>=</em></span> 
     </span>
    </p>
   </div>
   <div class='ocr_carea' id='block_1_96' title="bbox 1914 3524 3493 3602">
    <p class='ocr_par' dir='ltr' id='par_1_96' title="bbox 1914 3524 3493 3602">
     <span class='ocr_line' id='line_1_96' title="bbox 1914 3524 3493 3602; baseline -0.001 -18"><span class='ocrx_word' id='word_1_723' title='bbox 1914 3545 2076 3597; x_wconf 56' lang='grc' dir='ltr'><strong>χχιιι,</strong></span> <span class='ocrx_word' id='word_1_724' title='bbox 2106 3530 2198 3599; x_wconf 79' lang='lat'><strong>26,</strong></span> <span class='ocrx_word' id='word_1_725' title='bbox 2218 3528 2311 3597; x_wconf 77' lang='lat'><strong>28,</strong></span> <span class='ocrx_word' id='word_1_726' title='bbox 2338 3527 2452 3602; x_wconf 82' lang='lat'><strong>25).</strong></span> <span class='ocrx_word' id='word_1_727' title='bbox 2478 3527 2638 3585; x_wconf 83' lang='lat' dir='ltr'><strong>Vides</strong></span> <span class='ocrx_word' id='word_1_728' title='bbox 2655 3527 2982 3584; x_wconf 61' lang='lat' dir='ltr'><strong>claudicasse</strong></span> <span class='ocrx_word' id='word_1_729' title='bbox 3002 3528 3256 3599; x_wconf 86' lang='lat' dir='ltr'><strong>populum</strong></span> <span class='ocrx_word' id='word_1_730' title='bbox 3275 3524 3493 3582; x_wconf 66' lang='lat' dir='ltr'><strong>indam-</strong></span> 
     </span>
    </p>
   </div>
   <div class='ocr_carea' id='block_1_97' title="bbox 1914 3623 3492 3697">
    <p class='ocr_par' dir='ltr' id='par_1_97' title="bbox 1914 3623 3492 3697">
     <span class='ocr_line' id='line_1_97' title="bbox 1914 3623 3492 3697; baseline -0.002 -15"><span class='ocrx_word' id='word_1_731' title='bbox 1914 3642 2031 3682; x_wconf 90' lang='lat' dir='ltr'><strong>rum</strong></span> <span class='ocrx_word' id='word_1_732' title='bbox 2057 3643 2076 3682; x_wconf 87' lang='lat'><strong><em>:</em></strong></span> <span class='ocrx_word' id='word_1_733' title='bbox 2107 3625 2228 3682; x_wconf 84' lang='lat' dir='ltr'><strong>vide</strong></span> <span class='ocrx_word' id='word_1_734' title='bbox 2278 3626 2349 3681; x_wconf 91' lang='lat' dir='ltr'><strong>ibi</strong></span> <span class='ocrx_word' id='word_1_735' title='bbox 2387 3634 2443 3681; x_wconf 88' lang='lat' dir='ltr'><strong>et</strong></span> <span class='ocrx_word' id='word_1_736' title='bbox 2490 3623 2822 3680; x_wconf 82' lang='lat' dir='ltr'><strong>benedictum</strong></span> <span class='ocrx_word' id='word_1_737' title='bbox 2874 3640 3042 3697; x_wconf 88' lang='lat' dir='ltr'><strong>genus</strong></span> <span class='ocrx_word' id='word_1_738' title='bbox 3090 3625 3492 3695; x_wconf 78' lang='lat' dir='ltr'><strong>Apostolorum.</strong></span> 
     </span>
    </p>
   </div>
   <div class='ocr_carea' id='block_1_98' title="bbox 1913 3713 3494 3791">
    <p class='ocr_par' dir='ltr' id='par_1_98' title="bbox 1913 3713 3494 3791">
     <span class='ocr_line' id='line_1_98' title="bbox 1913 3713 3494 3791; baseline -0.003 -17"><span class='ocrx_word' id='word_1_739' title='bbox 1913 3717 2098 3774; x_wconf 68' lang='lat' dir='ltr'><strong>Excitet</strong></span> <span class='ocrx_word' id='word_1_740' title='bbox 2124 3733 2272 3791; x_wconf 76' lang='lat' dir='ltr'><strong>ergo</strong></span> <span class='ocrx_word' id='word_1_741' title='bbox 2291 3717 2564 3789; x_wconf 75' lang='lat' dir='ltr'><strong>potentiam</strong></span> <span class='ocrx_word' id='word_1_742' title='bbox 2593 3716 3059 3788; x_wconf 44' lang='lat' dir='ltr'><strong>(name-quamdiu</strong></span> <span class='ocrx_word' id='word_1_743' title='bbox 3103 3713 3295 3772; x_wconf 85' lang='lat' dir='ltr'><strong>videris</strong></span> <span class='ocrx_word' id='word_1_744' title='bbox 3343 3718 3494 3771; x_wconf 63' lang='lat' dir='ltr'><strong>inlice</strong></span> 
     </span>
    </p>
   </div>
   <div class='ocr_carea' id='block_1_99' title="bbox 1915 3808 3533 3880">
    <p class='ocr_par' dir='ltr' id='par_1_99' title="bbox 1915 3808 3533 3880">
     <span class='ocr_line' id='line_1_99' title="bbox 1915 3808 3533 3880; baseline 0 -16"><span class='ocrx_word' id='word_1_745' title='bbox 1915 3810 2071 3865; x_wconf 81' lang='lat' dir='ltr'><strong>mus?</strong></span> <span class='ocrx_word' id='word_1_746' title='bbox 2116 3808 2412 3866; x_wconf 74' lang='lat' dir='ltr'><strong>Crucilixus</strong></span> <span class='ocrx_word' id='word_1_747' title='bbox 2464 3824 2528 3865; x_wconf 87' lang='lat' dir='ltr'><strong>ex</strong></span> <span class='ocrx_word' id='word_1_748' title='bbox 2577 3808 2903 3876; x_wconf 77' lang='lat' dir='ltr'><strong>inﬁrmitate,</strong></span> <span class='ocrx_word' id='word_1_749' title='bbox 2951 3809 3261 3880; x_wconf 78' lang='lat' dir='ltr'><strong>resurge&#39;iu</strong></span> <span class='ocrx_word' id='word_1_750' title='bbox 3301 3812 3533 3871; x_wconf 60' lang='lat' dir='ltr'><strong>virtute</strong></span> 
     </span>
    </p>
   </div>
   <div class='ocr_carea' id='block_1_100' title="bbox 1916 3900 3505 3976">
    <p class='ocr_par' dir='ltr' id='par_1_100' title="bbox 1916 3900 3505 3976">
     <span class='ocr_line' id='line_1_100' title="bbox 1916 3900 3505 3976; baseline 0 -20"><span class='ocrx_word' id='word_1_751' title='bbox 1916 3901 1992 3975; x_wconf 92' lang='lat' dir='ltr'><strong>(ll</strong></span> <span class='ocrx_word' id='word_1_752' title='bbox 2029 3901 2147 3960; x_wconf 86' lang='lat' dir='ltr'><strong>Cor.</strong></span> <span class='ocrx_word' id='word_1_753' title='bbox 2187 3919 2302 3967; x_wconf 84' lang='lat' dir='ltr'><strong>xut,</strong></span> <span class='ocrx_word' id='word_1_754' title='bbox 2331 3902 2388 3976; x_wconf 73' lang='grc'><strong>4)</strong></span> <span class='ocrx_word' id='word_1_755' title='bbox 2417 3923 2429 3958; x_wconf 89' lang='grc'>;</span> <span class='ocrx_word' id='word_1_756' title='bbox 2461 3901 2639 3958; x_wconf 75' lang='lat' dir='ltr'><strong>Excita</strong></span> <span class='ocrx_word' id='word_1_757' title='bbox 2679 3902 2956 3974; x_wconf 77' lang='lat' dir='ltr'><strong>potentiam</strong></span> <span class='ocrx_word' id='word_1_758' title='bbox 2991 3912 3170 3970; x_wconf 74' lang='lat' dir='ltr'><strong>luant,</strong></span> <span class='ocrx_word' id='word_1_759' title='bbox 3197 3913 3245 3958; x_wconf 78' lang='lat' dir='ltr'><strong>et</strong></span> <span class='ocrx_word' id='word_1_760' title='bbox 3273 3900 3408 3969; x_wconf 73' lang='lat' dir='ltr'><strong>vesti,</strong></span> <span class='ocrx_word' id='word_1_761' title='bbox 3441 3913 3505 3961; x_wconf 77' lang='lat' dir='ltr'><strong>tit-</strong></span> 
     </span>
    </p>
   </div>
   <div class='ocr_carea' id='block_1_101' title="bbox 1914 3995 2400 4068">
    <p class='ocr_par' dir='ltr' id='par_1_101' title="bbox 1914 3995 2400 4068">
     <span class='ocr_line' id='line_1_101' title="bbox 1914 3995 2400 4068; baseline -0.01 -16"><span class='ocrx_word' id='word_1_762' title='bbox 1914 3995 2079 4052; x_wconf 80' lang='lat' dir='ltr'><strong>salvos</strong></span> <span class='ocrx_word' id='word_1_763' title='bbox 2105 3997 2265 4068; x_wconf 77' lang='lat' dir='ltr'><strong>facias</strong></span> <span class='ocrx_word' id='word_1_764' title='bbox 2293 4013 2400 4050; x_wconf 80' lang='lat' dir='ltr'><strong>nos.</strong></span> 
     </span>
    </p>
   </div>
   <div class='ocr_carea' id='block_1_102' title="bbox 1986 4086 3495 4164">
    <p class='ocr_par' dir='ltr' id='par_1_102' title="bbox 1986 4086 3495 4164">
     <span class='ocr_line' id='line_1_102' title="bbox 1986 4086 3495 4164; baseline -0.002 -19"><span class='ocrx_word' id='word_1_765' title='bbox 1986 4090 2040 4145; x_wconf 73' lang='grc' dir='ltr'><strong>ι.</strong></span> <span class='ocrx_word' id='word_1_766' title='bbox 2072 4087 2222 4164; x_wconf 68' lang='grc' dir='ltr'><strong>[πη.</strong></span> <span class='ocrx_word' id='word_1_767' title='bbox 2253 4087 2332 4161; x_wconf 74' lang='grc'><strong>4.]</strong></span> <span class='ocrx_word' id='word_1_768' title='bbox 2359 4086 2520 4153; x_wconf 79' lang='lat' dir='ltr'><strong>Deus,</strong></span> <span class='ocrx_word' id='word_1_769' title='bbox 2545 4099 2773 4142; x_wconf 75' lang='lat' dir='ltr'><strong>conuerte</strong></span> <span class='ocrx_word' id='word_1_770' title='bbox 2793 4105 2905 4142; x_wconf 83' lang='lat' dir='ltr'><strong>nos.</strong></span> <span class='ocrx_word' id='word_1_771' title='bbox 2925 4088 3111 4143; x_wconf 80' lang='lat' dir='ltr'><strong>Aversi</strong></span> <span class='ocrx_word' id='word_1_772' title='bbox 3139 4088 3279 4142; x_wconf 76' lang='lat' dir='ltr'><strong>enim</strong></span> <span class='ocrx_word' id='word_1_773' title='bbox 3304 4103 3495 4142; x_wconf 79' lang='lat' dir='ltr'><strong>sumus</strong></span> 
     </span>
    </p>
   </div>
   <div class='ocr_carea' id='block_1_103' title="bbox 1915 4176 3494 4250">
    <p class='ocr_par' dir='ltr' id='par_1_103' title="bbox 1915 4176 3494 4250">
     <span class='ocr_line' id='line_1_103' title="bbox 1915 4176 3494 4250; baseline -0.004 -12"><span class='ocrx_word' id='word_1_774' title='bbox 1915 4197 1946 4238; x_wconf 86' lang='lat' dir='ltr'><strong>a</strong></span> <span class='ocrx_word' id='word_1_775' title='bbox 1973 4192 2047 4250; x_wconf 88' lang='lat' dir='ltr'><strong>te,</strong></span> <span class='ocrx_word' id='word_1_776' title='bbox 2072 4191 2128 4240; x_wconf 80' lang='lat' dir='ltr'><strong>et</strong></span> <span class='ocrx_word' id='word_1_777' title='bbox 2155 4182 2256 4237; x_wconf 86' lang='lat' dir='ltr'><strong>nisi</strong></span> <span class='ocrx_word' id='word_1_778' title='bbox 2287 4193 2340 4234; x_wconf 87' lang='lat' dir='ltr'><strong>tu</strong></span> <span class='ocrx_word' id='word_1_779' title='bbox 2368 4192 2678 4246; x_wconf 81' lang='lat' dir='ltr'><strong>convertas,</strong></span> <span class='ocrx_word' id='word_1_780' title='bbox 2711 4195 2815 4235; x_wconf 85' lang='lat' dir='ltr'><strong>non</strong></span> <span class='ocrx_word' id='word_1_781' title='bbox 2843 4191 3248 4235; x_wconf 47' lang='lat' dir='ltr'><strong>converterunt.</strong></span> <span class='ocrx_word' id='word_1_782' title='bbox 3271 4178 3336 4232; x_wconf 77' lang='lat' dir='ltr'><strong>Et</strong></span> <span class='ocrx_word' id='word_1_783' title='bbox 3373 4176 3494 4232; x_wconf 74' lang='lat' dir='ltr'><strong>illu-</strong></span> 
     </span>
    </p>
   </div>
   <div class='ocr_carea' id='block_1_104' title="bbox 1915 4268 3495 4348">
    <p class='ocr_par' dir='ltr' id='par_1_104' title="bbox 1915 4268 3495 4348">
     <span class='ocr_line' id='line_1_104' title="bbox 1915 4268 3495 4348; baseline -0.003 -20"><span class='ocrx_word' id='word_1_784' title='bbox 1915 4274 2056 4329; x_wconf 84' lang='lat' dir='ltr'><strong>mina</strong></span> <span class='ocrx_word' id='word_1_785' title='bbox 2083 4275 2263 4348; x_wconf 77' lang='lat' dir='ltr'><strong>{aciem</strong></span> <span class='ocrx_word' id='word_1_786' title='bbox 2291 4283 2450 4340; x_wconf 85' lang='lat' dir='ltr'><strong>tuam,</strong></span> <span class='ocrx_word' id='word_1_787' title='bbox 2469 4281 2516 4326; x_wconf 83' lang='lat' dir='ltr'><strong>et</strong></span> <span class='ocrx_word' id='word_1_788' title='bbox 2530 4271 2656 4326; x_wconf 81' lang='lat' dir='ltr'><strong>salvi</strong></span> <span class='ocrx_word' id='word_1_789' title='bbox 2671 4273 2876 4347; x_wconf 66' lang='lat' dir='ltr'><strong>erum.</strong></span> <span class='ocrx_word' id='word_1_790' title='bbox 2900 4269 3166 4340; x_wconf 84' lang='lat' dir='ltr'><strong>Numquid</strong></span> <span class='ocrx_word' id='word_1_791' title='bbox 3193 4268 3495 4344; x_wconf 74' lang='lat' dir='ltr'><strong>illeobscu-</strong></span> 
     </span>
    </p>
   </div>
   <div class='ocr_carea' id='block_1_105' title="bbox 1919 4361 3493 4432">
    <p class='ocr_par' dir='ltr' id='par_1_105' title="bbox 1919 4361 3493 4432">
     <span class='ocr_line' id='line_1_105' title="bbox 1919 4361 3493 4432; baseline -0.003 -10"><span class='ocrx_word' id='word_1_792' title='bbox 1919 4381 2030 4422; x_wconf 90' lang='lat' dir='ltr'><strong>ram</strong></span> <span class='ocrx_word' id='word_1_793' title='bbox 2062 4367 2224 4423; x_wconf 87' lang='lat' dir='ltr'><strong>habet</strong></span> <span class='ocrx_word' id='word_1_794' title='bbox 2264 4365 2492 4422; x_wconf 75' lang='lat' dir='ltr'><strong>faciem?</strong></span> <span class='ocrx_word' id='word_1_795' title='bbox 2530 4366 2644 4420; x_wconf 81' lang='lat' dir='ltr'><strong>Non</strong></span> <span class='ocrx_word' id='word_1_796' title='bbox 2673 4364 2832 4420; x_wconf 84' lang='lat' dir='ltr'><strong>habet</strong></span> <span class='ocrx_word' id='word_1_797' title='bbox 2853 4364 3132 4419; x_wconf 70' lang='lat' dir='ltr'><strong>obscuram</strong></span> <span class='ocrx_word' id='word_1_798' title='bbox 3159 4361 3372 4432; x_wconf 80' lang='lat' dir='ltr'><strong>faciem,</strong></span> <span class='ocrx_word' id='word_1_799' title='bbox 3397 4362 3493 4419; x_wconf 80' lang='lat' dir='ltr'><strong>sed</strong></span> 
     </span>
    </p>
   </div>
   <div class='ocr_carea' id='block_1_106' title="bbox 1915 4455 3488 4530">
    <p class='ocr_par' dir='ltr' id='par_1_106' title="bbox 1915 4455 3488 4530">
     <span class='ocr_line' id='line_1_106' title="bbox 1915 4455 3488 4530; baseline -0.003 -16"><span class='ocrx_word' id='word_1_800' title='bbox 1915 4461 2163 4530; x_wconf 84' lang='lat' dir='ltr'><strong>apposuit</strong></span> <span class='ocrx_word' id='word_1_801' title='bbox 2188 4460 2205 4492; x_wconf 83' lang='grc'>¹</span> <span class='ocrx_word' id='word_1_802' title='bbox 2233 4459 2281 4514; x_wconf 90' lang='lat' dir='ltr'><strong>ei</strong></span> <span class='ocrx_word' id='word_1_803' title='bbox 2321 4459 2514 4514; x_wconf 88' lang='lat' dir='ltr'><strong>nubem</strong></span> <span class='ocrx_word' id='word_1_804' title='bbox 2545 4457 2738 4519; x_wconf 87' lang='lat' dir='ltr'><strong>carnis,</strong></span> <span class='ocrx_word' id='word_1_805' title='bbox 2769 4466 2822 4510; x_wconf 86' lang='lat' dir='ltr'><strong>et</strong></span> <span class='ocrx_word' id='word_1_806' title='bbox 2855 4466 3102 4526; x_wconf 87' lang='lat' dir='ltr'><strong>tauquam</strong></span> <span class='ocrx_word' id='word_1_807' title='bbox 3137 4455 3310 4512; x_wconf 88' lang='lat' dir='ltr'><strong>velum</strong></span> <span class='ocrx_word' id='word_1_808' title='bbox 3340 4455 3488 4510; x_wconf 75' lang='lat' dir='ltr'><strong>inllr~</strong></span> 
     </span>
    </p>
   </div>
   <div class='ocr_carea' id='block_1_107' title="bbox 1917 4546 3487 4621">
    <p class='ocr_par' dir='ltr' id='par_1_107' title="bbox 1917 4546 3487 4621">
     <span class='ocr_line' id='line_1_107' title="bbox 1917 4546 3487 4621; baseline -0.005 -13"><span class='ocrx_word' id='word_1_809' title='bbox 1917 4553 2132 4617; x_wconf 85' lang='lat' dir='ltr'><strong>mitatis,</strong></span> <span class='ocrx_word' id='word_1_810' title='bbox 2159 4562 2214 4606; x_wconf 90' lang='lat' dir='ltr'><strong>et</strong></span> <span class='ocrx_word' id='word_1_811' title='bbox 2242 4567 2346 4606; x_wconf 81' lang='lat' dir='ltr'><strong>non</strong></span> <span class='ocrx_word' id='word_1_812' title='bbox 2371 4561 2450 4607; x_wconf 82' lang='lat' dir='ltr'><strong>est</strong></span> <span class='ocrx_word' id='word_1_813' title='bbox 2478 4558 2691 4621; x_wconf 85' lang='lat' dir='ltr'><strong>putatus</strong></span> <span class='ocrx_word' id='word_1_814' title='bbox 2711 4550 2823 4619; x_wconf 82' lang='lat' dir='ltr'><strong>ipse</strong></span> <span class='ocrx_word' id='word_1_815' title='bbox 2842 4563 2962 4604; x_wconf 89' lang='lat' dir='ltr'><strong>cum</strong></span> <span class='ocrx_word' id='word_1_816' title='bbox 2983 4546 3236 4617; x_wconf 86' lang='lat' dir='ltr'><strong>penderet</strong></span> <span class='ocrx_word' id='word_1_817' title='bbox 3254 4547 3304 4600; x_wconf 92' lang='lat' dir='ltr'><strong>in</strong></span> <span class='ocrx_word' id='word_1_818' title='bbox 3327 4547 3487 4617; x_wconf 87' lang='lat' dir='ltr'><strong>ligno,</strong></span> 
     </span>
    </p>
   </div>
   <div class='ocr_carea' id='block_1_108' title="bbox 1915 4635 3494 4716">
    <p class='ocr_par' dir='ltr' id='par_1_108' title="bbox 1915 4635 3494 4716">
     <span class='ocr_line' id='line_1_108' title="bbox 1915 4635 3494 4716; baseline -0.004 -18"><span class='ocrx_word' id='word_1_819' title='bbox 1915 4643 2284 4716; x_wconf 87' lang='lat' dir='ltr'><strong>agnoscendus</strong></span> <span class='ocrx_word' id='word_1_820' title='bbox 2306 4657 2425 4699; x_wconf 90' lang='lat' dir='ltr'><strong>cum</strong></span> <span class='ocrx_word' id='word_1_821' title='bbox 2453 4641 2663 4696; x_wconf 87' lang='lat' dir='ltr'><strong>sederet</strong></span> <span class='ocrx_word' id='word_1_822' title='bbox 2701 4639 2752 4695; x_wconf 88' lang='lat' dir='ltr'><strong>in</strong></span> <span class='ocrx_word' id='word_1_823' title='bbox 2791 4639 2948 4696; x_wconf 71' lang='grc' dir='ltr'><strong>οωιυ.</strong></span> <span class='ocrx_word' id='word_1_824' title='bbox 2994 4637 3124 4693; x_wconf 78' lang='lat' dir='ltr'><strong>Nam</strong></span> <span class='ocrx_word' id='word_1_825' title='bbox 3177 4637 3248 4695; x_wconf 84' lang='lat' dir='ltr'><strong>ita</strong></span> <span class='ocrx_word' id='word_1_826' title='bbox 3295 4635 3494 4693; x_wconf 86' lang='lat' dir='ltr'><strong>factum</strong></span> 
     </span>
    </p>
   </div>
   <div class='ocr_carea' id='block_1_109' title="bbox 1916 4728 3494 4796">
    <p class='ocr_par' dir='ltr' id='par_1_109' title="bbox 1916 4728 3494 4796">
     <span class='ocr_line' id='line_1_109' title="bbox 1916 4728 3494 4796; baseline -0.006 -1"><span class='ocrx_word' id='word_1_827' title='bbox 1916 4749 2018 4795; x_wconf 85' lang='lat' dir='ltr'><strong>est.</strong></span> <span class='ocrx_word' id='word_1_828' title='bbox 2048 4737 2372 4794; x_wconf 67' lang='lat' dir='ltr'><strong>Praesentem</strong></span> <span class='ocrx_word' id='word_1_829' title='bbox 2396 4735 2450 4789; x_wconf 89' lang='lat' dir='ltr'><strong>in</strong></span> <span class='ocrx_word' id='word_1_830' title='bbox 2477 4745 2614 4790; x_wconf 81' lang='lat' dir='ltr'><strong>terra</strong></span> <span class='ocrx_word' id='word_1_831' title='bbox 2634 4731 2905 4788; x_wconf 63' lang='lat' dir='ltr'><strong>Chriuum</strong></span> <span class='ocrx_word' id='word_1_832' title='bbox 2934 4740 2988 4786; x_wconf 87' lang='lat' dir='ltr'><strong>et</strong></span> <span class='ocrx_word' id='word_1_833' title='bbox 3013 4729 3263 4796; x_wconf 67' lang='lat' dir='ltr'><strong>miracula</strong></span> <span class='ocrx_word' id='word_1_834' title='bbox 3292 4728 3494 4786; x_wconf 78' lang='lat' dir='ltr'><strong>facien-</strong></span> 
     </span>
    </p>
   </div>
   <div class='ocr_carea' id='block_1_110' title="bbox 1919 4825 3513 4900">
    <p class='ocr_par' dir='ltr' id='par_1_110' title="bbox 1919 4825 3513 4900">
     <span class='ocr_line' id='line_1_110' title="bbox 1919 4825 3513 4900; baseline -0.004 -15"><span class='ocrx_word' id='word_1_835' title='bbox 1919 4839 2024 4886; x_wconf 88' lang='lat' dir='ltr'><strong>tem</strong></span> <span class='ocrx_word' id='word_1_836' title='bbox 2048 4843 2153 4884; x_wconf 91' lang='lat' dir='ltr'><strong>non</strong></span> <span class='ocrx_word' id='word_1_837' title='bbox 2181 4827 2395 4900; x_wconf 76' lang='lat' dir='ltr'><strong>agnOvit</strong></span> <span class='ocrx_word' id='word_1_838' title='bbox 2418 4825 2628 4895; x_wconf 81' lang='lat' dir='ltr'><strong>Asaph;</strong></span> <span class='ocrx_word' id='word_1_839' title='bbox 2652 4833 2916 4879; x_wconf 87' lang='lat' dir='ltr'><strong>mortuum</strong></span> <span class='ocrx_word' id='word_1_840' title='bbox 2935 4831 3137 4886; x_wconf 83' lang='lat' dir='ltr'><strong>tamen,</strong></span> <span class='ocrx_word' id='word_1_841' title='bbox 3153 4831 3513 4895; x_wconf 81' lang='lat' dir='ltr'><strong>posteaquam</strong></span> 
     </span>
    </p>
   </div>
   <div class='ocr_carea' id='block_1_111' title="bbox 1917 4913 3496 4986">
    <p class='ocr_par' dir='ltr' id='par_1_111' title="bbox 1917 4913 3496 4986">
     <span class='ocr_line' id='line_1_111' title="bbox 1917 4913 3496 4986; baseline -0.004 -8"><span class='ocrx_word' id='word_1_842' title='bbox 1917 4919 2209 4978; x_wconf 82' lang='lat' dir='ltr'><strong>resurrexit</strong></span> <span class='ocrx_word' id='word_1_843' title='bbox 2233 4929 2288 4976; x_wconf 89' lang='lat' dir='ltr'><strong>et</strong></span> <span class='ocrx_word' id='word_1_844' title='bbox 2305 4917 2544 4974; x_wconf 86' lang='lat' dir='ltr'><strong>ascendit</strong></span> <span class='ocrx_word' id='word_1_845' title='bbox 2566 4916 2620 4972; x_wconf 89' lang='lat' dir='ltr'><strong>in</strong></span> <span class='ocrx_word' id='word_1_846' title='bbox 2639 4915 2855 4978; x_wconf 73' lang='lat' dir='ltr'><strong>coelum,</strong></span> <span class='ocrx_word' id='word_1_847' title='bbox 2885 4913 3119 4986; x_wconf 81' lang='lat' dir='ltr'><strong>agnovit,</strong></span> <span class='ocrx_word' id='word_1_848' title='bbox 3143 4920 3496 4985; x_wconf 70' lang='lat' dir='ltr'><strong>‘compunetus</strong></span> 
     </span>
    </p>
   </div>
   <div class='ocr_carea' id='block_1_112' title="bbox 1918 5007 3497 5079">
    <p class='ocr_par' dir='ltr' id='par_1_112' title="bbox 1918 5007 3497 5079">
     <span class='ocr_line' id='line_1_112' title="bbox 1918 5007 3497 5079; baseline -0.004 -7"><span class='ocrx_word' id='word_1_849' title='bbox 1918 5026 2001 5072; x_wconf 86' lang='lat' dir='ltr'><strong>est</strong></span> <span class='ocrx_word' id='word_1_850' title='bbox 2032 5032 2049 5072; x_wconf 89' lang='lat'><strong>:</strong></span> <span class='ocrx_word' id='word_1_851' title='bbox 2075 5012 2271 5070; x_wconf 86' lang='lat' dir='ltr'><strong>dixerit</strong></span> <span class='ocrx_word' id='word_1_852' title='bbox 2296 5020 2352 5068; x_wconf 90' lang='lat' dir='ltr'><strong>et</strong></span> <span class='ocrx_word' id='word_1_853' title='bbox 2391 5009 2460 5067; x_wconf 89' lang='lat' dir='ltr'><strong>de</strong></span> <span class='ocrx_word' id='word_1_854' title='bbox 2491 5010 2584 5065; x_wconf 85' lang='lat' dir='ltr'><strong>illo</strong></span> <span class='ocrx_word' id='word_1_855' title='bbox 2611 5019 2780 5064; x_wconf 85' lang='lat' dir='ltr'><strong>totum</strong></span> <span class='ocrx_word' id='word_1_856' title='bbox 2821 5009 2922 5064; x_wconf 85' lang='lat' dir='ltr'><strong>hoc</strong></span> <span class='ocrx_word' id='word_1_857' title='bbox 2953 5009 3309 5064; x_wconf 83' lang='lat' dir='ltr'><strong>testimonium</strong></span> <span class='ocrx_word' id='word_1_858' title='bbox 3354 5007 3497 5079; x_wconf 70' lang='grc' dir='ltr'><strong>«ιιιάὰ</strong></span> 
     </span>
    </p>
   </div>
   <div class='ocr_carea' id='block_1_113' title="bbox 1920 5101 3494 5178">
    <p class='ocr_par' dir='ltr' id='par_1_113' title="bbox 1920 5101 3494 5178">
     <span class='ocr_line' id='line_1_113' title="bbox 1920 5101 3494 5178; baseline -0.006 -13"><span class='ocrx_word' id='word_1_859' title='bbox 1920 5107 2080 5166; x_wconf 89' lang='lat' dir='ltr'><strong>modo</strong></span> <span class='ocrx_word' id='word_1_860' title='bbox 2126 5105 2462 5178; x_wconf 78' lang='lat' dir='ltr'><strong>agnoscimus</strong></span> <span class='ocrx_word' id='word_1_861' title='bbox 2518 5104 2568 5158; x_wconf 92' lang='lat' dir='ltr'><strong>in</strong></span> <span class='ocrx_word' id='word_1_862' title='bbox 2612 5102 2715 5158; x_wconf 86' lang='lat' dir='ltr'><strong>hoc</strong></span> <span class='ocrx_word' id='word_1_863' title='bbox 2758 5103 2984 5172; x_wconf 83' lang='lat' dir='ltr'><strong>psalmo,</strong></span> <span class='ocrx_word' id='word_1_864' title='bbox 3026 5101 3270 5157; x_wconf 82' lang='lat' dir='ltr'><strong>lllumina</strong></span> <span class='ocrx_word' id='word_1_865' title='bbox 3315 5103 3494 5174; x_wconf 69' lang='lat' dir='ltr'><strong>[aciem</strong></span> 
     </span>
    </p>
   </div>
   <div class='ocr_carea' id='block_1_114' title="bbox 1921 5196 3497 5270">
    <p class='ocr_par' dir='ltr' id='par_1_114' title="bbox 1921 5196 3497 5270">
     <span class='ocr_line' id='line_1_114' title="bbox 1921 5196 3497 5270; baseline -0.005 -12"><span class='ocrx_word' id='word_1_866' title='bbox 1921 5212 2089 5270; x_wconf 83' lang='lat' dir='ltr'><strong>tuam,</strong></span> <span class='ocrx_word' id='word_1_867' title='bbox 2117 5211 2166 5256; x_wconf 81' lang='lat' dir='ltr'><strong>et</strong></span> <span class='ocrx_word' id='word_1_868' title='bbox 2190 5198 2316 5254; x_wconf 68' lang='lat' dir='ltr'><strong>salsi</strong></span> <span class='ocrx_word' id='word_1_869' title='bbox 2336 5200 2542 5254; x_wconf 85' lang='lat' dir='ltr'><strong>erimus.</strong></span> <span class='ocrx_word' id='word_1_870' title='bbox 2564 5196 2821 5254; x_wconf 83' lang='lat' dir='ltr'><strong>Obtexisti</strong></span> <span class='ocrx_word' id='word_1_871' title='bbox 2855 5197 3039 5251; x_wconf 69' lang='lat' dir='ltr'><strong>titeiem</strong></span> <span class='ocrx_word' id='word_1_872' title='bbox 3064 5205 3228 5262; x_wconf 80' lang='lat' dir='ltr'><strong>tuam,</strong></span> <span class='ocrx_word' id='word_1_873' title='bbox 3250 5204 3304 5250; x_wconf 90' lang='lat' dir='ltr'><strong>et</strong></span> <span class='ocrx_word' id='word_1_874' title='bbox 3325 5209 3497 5265; x_wconf 61' lang='lat' dir='ltr'><strong>agro-</strong></span> 
     </span>
    </p>
   </div>
   <div class='ocr_carea' id='block_1_115' title="bbox 1923 5287 3484 5356">
    <p class='ocr_par' dir='ltr' id='par_1_115' title="bbox 1923 5287 3484 5356">
     <span class='ocr_line' id='line_1_115' title="bbox 1923 5287 3484 5356; baseline -0.003 -7"><span class='ocrx_word' id='word_1_875' title='bbox 1923 5293 2150 5349; x_wconf 69' lang='lat' dir='ltr'><strong>tavimus</strong></span> <span class='ocrx_word' id='word_1_876' title='bbox 2177 5309 2191 5346; x_wconf 87' lang='lat'><strong>:</strong></span> <span class='ocrx_word' id='word_1_877' title='bbox 2222 5289 2457 5346; x_wconf 83' lang='lat' dir='ltr'><strong>illumina</strong></span> <span class='ocrx_word' id='word_1_878' title='bbox 2485 5288 2660 5356; x_wconf 77' lang='lat' dir='ltr'><strong>illam,</strong></span> <span class='ocrx_word' id='word_1_879' title='bbox 2695 5295 2750 5343; x_wconf 91' lang='lat' dir='ltr'><strong>et</strong></span> <span class='ocrx_word' id='word_1_880' title='bbox 2774 5287 2906 5344; x_wconf 87' lang='lat' dir='ltr'><strong>salvi</strong></span> <span class='ocrx_word' id='word_1_881' title='bbox 2931 5287 3154 5344; x_wconf 79' lang='lat' dir='ltr'><strong>erimus.</strong></span> <span class='ocrx_word' id='word_1_882' title='bbox 3482 5299 3484 5301; x_wconf 73' lang='lat'><strong><em>’</em></strong></span> 
     </span>
    </p>
   </div>
   <div class='ocr_carea' id='block_1_116' title="bbox 1994 5377 3499 5457">
    <p class='ocr_par' dir='ltr' id='par_1_116' title="bbox 1994 5377 3499 5457">
     <span class='ocr_line' id='line_1_116' title="bbox 1994 5377 3499 5457; baseline -0.008 -17"><span class='ocrx_word' id='word_1_883' title='bbox 1994 5386 2048 5441; x_wconf 80' lang='lat'><strong>5.</strong></span> <span class='ocrx_word' id='word_1_884' title='bbox 2089 5381 2240 5457; x_wconf 74' lang='grc' dir='ltr'><strong>[νεη.</strong></span> <span class='ocrx_word' id='word_1_885' title='bbox 2271 5378 2351 5455; x_wconf 79' lang='lat'><strong>5.]</strong></span> <span class='ocrx_word' id='word_1_886' title='bbox 2379 5378 2617 5444; x_wconf 82' lang='lat' dir='ltr'><strong>Domine,</strong></span> <span class='ocrx_word' id='word_1_887' title='bbox 2645 5377 2788 5434; x_wconf 79' lang='lat' dir='ltr'><strong>Deus</strong></span> <span class='ocrx_word' id='word_1_888' title='bbox 2812 5379 3045 5433; x_wconf 81' lang='lat' dir='ltr'><strong>virtutum</strong></span> <span class='ocrx_word' id='word_1_889' title='bbox 3068 5420 3085 5445; x_wconf 90' lang='lat'><strong>,</strong></span> <span class='ocrx_word' id='word_1_890' title='bbox 3115 5393 3366 5449; x_wconf 77' lang='lat' dir='ltr'><strong>usquequo</strong></span> <span class='ocrx_word' id='word_1_891' title='bbox 3395 5377 3499 5432; x_wconf 76' lang='lat' dir='ltr'><strong>ira-</strong></span> 
     </span>
    </p>
   </div>
   <div class='ocr_carea' id='block_1_117' title="bbox 1923 5472 3495 5534">
    <p class='ocr_par' dir='ltr' id='par_1_117' title="bbox 1923 5472 3495 5534">
     <span class='ocr_line' id='line_1_117' title="bbox 1923 5472 3495 5534; baseline -0.005 0"><span class='ocrx_word' id='word_1_892' title='bbox 1923 5481 2077 5534; x_wconf 78' lang='lat' dir='ltr'><strong>sceris</strong></span> <span class='ocrx_word' id='word_1_893' title='bbox 2095 5478 2148 5532; x_wconf 89' lang='lat' dir='ltr'><strong>in</strong></span> <span class='ocrx_word' id='word_1_894' title='bbox 2175 5476 2455 5530; x_wconf 84' lang='lat' dir='ltr'><strong>orationem</strong></span> <span class='ocrx_word' id='word_1_895' title='bbox 2475 5474 2602 5528; x_wconf 73' lang='lat' dir='ltr'><strong>servi</strong></span> <span class='ocrx_word' id='word_1_896' title='bbox 2624 5473 2735 5528; x_wconf 83' lang='lat' dir='ltr'><strong>tui?</strong></span> <span class='ocrx_word' id='word_1_897' title='bbox 2757 5472 2875 5528; x_wconf 67' lang='lat' dir='ltr'><strong>tam</strong></span> <span class='ocrx_word' id='word_1_898' title='bbox 2899 5473 3025 5527; x_wconf 82' lang='lat' dir='ltr'><strong>serui</strong></span> <span class='ocrx_word' id='word_1_899' title='bbox 3054 5473 3149 5527; x_wconf 83' lang='lat' dir='ltr'><strong>tui.</strong></span> <span class='ocrx_word' id='word_1_900' title='bbox 3178 5472 3495 5528; x_wconf 70' lang='lat' dir='ltr'><strong>irasceturis</strong></span> 
     </span>
    </p>
   </div>
   <div class='ocr_carea' id='block_1_118' title="bbox 1922 5564 3527 5630">
    <p class='ocr_par' dir='ltr' id='par_1_118' title="bbox 1922 5564 3527 5630">
     <span class='ocr_line' id='line_1_118' title="bbox 1922 5564 3527 5630; baseline -0.003 -4"><span class='ocrx_word' id='word_1_901' title='bbox 1922 5572 1977 5626; x_wconf 92' lang='lat' dir='ltr'><strong>in</strong></span> <span class='ocrx_word' id='word_1_902' title='bbox 2002 5569 2297 5626; x_wconf 80' lang='lat' dir='ltr'><strong>orationem</strong></span> <span class='ocrx_word' id='word_1_903' title='bbox 2320 5565 2516 5621; x_wconf 85' lang='lat' dir='ltr'><strong>inimici</strong></span> <span class='ocrx_word' id='word_1_904' title='bbox 2545 5565 2644 5630; x_wconf 84' lang='lat' dir='ltr'><strong>tui,</strong></span> <span class='ocrx_word' id='word_1_905' title='bbox 2664 5564 2836 5620; x_wconf 84' lang='lat' dir='ltr'><strong>adhuc</strong></span> <span class='ocrx_word' id='word_1_906' title='bbox 2858 5564 3182 5621; x_wconf 76' lang='lat' dir='ltr'><strong>irascerisiu</strong></span> <span class='ocrx_word' id='word_1_907' title='bbox 3200 5566 3498 5621; x_wconf 78' lang='lat' dir='ltr'><strong>orationem</strong></span> <span class='ocrx_word' id='word_1_908' title='bbox 3525 5609 3527 5611; x_wconf 80' lang='lat'><strong>.</strong></span> 
     </span>
    </p>
   </div>
   <div class='ocr_carea' id='block_1_119' title="bbox 1924 5656 3528 5728">
    <p class='ocr_par' dir='ltr' id='par_1_119' title="bbox 1924 5656 3528 5728">
     <span class='ocr_line' id='line_1_119' title="bbox 1924 5656 3528 5728; baseline -0.002 -9"><span class='ocrx_word' id='word_1_909' title='bbox 1924 5663 2064 5719; x_wconf 85' lang='lat' dir='ltr'><strong>servi</strong></span> <span class='ocrx_word' id='word_1_910' title='bbox 2116 5660 2224 5722; x_wconf 74' lang='grc' dir='ltr'><strong>ιυιι</strong></span> <span class='ocrx_word' id='word_1_911' title='bbox 2263 5658 2585 5714; x_wconf 78' lang='lat' dir='ltr'><strong>Convertisti</strong></span> <span class='ocrx_word' id='word_1_912' title='bbox 2630 5672 2761 5724; x_wconf 83' lang='lat' dir='ltr'><strong>nos,</strong></span> <span class='ocrx_word' id='word_1_913' title='bbox 2812 5657 3172 5728; x_wconf 78' lang='lat' dir='ltr'><strong>agnovimus,</strong></span> <span class='ocrx_word' id='word_1_914' title='bbox 3214 5667 3274 5716; x_wconf 85' lang='lat' dir='ltr'><strong>et</strong></span> <span class='ocrx_word' id='word_1_915' title='bbox 3323 5656 3528 5716; x_wconf 70' lang='grc' dir='ltr'><strong>αόΙιιια·</strong></span> 
     </span>
    </p>
   </div>
   <div class='ocr_carea' id='block_1_120' title="bbox 1926 5749 3530 5824">
    <p class='ocr_par' dir='ltr' id='par_1_120' title="bbox 1926 5749 3530 5824">
     <span class='ocr_line' id='line_1_120' title="bbox 1926 5749 3530 5824; baseline -0.005 -12"><span class='ocrx_word' id='word_1_916' title='bbox 1926 5753 2170 5813; x_wconf 84' lang='lat' dir='ltr'><strong>irasceris</strong></span> <span class='ocrx_word' id='word_1_917' title='bbox 2206 5753 2258 5808; x_wconf 90' lang='lat' dir='ltr'><strong>iu</strong></span> <span class='ocrx_word' id='word_1_918' title='bbox 2289 5750 2583 5807; x_wconf 85' lang='lat' dir='ltr'><strong>orationem</strong></span> <span class='ocrx_word' id='word_1_919' title='bbox 2608 5751 2758 5806; x_wconf 77' lang='lat' dir='ltr'><strong>servi</strong></span> <span class='ocrx_word' id='word_1_920' title='bbox 2777 5750 2906 5808; x_wconf 70' lang='lat' dir='ltr'><strong>.tuit</strong></span> <span class='ocrx_word' id='word_1_921' title='bbox 2945 5749 3026 5808; x_wconf 80' lang='lat' dir='ltr'><strong>Ita.</strong></span> <span class='ocrx_word' id='word_1_922' title='bbox 3055 5752 3210 5824; x_wconf 76' lang='lat' dir='ltr'><strong>plane</strong></span> <span class='ocrx_word' id='word_1_923' title='bbox 3228 5750 3499 5820; x_wconf 71' lang='lat' dir='ltr'><strong>irasceris,</strong></span> <span class='ocrx_word' id='word_1_924' title='bbox 3524 5798 3530 5804; x_wconf 88' lang='lat'><strong>.</strong></span> 
     </span>
    </p>
   </div>
   <div class='ocr_carea' id='block_1_121' title="bbox 1952 5840 2800 5909">
    <p class='ocr_par' dir='ltr' id='par_1_121' title="bbox 1952 5840 2800 5909">
     <span class='ocr_line' id='line_1_121' title="bbox 1952 5840 2800 5909; baseline 0.002 -15"><span class='ocrx_word' id='word_1_925' title='bbox 1952 5883 1956 5886; x_wconf 34' lang='lat'><strong>.</strong></span> <span class='ocrx_word' id='word_1_926' title='bbox 1991 5849 2009 5882; x_wconf 81' lang='grc' dir='ltr'><strong>ι</strong></span> <span class='ocrx_word' id='word_1_927' title='bbox 2031 5846 2113 5900; x_wconf 71' lang='lat' dir='ltr'><strong>sic</strong></span> <span class='ocrx_word' id='word_1_928' title='bbox 2144 5849 2331 5900; x_wconf 40' lang='lat' dir='ltr'><strong>mssast</strong></span> <span class='ocrx_word' id='word_1_929' title='bbox 2349 5842 2483 5908; x_wconf 63' lang='grc' dir='ltr'><strong>ωτι,</strong></span> <span class='ocrx_word' id='word_1_930' title='bbox 2506 5840 2756 5909; x_wconf 57' lang='lat' dir='ltr'><strong>opposuit.</strong></span> <span class='ocrx_word' id='word_1_931' title='bbox 2796 5865 2800 5868; x_wconf 68' lang='lat'><strong><em>~</em></strong></span> 
     </span>
    </p>
   </div>
  </div>
