3990 6364
499 412 634 468 10⁸³οὸ

496 538 554 582 ιιι
577 534 725 597 pater
751 522 1041 596 corrigens,
1075 536 1180 577 non
1212 528 1268 576 ut
1290 518 1449 591 judes
1489 516 1768 575 damnans.
1803 515 1876 572 ita
1912 515 2067 588 plane

498 618 767 684 irasceris,
797 618 918 689 quia
943 617 1202 687 scriptum
1230 624 1332 679 est,
1367 611 1492 677 Fili,
1513 611 1753 666 accedens
1776 610 1845 664 ad
1868 610 2080 665 servitu-

504 722 601 765 tem
633 709 749 774 Dei,
785 720 862 765 sta
896 710 949 764 in
981 709 1185 783 justitia
1209 717 1256 761 et
1286 707 1483 770 timore,
1517 712 1561 757 et
1597 718 1829 773 prtepara
1856 701 2079 755 animant

495 805 720 860 learned
742 804 1065 860 tentationcm
1088 801 1275 872 (Ereti.
1304 815 1358 863 ιι,
1394 800 1465 869 i).
1492 796 1567 853 Nc
1593 807 1741 866 putes
1765 796 1873 863 jam
1901 803 2079 850 trans-

496 894 603 951 isse
669 894 801 950 iram
858 894 947 949 ltei
994 894 1117 962 quia
1163 904 1452 946 coorersus
1489 904 1580 952 es;
1618 888 1843 953 tr:msiit,
1887 886 2079 941 sedne

494 984 711 1040 damnet
758 984 810 1038 in
858 991 1137 1038 internum.
1185 980 1438 1050 Flagellat
1486 987 1685 1042 autem,
1732 994 1836 1031 non
1888 980 2073 1047 parcit,

496 1076 617 1145 quia
648 1076 882 1145 ﬂagellat
909 1090 1120 1129 omnem
1151 1074 1315 1126 lilium
1355 1088 1511 1142 quem
1539 1070 1723 1138 recipit
1765 1067 1948 1137 (Hebr.
1978 1084 2071 1133 xu,

495 1166 576 1234 6).
629 1164 685 1223 Si
726 1165 975 1236 ﬂagellari
1017 1165 1301 1229 detrectas,
1349 1163 1510 1231 recipi
1554 1178 1716 1232 quare
1762 1160 2075 1216 desideras?

495 1256 752 1328 Flagellat
767 1273 975 1312 omnem
1001 1255 1164 1311 lilium
1183 1270 1337 1326 quem
1358 1253 1545 1323 recipit
1561 1273 1573 1307 :
1591 1254 1820 1324 ﬂagellat
1835 1269 2069 1317 onmem,

493 1349 583 1417 qui
613 1359 668 1405 ct
693 1348 861 1405 Unico
885 1363 988 1403 non
1010 1349 1264 1419 pepercit.
1292 1347 1396 1403 Sed
1429 1356 1604 1401 tamen
1629 1346 1875 1417 quamdiu
1897 1347 2075 1399 irasce-

492 1441 564 1494 ris
591 1440 643 1494 in
676 1441 951 1495 orationem
987 1440 1116 1495 servi
1146 1440 1258 1494 tui?
1288 1454 1392 1494 non
1427 1438 1538 1509 jam
1584 1437 1785 1492 inimici
1822 1437 1929 1504 lui;
1975 1437 2070 1493 sed

489 1531 723 1587 irasceris
748 1532 802 1587 in
830 1532 1109 1588 orationem
1136 1531 1267 1586 servi
1295 1529 1387 1585 tui.
1418 1528 1717 1598 Quamdiu?

560 1622 612 1678 6.
639 1620 795 1698 (vers.
834 1621 915 1697 6.]
954 1622 1205 1694 Sequitur
1237 1640 1250 1675 :
1278 1620 1483 1676 Cibabis
1522 1636 1614 1676 nos
1652 1636 1783 1692 pauc
1820 1619 2071 1691 lacrgma-

488 1731 636 1783 rum,
663 1726 711 1771 et
737 1716 934 1788 potabis
956 1732 1050 1772 nos
1066 1716 1121 1771 in
1147 1713 1382 1787 lacrumis
1403 1714 1457 1769 in
1499 1730 1750 1768 mensura.
1773 1711 1909 1781 Quid
1952 1720 2068 1781 est,

488 1808 542 1861 in
570 1807 844 1863 mensura!
879 1808 1189 1881 Apostolum
1218 1808 1340 1863 audi
1387 1825 1403 1862 :
1435 1806 1629 1862 Fidelis
1672 1805 1808 1861 Deus
1844 1805 1933 1876 qui
1969 1821 2069 1860 non

488 1913 575 1952 vos
619 1898 859 1963 permittit
895 1900 1075 1955 tentari
1110 1916 1269 1971 supra
1293 1915 1444 1969 quam
1479 1898 1684 1969 potestis
1721 1902 1853 1971 ferre
1878 1897 1921 1970 (l
1946 1894 2065 1953 Cor.

487 2001 519 2041 ι
540 2030 556 2053 ,
600 1987 711 2059 13).
746 1987 862 2059 ipsa
888 1996 971 2045 est
994 2004 1243 2044 mensura
1267 2031 1282 2055 ,
1311 2004 1409 2059 pro
1433 1989 1632 2045 viribus
1678 1989 1781 2045 tuis
1810 2007 1823 2044 :
1851 1990 1963 2062 ipsa
1987 1998 2070 2045 est

484 2095 735 2137 mensura
754 2122 772 2149 ,
802 2090 861 2137 ut
885 2081 1145 2138 erudiaris
1168 2124 1182 2147 ,
1208 2098 1311 2137 non
1334 2092 1387 2139 ut
1418 2082 1754 2153 opprimaris.

556 2174 609 2229 7.
639 2172 788 2248 [vers.
820 2172 899 2250 7.]
938 2174 1167 2231 Posuisti
1201 2193 1295 2231 nos
1332 2177 1385 2230 in
1423 2176 1867 2231 contradictionem
1892 2175 2068 2231 vicinis

484 2266 687 2321 nostris.
722 2267 883 2322 Plane
913 2266 1104 2322 factum
1148 2278 1265 2333 est;
1300 2282 1419 2322 nam
1447 2267 1515 2322 de
1545 2268 1722 2338 Asaph
1761 2268 1913 2322 electi
1943 2275 2068 2322 sunt

482 2359 569 2428 qui
596 2360 734 2414 irent
770 2359 834 2414 ad
862 2358 1094 2425 Gentes,
1126 2368 1180 2414 et
1207 2359 1557 2429 pra-dicarem
1581 2357 1878 2422 Christum,
1909 2368 1962 2415 et
1985 2358 2066 2414 di-

479 2460 691 2505 ceretur
734 2451 811 2505 eis
843 2468 856 2505 :
892 2451 1016 2517 Quis
1043 2460 1118 2507 est
1154 2451 1245 2505 iste
1286 2467 1526 2506 novorum
1563 2452 1925 2506 dwmoniorum
1966 2468 2061 2505 an-

479 2542 738 2597 uuutiator
766 2541 900 2614 (Act.
933 2557 1058 2607 xm,
1092 2541 1221 2613 18)?
1255 2540 1478 2598 Posuisti
1502 2560 1593 2596 nos
1623 2543 1676 2595 in
1704 2544 2064 2597 contradictio-

478 2650 595 2687 nem
618 2634 793 2688 uicinis
822 2634 1022 2689 nostris.
1073 2635 1203 2689 Eum
1231 2634 1372 2689 enim
1418 2633 1777 2705 ptmdicabant
1805 2635 1890 2690 cui
1929 2650 2061 2689 con-

480 2724 855 2781 tradicehatur.
907 2723 1074 2793 Quem
1135 2724 1530 2794 prmdicabant?
1577 2724 1839 2780 Murtuum
1889 2740 2064 2780 resur-

477 2815 680 2871 rexisse
706 2815 999 2871 Christum.
1024 2815 1154 2883 Quis
1186 2816 1286 2871 hoc
1305 2815 1516 2870 audiat?
1545 2817 1665 2886 quis
1690 2814 1793 2871 hoc
1821 2815 2063 2872 noverit?

477 2907 626 2963 Nova
661 2907 780 2963 res!
816 2906 913 2962 sed
953 2908 1102 2978 signa
1140 2906 1631 2977 consequebantur,
1672 2916 1730 2963 et
1766 2906 2061 2961 incredibili

477 2997 555 3053 rei
600 2997 758 3053 [idem
790 2997 1039 3053 miracula
1087 2997 1365 3053 faciebant.
1414 2996 1924 3061 Contradicehatur,
1965 2995 2062 3052 sed

477 3087 842 3161 contradictor
877 3087 1217 3154 vincebatur,
1257 3098 1313 3142 et
1352 3103 1415 3143 ex
1456 3088 1847 3143 contradictore
1893 3086 2062 3143 fidelis

475 3180 825 3237 efficiebatur.
858 3179 933 3237 lbi
972 3190 1147 3236 tamen
1178 3194 1366 3251 magna
1408 3179 1620 3235 ﬂamma
1654 3196 1671 3235 :
1702 3179 1771 3234 ibi
1802 3188 2063 3251 martyres

472 3271 633 3329 cibati
657 3270 727 3328 de
751 3287 889 3343 pane
918 3270 1290 3344 lacrymarum,
1316 3279 1371 3327 et
1399 3272 1563 3341 putati
1594 3270 1644 3325 in
1669 3270 1937 3342 laerymiS',
1966 3270 2061 3325 scd

475 3365 529 3421 in
560 3380 831 3432 mensura,
864 3380 969 3420 non
997 3364 1225 3436 amplius
1250 3379 1407 3436 quam
1432 3373 1677 3434 poterant
1702 3364 1840 3419 terre
1866 3371 1925 3417 ut
1942 3373 2060 3433 post

474 3472 781 3513 mensuram
804 3454 1155 3529 laerymarum
1174 3461 1489 3528 sequeretur
1506 3470 1703 3511 corona
1724 3453 2058 3526 gaudiorum.

472 3546 546 3602 Et
582 3547 773 3603 inimici
795 3548 952 3603 nostri
980 3548 1409 3603 subsannaverunt
1440 3563 1553 3602 nos.
1584 3546 1654 3602 Et
1694 3546 1780 3602 ubi
1808 3555 1933 3601 sunt
1964 3545 2056 3616 qui

473 3642 971 3698 subsannaverunt?
1014 3640 1114 3697 Diu
1146 3642 1346 3697 dictum
1386 3650 1510 3695 est:
1548 3640 1648 3708 Qui
1688 3649 1812 3694 sunt
1843 3640 1927 3695 isti
1969 3653 2059 3694 co-

472 3734 647 3792 lentes
686 3748 957 3791 mortuum
982 3776 998 3803 ,
1025 3736 1311 3791 adorantes
1347 3732 1704 3789 crucifixum?
1730 3732 1821 3788 diu
1860 3731 2058 3788 dictum

475 3837 579 3885 est.
608 3827 709 3885 Ubi
749 3837 833 3884 est
866 3843 1028 3885 nasus
1054 3826 1538 3884 subsannantimu?
1574 3826 1764 3881 Nonne
1792 3840 1933 3879 nunc
1968 3825 2059 3896 qui

474 3919 912 3991 reprehendunt,
935 3920 989 3975 iu
1015 3934 1270 3976 cavernas
1294 3917 1499 3989 fugiunt
1516 3958 1532 3985 ,
1557 3932 1623 3973 ne
1651 3916 1965 3972 videantur?
1989 3914 2058 3970 Et

474 4010 668 4067 inimici
695 4012 854 4067 nostri
875 4010 1304 4067 subsannaoerunt
1330 4027 1441 4064 nos.

546 4108 602 4167 8.
634 4105 785 4182 [νει-ε.
816 4107 872 4175 8,
903 4104 983 4181 9.]
1013 4106 1119 4162 Sed
1139 4105 1332 4161 videtis
1349 4104 1475 4176 quid
1498 4104 1738 4175 sequitur
1767 4119 1780 4158 :
1805 4101 2057 4171 Domine,

472 4196 614 4255 Deus
636 4200 877 4254 virtutum
898 4239 917 4269 ,
950 4206 1183 4253 converte
1209 4214 1301 4252 nos
1316 4239 1332 4261 ,
1371 4206 1418 4251 et
1445 4198 1649 4251 ostende
1676 4195 1858 4269 facient
1884 4206 2019 4249 tuam
2037 4235 2055 4263 ,

473 4303 521 4349 et
547 4292 675 4348 salvi
701 4291 905 4348 erimus.
938 4290 1149 4347 Vineam
1182 4307 1245 4347 ea:
1271 4290 1501 4363 ﬁgypto
1520 4290 1852 4354 transtulisti;
1874 4290 2060 4362 ejecisti

476 4382 659 4439 Gentes
677 4424 694 4451 ,
724 4395 770 4439 et
804 4384 1045 4455 plantusti
1072 4400 1205 4438 eam.
1234 4383 1485 4438 Novunus
1503 4424 1520 4451 ,
1556 4382 1750 4438 factum
1789 4391 1891 4437 est.
1920 4382 2061 4449 Quot

474 4487 661 4548 gentes
704 4479 891 4547 ejecta:
932 4478 1089 4532 sunt!
1130 4477 1425 4532 Amorrlnei
1450 4510 1473 4542 ,7
1505 4476 1741 4543 Cethmi,
1786 4477 2058 4544 Jcbuszei,

475 4569 740 4640 Gergesa-i
759 4611 774 4636 ,
802 4579 856 4625 et
879 4569 1022 4624 Evmi
1048 4586 1063 4624 :
1092 4569 1283 4639 quibus
1312 4568 1547 4639 expulsis
1574 4578 1629 4624 et
1668 4569 1819 4623 victis
1840 4609 1853 4631 ,
1888 4568 2057 4623 intro-

476 4665 669 4719 ductus
704 4671 789 4719 est
822 4664 1046 4735 populus
1087 4679 1154 4718 ex
1193 4662 1423 4733 {Egypto
1466 4663 1719 4717 liberatus
1760 4664 1810 4715 in
1863 4673 2058 4717 terram

478 4756 866 4829 promissionis.
896 4755 1045 4812 Unde
1070 4757 1225 4811 vinea
1264 4757 1430 4825 ejecta
1457 4757 1563 4821 sit,
1603 4764 1657 4810 et
1702 4754 1788 4808 ubi
1826 4755 2059 4825 plumata

476 4850 583 4911 sit.
630 4848 946 4903 audivimus.
982 4847 1264 4902 Videamus
1299 4845 1425 4917 quid
1464 4845 1655 4901 deinde
1700 4844 1895 4899 factum
1939 4856 2057 4911 est;

481 4940 750 5013 quomodo
773 4940 1092 5006 crediderit,
1122 4948 1379 5012 quantum
1405 4940 1650 5003 creverit,
1674 4940 1800 5010 quid
1830 4956 2061 5010 occupa-

476 5035 631 5091 verit.
667 5032 955 5089 Vineamea:
980 5032 1211 5103 {Egypto
1239 5033 1566 5099 transtulisti;
1594 5032 1779 5102 ejecisti
1804 5042 1987 5100 gentes,
2014 5041 2060 5086 et

478 5129 717 5199 plantasti
732 5144 857 5183 eant.

548 5220 601 5276 9.
635 5217 787 5293 iners.
820 5216 1032 5292 10-12.]
1072 5217 1216 5272 l-‘iam
1251 5218 1414 5291 fecisti
1451 5220 1504 5272 in
1550 5228 1816 5286 conspectu
1843 5219 1951 5289 ejus
1973 5261 1987 5283 ,
2013 5228 2061 5273 et

478 5315 719 5386 plantasti
739 5314 933 5369 radices
958 5314 1065 5385 ejus
1085 5355 1101 5378 ,
1128 5322 1174 5367 et
1192 5312 1415 5384 implevit
1443 5323 1646 5367 terram.
1669 5312 1931 5372 Numavid
1959 5315 2057 5366 im-

478 5406 649 5477 pleret
672 5417 896 5468 terram,
930 5405 1030 5457 nisi
1069 5405 1151 5457 via
1184 5404 1334 5459 lieret
1360 5404 1410 5458 in
1440 5415 1727 5473 conspectu
1753 5405 1901 5475 ejus?
1928 5406 2057 5472 Qum

479 5497 559 5549 via
586 5494 720 5551 facta
749 5496 910 5550 estin
935 5504 1218 5565 couSpectu
1241 5495 1387 5565 ejus?
1411 5494 1521 5565 Ego
1547 5512 1686 5562 sum,
1715 5497 1881 5550 innuit
1898 5536 1915 5563 ,
1946 5498 2024 5551 ria
2041 5536 2058 5564 ,

480 5589 658 5642 rev-itas
684 5596 733 5641 et
757 5588 857 5641 vita
881 5585 1057 5656 (Joau.
1087 5601 1175 5640 xxv
1195 5627 1213 5651 ,
1240 5584 1317 5659 ti).
1344 5584 1530 5641 Merito
1573 5587 1803 5657 implevit
1835 5598 2055 5643 turam.

478 5681 589 5737 Hoc
619 5682 816 5735 dictum
848 5688 933 5735 est
960 5678 1119 5735 modo
1156 5678 1223 5735 de
1252 5679 1400 5733 vinea
1442 5679 1569 5744 ista,
1598 5678 1739 5749 quod
1771 5679 2061 5750 perfectum

477 5784 560 5829 est
586 5789 747 5843 usque
774 5773 827 5827 in
856 5771 1013 5828 ilnem
1048 5779 1455 5827 :‘vcrumtamen
1483 5772 1607 5841 quid
1637 5772 1821 5842 prius?
1850 5773 2062 5844 Uperuit

482 5877 670 5926 montes
693 5870 869 5923 umbra
903 5867 1043 5938 ejus,
1090 5876 1135 5924 et
1173 5866 1376 5921 arbusta
1400 5865 1507 5937 ejus
1535 5868 1710 5925 cedrus
1733 5865 1841 5927 Det.
1866 5866 2059 5925 Exten-

1707 398 1765 458 S.
1800 398 2161 459 AUGUSTINI
2200 399 2504 459 EPISCOPI

3631 410 3757 467 im

2182 513 2302 570 disti
2329 514 2557 587 palmites
2592 515 2702 587 ejus
2731 532 2885 587 usque
2908 518 2977 571 ad
3018 533 3185 587 mare,
3224 528 3273 574 et
3298 535 3455 592 usque
3480 525 3550 576 ad
3576 524 3754 593 ﬂuitant

2184 608 2483 676 propagines
2519 607 2650 677 ejus.
2678 606 2789 663 Hoc
2830 607 3098 665 desiderat
3133 610 3364 666 oflicimn
3407 617 3755 685 expositam,

2184 710 2289 750 non
2316 697 2510 752 sufficit
2538 698 2753 755 lectoris
2771 708 2827 755 et
2848 700 3137 757 laudatoris
3164 718 3183 777 ς
3211 702 3456 774 adjovate
3487 721 3573 761 me
3594 706 3757 763 inten-

2181 786 2390 854 dendo;
2412 788 2552 843 solet
2572 790 2716 845 enim
2746 789 2917 846 vinea:
2940 790 3098 865 hujus
3125 797 3562 852 commemoratio
3593 800 3643 852 in
3666 796 3757 853 hoc

2182 880 2388 948 p.~ahno
2408 880 2686 952 caliginem
2713 880 2894 939 facere
2917 884 3092 940 minus
3131 884 3366 942 intentis.
3397 888 3607 945 Etenim
3649 907 3755 946 tita-

2181 971 2405 1039 gnitudo
2442 974 2611 1029 vinea:
2652 974 2809 1045 hujus
2847 976 2957 1045 jam
2986 992 3016 1030 a
3058 978 3212 1035 nobis
3250 981 3512 1052 explicata
3548 995 3664 1051 eat;
3705 994 3756 1041 et

2182 1062 2319 1117 unde
2349 1062 2482 1119 facta
2509 1073 2590 1120 est
2618 1066 2635 1097 ¹
2658 1106 2675 1132 .
2704 1076 2757 1121 ει
2786 1067 2924 1123 unde
2953 1068 3088 1125 facta
3116 1071 3186 1125 sit
3207 1087 3418 1144 magna,
3446 1077 3752 1145 praedictum

2179 1162 2278 1206 est.
2323 1152 2464 1208 Viam
2489 1157 2651 1226 fecisti
2675 1158 2726 1211 in
2754 1170 3019 1231 conspectu
3045 1164 3152 1231 ejus
3175 1205 3192 1231 ,
3227 1174 3273 1219 et
3296 1166 3535 1236 plantasti
3561 1170 3754 1227 radices

2178 1246 2287 1312 eius
2306 1288 2321 1313 ,
2346 1259 2391 1301 et
2419 1247 2642 1319 implevit
2664 1260 2847 1306 terram
2873 1269 2893 1307 :
2913 1253 3016 1309 hoc
3039 1255 3107 1311 de
3130 1258 3456 1328 perfectione
3483 1261 3647 1331 ipsius
3675 1264 3753 1318 di-

2175 1348 2318 1392 ctum
2359 1352 2460 1395 est.
2500 1341 2603 1397 Sed
2645 1353 2818 1400 tamen
2859 1347 3024 1417 prima
3054 1364 3184 1420 gens
3206 1350 3387 1407 Judrea
3419 1354 3514 1409 fuit
3545 1355 3644 1411 ista
3672 1358 3751 1414 vi~

2178 1446 2295 1486 nea.
2326 1431 2468 1489 Gens
2488 1446 2665 1492 autem
2694 1435 2876 1493 Judaea
2904 1455 3074 1512 usque
3097 1441 3162 1497 ad
3189 1459 3364 1511 mare,
3397 1455 3451 1501 et
3488 1462 3656 1519 usque
3690 1450 3751 1506 ad

2175 1519 2373 1579 ﬂumen
2408 1519 2663 1597 regnavit.
2696 1528 2873 1601 Usque
2905 1532 2969 1587 ad
3016 1548 3161 1590 litare
3192 1553 3206 1590 :
3246 1548 3465 1607 apparet
3509 1540 3561 1595 in
3608 1540 3749 1598 Scri-

2175 1622 2326 1683 ptura
2351 1616 2491 1687 quod
2520 1633 2666 1673 mare
2686 1619 2758 1675 ibi
2782 1623 3010 1677 vicinum
3036 1625 3106 1679 sit
3146 1624 3329 1697 (Num.
3353 1643 3516 1686 xxxiv
3534 1672 3551 1697 ,
3578 1633 3659 1705 5).
3690 1634 3750 1689 Et

2175 1719 2342 1775 usque
2367 1705 2435 1761 ad
2478 1706 2677 1764 ﬂumen
2720 1709 3026 1767 Jordanem.
3072 1713 3245 1772 Trans
3282 1717 3566 1777 Jordanem
3612 1725 3747 1781 enim

2171 1794 2372 1866 aliquid
2408 1796 2715 1855 intimorum
2743 1803 3059 1860 collocatum
3097 1816 3216 1873 est;
3254 1808 3389 1865 intra
3418 1813 3438 1843 ²
3468 1812 3749 1873 Jordanem

2172 1896 2346 1942 autem
2376 1897 2483 1945 tota
2509 1904 2660 1962 gens.
2696 1893 2836 1964 Ergo
2855 1912 3010 1968 usque
3034 1898 3103 1952 ad
3129 1916 3267 1956 mare
3285 1942 3300 1966 ,
3325 1912 3372 1957 et
3390 1908 3629 1978 usquead
3652 1909 3750 1981 flu-

2170 1994 2283 2033 men
2312 1994 2533 2052 regnum
2553 1982 2879 2053 Judacorum,
2912 2003 3131 2060 regnum
3163 1990 3321 2047 lsracl
3348 2011 3362 2047 :
3387 2011 3491 2049 non
3516 2007 3691 2054 autem
3720 2018 3751 2054 ιι

2170 2072 2303 2126 mari
2329 2089 2485 2145 usque
2507 2076 2576 2130 ad
2600 2094 2757 2146 mare,
2788 2090 2834 2134 et
2859 2096 2891 2133 α
2909 2082 3119 2151 ﬂumine
3144 2100 3299 2156 usque
3328 2087 3396 2141 ad
3414 2090 3649 2145 terminos
3670 2109 3749 2146 or-

2169 2162 2245 2218 bis
2268 2174 2415 2220 terra:
2433 2208 2448 2234 ,
2480 2166 2567 2222 illa
2583 2169 2694 2239 jam
2716 2169 2971 2240 perfectio
2990 2174 3156 2230 vinea:
3178 2185 3264 2231 cst
3287 2177 3356 2233 de
3374 2195 3472 2248 qua
3504 2179 3591 2236 hic
3617 2197 3749 2253 pra:-

2168 2253 2334 2322 dixit,
2374 2256 2517 2312 Viam
2555 2261 2717 2333 fecisti
2742 2262 2795 2317 in
2822 2274 3089 2335 conspectu
3117 2266 3247 2338 ejus,
3279 2277 3325 2323 et
3350 2273 3591 2339 plantasti
3610 2275 3747 2328 radi-

2167 2361 2248 2400 ccs
2270 2350 2379 2419 ejus
2397 2389 2414 2415 ,
2435 2358 2482 2403 et
2510 2350 2732 2421 implevit
2759 2362 2964 2409 terram.
2987 2354 3121 2412 Cum
3150 2359 3243 2414 tibi
3264 2373 3393 2432 ergo
3422 2363 3749 2432 pmdisisset

2168 2439 2570 2507 perfectionem,
2602 2444 2756 2499 rediit
2784 2445 2851 2500 ad
2878 2447 3102 2512 initium,
3128 2449 3195 2505 de
3217 2467 3324 2522 quo
3348 2454 3494 2509 initio
3514 2457 3583 2510 sit
3613 2457 3743 2512 facta

2167 2526 2443 2598 perfectio.
2471 2530 2682 2588 Initium
2706 2534 2784 2590 vis
2815 2536 3040 2593 audire?
3070 2538 3241 2611 Usque
3263 2543 3331 2596 ad
3358 2560 3495 2598 mare
3521 2557 3568 2601 et
3596 2556 3750 2619 usque

2165 2621 2235 2675 ad
2277 2623 2486 2694 flumen.
2536 2624 2721 2682 Finem
2769 2628 2848 2685 vis
2887 2630 3112 2688 audiret
3150 2632 3507 2691 Dominabitur
3545 2655 3577 2693 α
3622 2642 3749 2694 ηιαιὶ

2167 2730 2326 2787 usque
2351 2715 2420 2769 ad
2446 2733 2585 2772 mare
2607 2760 2624 2785 ,
2665 2730 2713 2773 et
2742 2720 2774 2774 α
2809 2722 3020 2792 ﬂumine
3056 2741 3214 2796 usque
3242 2727 3312 2780 ad
3336 2730 3571 2785 terminos
3617 2733 3749 2789 orbis

2167 2811 2315 2861 terra
2336 2803 2508 2881 (Psal.
2538 2823 2657 2876 LXI,
2689 2809 2746 2882 8)
2779 2829 2793 2865 :
2823 2813 2926 2867 hoc
2948 2822 3050 2879 est,
3081 2815 3305 2886 implevit
3324 2829 3526 2875 terram.
3555 2820 3747 2878 Videa-

2164 2910 2285 2950 mus
2305 2910 2434 2970 ergo
2456 2900 2819 2957 testimonium
2846 2902 3059 2975 Asaph;
3091 2906 3219 2976 quid
3238 2904 3433 2965 factum
3456 2919 3541 2966 est
3564 2914 3748 2983 prima:

2163 2986 2333 3043 vinea:
2356 3028 2370 3052 .
2399 2990 2523 3059 quid
2552 3000 2636 3047 est
2674 2995 3087 3063 exspectandum
3115 3000 3364 3054 secundm
3392 3000 3559 3056 vinea:
3582 3043 3599 3070 ,
3642 3004 3749 3059 imo

2163 3079 2339 3135 eidem
2384 3082 2596 3137 vineae:
2630 3084 2740 3154 ipsa
2779 3095 2862 3140 est
2901 3086 3076 3154 enim;
3107 3103 3211 3142 non
3250 3091 3393 3145 eiiim
3438 3092 3603 3147 altera
3645 3104 3748 3149 est.

2162 3170 2291 3230 inde
2318 3172 2561 3230 Chrisms
2601 3177 2747 3233 salus
2773 3192 2839 3234 ex
2878 3177 3077 3235 inducis
3120 3178 3297 3253 (Joan.
3329 3198 3416 3250 Iv,
3444 3182 3537 3258 22)
3558 3224 3577 3253 ,
3626 3186 3749 3242 inde

2161 3264 2403 3336 Apostoli
2425 3306 2442 3332 ,
2479 3267 2602 3322 inde
2628 3267 2785 3338 primi
2805 3269 3118 3336 credentes,
3146 3281 3201 3326 et
3224 3273 3392 3343 pretia
3422 3289 3599 3329 rerum
3628 3290 3723 3331 ευοι

2162 3369 2281 3411 rum
2311 3364 2436 3413 ante
2459 3358 2621 3429 pedes
2649 3360 3023 3429 Apostolorum
3047 3374 3304 3431 ponentes
3328 3366 3462 3438 (Art.
3490 3381 3561 3432 ιι,
3586 3369 3677 3434 ιό,
3702 3379 3747 3423 et

2162 3468 2248 3521 tv,
2276 3454 2405 3528 35);
2436 3454 2562 3512 inde
2585 3457 2765 3513 ornnia
2791 3455 2928 3513 inec.
2956 3457 3026 3513 Et
3047 3460 3091 3513 si
3113 3459 3275 3530 aliqui
3302 3475 3373 3516 ex
3416 3462 3578 3518 ramis
3596 3466 3747 3536 fructi

2159 3556 2277 3601 sunt
2295 3586 2311 3613 ,
2349 3558 2555 3618 propter
2586 3547 2989 3605 inaedulitatens
3010 3551 3161 3623 fracti
3180 3561 3294 3607 sunt
3310 3566 3334 3608 :
3354 3562 3411 3608 tu
3425 3565 3592 3608 autem
3606 3596 3621 3621 ,
3648 3570 3748 3626 po-

2162 3639 2318 3711 pulus
2345 3639 2594 3697 Gentium
2614 3682 2632 3711 ,
2662 3642 2766 3712 [ide
2786 3652 2902 3710 sta;
2931 3644 3037 3699 uoti
3062 3644 3224 3698 altum
3246 3660 3425 3716 sapere
3446 3686 3463 3711 ,
3500 3647 3589 3701 sed
3607 3648 3746 3705 time.

2164 3729 2302 3787 Nam
2325 3733 2370 3787 si
2394 3731 2533 3789 Deus
2562 3732 2878 3790 naturalibus
2902 3736 3060 3791 ramis
3084 3752 3185 3791 non
3205 3738 3446 3807 pepercit,
3478 3755 3636 3810 neque
3657 3741 3747 3794 tibi

2161 3834 2351 3893 parcet.
2385 3822 2448 3879 Si
2476 3834 2645 3880 autem
2672 3825 2835 3881 ultum
2858 3827 3027 3897 sapis,
3071 3844 3172 3882 non
3215 3838 3270 3882 ιιι
3296 3831 3515 3884 radicem
3542 3843 3712 3901 portas
3728 3874 3746 3899 ,

2161 3914 2250 3968 sed
2276 3914 2427 3968 radis;
2453 3924 2503 3970 te
2529 3914 2703 3988 (Itoni.
2734 3930 2791 3970 si
2808 3956 2826 3983 ,
2854 3915 3063 3989 i8—2i).
3090 3919 3226 3984 Quid
3252 3934 3380 3991 ergo
3398 3960 3416 3988 ,
3443 3921 3597 3977 vinea
3624 3938 3750 3978 ante

2160 4008 2313 4078 cujus
2340 4017 2686 4078 conslieetum
2714 4007 2851 4065 facta
2877 4020 2959 4066 est
2992 4012 3074 4065 via
3096 4057 3115 4080 ,
3154 4022 3212 4067 ut
3237 4013 3483 4083 impleret
3512 4026 3705 4070 terram
3729 4055 3746 4082 ,

2161 4104 2335 4171 primo
2355 4100 2444 4156 ubi
2474 4100 2574 4156 fuit
2599 4100 2660 4156 ‘t
2691 4100 2901 4175 Operuit
2928 4113 3122 4159 montes
3142 4104 3319 4158 umbra
3340 4105 3466 4176 ejus.
3498 4106 3599 4175 Qui
3621 4118 3749 4163 sunt

2162 4193 2407 4249 montes?
2446 4193 2746 4264 l'rophetw.
2773 4193 2950 4264 Quare
2978 4197 3188 4267 operuit
3224 4196 3346 4255 illos
3371 4201 3557 4255 umbra
3586 4202 3748 4272 ejus?

2160 4284 2297 4353 Quia
2315 4286 2541 4342 obscure
2566 4286 2727 4341 locuti
2752 4296 2878 4342 sunt
2902 4304 3023 4358 qua:
3057 4289 3230 4344 futura
3265 4292 3570 4347 aunuutiata
3599 4307 3746 4349 sunt.

2161 4378 2330 4434 Audis
2347 4394 2378 4433 a
2400 4378 2700 4449 l’rophetis,
2726 4381 2963 4436 Observa
2989 4380 3280 4452 sabbatum,
3305 4382 3506 4439 Octavo
3530 4385 3621 4440 die
3638 4388 3749 4441 eir-

2160 4473 2402 4529 cumcide
2445 4473 2731 4542 infantem,
2768 4472 2913 4529 Oﬂ'er
2953 4477 3271 4531 sacrificium
3308 4477 3523 4545 arietis,
3555 4480 3704 4534 vituli
3730 4516 3751 4550 ,

2163 4564 2296 4619 hirci
2329 4582 2344 4619 :
2367 4562 2478 4618 noli
2506 4565 2730 4630 moveri;
2751 4565 2936 4619 niiihra
2955 4564 3071 4636 ejus
3093 4575 3176 4621 est
3198 4566 3512 4637 coopericns
3540 4582 3750 4625 montes

2163 4657 2279 4724 Dei,
2306 4659 2481 4711 veniet
2513 4666 2632 4726 post
2659 4658 2901 4712 umbram
2928 4656 3306 4714 manifestatio.
3330 4658 3394 4713 Et
3414 4660 3621 4715 arbusta
3640 4665 3751 4733 ejus

2162 4752 2336 4804 cedros
2370 4749 2459 4803 Dei
2485 4765 2505 4803 :
2533 4750 2582 4804 id
2607 4760 2690 4805 est
2709 4790 2724 4816 ,
2749 4750 3026 4819 cooperuit
3049 4751 3237 4806 cedros
3264 4752 3391 4819 Dei,
3420 4752 3709 4808 aitiSsitltuS
3727 4794 3747 4821 ,

2161 4845 2256 4899 sed
2297 4842 2319 4875 "
2363 4841 2479 4899 Dei.
2529 4845 2664 4898 Sunt
2709 4844 2850 4897 enim
2896 4842 3039 4897 cedri
3084 4842 3441 4913 significantes
3487 4848 3753 4915 superbos

2163 4937 2500 4993 evertendos.
2532 4937 2737 5017 Codrus
2754 4935 2937 4990 Libani
2958 4974 2974 5001 ,
3014 4935 3317 4990 altitudines
3356 4939 3536 4992 niuudi
3567 4939 3589 4972 ⁵
3614 4956 3751 5010 ope-

2164 5029 2271 5083 ruit
2293 5028 2584 5084 crescendo
2616 5030 2769 5082 vinea
2800 5029 2916 5091 iSta,
2944 5038 2999 5081 et
3027 5039 3233 5083 montes
3261 5029 3375 5098 Dei,
3406 5044 3596 5086 onlnes
3625 5048 3751 5087 Sau-

2163 5128 2277 5175 ctos
2306 5121 2627 5190 Prophetas,
2659 5118 3012 5174 Patri-archus.

2230 5320 2243 5349 7'-
2282 5318 2449 5367 tsthaec
2473 5317 2640 5376 verba,
2664 5325 2708 5367 et
2733 5317 2856 5367 unde
2874 5317 3003 5379 [sua
3020 5323 3106 5379 est,
3130 5319 3304 5369 ahsuut
3319 5331 3347 5369 a
3365 5320 3608 5371 nonnullis
3631 5329 3741 5373 uss.

2228 5383 2248 5411 ⁸
2281 5387 2356 5427 Er.
2382 5388 2433 5430 et.
2454 5387 2583 5431 Mss"
2607 5382 2754 5431 intra.

2229 5388 2248 5411 ι
2281 5388 2356 5427 ur.
2382 5388 2433 5430 et
2454 5388 2583 5439 uss,
2607 5388 2754 5444 unm.

2229 5444 2250 5476 ³
2280 5444 2352 5491 sic
2374 5443 2556 5511 aliquot
2577 5449 2682 5492 Mss.
2718 5450 2775 5511 At
2812 5442 2943 5511 tgddn
2968 5442 3090 5503 Quid
3133 5455 3250 5506 ergo
3286 5443 3424 5511 rinca
3460 5451 3570 5497 ante
3609 5448 3754 5511 cujus

2164 5512 2463 5569 corispectum
2486 5507 2613 5568 {actu
2634 5511 2704 5557 est
2725 5505 2803 5556 via
2821 5506 2846 5555 2'
2869 5514 3014 5555 t-‘actu
3037 5513 3106 5557 est
3122 5505 3398 5570 uttmpleret
3413 5514 3617 5560 terram.
3641 5505 3755 5559 tiri-

2162 5581 2258 5700 ἠιξ
2565 5643 2714 5693 prope
2735 5635 2843 5700 ηεξ.
2874 5636 2937 5700 Αἰ.Δ
2954 5630 3086 5700 ΗΜ..
3110 5631 3369 5700 sedespei.

2229 5694 2249 5726 ⁵
2282 5699 2332 5743 ιιι
2355 5694 2646 5763 ιιεωιετιιιι.
2669 5693 2909 5763 repetitur
2927 5694 3018 5763 hoc
3039 5698 3161 5763 loco.
3179 5694 3348 5747 cedros
3370 5694 3497 5763 Dei:
3520 5696 3651 5763 quod
3669 5699 3756 5747 ah-

2166 5765 2244 5824 εει
2265 5770 2295 5806 ιι
2531 5755 2683 5824 libris.
2707 5764 2773 5824 itu
2797 5758 3223 5824 tortelcgendtuu;
3244 5764 3386 5815 (cari
3402 5776 3419 5812 ι
3436 5755 3563 5815 ξιωᾶ
3586 5766 3757 5817 altitu-

2163 5820 2301 5894 dines
2323 5821 2521 5894 uitandi;
2543 5818 2765 5894 subamli,
2791 5818 3062 5886 signiﬁcint
3088 5834 3102 5873 :
3129 5830 3182 5873 ιιι
3207 5824 3319 5881 inde
3353 5839 3581 5892 sequam:
3610 5844 3625 5878 δ
3664 5840 3756 5883 (ςε-

2167 5892 2279 5946 dtus
2310 5890 2393 5937 ι’εὲ
2415 5900 2515 5951 ορε-
2534 5890 2597 5936 tttl
2623 5894 2664 5933 σι
2677 5894 2898 5951 caesum,
2918 5897 3009 5940 etc,
