3990 6322
316 393 455 450 {09.3

381 511 466 567 10.
492 510 618 584 [vers
665 506 775 579 Ili]
792 506 894 562 Sed
922 518 1196 576 quousque
1218 501 1479 555 erteudisti
1503 497 1731 568 palmites
1748 492 1896 564 ejus?

313 604 482 673 Usque
517 603 584 654 ad
624 617 795 664 mare,
837 610 882 652 et
923 613 1077 660 usque
1113 595 1180 647 ad
1214 595 1402 664 ﬂumen
1439 589 1739 661 prapagines
1769 585 1898 656 ejus.

309 694 436 750 Inde
464 693 626 765 quid?
657 691 848 760 thuid
876 688 1174 743 destruxiin
1206 685 1474 740 maceriam
1501 682 1649 752 ejus?
1683 678 1798 736 Jam
1826 677 1902 731 vi-

312 787 448 843 detis
481 801 718 841 eversam
751 784 891 837 illam
918 789 1129 850 gentem
1173 777 1510 837 inda-orum;
1540 775 1647 842 jam
1690 787 1753 826 ex
1795 770 1900 822 alio

313 882 519 950 psalmo
570 877 826 940 audistis,
877 873 944 927 In
995 870 1202 926 dolabra
1247 880 1292 923 et
1335 867 1575 938 [ractorio
1616 864 1901 933 deiecerunt

314 989 423 1024 eam
455 969 624 1042 (Psat.
651 984 836 1034 Lxxut,
867 965 945 1035 6).
969 962 1190 1031 Quando
1215 961 1383 1026 ﬁeret,
1413 959 1510 1012 nisi
1533 958 1648 1026 ejus
1674 958 1900 1009 maceria

316 1061 721 1117 destrueretur?
747 1061 875 1126 Quae
923 1067 1005 1112 est
1047 1053 1274 1108 maceria
1315 1051 1467 1119 ejus?
1506 1048 1723 1103 Munitio
1761 1045 1898 1115 ejus.

322 1155 535 1209 Exstitit
571 1154 714 1208 enim
757 1150 983 1219 superba
1027 1146 1283 1201 adversus
1331 1143 1679 1212 plantatorem
1725 1153 1897 1191 suum.

316 1246 512 1301 Servos
540 1244 605 1298 ad
631 1259 690 1298 sc
709 1243 902 1298 missos
923 1249 976 1294 et
1004 1246 1243 1310 petentes
1275 1233 1571 1290 mercedem
1603 1230 1777 1286 coloni
1807 1228 1904 1282 ila-

317 1338 678 1410 gcllaverunt,
710 1332 1053 1393 ceciderunt,
1086 1327 1416 1385 occiderunt.
1448 1323 1600 1378 Venit
1640 1333 1692 1376 et
1718 1321 1903 1375 unicus

319 1427 513 1490 Filius;
539 1426 780 1481 dixerunt
805 1467 819 1491 ,
856 1423 900 1476 11
909 1424 952 1476 ic
978 1431 1047 1476 est
1075 1420 1253 1484 hteres,
1281 1417 1438 1470 venite
1463 1414 1748 1469 occidamus
1769 1428 1902 1473 eum,

319 1532 366 1574 et
413 1529 582 1573 nostra
624 1519 714 1571 erit
746 1515 1012 1569 hcet-editas
1053 1530 1073 1567 :
1110 1510 1396 1565 occiderunt
1440 1516 1486 1560 et
1525 1517 1667 1560 extra
1710 1505 1903 1558 vineam

320 1612 635 1682 projecerunt
659 1607 868 1680 (Matth.
895 1622 980 1661 tm
997 1647 1012 1670 ,
1037 1601 1246 1674 35-39).
1271 1599 1564 1668 Proiectus,
1593 1597 1758 1667 magis
1785 1609 1908 1666 pos-

319 1703 459 1757 sedit
503 1701 641 1755 unde
689 1699 953 1770 proiectus
983 1704 1084 1750 est.
1117 1693 1205 1749 Sic
1252 1692 1393 1745 enim
1441 1690 1488 1744 ei
1538 1689 1768 1742 minatur
1812 1702 1907 1755 per

320 1793 508 1849 Isaiam
543 1809 557 1846 :
587 1789 852 1844 Destruam
881 1786 1150 1840 maceriam
1190 1783 1320 1854 ejus.
1350 1779 1568 1849 Quare?
1609 1776 1908 1847 Exspectavi

319 1886 454 1940 enim
482 1892 534 1937 ut
562 1886 745 1956 faceret
773 1896 955 1944 uvam;
985 1877 1101 1947 fecit
1145 1886 1312 1929 autem
1348 1873 1522 1942 spinas
1553 1886 1572 1924 :
1599 1868 1906 1938 exspectavi

323 1975 446 2031 inde
467 1975 716 2037 fructum,
743 1981 797 2026 et
825 1969 997 2026 inveni
1032 1976 1325 2038 peccatum.
1357 1962 1490 2031 Quid
1521 1976 1647 2031 ergo
1671 1960 1864 2030 quatris
1888 2003 1903 2026 ,

322 2085 355 2123 0
393 2067 602 2138 Asaplt,
639 2063 829 2136 Πιστία
857 2061 1145 2116 destrua'isti
1189 2056 1458 2112 maceriam
1487 2055 1631 2124 ejus?
1662 2054 1740 2107 'I‘u
1765 2052 1905 2106 enim

324 2165 498 2219 nescis
535 2161 736 2233 quare?
767 2155 1069 2228 Exspcctavi
1105 2163 1158 2207 ut
1203 2156 1387 2223 {areret
1405 2148 1690 2220 judicium,
1721 2155 1766 2200 et
1790 2146 1907 2216 fecit

321 2256 636 2328 iniquitatem
660 2251 810 2322 (Isai.
838 2265 889 2314 v,
918 2249 972 2316 5,
995 2248 1050 2314 2,
1074 2247 1132 2314 7)
1154 2265 1169 2301 :
1192 2259 1297 2299 non
1322 2250 1435 2298 erat
1455 2236 1770 2296 destruenda
1799 2253 1912 2290 ma-

323 2324 464 2405 ceria
493 2348 645 2416 eius?
674 2345 742 2399 Et
769 2350 1026 2398 venerunt
1052 2338 1251 2396 Gentes
1272 2378 1288 2404 ,
1329 2335 1600 2390 destructa
1639 2324 1864 2386 maceria
1892 2372 1906 2394 ,

325 2443 503 2496 invasa
529 2447 610 2495 e~t
638 2437 812 2501 vinea,
840 2449 901 2490 ac
927 2433 1159 2488 deletum
1191 2444 1410 2500 regnum
1438 2424 1763 2481 Judteorum.
1793 2420 1906 2478 Hac

325 2534 496 2603 primo
521 2530 719 2602 plangit
739 2570 752 2592 ,
781 2525 874 2583 sed
900 2539 1003 2581 non
1037 2523 1154 2578 sine
1182 2535 1298 2590 spe.
1331 2519 1406 2574 De
1441 2516 1736 2572 directione
1768 2516 1909 2570 enim

324 2622 501 2678 cordis
525 2621 632 2691 jam
664 2619 892 2689 loquitur
913 2657 926 2682 ,
963 2613 1015 2668 id
1045 2621 1154 2675 est,
1200 2625 1296 2680 pro
1335 2607 1569 2679 Assyriis
1590 2649 1605 2672 ,
1647 2620 1743 2676 pro
1785 2606 1914 2659 diri-

325 2713 572 2785 gentibns
622 2709 866 2766 Psaltuus
910 2713 1012 2761 est.
1067 2700 1254 2774 thuid
1303 2696 1594 2753 destruxiin
1641 2697 1912 2750 maceriam

327 2807 467 2873 ejus;
491 2811 536 2856 et
563 2799 868 2855 vindemiant
894 2812 1006 2851 eam
1032 2809 1202 2847 onmcs
1234 2799 1547 2844 transeuntes
1570 2789 1699 2842 viam
1717 2788 1743 2842 ?
1775 2787 1910 2856 Quid

325 2905 431 2960 est,
458 2896 588 2948 viam
619 2886 971 2946 transeuntes?
995 2881 1383 2952 Temporaliter
1409 2877 1767 2934 dominantes.

403 2988 490 3042 II.
521 2983 674 3058 [rem
699 2979 810 3054 ιι]
834 2975 1122 3033 Devastavit
1142 2990 1251 3028 eam
1285 2987 1408 3041 aper
1434 2970 1496 3024 de
1526 2969 1668 3024 silva.
1712 2971 1911 3038 Aprum

328 3080 398 3135 de
421 3078 549 3132 silva
573 3072 700 3146 quid
722 3066 1087 3140 intelligimus?
1105 3063 1300 3119 Judmis
1324 3074 1515 3131 porcus
1530 3058 1785 3114 adversus
1809 3069 1908 3124 est,

329 3182 384 3227 et
409 3171 461 3225 in
491 3182 654 3240 porco
698 3171 900 3235 ponunt
924 3172 1173 3229 tanquam
1216 3151 1605 3209 immunditiam
1643 3150 1912 3207 Gentium.

265 3309 270 3314 ,
330 3265 374 3318 Δ
417 3258 675 3317 Gentibus
713 3263 887 3310 autem
925 3264 1108 3306 eversa
1147 3255 1228 3302 est
1271 3260 1401 3317 gens
1426 3241 1608 3300 Judtea
1643 3241 1779 3297 :scd
1823 3256 1916 3297 rex

332 3355 421 3409 ille
458 3353 546 3422 qui
574 3348 796 3412 evertit,
827 3360 930 3400 non
971 3352 1175 3397 tantum
1217 3353 1407 3408 porcus
1444 3334 1780 3400 immundus,
1819 3333 1916 3389 St'd

332 3449 493 3503 etiam
521 3459 657 3514 aper
681 3443 794 3496 fuit.
824 3438 959 3507 Quid
981 3436 1121 3492 cnim
1157 3448 1285 3502 aper
1306 3473 1320 3497 ,
1348 3430 1446 3483 nisi
1479 3443 1669 3500 porcus
1705 3440 1874 3481 smvns
1897 3468 1912 3493 ,

337 3553 527 3612 porcus
551 3533 845 3606 superbus?
872 3532 1004 3599 Aper
1029 3528 1091 3582 de
1110 3528 1237 3581 silva
1267 3523 1475 3578 vastavit
1500 3539 1628 3576 eam.
1659 3519 1736 3574 De
1754 3520 1916 3574 silva:

333 3634 401 3690 de
429 3631 705 3690 Gentibus.
743 3626 952 3683 Etenim
994 3623 1081 3678 illa
1122 3621 1274 3674 vinea
1310 3625 1458 3678 erat;
1499 3614 1697 3670 Gentes
1739 3622 1916 3667 autem

336 3727 480 3781 silva:
505 3731 675 3778 erant.
706 3718 810 3776 Sed
837 3715 1048 3788 quando
1076 3709 1414 3770 crediderunt
1441 3706 1658 3766 Gentes,
1686 3703 1811 3775 qnid
1839 3704 1917 3757 di-

335 3823 478 3867 ctum
509 3808 628 3864 est?
661 3825 679 3858 t
714 3805 865 3860 Tunc
909 3798 1246 3856 exsultabant
1286 3794 1463 3851 omnia
1490 3793 1629 3863 ligna
1667 3791 1915 3846 silvarum

338 3894 784 3975 (Psst.xcv,12).
823 3891 1124 3948 Devastavit
1145 3903 1262 3944 eam
1296 3900 1425 3956 aper
1459 3883 1526 3939 de
1547 3884 1775 3950 silva,et
1799 3881 1911 3935 sin-

336 3973 534 4066 gularis
575 3989 719 4058 ferus
741 3987 995 4056 depastus
1023 3987 1108 4037 est
1142 3994 1280 4034 eam.
1320 3996 1340 4029 ι
1372 3976 1508 4043 Quid
1537 3985 1638 4041 est,
1678 3991 1697 4025 t
1735 3973 1918 4043 singu-

340 4087 465 4143 laris
490 4082 671 4140 l'crus?
704 4099 724 4133 ι
759 4079 874 4148 Ipse
899 4090 1029 4146 aper
1056 4071 1146 4144 qui
1177 4069 1470 4125 devastavit
1499 4082 1615 4122 eam
1637 4108 1650 4132 ,
1685 4066 1921 4134 singula-

339 4180 415 4235 ris
455 4167 620 4232 ferusf
641 4169 968 4242 Singularis,
1005 4164 1126 4236 quia
1157 4162 1438 4232 superbus.
1470 4158 1582 4213 Hoc
1626 4157 1768 4212 enim
1796 4157 1924 4212 dicit

341 4268 516 4325 omnis
541 4263 800 4335 superbus
829 4278 842 4316 :
871 4259 984 4330 Ego
1011 4271 1150 4320 sum;
1173 4267 1272 4322 ego
1293 4265 1431 4318 sum,
1463 4258 1517 4305 et
1541 4264 1718 4304 nemo.

415 4361 500 4416 I2.
525 4359 676 4434 [υιη.
705 4356 792 4423 I5,
823 4350 931 4425 I6.]
955 4348 1060 4407 Sed
1084 4363 1189 4419 quo
1211 4344 1384 4399 fructu
1416 4341 1567 4396 lucc?
1596 4358 1614 4392 ι
1653 4341 1790 4396 Deus
1813 4339 1921 4395 vir-

346 4467 514 4513 tutum
531 4432 852 4509 convertere
880 4459 1027 4500 vero.
1081 4459 1100 4494 ι
1147 4436 1399 4507 Quamvis
1444 4436 1557 4489 lucc
1604 4432 1737 4488 facta
1775 4433 1922 4498 sint,

349 4569 369 4603 ι
404 4551 714 4603 convertere
739 4554 889 4594 vero.
918 4531 1143 4602 Respice
1167 4529 1236 4585 de
1263 4527 1420 4594 ccelo,
1443 4534 1496 4580 et
1523 4523 1659 4586 vide.
1687 4530 1740 4578 et
1769 4523 1924 4577 visita

345 4644 553 4698 vineam
578 4637 753 4692 istam.
785 4632 850 4686 Et
877 4627 1072 4702 perfice
1098 4639 1216 4680 eam
1246 4637 1403 4693 quam
1429 4617 1686 4689 plantavit
1710 4616 1924 4672 dextera

347 4748 458 4791 tua.
489 4751 509 4785 s
540 4729 657 4787 Non
683 4726 840 4781 aliam
884 4722 1136 4784 institue,
1178 4716 1271 4771 sed
1314 4717 1449 4768 hanc
1493 4711 1706 4781 perﬁce.
1751 4708 1926 4781 Ipsum

347 4836 430 4884 est
451 4825 592 4881 enim
615 4834 794 4875 semen
820 4812 1108 4874 Abraham,
1127 4810 1300 4881 ipsum
1322 4816 1400 4862 est
1425 4819 1605 4859 semen
1635 4804 1685 4856 in
1709 4817 1811 4873 quo
1832 4801 1926 4856 be-

350 4918 665 4975 nedicuntur
705 4923 892 4965 omnes
919 4905 1123 4962 Gentes
1165 4898 1317 4971 (Gen.
1365 4913 1505 4962 χιιι,
1554 4893 1645 4964 I8)
1689 4911 1702 4946 :
1737 4892 1807 4948 ibi
1847 4900 1932 4948 est

351 5013 531 5077 radix,
558 5007 648 5062 ubi
692 5011 931 5077 portatur
969 4997 1200 5052 oleaster
1235 4994 1486 5047 insertus.
1517 4986 1712 5058 Perﬁce
1736 4986 1931 5040 vineam

350 5108 497 5162 istaut
519 5074 672 5171 quam
697 5074 957 5167 plantavit
986 5089 1190 5143 dextera
1218 5095 1325 5139 tua.
1353 5081 1457 5137 Sed
1485 5081 1572 5135 ubi
1599 5078 1843 5149 perﬁcit?
1869 5074 1932 5132 Et

352 5214 503 5268 super
533 5169 697 5264 ﬁlium
725 5185 940 5242 hominis
974 5197 1118 5252 quem
1145 5175 1453 5243 conﬁrmasti
1497 5172 1604 5226 tibi.
1645 5169 1781 5239 Quid
1824 5170 1935 5224 evi-

353 5261 603 5346 dentius?
642 5280 767 5353 quid
797 5277 968 5331 adhuc
995 5268 1320 5341 exspectatis
1345 5276 1403 5322 ttt
1439 5265 1589 5320 vobis
1618 5261 1934 5334 disputando

355 5390 684 5451 exponamus
703 5415 718 5438 ,
759 5380 813 5426 et
849 5383 955 5422 non
984 5364 1160 5437 potius
1188 5360 1458 5416 vobiscum
1489 5352 1800 5411 admirando
1827 5353 1936 5408 ela-

358 5446 564 5529 memus
593 5485 610 5522 :
647 5463 842 5531 Perﬁce
869 5458 1064 5514 vineam
1103 5455 1249 5509 istam
1276 5467 1425 5522 quam
1463 5447 1706 5520 plantavit
1733 5446 1938 5501 dextera

360 5578 466 5630 tua,
495 5571 542 5617 et
564 5574 715 5628 super
741 5554 905 5624 ﬁlium
929 5546 1144 5603 hominis
1168 5559 1284 5600 eam
1315 5539 1547 5612 perﬁce?
1572 5538 1740 5605 Quem
1772 5534 1935 5591 tilium

361 5652 627 5714 hominis?
659 5648 819 5717 Quem
848 5639 1157 5713 conﬁrmasti
1201 5636 1308 5691 tibi.
1361 5633 1604 5705 Magnum
1631 5630 1936 5684 firmamen-

360 5749 492 5806 tum!
518 5725 719 5801 :ediilca
745 5745 998 5811 quantum
1018 5743 1188 5805 potes.
1210 5727 1618 5783 Fundamentum
1641 5722 1771 5777 enim
1797 5718 1939 5774 aliud

365 5857 510 5895 nemo
532 5841 690 5908 potest
710 5845 910 5902 ponere,
930 5835 1110 5897 pratter
1128 5838 1278 5893 quam
1299 5819 1431 5889 quad
1454 5816 1669 5893 positum
1690 5826 1781 5880 est,
1809 5811 1941 5887 quod

365 5940 437 5989 est
460 5928 683 5986 Christus
708 5920 858 5978 Iesus
894 5916 935 5988 (ι
962 5915 1075 5974 Cor.
1106 5931 1159 5972 ιιι
1186 5957 1200 5985 ,
1230 5913 1342 5983 ll}.

1362 373 1752 435 liNAPdt-tTlO
1791 371 1853 427 IN
1893 368 2212 428 PSALMU.“
2257 375 2485 430 mm.

3448 391 3470 446 i
3480 391 3584 447 υἷό

2078 518 2162 572 ib.
2189 517 2338 590 [tum
2375 519 2484 591 ιιι
2518 521 2768 576 Surrensa
2804 525 2909 595 igni
2933 535 2978 578 et
3005 525 3219 595 e/fossa,
3255 529 3321 586 ab
3356 531 3585 603 increpa-

2007 609 2140 661 tione
2179 610 2342 662 vultus
2381 610 2454 662 tui
2484 612 2730 681 peribunt.
2763 616 2890 683 Qute
2931 629 3054 673 sunt
3095 636 3348 677 succensa
3398 627 3500 694 igni
3529 634 3586 680 et

2008 698 2230 764 ell'ossa,
2275 716 2394 770 qua)
2426 703 2670 770 peribunt
2704 705 2770 760 ab
2811 709 3169 779 increpatione
3213 715 3388 770 vultus
3431 716 3586 786 ejus?

2012 791 2295 846 Videamus
2333 803 2387 846 et
2430 794 2783 863 intelligamus
2807 815 2921 867 qum
2958 803 3062 857 sitit
3090 803 3193 875 igni
3237 820 3495 862 succensa
3533 819 3587 864 et

2007 883 2219 938 eil‘ossa.
2251 885 2390 953 Quid
2416 885 2707 954 increpavit
2728 887 3005 944 Christus?
3037 893 3256 950 Peccata
3286 915 3302 950 ε
3328 898 3395 953 ab
3416 899 3588 958 incre-

2009 977 2220 1045 patione
2269 976 2446 1031 vultus
2490 978 2608 1046 ejus
2654 990 2864 1047 peccata
2912 982 3198 1050 perierunt.
3241 987 3416 1056 Quare
3460 1005 3587 1059 ergo

2010 1075 2222 1135 peccata
2263 1065 2364 1135 igni
2395 1082 2648 1121 succensa
2679 1077 2734 1123 et
2759 1069 2990 1124 effossa?
3019 1073 3204 1127 Omnia
3234 1086 3442 1146 peccata
3469 1080 3589 1134 duae

2009 1175 2092 1212 res
2122 1158 2315 1213 faciunt
2347 1161 2396 1212 in
2427 1160 2672 1225 homine;
2703 1163 2963 1232 cupiditas
2985 1207 2998 1230 ,
3027 1175 3082 1221 ct
3107 1168 3285 1233 timor.
3317 1172 3552 1240 Cogitate
3575 1215 3588 1236 .

2008 1248 2286 1314 discntite,
2338 1250 2658 1320 interrogate
2704 1254 2863 1307 corda
2913 1267 3127 1323 vestra,
3188 1264 3591 1327 perscrutantini

2007 1342 2393 1407 emtscientias;
2419 1342 2593 1397 videte
2625 1353 2798 1398 utrum
2831 1345 3037 1414 possint
3061 1362 3181 1403 esse
3209 1361 3456 1418 peccata,
3488 1350 3597 1405 nisi

2008 1442 2097 1486 aut
2141 1433 2441 1502 cupiendo,
2497 1441 2588 1488 ant
2639 1435 2892 1490 timendo.
2949 1437 3266 1508 Propenitur
3311 1444 3592 1510 pra‘miunt

2012 1535 2068 1576 ιιι
2112 1540 2332 1594 pecces,
2379 1525 2429 1579 id
2472 1536 2586 1590 est,
2633 1527 2772 1596 quod
2817 1537 2866 1583 te
2894 1528 3154 1594 delectat;
3207 1531 3334 1587 facis
3377 1543 3595 1607 propter

2011 1617 2150 1686 quod
2182 1620 2350 1688 cupis.
2380 1618 2486 1673 Sed
2535 1618 2668 1673 forte
2697 1636 2800 1673 non
2844 1620 3111 1677 induceris
3138 1622 3324 1688 donis,
3375 1628 3595 1681 terreris

2010 1711 2202 1775 minis;
2258 1710 2387 1764 iacis
2443 1721 2660 1781 prepter
2710 1712 2852 1783 quod
2901 1712 3076 1772 times.
3127 1713 3486 1788 Corrumpere
3538 1722 3592 1769 te

2011 1804 2123 1857 vult
2170 1804 2381 1872 aliquis,
2412 1813 2468 1859 ut
2490 1804 2659 1870 dicas,
2682 1807 2830 1862 verbi
2858 1808 3022 1877 gratia
3044 1848 3062 1875 ,
3111 1808 3302 1865 falsum
3351 1811 3592 1867 testimo-

2013 1894 2178 1948 nium.
2212 1893 2615 1949 Innumcrabilia
2637 1905 2762 1950 sunt
2784 1937 2801 1962 ,
2831 1897 2925 1952 sed
2948 1898 3183 1967 planiora
3216 1916 3485 1970 propono,
3528 1902 3597 1959 dc

2013 1988 2204 2058 quibus
2245 1997 2438 2043 Cretera
2488 1989 2802 2059 conjiciatis.
2845 1990 3129 2048 Attetnlisti
3180 2002 3235 2046 ttt
3285 1992 3486 2060 Deum,
3543 2005 3599 2050 et

2013 2079 2191 2134 dixisti
2259 2079 2310 2134 iu
2372 2081 2551 2134 animo
2614 2090 2704 2136 tuo
2753 2097 2768 2134 :
2820 2082 2956 2149 Quid
3009 2083 3208 2153 prodest
3269 2084 3494 2152 homini,
3553 2087 3597 2141 si

2015 2181 2173 2226 totum
2203 2171 2445 2226 mundum
2485 2172 2737 2237 lucretur,
2764 2174 2948 2228 anima:
2983 2186 3149 2230 autem
3175 2192 3283 2230 sua:
3322 2179 3597 2234 detrimen-

2012 2273 2118 2315 tum
2148 2264 2407 2334 patiatur(
2435 2263 2620 2318 Matth.
2646 2281 2750 2330 χιι,
2780 2265 2926 2336 26)?
2949 2265 3063 2321 Non
3090 2267 3324 2323 adducor
3353 2270 3595 2340 pra-mia.

2015 2364 2072 2407 ut
2097 2354 2314 2426 perdam
2337 2355 2568 2410 animam
2598 2371 2772 2411 meam
2818 2371 2918 2427 pro
2966 2357 3113 2413 lucro
3157 2362 3414 2429 pecuniae.
3449 2362 3596 2420 Con-

2015 2448 2175 2502 vertit
2215 2447 2306 2502 illc
2347 2462 2409 2502 se
2449 2448 2516 2502 ad
2566 2449 2926 2504 incttticndum
2975 2459 3204 2515 metum;
3245 2453 3334 2523 qui
3378 2456 3598 2524 praemio

2015 2555 2358 2611 corrumpere
2393 2555 2496 2595 non
2529 2541 2729 2625 valuit,
2771 2542 2955 2613 incipit
2985 2543 3174 2598 mitutri
3205 2538 3485 2614 damnum,
3505 2563 3596 2603 cr

2017 2632 2333 2702 pulsionem,
2361 2633 2535 2687 aedes
2559 2631 2800 2688 fortassis
2819 2641 2875 2688 et
2895 2643 3121 2705 mortem
3147 2653 3161 2690 :
3188 2634 3256 2691 ibi
3281 2635 3412 2707 jam,
3439 2639 3484 2694 si
3501 2651 3602 2694 cu-

2017 2725 2208 2796 piditas
2231 2741 2335 2780 non
2360 2725 2539 2791 valuit,
2566 2725 2701 2781 forte
2725 2727 2883 2781 timor
2903 2725 3095 2782 valebit
3115 2737 3172 2783 ut
3192 2743 3400 2798 pecces.
3431 2729 3598 2784 Porro

2017 2829 2193 2874 autem
2233 2819 2279 2873 si
2326 2819 2393 2875 de
2440 2819 2727 2889 Scriptus-is
2752 2829 2938 2875 contra
2965 2820 3308 2889 cupiditatem
3337 2822 3476 2877 venit
3504 2823 3596 2878 tibi

2019 2913 2072 2967 in
2100 2922 2350 2974 mentem,
2383 2911 2517 2979 Quid
2543 2913 2742 2983 prodest
2768 2912 2979 2979 homini,
3003 2914 3046 2968 si
3068 2924 3225 2967 totum
3251 2914 3490 2968 mundum
3511 2917 3594 2968 lu-

2016 3013 2203 3069 cretur,
2233 3005 2415 3058 animle
2437 3012 2602 3058 autent
2626 3020 2733 3060 sua:
2758 3004 3108 3058 detrimentum
3141 3006 3394 3073 patiatur;
3419 3006 3599 3062 veniat

2018 3097 2176 3152 ctiam
2206 3107 2389 3152 contra
2431 3098 2675 3151 timerent
2721 3097 2772 3152 itt
2818 3105 3074 3161 mentem,
3104 3095 3278 3150 Nolite
3310 3099 3484 3153 timere
3516 3115 3601 3154 eos

2019 3190 2106 3258 qui
2132 3207 2314 3260 corpus
2338 3190 2605 3254 occidunt;
2642 3191 2865 3244 animam
2899 3198 3064 3244 autent
3094 3207 3194 3245 non
3234 3202 3440 3262 possunt
3464 3195 3600 3247 occi-

2024 3281 2142 3336 dere
2171 3280 2190 3350 (
2207 3279 2292 3334 Id.
2322 3297 2374 3340 κ,
2399 3279 2527 3351 28).
2554 3280 2883 3350 Quicumque
2911 3290 2962 3336 te
2989 3281 3096 3336 vult
3129 3281 3406 3350 occidere,
3433 3299 3603 3355 usque

2020 3371 2087 3426 ad
2108 3387 2301 3442 corpus
2328 3372 2376 3427 ei
2405 3372 2557 3437 licet;
2586 3387 2752 3442 nSque
2772 3372 2838 3426 ad
2857 3373 3087 3426 animam
3111 3388 3215 3428 non
3239 3373 3380 3429 licet.
3409 3375 3601 3430 Anima

2022 3475 2110 3520 tua
2141 3481 2247 3521 non
2271 3466 2546 3528 morietur.
2579 3465 2676 3519 nisi
2705 3475 2760 3520 tu
2789 3481 2906 3520 eam
2930 3465 3159 3520 volucris
3184 3466 3447 3522 occidere.
3477 3467 3605 3527 Pera

2023 3559 2151 3614 imat
2178 3559 2350 3614 aliena
2375 3559 2620 3629 iniquitas
2645 3574 2861 3614 carnem
2885 3567 3046 3627 tuam,
3068 3558 3193 3614 dum
3213 3571 3391 3616 servet
3408 3563 3605 3616 veritas

2023 3655 2253 3709 animam
2285 3663 2446 3709 tuam.
2479 3655 2534 3710 Si
2562 3664 2739 3710 autem
2766 3671 2796 3710 a
2821 3656 3042 3712 veritate
3063 3655 3337 3727 resilieris,
3363 3658 3488 3730 quid
3512 3659 3604 3716 tibi

2023 3745 2250 3816 amplius
2281 3745 2512 3800 facturus
2537 3755 2617 3801 est
2639 3745 2902 3810 inimicus,
2919 3760 3076 3816 quam
3106 3755 3161 3801 tu
3189 3747 3281 3802 tibi
3305 3747 3417 3818 ipse
3440 3749 3607 3804 facis?

2025 3834 2275 3891 Inimicus
2297 3838 2522 3892 szeviens
2547 3852 2761 3892 carnem
2803 3845 2978 3907 potest
3015 3837 3257 3893 occidere
3287 3857 3302 3893 :
3333 3847 3385 3893 ιιι
3427 3849 3608 3897 autem

2025 3926 2250 3982 dicendo
2294 3928 2483 3984 falsum
2530 3927 2892 3984 testimonium
2940 3927 3170 3984 animam
3218 3929 3436 3986 occidis.
3469 3931 3607 3987 Audi

2026 4023 2354 4092 Scripturam
2382 4039 2396 4075 :
2424 4018 2494 4073 0s
2518 4019 2653 4091 quod
2693 4019 2963 4088 mentitur,
2995 4019 3176 4074 occidit
3201 4021 3423 4074 animum
3450 4021 3607 4092 (Sep.

2026 4132 2065 4184 I,
2099 4116 2156 4172 II
2190 4115 2228 4186 ).
2262 4113 2463 4184 Itaque,
2501 4110 2692 4167 fratres
2735 4110 2874 4178 mei,
2918 4111 2985 4168 ad
3017 4126 3184 4196 (omne
3226 4123 3369 4169 recte
3414 4113 3607 4170 factum

2027 4225 2178 4264 amor
2213 4217 2267 4261 et
2310 4207 2468 4261 timor
2492 4205 2638 4260 ducit
2664 4221 2680 4258 :
2711 4203 2776 4260 ad
2802 4220 2963 4259 omne
2989 4213 3260 4275 peccatum
3287 4219 3437 4260 amor
3464 4215 3517 4262 et
3545 4207 3611 4260 ti-

2030 4320 2147 4360 mor
2189 4302 2352 4357 ducit.
2398 4299 2468 4356 Ut
2512 4299 2671 4353 Iacias
2712 4299 2872 4363 bene,
2919 4313 3068 4353 amas
3108 4299 3309 4364 Deum,
3357 4308 3412 4356 et
3456 4299 3611 4356 times

2031 4400 2198 4454 Deum
2229 4415 2243 4453 :
2275 4405 2332 4452 ut
2360 4403 2534 4450 autem
2565 4393 2725 4448 facias
2752 4392 2890 4448 male
2909 4433 2923 4456 .
2959 4406 3107 4447 amas
3142 4391 3397 4448 mundum
3421 4434 3436 4456 ,
3465 4402 3519 4449 et
3548 4394 3613 4449 ti-

2033 4507 2145 4548 mes
2191 4487 2469 4545 mundum.
2522 4485 2648 4540 Haec
2694 4483 2800 4539 duo
2837 4493 3214 4539 convertantur
3256 4483 3321 4538 ad
3368 4483 3609 4539 bonum:

2030 4584 2247 4640 amabas
2289 4592 2481 4636 terram
2505 4620 2520 4644 ,
2551 4591 2668 4632 ama
2700 4577 2864 4631 vitam
2895 4585 3183 4642 aeternam;
3213 4576 3439 4633 timebas
3469 4593 3616 4632 mor-

2034 4686 2161 4741 tem,
2188 4675 2312 4730 limc
2339 4674 2661 4744 gehennam.
2693 4667 2956 4738 Quidquid
2979 4668 3072 4723 tibi
3101 4668 3281 4740 iniquo
3306 4670 3616 4740 promiserit

2035 4768 2298 4834 mundus,
2329 4762 2583 4835 numquid
2621 4769 2798 4834 potest
2833 4759 2959 4816 dare
3003 4769 3260 4832 quantum
3303 4758 3448 4817 dabit
3470 4760 3616 4831 justo

2038 4861 2216 4915 Deus?
2258 4853 2521 4926 Quidquid
2569 4853 2660 4909 tibi
2697 4852 2841 4924 justo
2881 4852 3113 4906 minatus
3151 4851 3310 4906 fuerit
3349 4851 3615 4919 mundus,

2039 4951 2290 5022 numquid
2333 4959 2500 5021 potest
2541 4947 2718 5004 facere
2760 4944 2903 5018 quod
2947 4943 3069 5000 facit
3107 4944 3289 5016 iniquo
3320 4944 3496 5000 Deus?
3524 4944 3619 5000 Vis

2038 5046 2219 5101 videre
2246 5043 2370 5114 quid
2397 5041 2613 5095 daturus
2640 5047 2722 5094 est
2750 5039 2906 5104 Deus,
2930 5037 2973 5092 si
2996 5035 3137 5107 juste
3158 5035 3388 5090 vixeris?
3422 5034 3617 5101 Venite,

2039 5137 2278 5194 benedicti
2307 5134 2471 5188 Patris
2496 5131 2623 5195 mei;
2653 5128 2887 5201 percipite
2913 5144 3118 5198 regnum
3147 5128 3283 5199 quod
3308 5125 3442 5181 vobis
3464 5142 3613 5196 para-

2042 5242 2145 5288 tum
2170 5240 2239 5286 est
2267 5229 2326 5282 ab
2352 5226 2543 5297 origine
2571 5224 2767 5278 mundi.
2800 5222 2891 5276 Vis
2915 5221 3095 5276 videre
3123 5219 3246 5291 quid
3281 5219 3514 5274 facturus
3539 5231 3618 5277 est

2044 5322 2253 5394 impiis?
2285 5319 2363 5373 Ite
2387 5320 2437 5372 in
2464 5318 2626 5389 ignem
2651 5325 2912 5377 a'ternum,
2943 5313 3027 5385 qui
3071 5321 3277 5382 paratus
3313 5321 3387 5365 est
3421 5311 3624 5366 diabolo

2044 5425 2087 5470 et
2115 5413 2305 5486 angelis
2346 5411 2457 5481 ejus
2486 5406 2708 5481 (Matth.
2755 5421 2878 5470 xxv,
2910 5405 3000 5474 54,
3045 5405 3105 5458 41
3131 5404 3170 5472 ).
3221 5402 3365 5458 Bene
3407 5401 3620 5473 quidem

2047 5506 2175 5562 nihil
2206 5514 2260 5560 tu
2299 5502 2437 5557 aliud
2467 5501 2545 5555 vis
2566 5543 2579 5565 ,
2621 5515 2778 5568 quam
2812 5506 2868 5551 nt
2908 5497 3041 5550 bene
3072 5495 3163 5549 tibi
3193 5495 3279 5549 sit.
3315 5493 3448 5549 Nam
3479 5495 3530 5548 in
3557 5508 3626 5548 eo

2046 5596 2187 5671 quod
2215 5611 2381 5660 amas,
2408 5595 2484 5648 vis
2510 5602 2568 5648 ut
2594 5591 2728 5646 bene
2757 5589 2848 5643 tibi
2880 5589 2978 5651 sit;
3005 5595 3058 5641 et
3088 5587 3139 5642 in
3160 5601 3223 5640 eo
3249 5585 3390 5654 quod
3432 5586 3585 5639 times
3605 5624 3624 5650 ,

2048 5706 2153 5746 non
2177 5688 2256 5744 vis
2283 5695 2340 5742 ut
2364 5686 2503 5740 male
2529 5682 2623 5738 tibi
2645 5682 2748 5736 sit:
2768 5677 2860 5735 sed
2888 5692 2991 5733 non
3014 5677 3064 5732 itt
3089 5692 3150 5733 ea
3173 5677 3386 5747 regione
3406 5676 3624 5746 qumris,

2050 5786 2102 5839 in
2132 5798 2234 5854 qua
2263 5778 2606 5851 quatrendum
2637 5785 2738 5831 est.
2791 5772 3066 5837 Festinas;
3117 5785 3237 5827 nam
3263 5780 3315 5827 et
3340 5770 3456 5826 sine
3483 5766 3625 5826 indi-

2054 5877 2228 5950 εειιιιίτι
2257 5875 2336 5930 vis
2379 5887 2519 5928 esse.
2566 5878 2619 5924 et
2659 5867 2774 5924 sine
2817 5865 3102 5924 molestia:
3128 5864 3326 5922 bonum
3359 5869 3441 5919 est
3485 5857 3625 5933 quod
