3990 6312
467 399 612 459 ιειίιιι

465 534 562 582 vus,
593 514 685 570 sed
715 513 887 570 tolera
910 508 1050 581 quod
1078 523 1182 561 non
1206 505 1306 569 vis,
1345 511 1401 558 ut
1439 501 1740 571 assequaris
1776 499 1915 568 quod
1944 499 2043 550 ris.

466 605 695 675 Proinde
725 603 865 658 illius
894 602 1054 656 facies
1078 597 1264 653 delens
1296 604 1530 665 peccata,
1560 591 1685 663 quid
1713 589 1908 644 faciet?
1926 603 2044 658 quze

460 706 586 753 sunt
615 706 824 766 pecunia
855 707 1111 749 succensa
1152 689 1256 759 igni
1296 697 1350 741 et
1389 685 1621 741 eﬂ‘ossa?
1664 683 1798 749 Quid
1847 681 2047 736 fecerat

461 810 611 847 amor
641 790 848 846 malus?
885 788 1158 855 Tanquam
1189 783 1362 852 ignem
1391 777 1757 833 succmiderat.
1800 774 1934 843 Quid
1971 773 2048 829 fe-

462 897 610 941 cerat
639 886 800 938 timor
826 879 1033 936 malus?
1059 879 1330 945 Tanquam
1359 873 1633 929 effodi-rat.
1666 873 1828 924 Amor
1853 869 2048 939 quippe

462 982 784 1042 inflammat;
817 976 980 1028 timor
1002 969 1243 1024 ltutniliat
1267 985 1280 1017 :
1304 966 1422 1020 ideo
1449 975 1659 1032 peccata
1679 962 1809 1028 mali
1825 961 2041 1020 amoris,

463 1074 582 1141 igne
628 1081 886 1126 succensa
930 1074 1089 1129 sunt;
1142 1069 1354 1130 peccata
1400 1056 1521 1110 maii
1568 1053 1808 1116 timoris,
1853 1052 2044 1107 emissa

463 1170 606 1216 sunt.
651 1159 906 1215 llumiliat
947 1144 1210 1209 et'bonus
1260 1151 1434 1212 timor,
1483 1143 1728 1200 accendit
1774 1153 1824 1197 et
1875 1143 2048 1197 bonus

464 1269 641 1318 annor;
676 1253 766 1305 sed
798 1251 971 1313 aliter,
1001 1256 1157 1314 atque
1182 1243 1354 1297 aliter.
1388 1239 1522 1294 Nam
1551 1247 1604 1292 et
1630 1236 1852 1292 colonus
1878 1235 2042 1289 inter~

462 1347 662 1401 cedens
685 1360 779 1413 pro
819 1342 1028 1403 arbore,
1060 1352 1178 1408 qua:
1219 1335 1417 1393 fructus
1449 1346 1553 1384 non
1593 1329 1789 1395 dabat,
1826 1343 1894 1382 ne
1923 1325 2048 1380 sul)-

463 1448 776 1499 vcrtcrclur,
808 1436 880 1487 ait
903 1451 919 1488 :
945 1427 1288 1502 Circumfudio
1314 1442 1446 1490 eam,
1467 1433 1516 1480 et
1539 1421 1751 1476 aditich
1777 1419 2052 1490 cophimmt

460 1530 691 1586 stercoris
720 1527 866 1598 (an.
896 1541 1008 1591 xm,
1035 1523 1112 1593 8).
1143 1521 1305 1580 Fossa
1330 1516 1590 1588 significat
1616 1514 1755 1584 piam
1781 1511 2064 1566 liumilita-.

463 1635 568 1678 tem
600 1621 852 1684 timentis,
881 1627 934 1673 et
959 1613 1210 1672 stercoris
1239 1610 1500 1680 cophinus
1526 1606 1713 1664 sordes
1743 1603 1902 1659 utiles
1931 1616 2051 1671 pm-

463 1714 698 1770 nitcntis.
749 1713 831 1766 De.
864 1710 985 1779 igne
1024 1715 1201 1761 autem
1231 1699 1581 1761 buniamoris
1619 1697 1872 1754 Dominus
1897 1693 2050 1758 dicit,

467 1805 640 1876 Ignem
668 1805 776 1857 veni
802 1803 992 1855 mittere
1011 1799 1064 1852 in
1085 1795 1326 1850 mundum
1355 1795 1371 1863 (
1396 1792 1476 1845 Μ.
1507 1807 1600 1855 xu,
1789 1787 1910 1855 Quo
1931 1786 2051 1855 igne

466 1897 802 1956 inardescant
839 1893 1026 1963 spiritu
1064 1892 1348 1950 ferventes,
1377 1893 1432 1939 et
1461 1882 1552 1940 Dei
1579 1897 1646 1938 ac
1669 1879 1896 1952 proximi
1924 1877 2053 1931 cha-

463 1992 619 2046 ritate
650 1989 952 2057 ﬂagrantes.
979 1986 1052 2038 Ac
1082 1996 1176 2052 per
1207 1980 1324 2041 hoc,
1356 1977 1494 2033 sicut
1523 1973 1698 2030 omnia
1720 1972 1863 2041 iusta
1886 1983 2050 2040 opera

464 2082 606 2141 bono
636 2079 828 2134 timore
853 2087 906 2129 et
934 2075 1073 2127 bono
1101 2084 1285 2126 amore
1319 2067 1485 2129 fiunt;
1521 2064 1602 2119 sic
1624 2062 1764 2117 malo
1791 2075 1975 2116 amore
1998 2066 2052 2113 et

462 2173 602 2230 malo
631 2173 821 2230 tinnire
843 2171 1020 2223 unmia
1043 2173 1262 2234 peccata
1279 2159 1700 2216 cotnmittuntur.
1733 2154 1895 2224 Ergo,
1921 2152 2057 2207 Suc-

460 2283 610 2321 censa
631 2265 736 2336 igni
761 2273 805 2316 et
835 2260 1036 2326 εἶπαι,
1062 2256 1242 2312 omnia
1274 2254 1479 2308 Scilicet
1519 2257 1757 2319 peccata,
1785 2244 1848 2300 ab
1874 2245 2047 2298 incre-

461 2359 662 2430 patione
689 2355 852 2407 cultus
881 2365 950 2404 tm
982 2354 1230 2419 pri-ibunt.

535 2450 620 2504 Μ.
662 2445 815 2520 [νει-δ.
844 2444 908 2499 18
940 2442 1056 2515 20.]
1093 2440 1209 2495 Fiat
1238 2455 1414 2491 manus
1445 2447 1530 2489 tuo
1555 2451 1707 2503 super
1734 2433 1896 2486 virum
1925 2430 2053 2488 dea:-

461 2552 579 2596 tcrte
607 2552 728 2607 tuw,
761 2549 805 2594 ct
831 2555 982 2608 super
1009 2537 1169 2605 ﬁlium
1198 2532 1412 2587 hominis
1440 2545 1584 2601 quem
1607 2526 1918 2594 conﬁrmasti
1939 2523 2052 2581 tibi.

464 2635 528 2688 Et
569 2650 667 2687 non
699 2632 1000 2686 discedimus
1024 2649 1055 2682 α
1085 2640 1147 2680 ιιι.
1198 2623 1458 2692 Quamdiu
1502 2619 1778 2692 generatio
1809 2631 1966 2688 prava
1999 2624 2051 2670 et

460 2725 776 2790 amaricans,
795 2733 850 2778 et
874 2740 990 2792 qua:
1017 2738 1108 2776 cor
1139 2735 1241 2774 non
1267 2715 1444 2787 dirigit
1465 2729 1621 2772 suum
1646 2710 1820 2785 (Psal.
1838 2723 2071 2774 tum,

459 2821 510 2878 8.
545 2816 659 2891 9)?
698 2816 847 2870 Dicat
887 2812 1065 2882 Asaplt
1098 2829 1113 2864 :
1143 2808 1397 2866 Ostendat
1426 2822 1484 2861 se
1514 2801 1878 2859 misericordia
1919 2809 2049 2863 tua;

457 2913 538 2966 fac
569 2910 702 2964 bene
726 2923 844 2963 cum
869 2907 1017 2960 vinea
1045 2915 1161 2969 tua,
1178 2901 1370 2972 pcriice
1396 2898 1563 2958 illam,
1588 2894 1825 2965 quoniam
1851 2889 2052 2945 catcitas

459 3022 520 3058 ex
548 3013 687 3069 parte
707 3000 873 3055 Israel
891 3003 1025 3072 facta
1052 3007 1146 3062 est,
1170 3005 1224 3049 ut
1253 2991 1511 3064 plenitudo
1541 2987 1774 3043 Gentium
1800 2983 2047 3047 introiret,

457 3105 503 3151 et
529 3096 602 3148 sic
628 3095 788 3146 omnis
820 3090 984 3146 Israel
1007 3089 1174 3144 salvus
1202 3087 1342 3156 ﬁcrct
1373 3083 1546 3154 (Rom.
1574 3097 1645 3145 ιιι,
1673 3078 1766 3144 ‘25,
1793 3076 1910 3146 26).
1944 3076 2050 3130 De-

459 3193 748 3241 munstrata
804 3182 936 3238 facie
985 3192 1071 3235 tua
1119 3195 1270 3248 super
1310 3177 1472 3233 virum
1507 3175 1726 3242 dextera:
1767 3179 1868 3224 tute
1902 3182 2050 3233 quem

458 3277 770 3348 conﬁrmasti
799 3275 902 3339 tibi,
937 3291 1036 3332 non
1061 3271 1365 3326 discedimus
1390 3285 1429 3323 a,
1452 3277 1502 3322 te
1528 3281 1548 3321 :
1576 3262 1828 3337 quamdiu
1851 3275 1951 3314 nos
1970 3260 2052 3314 in.

458 3370 687 3440 crcpas?
708 3370 958 3438 quamdiu
980 3363 1231 3421 accusas?
1264 3361 1374 3417 Hoc
1405 3359 1507 3424 fac,
1539 3368 1585 3412 et
1613 3373 1712 3411 non
1739 3353 2051 3408 discedimus

458 3481 486 3516 tl
515 3475 559 3516 te
587 3480 605 3517 :
644 3460 927 3531 Viri/im“:
957 3476 1071 3524 nos,
1107 3467 1158 3514 et
1191 3471 1370 3510 nomen
1407 3463 1547 3509 tuum
1578 3450 1938 3512 incumbimus.
1971 3445 2049 3499 Τιι

462 3555 616 3610 nobis
652 3554 830 3609 dulcis
863 3551 1003 3618 eris;
1036 3548 1306 3616 viviﬁcabis
1330 3563 1444 3603 nos.
1493 3544 1627 3599 Nam
1653 3540 1804 3612 prius
1831 3537 2050 3592 aniaba-

465 3661 583 3702 nms
613 3654 828 3705 terram,
864 3660 970 3699 non
1005 3651 1091 3709 te;
1120 3642 1217 3697 sed
1243 3636 1569 3706 tnurtilicasti
1601 3632 1837 3687 membra
1869 3636 2049 3684 nostra

460 3755 580 3813 qua:
624 3747 749 3793 sunt
787 3750 949 3807 super
978 3743 1176 3792 terram
1207 3727 1441 3803 (,Coloss.
1477 3744 1560 3795 tu,
1583 3723 1681 3794 5).
1726 3720 1857 3780 illud
1904 3717 2050 3774 enim

1633 373 1692 443 s‘.
1737 381 2102 444 sponsum
2142 366 2441 441 sciscam
2516 409 2520 413 -

3592 369 3728 431 {028

2157 497 2316 552 Vetus
2362 495 2757 550 Testamentum
2807 490 3008 546 habens
3047 489 3303 560 promissa
3349 495 3579 551 terrena,
3630 487 3731 544 hoc

2155 588 2362 642 videtur
2408 585 2650 650 suadere,
2689 599 2754 638 ne
2797 584 2959 653 gratis
3002 581 3206 635 colatur
3253 579 3422 643 Dens;
3469 578 3564 634 sed
3606 578 3727 648 quia

2153 681 2349 751 aliquid
2393 680 2483 734 dat
2527 678 2577 732 in
2629 686 2789 740 terra,
2834 674 2953 728 ideo
2994 658 3260 742 diligatur.
3309 670 3642 739 Quidamas,
3677 681 3735 722 ut

2156 777 2321 830 Deum
2365 789 2468 826 non
2509 771 2689 825 ames?
2718 769 2803 824 die
2835 767 2981 822 mihi.
3029 767 3182 831 Ama,
3211 766 3252 819 si
3302 777 3488 834 potes,
3529 763 3730 832 aliquid

2155 868 2295 938 quod
2325 866 2412 920 ille
2453 881 2556 917 non
2599 863 2740 918 fecit.
2782 858 3147 927 Circumspice
3183 855 3732 911 universam-creatu-

2157 975 2304 1020 ram;
2339 957 2457 1011 \ide
2486 967 2660 1008 utrum
2687 953 2877 1007 alicubi
2904 950 3205 1020 cupiditatis
3228 947 3371 1001 risco
3397 945 3651 1006 tenearis.
3681 952 3736 999 et

2155 1067 2185 1102 a
2205 1048 2470 1119 diligendo
2495 1046 2745 1107 Creatore
2768 1042 3088 1112 itnpediaris,
3113 1040 3214 1094 nisi
3237 1054 3298 1094 ea
3328 1053 3383 1093 re
3410 1052 3566 1107 quam
3593 1050 3737 1091 crea-

2156 1144 2228 1198 vit
2256 1145 2368 1212 ipse
2396 1157 2556 1212 quem
2581 1138 2819 1208 negligis.
2860 1137 3036 1204 Quare
3073 1141 3250 1187 autem
3292 1145 3439 1186 amas
3481 1130 3600 1194 ista,
3632 1128 3749 1182 nisi

2155 1238 2273 1307 quia
2307 1236 2524 1305 pulchra
2553 1234 2715 1286 sunt?
2743 1232 2969 1302 Possunt
2999 1242 3121 1286 esse
3147 1237 3252 1280 tam
3290 1223 3508 1294 pulchra
3530 1265 3546 1287 ,
3572 1237 3738 1290 qttatn

2155 1331 2243 1384 ille
2273 1345 2301 1382 a
2327 1342 2432 1398 quo
2463 1324 2597 1379 facta
2624 1323 2784 1377 sunt?
2813 1319 3017 1375 Miraris
3039 1321 3172 1383 huic,
3201 1316 3321 1386 quia
3353 1314 3502 1368 illum
3532 1327 3641 1366 non
3669 1313 3733 1366 ri-

2155 1421 2249 1475 des
2280 1437 2293 1474 :
2320 1419 2414 1474 sed
2460 1433 2554 1487 per
2587 1431 2647 1470 ea
2687 1426 2807 1485 quae
2846 1411 3078 1474 miraris,
3108 1423 3224 1463 ama
3246 1421 3402 1478 quem
3429 1421 3534 1459 non
3563 1403 3733 1458 vides.

2158 1513 2426 1581 Interroga
2455 1517 2789 1572 creaturam;
2822 1505 2865 1560 si
2898 1519 2927 1556 a
2955 1501 3124 1567 seipse
3151 1509 3252 1567 est,
3282 1513 3498 1553 remane
3523 1497 3575 1551 in
3602 1496 3689 1551 illa
3718 1513 3733 1550 :

2156 1605 2200 1660 si
2222 1612 2397 1658 autem
2429 1602 2495 1657 ab
2520 1601 2617 1656 ilio
2634 1608 2716 1655 est
2734 1643 2749 1665 ,
2782 1613 2889 1653 non
2909 1597 2979 1652 ob
3001 1594 3147 1649 aliud
3168 1593 3462 1663 perniciosa
3483 1597 3566 1645 est
3591 1605 3753 1643 ama--

2158 1699 2278 1759 tori,
2313 1697 2412 1752 nisi
2449 1696 2568 1765 quia
2609 1686 3225 1763 prmponitur'Creatori.
3254 1685 3428 1752 Quare
3463 1679 3736 1738 bocldixii

2159 1793 2380 1862 Propter
2405 1803 2614 1844 versum
2645 1786 2823 1848 istum,
2849 1782 3057 1838 fratres.
3087 1777 3279 1835 Μαι-ιιιὶ
3297 1789 3430 1847 ergo
3458 1783 3628 1840 erant,
3647 1773 3738 1843 qui

2158 1893 2437 1956 propterea
2478 1882 2640 1935 Deum
2685 1876 2932 1933 colebant
2979 1882 3038 1929 ιιι
3079 1873 3157 1928 eis
3196 1868 3485 1926 secundum
3523 1880 3737 1921 carnem

2157 1979 2293 2033 bene
2319 1983 2458 2032 esset
2483 1992 2499 2029 :
2521 1986 2710 2041 sapere
2750 1969 2892 2025 enim
2929 1964 3222 2022 secundum
3248 1975 3462 2019 carnem
3489 1971 3634 2014 mors
3656 1967 3738 2013 est

2159 2070 2349 2144 (Rom.
2378 2083 2469 2121 vni
2495 2107 2508 2131 ,
2534 2065 2631 2136 6);
2664 2072 2719 2119 et
2745 2059 2938 2116 mortui
2968 2065 3093 2113 sunt
3117 2052 3207 2127 qui
3237 2070 3342 2109 non
3374 2054 3537 2107 Deum
3575 2049 3740 2120 gratis

2155 2142 2362 2229 colunt,
2389 2158 2443 2214 id
2469 2166 2572 2222 est,
2595 2156 2715 2226 quia
2746 2155 2859 2222 ipse
2885 2153 3055 2206 nonus
3081 2157 3183 2214 est,
3215 2162 3319 2201 non
3349 2146 3471 2216 quia
3499 2143 3587 2198 dat
3616 2142 3738 2196 talia

2155 2256 2294 2311 bona
2335 2267 2455 2325 qua:
2501 2251 2595 2306 dat
2641 2257 2698 2304 ct
2741 2261 2848 2302 non
2895 2239 3070 2299 bonis.
3121 2239 3404 2297 Pecuniam
3430 2236 3563 2291 visa
3589 2235 3739 2289 Deo?

2156 2348 2328 2404 liabet
2355 2356 2409 2402 et
2436 2347 2590 2400 latro.
2637 2342 2889 2400 Uxorem.
2921 2335 3296 2393 fecunditatem
3329 2330 3578 2395 ﬁliorum,
3602 2327 3742 2383 salu-

2158 2452 2263 2499 tem
2291 2438 2552 2510 corporis,
2571 2437 2880 2507 dignitatem
2907 2429 3127 2488 stecnli?
3149 2425 3380 2483 Attende
3404 2437 3561 2493 quam
3591 2420 3740 2475 inuiti

2157 2536 2284 2590 mali
2317 2533 2534 2589 habent.
2568 2529 2680 2587 liae
2702 2537 2786 2586 est
2812 2535 2979 2582 totum
3010 2531 3230 2597 promer
3251 2517 3538 2591 quodcum
3565 2515 3741 2571 enlist

2156 2628 2426 2684 Nutabunt
2473 2626 2633 2698 pedes
2674 2624 2768 2690 tui,
2818 2619 3026 2692 putabis
3079 2626 3132 2673 te
3176 2615 3298 2673 sine
3344 2611 3738 2677 cattsa'Colere,

2155 2722 2371 2795 quando
2410 2721 2460 2775 in
2501 2719 2577 2774 eis
2604 2717 2751 2772 vides
2792 2717 2892 2770 ista
2923 2714 3012 2784 qui
3038 2725 3158 2768 eum
3190 2723 3291 2765 non
3328 2707 3507 2764 colunt
3544 2702 3738 2777 (Psul.

2160 2833 2321 2880 Lxxn,
2348 2813 2428 2882 2).
2454 2812 2596 2882 Ergo
2623 2812 2718 2865 ista
2749 2809 2841 2865 dat
2866 2806 3045 2862 omnia
3069 2805 3228 2859 etiam
3255 2800 3443 2863 malis;
3477 2802 3536 2854 se
3560 2797 3759 2852 solum

2157 2918 2337 2966 servat
2377 2906 2550 2962 bonis.
2589 2900 2876 2970 Vivi/icabis
2922 2915 3014 2953 nos
3046 2913 3065 2951 :
3089 2908 3211 2949 nam
3255 2891 3449 2948 mortui
3489 2892 3738 2950 eramus,

2157 2999 2372 3070 quando
2395 2995 2620 3051 terrenis
2651 2994 2810 3048 rebus
2831 2986 3257 3052 inhzerebamus;
3290 2980 3482 3060 mortui
3507 2973 3738 3043 eramus,

2156 3069 2369 3163 quando
2398 3087 2591 3144 terreni
2628 3083 2858 3139 hominis
2886 3081 3170 3149 imaginem
3193 3074 3554 3148 portabamus.
3603 3069 3742 3124 Vivi-

2157 3172 2330 3255 ﬁcabis
2361 3172 2451 3238 nos
2480 3191 2501 3236 :‘
2533 3177 2809 3235 innavabis
2851 3191 2982 3238 nos;
3011 3186 3172 3228 mam
3217 3166 3483 3224 interioris
3512 3163 3741 3219 hominis

2156 3277 2307 3331 (labis
2349 3257 2520 3329 nobis.
2542 3258 2630 3326 'Et
2670 3284 2850 3323 nomen
2874 3272 3013 3320 tuum
3040 3260 3380 3317 inrocabimus
3406 3272 3426 3312 :
3455 3255 3508 3310 id
3540 3263 3652 3319 est,
3671 3261 3742 3308 ω

2157 3370 2456 3440 diiigemus.
2496 3365 2575 3420 Tu
2605 3357 2758 3418 nobis
2786 3358 2956 3414 dulcis
2985 3356 3089 3413 eris
3117 3353 3372 3409 remissor
3399 3349 3740 3420 peccatorum

2159 3475 2490 3524 nostrorum;
2539 3455 2740 3513 tueris
2785 3461 2950 3508 totum
2999 3447 3273 3520 prmmium
3316 3441 3735 3515 jttstiiicatorum.

2159 3557 2372 3612 Domine
2419 3551 2556 3607 Deus
2579 3552 2836 3610 virtutum,
2859 3553 3086 3601 converte
3105 3556 3233 3606 nos;
3258 3547 3302 3594 et
3333 3535 3537 3592 ostende
3565 3530 3757 3604 facient

2159 3660 2318 3717 tuam,
2349 3657 2394 3702 et
2423 3646 2550 3701 salvi
2578 3646 2781 3700 erimus.

1356 4133 1731 4244 EXPLICIT
1777 4145 1978 4207 TOMI
2021 4136 2319 4218 QUARTI
2367 4137 2563 4200 psus
2606 4130 2868 4198 PRIOR.
