2049 3131
167 160 1779 193 Ea

568 269 680 312 ΤΟΥ
699 269 770 312 ΕΝ
789 269 969 311 ΑΓΙΟΙΣ
990 269 1204 312 ΠΑΤΡΟΣ
1224 270 1387 313 ΗΜΩΝ

419 365 851 423 ΓΡΗΓΟΡΙΟΥ
891 366 1040 424 ΤΟΥ
1083 354 1503 425 ΘΕΟΑΟΓΟΥ

629 473 912 499 ΑΡΧΙΕΠΙΣΚΟΠΟΥ
929 473 1333 500 ΚΩΝΣΤΑΝΤΙΝΟΥΠΟΛΕΩΣ

801 558 1148 625 ΛΟΓΟΙ.

277 760 355 839 S.
410 767 493 839 P.
551 765 641 845 N.
696 764 1155 844 GREGORII
1197 766 1686 845 THEOLOGI

368 906 826 954 ARCHIEPISCOPI
867 909 1589 956 CONSTANTINOPOLITANI

749 1017 1217 1082 ORATIONES.

247 1216 329 1252 486
355 1215 564 1248 MONITUM
576 1217 627 1247 IN
642 1217 836 1256 QUINQUE
850 1217 1107 1255 SEQUENTES
1125 1215 1420 1247 THEOLOGICAS
1436 1216 1688 1248 ORATIONES.

210 1300 234 1330 Ι.
254 1299 448 1330 D’evenimus
466 1299 591 1330 tandem
610 1299 648 1330 ad
666 1300 808 1330 celebres
828 1300 897 1331 illas
924 1300 1068 1338 Gregorii
1088 1312 1102 1329 ε(
1125 1300 1170 1330 De
1200 1298 1358 1338 theologia
1379 1311 1394 1327 ι)
1415 1300 1596 1336 oratiOnes,
1625 1309 1696 1338 qum
1730 1301 1790 1339 ipsi

171 1339 285 1369 merito
301 1339 430 1378 quidem
456 1339 618 1377 egregium
637 1350 651 1367 «
670 1340 823 1378 Theologi
843 1351 857 1366 ι)
874 1348 1051 1378 cognomen
1068 1342 1304 1378 compararunt.
1322 1340 1356 1368 in
1374 1339 1441 1369 dies
1459 1339 1555 1376 enim,
1575 1343 1608 1369 ut
1621 1339 1683 1378 jam
1709 1341 1791 1371 vidi-

170 1387 255 1412 mus.
274 1379 532 1409 increbrescebat
556 1378 834 1418 ConstantinOpoli
852 1379 1032 1418 linguarum
1051 1379 1199 1417 prurigo;
1221 1387 1255 1409 ac
1273 1378 1449 1409 timendum
1467 1383 1554 1414 erat,
1576 1387 1616 1409 ne
1638 1380 1791 1410 eﬂ‘renata

169 1418 345 1456 impietatis
365 1421 395 1448 et
416 1418 534 1448 erroris
551 1418 681 1448 audacia
702 1417 916 1449 venerandam
933 1419 1006 1449 ﬁdei
1027 1427 1063 1449 ac
1077 1418 1240 1448 Trinitatis
1266 1417 1443 1448 doctrinam
1461 1418 1589 1457 penitus
1607 1418 1793 1457 exstingue-

171 1462 234 1488 ret.
250 1458 379 1488 Dudum
394 1461 499 1488 autem
522 1457 765 1488 desiderabatur
781 1458 840 1493 vir,
856 1458 912 1496 qui
939 1466 1063 1489 morum
1082 1458 1261 1497 integritate
1273 1479 1281 1492 ,
1303 1457 1426 1494 ingenii
1444 1459 1472 1487 vi
1493 1461 1521 1488 et
1537 1458 1684 1488 acumine
1697 1478 1704 1491 ,
1721 1458 1791 1497 pie-

171 1497 244 1527 tatis
268 1501 296 1527 et
331 1497 484 1528 doctrinae
509 1497 719 1533 excellentia,
740 1498 959 1528 ementientem
989 1498 1140 1536 populum
1171 1496 1210 1527 ab
1245 1505 1386 1527 errorum
1412 1497 1553 1527 tenebris
1578 1497 1617 1527 ad
1647 1497 1791 1528 veritatis

170 1535 278 1566 lumen
296 1536 434 1575 benigne
452 1540 628 1567 revocaret.
655 1536 701 1566 Ad
727 1537 789 1567 tale
806 1541 933 1575 tamque
960 1535 1094 1568 arduum
1112 1543 1194 1575 Opus
1216 1543 1309 1566 nemo
1325 1535 1481 1574 Gregorio
1501 1536 1617 1574 aptior,
1634 1540 1789 1574 praestan-

172 1575 234 1606 tior
250 1584 366 1614 nemo;
392 1577 512 1615 quippe
537 1576 611 1613 qui,
641 1577 673 1606 in
704 1585 862 1607 sacrarum
882 1577 1072 1607 Litterarum
1103 1575 1211 1606 studio
1243 1575 1386 1613 apprime
1414 1578 1575 1610 versatus,
1593 1575 1791 1607 abstrusiora

171 1623 306 1654 quaeque
326 1614 410 1646 circa
440 1624 488 1646 res
517 1616 643 1646 divinas
676 1616 752 1646 mira
784 1616 1075 1652 ingeniifacilitate
1102 1614 1301 1653 interpretari
1337 1623 1372 1645 ac
1389 1615 1558 1646 enucleare
1583 1619 1705 1654 posset.
1720 1616 1789 1646 Jam

172 1653 278 1687 enim}
297 1663 332 1684 ex
351 1663 416 1693 quo
433 1655 798 1694 Constantinopolitanre
820 1655 970 1686 Ecclesiae
988 1655 1130 1693 regimen
1148 1657 1349 1694 susceperat,
1368 1653 1503 1692 plurima
1519 1662 1596 1684 sane
1613 1654 1790 1692 praebuerat

172 1697 239 1723 tum
253 1694 422 1728 doctrinae,
440 1698 505 1724 tum
528 1693 655 1732 pietatis
672 1699 874 1732 argumenta;
891 1698 986 1733 atque
1004 1697 1088 1724 totus
1103 1694 1133 1722 in
1154 1693 1185 1723 id
1204 1702 1303 1724 unum
1323 1693 1527 1730 incubuerat,
1546 1696 1598 1729 ut,
1627 1695 1791 1733 proﬂigata

173 1732 307 1768 haeresi,
323 1733 542 1765 labefactatam
558 1733 722 1764 Trinitatis
735 1733 910 1764 doctrinam
929 1732 1134 1764 instauraret.
1152 1733 1274 1773 Idcirco
1299 1741 1464 1771 nunquam
1486 1733 1518 1763 in
1538 1733 1688 1763 omnibus
1708 1732 1787 1773 quas

173 1773 449 1812 Constantinopoli
469 1773 580 1803 habuit
596 1773 808 1810 orationibus,
824 1773 945 1811 aliquid
966 1773 1004 1803 de
1025 1773 1178 1802 Trinitate
1202 1772 1346 1812 intexere
1364 1773 1507 1808 destitit,
1527 1780 1584 1802 nec
1599 1781 1614 1802 a
1633 1772 1742 1804 labore
1757 1777 1788 1803 et

174 1812 254 1851 inito
265 1819 336 1842 cum
355 1811 509 1843 haereticis
527 1812 634 1850 praelio
651 1812 848 1851 conquievit.
866 1814 905 1843 At
919 1821 959 1843 ne
983 1813 1013 1843 id
1029 1812 1158 1850 quidem
1175 1812 1263 1841 satis.
1282 1811 1346 1850 ipsi
1360 1812 1454 1851 etiam
1473 1812 1618 1842 cominus
1636 1814 1666 1842 et
1682 1817 1789 1851 aperta

173 1849 278 1881 fronte
294 1859 366 1881 cum
395 1851 486 1883 hoste
499 1849 820 1888 dimicandum—erat;
837 1855 868 1883 et
893 1861 973 1890 quas
990 1849 1073 1881 anno
1089 1850 1279 1890 praecedenti
1300 1849 1496 1889 promiserat
1514 1851 1552 1890 (1)
1572 1861 1586 1879 ι(
1606 1851 1652 1882 De
1667 1849 1792 1883 theolo—

175 1890 225 1930 gia
239 1901 254 1918 »
271 1890 429 1921 orationes
441 1912 449 1928 ,
471 1899 555 1921 nunc
570 1891 602 1920 in
621 1891 722 1922 lucem
739 1891 868 1930 profert.
883 1892 982 1922 Tanta
1000 1891 1060 1922 fuit
1075 1890 1200 1920 illarum
1223 1890 1282 1925 vis,
1298 1893 1332 1920 ut
1351 1890 1496 1927 haeresis,
1513 1891 1617 1921 valido
1635 1895 1790 1930 prostrata

175 1929 239 1958 ictu
251 1951 260 1965 ,
277 1938 431 1968 nusquam
448 1930 564 1960 exinde
579 1934 672 1969 caput
687 1929 808 1968 erigere
824 1931 972 1967 poluerit.
1222 1936 1243 1953 ‘-
1279 1952 1283 1955 Α

213 1969 255 1999 ll.
271 1969 534 2009 Intenhmrcticos
545 1969 739 2009 quibuscum
759 1974 917 2000 certamen
941 1970 1055 2000 inierat
1072 1969 1257 2007 Gregorius,
1273 1968 1460 1999 audaciores
1476 1977 1510 2000 se
1526 1969 1707 2007 praebebant
1728 1971 1792 2000 Eu-

174 2008 329 2039 nomiani.
346 2007 391 2037 Eo
404 2008 488 2039 enim
506 2007 680 2048 impietatis
698 2017 733 2039 ac
747 2009 889 2048 stultitim
906 2013 1135 2047 proruperant,
1155 2012 1188 2038 ut
1205 2018 1219 2036 or
1237 2016 1271 2038 se
1282 2009 1367 2048 scire
1377 2009 1503 2048 omnia,
1521 2009 1614 2039 etiam
1633 2009 1790 2047 profunda

176 2048 231 2079 Dei
256 2052 284 2084 ¹,
299 2059 315 2076 ι
332 2056 433 2086 eaque
450 2048 564 2088 docere
592 2048 814 2088 proﬁterentur
839 2047 890 2088 (2).
919 2049 1071 2088 Prmterca
1083 2068 1100 2088 ,γ
1118 2051 1229 2088 ornate
1256 2047 1384 2088 dicendi
1411 2048 1586 2088 cupiditate
1604 2048 1785 2086 ﬂagrantes,

176 2092 242 2117 tum
261 2095 367 2118 rerum
383 2087 611 2122 novitate,tum
629 2087 797 2118 verborum
817 2086 988 2124 lenocinio,
1003 2087 1062 2118 sibi
1074 2087 1239 2125 elegantiae
1256 2086 1382 2117 laudem
1401 2087 1570 2117 ambitiose
1587 2087 1788 2119 affectabunt.

174 2127 236 2157 Eos
255 2127 391 2165 primum
409 2130 570 2165 oppugnat
584 2127 757 2165 Gregorius
769 2149 776 2161 ,
800 2131 895 2166 atque
916 2126 1057 2157 hortatur
1073 2125 1132 2165 (3),
1150 2130 1234 2166 ut,«
1250 2125 1370 2157 frenata
1382 2148 1390 2160 ,
1407 2126 1434 2156 si
1451 2126 1545 2157 modo
1570 2129 1708 2166 queant,
1726 2128 1787 2157 διὶ-

174 2166 317 2204 quandiu
332 2166 439 2203 lingua
451 2187 460 2202 ,
480 2177 495 2194 »
511 2166 571 2196 sibi
588 2175 682 2196 aures
699 2165 868 2203 prmbeant.
890 2167 971 2196 Tum
987 2166 1020 2195 in
1040 2169 1102 2196 tota
1132 2165 1288 2196 orationis
1317 2165 1400 2196 serie
1417 2166 1510 2196 unice
1535 2166 1644 2202 docet,
1661 2166 1787 2204 qualem

175 2203 246 2236 esse
262 2208 406 2245 Oporteat
422 2205 465 2235 rei
484 2205 671 2243 theologicae
698 2205 861 2236 doctorem
886 2214 922 2235 ac
947 2205 1157 2245 magistrumi
1181 2207 1277 2245 atque
1297 2205 1438 2245 assignat
1455 2203 1516 2244 (lt),
1538 2216 1552 2233 α
1584 2203 1729 2245 quando,
1759 2210 1789 2235 et

174 2245 258 2283 apud
283 2243 389 2284 quos,
429 2248 460 2275 et
495 2245 535 2276 de
569 2244 709 2284 quibus,
744 2249 774 2274 et
806 2253 996 2284 quousque
1022 2256 1035 2272 υ
1067 2244 1106 2274 de
1143 2244 1210 2284 Deo
1241 2243 1464 2284 disserendum
1490 2243 1552 2280 'sit,
1582 2243 1638 2284 ne,
1669 2244 1788 2274 intem-

176 2282 494 2323 pestive—loquentes,
511 2288 541 2314 et
553 2282 612 2322 ipsi
626 2288 655 2315 et
673 2283 765 2314 nobis
781 2282 932 2322 iniuriam
948 2283 1134 2315 inferamus.
1152 2282 1226 2313 Haec
1242 2287 1289 2313 est
1304 2283 1390 2323 prior
1407 2294 1421 2323 ςι
1439 2284 1485 2313 De
1503 2283 1659 2321 theologia
1683 2295 1697 2311 ι»
1714 2292 1787 2314 ora-

175 2323 236 2358 tio,
253 2331 340 2362 quze,
361 2323 453 2362 juxta
469 2324 623 2359 eruditos,
639 2324 726 2355 velut
754 2327 936 2354 rteterarum
956 2323 1156 2362 prooemium,
1179 2330 1235 2352 seu
1253 2322 1392 2359 praefatio
1408 2322 1551 2360 habenda
1570 2326 1627 2352 est.
1642 2323 1789 2362 Inaltera

176 2332 236 2358 no,
278 2332 340 2358 uze,
361 2332 453 2362 Juma
469 2332 623 2359 eruunos,
639 2332 726 2355 velut
754 2332 936 2354 camerarum
956 2332 1156 2362 prooemium,
1179 2332 1235 2352 seu
1253 2332 1392 2359 primane
1408 2332 1551 2360 nanenua
1570 2332 1627 2352 εει.
1642 2332 1676 2352 ιη
1692 2332 1789 2353 altera

176 2332 324 2402 γετοῆὸ),
339 2362 482 2402 invocata
508 2362 681 2397 Trinitate,
698 2363 737 2393 de
750 2363 816 2393 Deo
829 2363 898 2401 ipso
911 2385 918 2399 ,
933 2362 1006 2393 licet
1022 2362 1183 2401 trepidans
1195 2383 1203 2397 ,
1220 2369 1399 2402 sermonem
1417 2362 1611 2402 aggreditur.
1629 2361 1790 2402 Deiexsi-

177 2400 323 2432 stenti'am
339 2401 550 2432 invictissime
579 2402 701 2437 statuit,
725 2403 869 2440 quamvis
886 2402 989 2440 ipsius
1012 2400 1156 2432 naturam
1192 2400 1288 2440 nullis
1315 2401 1445 2440 quidem
1478 2400 1582 2440 verbis
1612 2400 1761 2440 explicari
1778 2422 1787 2435 ,

177 2441 277 2471 multo
290 2441 396 2480 minus
413 2440 575 2480 intellectu
584 2439 809 2480 comprehendi
826 2439 932 2479 posse,
946 2441 1091 2471 fateatur.
1108 2439 1230 2470 Deinde
1247 2439 1787 2480 transitadidololatrimroriginem,
1802 2470 1805 2474 ,

178 2487 238 2518 qua
253 2481 325 2510 caici
352 2479 514 2515 homines,
531 2480 638 2510 omnia
653 2480 691 2510 ad
708 2488 821 2509 sensus
841 2480 1013 2511 referentes
1026 2502 1035 2516 ,
1056 2480 1117 2510 sibi
1134 2481 1319 2518 terrestres,
1337 2479 1479 2509 cmlestcs
1505 2487 1541 2509 ac
1561 2479 1788 2509 subterraneos

178 2517 253 2549 deos
267 2519 364 2549 stulte
382 2526 418 2547 ac
443 2519 558 2549 stolide
575 2519 753 2554 ﬁnxerunt,
769 2527 842 2549 cum
859 2520 946 2549 Deus
971 2519 1038 2549 sola
1055 2527 1158 2548 rerum
1178 2517 1368 2548 naturalium
1385 2517 1652 2555 contemplatione
1667 2525 1789 2556 cogno-

179 2558 222 2588 sci
242 2559 353 2598 possit.
374 2557 479 2598 Tertia
497 2557 688 2598 Theologica
706 2558 748 2596 (6)
767 2570 780 2585 «
798 2558 841 2588 De
856 2558 938 2588 Filio
959 2569 973 2586 »
991 2557 1188 2588 inscribitur.
1205 2556 1421 2598 Qumcunque
1436 2557 1475 2587 ad
1493 2557 1609 2587 Christi
1632 2557 1785 2598 divinita-

180 2596 381 2635 tem'etas']
409 2596 636 2627 humanitatem
659 2598 920 2635 pertinent,t’use
945 2606 981 2628 ac
1010 2605 1144 2627 nervose
1177 2599 1359 2626 tractantur.
1389 2597 1476 2626 idem
1506 2599 1728 2634 argumentum
1756 2597 1787 2625 in

179 2641 287 2675 quarta
303 2637 342 2675 (η
376 2636 580 2674 prosequitur
609 2636 800 2674 Gregorius,
830 2645 865 2667 ac
891 2636 1027 2675 plurima
1056 2636 1221 2666 excutiens
1248 2635 1416 2674 Scriptura}
1442 2636 1732 2674 testimonia,qum
1748 2637 1787 2665 ad

212 2687 219 2701 ¹
235 2686 244 2713 1
261 2686 322 2714 Cor.
341 2693 370 2717 ιι,
386 2684 428 2712 10.

213 2733 250 2766 (Ι)
266 2732 313 2759 0r.
329 2740 405 2762 ηιμ,
422 2739 449 2757 ιι.
464 2730 507 2756 Μ.
1045 2730 1082 2763 (5)
1095 2729 1139 2766 Qr.
1157 2739 1250 2758 xxvm.

213 2764 250 2802 (Ξ)
265 2767 312 2794 0r.
330 2775 415 2802 XXVII,
429 2775 456 2793 ιι.
471 2766 496 2791 ‘2.
537 2798 540 2800 _

429 2775 456 2793 ιι.
471 2766 496 2791 ‘2.
537 2798 540 2800 _
1043 2766 1081 2802 (ti)
1102 2764 1146 2791 Or.
1165 2774 1235 2793 nix.

214 2800 250 2837 (5)
265 2803 341 2833 Ibid,
356 2810 382 2828 ιι.
398 2801 424 2826 2.

215 2837 251 2871 {5)
264 2837 338 2868 Ibid.,
354 2844 380 2862 ιι.
398 2837 424 2863 5.

1043 2800 1081 2834 t7)
1096 2802 1140 2828 0r.
1157 2809 1218 2827 xxx.

409 2846 424 2862 ι.

265 2861 410 2912 ista;
430 2883 487 2912 cn.
512 2881 660 2912 xxxn.

1619 2882 1634 2913 1

945 2958 1200 3028 48503
